{"seed":[63775,11011,26265,23287],"turns":21,"p1":"Sjado","p2":"Defender of Sinnoh","p1team":[{"name":"Gengar","species":"Gengar","item":"choicescarf","ability":"Levitate","moves":["shadowball","sludgebomb","dazzlinggleam","focusblast"],"nature":"Timid","evs":{"hp":0,"atk":0,"def":0,"spa":252,"spd":4,"spe":252},"ivs":{"hp":31,"atk":31,"def":31,"spa":31,"spd":31,"spe":31}},{"name":"Nidoking","species":"Nidoking","item":"lifeorb","ability":"Sheer Force","moves":["earthpower","icebeam","flamethrower","sludgebomb"],"nature":"Timid","evs":{"hp":0,"atk":0,"def":0,"spa":252,"spd":4,"spe":252},"shiny":true,"ivs":{"hp":31,"atk":31,"def":31,"spa":31,"spd":31,"spe":31}},{"name":"Venusaur","species":"Venusaur","item":"venusaurite","ability":"Overgrow","moves":["synthesis","gigadrain","sludgebomb","earthquake"],"nature":"Bold","evs":{"hp":252,"atk":0,"def":252,"spa":4,"spd":0,"spe":0},"ivs":{"hp":31,"atk":31,"def":31,"spa":31,"spd":31,"spe":31}},{"name":"Drapion","species":"Drapion","item":"choicescarf","ability":"Sniper","moves":["earthquake","knockoff","poisonjab","crosspoison"],"nature":"Jolly","evs":{"hp":4,"atk":252,"def":0,"spa":0,"spd":0,"spe":252},"shiny":true,"ivs":{"hp":31,"atk":31,"def":31,"spa":31,"spd":31,"spe":31}},{"name":"Scolipede","species":"Scolipede","item":"focussash","ability":"Speed Boost","moves":["protect","earthquake","megahorn","rockslide"],"nature":"Adamant","evs":{"hp":4,"atk":252,"def":0,"spa":0,"spd":0,"spe":252},"shiny":true,"ivs":{"hp":31,"atk":31,"def":31,"spa":31,"spd":31,"spe":31}},{"name":"Tentacruel","species":"Tentacruel","item":"blacksludge","ability":"Liquid Ooze","moves":["rapidspin","scald","acidspray","toxicspikes"],"nature":"Calm","evs":{"hp":248,"atk":0,"def":0,"spa":8,"spd":252,"spe":0},"ivs":{"hp":31,"atk":31,"def":31,"spa":31,"spd":31,"spe":31}}],"p2team":[{"name":"Kyurem-Black","species":"Kyurem-Black","item":"choicescarf","ability":"Teravolt","moves":["outrage","ironhead","fusionbolt","icebeam"],"nature":"Naive","evs":{"hp":0,"atk":252,"def":0,"spa":4,"spd":0,"spe":252},"shiny":true,"ivs":{"hp":31,"atk":31,"def":31,"spa":31,"spd":31,"spe":31}},{"name":"Garchomp","species":"Garchomp","item":"rockyhelmet","ability":"Rough Skin","moves":["stealthrock","rockslide","dragonclaw","earthquake"],"nature":"Jolly","evs":{"hp":0,"atk":252,"def":0,"spa":0,"spd":4,"spe":252},"ivs":{"hp":31,"atk":31,"def":31,"spa":31,"spd":31,"spe":31}},{"name":"Latios","species":"Latios","item":"choicespecs","ability":"Levitate","moves":["hiddenpowerfire","energyball","dracometeor","psychic"],"nature":"Timid","evs":{"hp":0,"atk":0,"def":0,"spa":252,"spd":4,"spe":252},"ivs":{"hp":31,"atk":30,"def":31,"spa":30,"spd":31,"spe":30}},{"name":"Zygarde","species":"Zygarde","item":"leftovers","ability":"Aura Break","moves":["earthquake","extremespeed","dragondance","outrage"],"nature":"Adamant","evs":{"hp":0,"atk":252,"def":0,"spa":0,"spd":4,"spe":252},"ivs":{"hp":31,"atk":31,"def":31,"spa":31,"spd":31,"spe":31}},{"name":"Altaria","species":"Altaria","item":"altarianite","ability":"Natural Cure","moves":["dragondance","return","earthquake","roost"],"nature":"Adamant","evs":{"hp":0,"atk":252,"def":0,"spa":0,"spd":4,"spe":252},"ivs":{"hp":31,"atk":31,"def":31,"spa":31,"spd":31,"spe":31}},{"name":"Latias","species":"Latias","item":"assaultvest","ability":"Levitate","moves":["dragonpulse","psychic","hiddenpowerfire","icebeam"],"nature":"Timid","evs":{"hp":0,"atk":0,"def":0,"spa":252,"spd":4,"spe":252},"ivs":{"hp":31,"atk":30,"def":31,"spa":30,"spd":31,"spe":30}}],"log":["|player|p1|Sjado|168","|player|p2|Defender of Sinnoh|25","|gametype|singles","|gen|6","|tier|Monotype","|rated","|rule|Baton Pass Clause: Limit one Baton Passer, can't pass Spe and other stats simultaneously","|rule|Swagger Clause: Swagger is banned","|rule|Same Type Clause: Pokémon in a team must share a type","|clearpoke","|poke|p1|Gengar, M","|poke|p1|Nidoking, M, shiny","|poke|p1|Venusaur, F","|poke|p1|Drapion, F, shiny","|poke|p1|Scolipede, M, shiny","|poke|p1|Tentacruel, F","|poke|p2|Kyurem-Black, shiny","|poke|p2|Garchomp, M","|poke|p2|Latios, M","|poke|p2|Zygarde","|poke|p2|Altaria, F","|poke|p2|Latias, F","|rule|Sleep Clause Mod: Limit one foe put to sleep","|rule|Species Clause: Limit one of each Pokémon","|rule|OHKO Clause: OHKO moves are banned","|rule|Moody Clause: Moody is banned","|rule|Evasion Moves Clause: Evasion moves are banned","|rule|Endless Battle Clause: Forcing endless battles is banned","|rule|HP Percentage Mod: HP is shown in percentages","|teampreview","|","|start","|switch|p1a: Tentacruel|Tentacruel, F|363/363","|switch|p2a: Garchomp|Garchomp, M|357/357","|turn|1","|","|move|p2a: Garchomp|Stealth Rock|p1a: Tentacruel","|-sidestart|p1: Sjado|move: Stealth Rock","|move|p1a: Tentacruel|Toxic Spikes|p2a: Garchomp","|-sidestart|p2: Defender of Sinnoh|move: Toxic Spikes","|","|turn|2","|","|switch|p1a: Gengar|Gengar, M|261/261","|-damage|p1a: Gengar|229/261|[from] Stealth Rock","|move|p2a: Garchomp|Earthquake|p1a: Gengar","|-immune|p1a: Gengar|[msg]","|","|turn|3","|","|move|p1a: Gengar|Dazzling Gleam|p2a: Garchomp","|-supereffective|p2a: Garchomp","|-damage|p2a: Garchomp|147/357","|move|p2a: Garchomp|Dragon Claw|p1a: Gengar","|-damage|p1a: Gengar|3/261","|","|turn|4","|","|move|p1a: Gengar|Dazzling Gleam|p2a: Garchomp","|-supereffective|p2a: Garchomp","|-damage|p2a: Garchomp|0 fnt","|faint|p2a: Garchomp","|","|","|switch|p2a: Kyurem-Black|Kyurem-Black, shiny|391/391","|-status|p2a: Kyurem-Black|psn","|-ability|p2a: Kyurem-Black|Teravolt","|turn|5","|","|move|p1a: Gengar|Dazzling Gleam|p2a: Kyurem-Black","|-supereffective|p2a: Kyurem-Black","|-damage|p2a: Kyurem-Black|143/391 psn","|move|p2a: Kyurem-Black|Outrage|p1a: Gengar","|-damage|p1a: Gengar|0 fnt","|faint|p1a: Gengar","|","|-damage|p2a: Kyurem-Black|95/391 psn|[from] psn","|","|switch|p1a: Scolipede|Scolipede, M, shiny|262/262","|-damage|p1a: Scolipede|197/262|[from] Stealth Rock","|turn|6","|","|move|p1a: Scolipede|Protect|p1a: Scolipede","|-singleturn|p1a: Scolipede|Protect","|move|p2a: Kyurem-Black|Outrage|p1a: Scolipede|[from]lockedmove","|-activate|p1a: Scolipede|Protect","|-start|p2a: Kyurem-Black|confusion|[fatigue]","|","|-damage|p2a: Kyurem-Black|47/391 psn|[from] psn","|-boost|p1a: Scolipede|spe|1|[from] ability: Speed Boost","|turn|7","|","|move|p1a: Scolipede|Megahorn|p2a: Kyurem-Black","|-damage|p2a: Kyurem-Black|0 fnt","|faint|p2a: Kyurem-Black","|","|-boost|p1a: Scolipede|spe|1|[from] ability: Speed Boost","|","|switch|p2a: Zygarde|Zygarde|357/357","|-status|p2a: Zygarde|psn","|-ability|p2a: Zygarde|Aura Break","|turn|8","|","|switch|p1a: Venusaur|Venusaur, F|364/364","|-damage|p1a: Venusaur|319/364|[from] Stealth Rock","|move|p2a: Zygarde|Earthquake|p1a: Venusaur","|-damage|p1a: Venusaur|195/364","|","|-damage|p2a: Zygarde|313/357 psn|[from] psn","|turn|9","|","|detailschange|p1a: Venusaur|Venusaur-Mega, F","|-mega|p1a: Venusaur|Venusaur|Venusaurite","|move|p2a: Zygarde|Dragon Dance|p2a: Zygarde","|-boost|p2a: Zygarde|atk|1","|-boost|p2a: Zygarde|spe|1","|move|p1a: Venusaur|Synthesis|p1a: Venusaur","|-heal|p1a: Venusaur|364/364","|","|-heal|p2a: Zygarde|335/357 psn|[from] item: Leftovers","|-damage|p2a: Zygarde|291/357 psn|[from] psn","|turn|10","|","|move|p2a: Zygarde|Earthquake|p1a: Venusaur","|-damage|p1a: Venusaur|210/364","|move|p1a: Venusaur|Giga Drain|p2a: Zygarde","|-damage|p2a: Zygarde|173/357 psn","|-heal|p1a: Venusaur|269/364|[from] drain|[of] p2a: Zygarde","|","|-heal|p2a: Zygarde|195/357 psn|[from] item: Leftovers","|-damage|p2a: Zygarde|151/357 psn|[from] psn","|turn|11","|","|move|p2a: Zygarde|Earthquake|p1a: Venusaur","|-damage|p1a: Venusaur|116/364","|move|p1a: Venusaur|Synthesis|p1a: Venusaur","|-heal|p1a: Venusaur|298/364","|","|-heal|p2a: Zygarde|173/357 psn|[from] item: Leftovers","|-damage|p2a: Zygarde|129/357 psn|[from] psn","|turn|12","|","|move|p2a: Zygarde|Outrage|p1a: Venusaur","|-damage|p1a: Venusaur|117/364","|move|p1a: Venusaur|Giga Drain|p2a: Zygarde","|-damage|p2a: Zygarde|20/357 psn","|-heal|p1a: Venusaur|172/364|[from] drain|[of] p2a: Zygarde","|","|-heal|p2a: Zygarde|42/357 psn|[from] item: Leftovers","|-damage|p2a: Zygarde|0 fnt|[from] psn","|faint|p2a: Zygarde","|","|switch|p2a: Latios|Latios, M|301/301","|turn|13","|","|switch|p1a: Drapion|Drapion, F, shiny|282/282","|-damage|p1a: Drapion|247/282|[from] Stealth Rock","|move|p2a: Latios|Draco Meteor|p1a: Drapion","|-damage|p1a: Drapion|0 fnt","|-unboost|p2a: Latios|spa|2","|faint|p1a: Drapion","|","|","|switch|p1a: Tentacruel|Tentacruel, F|363/363","|-damage|p1a: Tentacruel|318/363|[from] Stealth Rock","|turn|14","|","|switch|p2a: Altaria|Altaria, F|291/291","|move|p1a: Tentacruel|Rapid Spin|p2a: Altaria","|-damage|p2a: Altaria|280/291","|-sideend|p1: Sjado|Stealth Rock|[from] move: Rapid Spin|[of] p1a: Tentacruel","|","|-heal|p1a: Tentacruel|340/363|[from] item: Black Sludge","|turn|15","|","|detailschange|p2a: Altaria|Altaria-Mega, F","|-mega|p2a: Altaria|Altaria|Altarianite","|move|p2a: Altaria|Dragon Dance|p2a: Altaria","|-boost|p2a: Altaria|atk|1","|-boost|p2a: Altaria|spe|1","|move|p1a: Tentacruel|Acid Spray|p2a: Altaria","|-supereffective|p2a: Altaria","|-damage|p2a: Altaria|208/291","|-unboost|p2a: Altaria|spd|2","|","|-heal|p1a: Tentacruel|362/363|[from] item: Black Sludge","|turn|16","|","|move|p2a: Altaria|Earthquake|p1a: Tentacruel","|-supereffective|p1a: Tentacruel","|-damage|p1a: Tentacruel|0 fnt","|faint|p1a: Tentacruel","|","|","|switch|p1a: Scolipede|Scolipede, M, shiny|197/262","|turn|17","|","|move|p1a: Scolipede|Protect|p1a: Scolipede","|-singleturn|p1a: Scolipede|Protect","|move|p2a: Altaria|Dragon Dance|p2a: Altaria","|-boost|p2a: Altaria|atk|1","|-boost|p2a: Altaria|spe|1","|","|-boost|p1a: Scolipede|spe|1|[from] ability: Speed Boost","|turn|18","|","|move|p2a: Altaria|Earthquake|p1a: Scolipede","|-damage|p1a: Scolipede|0 fnt","|faint|p1a: Scolipede","|","|","|switch|p1a: Venusaur|Venusaur-Mega, F|172/364","|turn|19","|","|move|p2a: Altaria|Earthquake|p1a: Venusaur","|-damage|p1a: Venusaur|37/364","|move|p1a: Venusaur|Sludge Bomb|p2a: Altaria","|-supereffective|p2a: Altaria","|-damage|p2a: Altaria|0 fnt","|faint|p2a: Altaria","|","|","|switch|p2a: Latias|Latias, F|301/301","|turn|20","|","|move|p2a: Latias|Psychic|p1a: Venusaur","|-supereffective|p1a: Venusaur","|-damage|p1a: Venusaur|0 fnt","|faint|p1a: Venusaur","|","|","|switch|p1a: Nidoking|Nidoking, M, shiny|303/303","|turn|21","|","|move|p2a: Latias|Psychic|p1a: Nidoking","|-supereffective|p1a: Nidoking","|-damage|p1a: Nidoking|0 fnt","|faint|p1a: Nidoking","|","|win|Defender of Sinnoh"],"p1rating":{"entryid":"6705129","serverid":"eos","formatid":"monotype","userid":"sjado","username":"Sjado","w":"6","l":4,"t":"0","gxe":52.3,"r":"1524.7413863313","rd":"95.556289892749","sigma":"0","rptime":"1439283600","rpr":1517.665179325,"rprd":89.633454177775,"rpsigma":"0","acre":1123.7544726191,"lacre":1123.7544726191,"oldacre":"1153.4767494368"},"p2rating":{"entryid":"6083148","serverid":"eos","formatid":"monotype","userid":"defenderofsinnoh","username":"Defender Of Sinnoh","w":53,"l":"67","t":"0","gxe":44.8,"r":"1461.646699819","rd":"38.45713543868","sigma":"0","rptime":"1439283600","rpr":1460.7612239344,"rprd":37.483358013123,"rpsigma":"0","acre":1119.0830087789,"lacre":1119.0830087789,"oldacre":"1087.0515956021"},"endType":"normal"}