{"seed":[53600,7637,39702,58791],"turns":17,"p1":"GL Ztstaffo","p2":"Alliance - Elite","p1team":[{"name":"Avalugg","species":"Avalugg","item":"leftovers","ability":"Ice Body","moves":["recover","avalanche","rapidspin","roar"],"nature":"Impish","evs":{"hp":248,"atk":0,"def":252,"spa":0,"spd":8,"spe":0},"ivs":{"hp":31,"atk":31,"def":31,"spa":31,"spd":31,"spe":31}},{"name":"Mamoswine","species":"Mamoswine","item":"lifeorb","ability":"Thick Fat","moves":["stealthrock","earthquake","superpower","iceshard"],"nature":"Adamant","evs":{"hp":252,"atk":252,"def":0,"spa":0,"spd":4,"spe":0},"ivs":{"hp":31,"atk":31,"def":31,"spa":31,"spd":31,"spe":31}},{"name":"Kyurem-Black","species":"Kyurem-Black","item":"lifeorb","ability":"Teravolt","moves":["earthpower","icebeam","outrage","fusionbolt"],"nature":"Naive","evs":{"hp":0,"atk":252,"def":0,"spa":4,"spd":0,"spe":252},"ivs":{"hp":31,"atk":31,"def":31,"spa":31,"spd":31,"spe":31}},{"name":"Aurorus","species":"Aurorus","item":"choicescarf","ability":"Snow Warning","moves":["blizzard","ancientpower","earthpower","freezedry"],"nature":"Timid","evs":{"hp":0,"atk":0,"def":4,"spa":252,"spd":0,"spe":252},"ivs":{"hp":31,"atk":31,"def":31,"spa":31,"spd":31,"spe":31}},{"name":"Articuno","species":"Articuno","item":"leftovers","ability":"Pressure","moves":["roost","icebeam","hurricane","tailwind"],"nature":"Modest","evs":{"hp":248,"atk":0,"def":0,"spa":252,"spd":0,"spe":8},"ivs":{"hp":31,"atk":31,"def":31,"spa":31,"spd":31,"spe":31}},{"name":"Glalie","species":"Glalie","item":"glalitite","ability":"Inner Focus","moves":["doubleedge","explosion","earthquake","freezedry"],"nature":"Naive","evs":{"hp":0,"atk":252,"def":4,"spa":0,"spd":0,"spe":252},"ivs":{"hp":31,"atk":31,"def":31,"spa":31,"spd":31,"spe":31}}],"p2team":[{"name":"Cobalion","species":"Cobalion","item":"leftovers","ability":"Justified","moves":["thunderwave","stealthrock","voltswitch","flashcannon"],"nature":"Timid","evs":{"hp":252,"atk":0,"def":0,"spa":4,"spd":0,"spe":252},"ivs":{"hp":31,"atk":0,"def":31,"spa":31,"spd":31,"spe":31},"shiny":true},{"name":"Terrakion","species":"Terrakion","item":"choicescarf","ability":"Justified","moves":["stoneedge","earthquake","ironhead","closecombat"],"nature":"Jolly","evs":{"hp":0,"atk":252,"def":0,"spa":0,"spd":4,"spe":252},"ivs":{"hp":31,"atk":31,"def":31,"spa":31,"spd":31,"spe":31}},{"name":"Keldeo-Resolute","species":"Keldeo-Resolute","item":"leftovers","ability":"Justified","moves":["calmmind","substitute","surf","secretsword"],"nature":"Timid","evs":{"hp":0,"atk":0,"def":0,"spa":252,"spd":4,"spe":252},"ivs":{"hp":31,"atk":0,"def":31,"spa":31,"spd":31,"spe":31}},{"name":"Heracross","species":"Heracross","item":"choicescarf","ability":"Guts","moves":["megahorn","stoneedge","earthquake","closecombat"],"nature":"Jolly","evs":{"hp":0,"atk":252,"def":4,"spa":0,"spd":0,"spe":252},"gender":"M","ivs":{"hp":31,"atk":31,"def":31,"spa":31,"spd":31,"spe":31}},{"name":"Medicham","species":"Medicham","item":"medichamite","ability":"Pure Power","moves":["thunderpunch","bulletpunch","highjumpkick","zenheadbutt"],"nature":"Jolly","evs":{"hp":0,"atk":252,"def":4,"spa":0,"spd":0,"spe":252},"gender":"M","ivs":{"hp":31,"atk":31,"def":31,"spa":31,"spd":31,"spe":31}},{"name":"Breloom","species":"Breloom","item":"toxicorb","ability":"Poison Heal","moves":["swordsdance","superpower","seedbomb","facade"],"nature":"Jolly","evs":{"hp":12,"atk":244,"def":0,"spa":0,"spd":0,"spe":252},"gender":"M","ivs":{"hp":31,"atk":31,"def":31,"spa":31,"spd":31,"spe":31}}],"log":["|player|p1|GL Ztstaffo|224","|player|p2|Alliance - Elite|92","|gametype|singles","|gen|6","|tier|Monotype","|rated","|rule|Baton Pass Clause: Limit one Baton Passer, can't pass Spe and other stats simultaneously","|rule|Swagger Clause: Swagger is banned","|rule|Same Type Clause: Pokémon in a team must share a type","|clearpoke","|poke|p1|Avalugg, F","|poke|p1|Mamoswine, F","|poke|p1|Kyurem-Black","|poke|p1|Aurorus, M","|poke|p1|Articuno","|poke|p1|Glalie, M","|poke|p2|Cobalion, shiny","|poke|p2|Terrakion","|poke|p2|Keldeo-Resolute","|poke|p2|Heracross, M","|poke|p2|Medicham, M","|poke|p2|Breloom, M","|rule|Sleep Clause Mod: Limit one foe put to sleep","|rule|Species Clause: Limit one of each Pokémon","|rule|OHKO Clause: OHKO moves are banned","|rule|Moody Clause: Moody is banned","|rule|Evasion Moves Clause: Evasion moves are banned","|rule|Endless Battle Clause: Forcing endless battles is banned","|rule|HP Percentage Mod: HP is shown in percentages","|teampreview","|","|start","|switch|p1a: Mamoswine|Mamoswine, F|424/424","|switch|p2a: Cobalion|Cobalion, shiny|386/386","|turn|1","|","|switch|p1a: Avalugg|Avalugg, F|393/393","|move|p2a: Cobalion|Stealth Rock|p1a: Avalugg","|-sidestart|p1: GL Ztstaffo|move: Stealth Rock","|","|turn|2","|","|move|p2a: Cobalion|Volt Switch|p1a: Avalugg","|-damage|p1a: Avalugg|298/393","|","|switch|p2a: Keldeo-Resolute|Keldeo-Resolute|323/323","|move|p1a: Avalugg|Rapid Spin|p2a: Keldeo-Resolute","|-crit|p2a: Keldeo-Resolute","|-damage|p2a: Keldeo-Resolute|290/323","|-sideend|p1: GL Ztstaffo|Stealth Rock|[from] move: Rapid Spin|[of] p1a: Avalugg","|","|-heal|p2a: Keldeo-Resolute|310/323|[from] item: Leftovers","|-heal|p1a: Avalugg|322/393|[from] item: Leftovers","|turn|3","|","|switch|p1a: Articuno|Articuno|383/383","|-ability|p1a: Articuno|Pressure","|move|p2a: Keldeo-Resolute|Substitute|p2a: Keldeo-Resolute","|-start|p2a: Keldeo-Resolute|Substitute","|-damage|p2a: Keldeo-Resolute|230/323","|","|-heal|p2a: Keldeo-Resolute|250/323|[from] item: Leftovers","|turn|4","|","|move|p2a: Keldeo-Resolute|Secret Sword|p1a: Articuno","|-damage|p1a: Articuno|235/383","|move|p1a: Articuno|Tailwind|p1a: Articuno","|-sidestart|p1: GL Ztstaffo|move: Tailwind","|","|-heal|p1a: Articuno|258/383|[from] item: Leftovers","|-heal|p2a: Keldeo-Resolute|270/323|[from] item: Leftovers","|turn|5","|","|move|p1a: Articuno|Hurricane|p2a: Keldeo-Resolute","|-supereffective|p2a: Keldeo-Resolute","|-end|p2a: Keldeo-Resolute|Substitute","|move|p2a: Keldeo-Resolute|Secret Sword|p1a: Articuno","|-crit|p1a: Articuno","|-damage|p1a: Articuno|32/383","|","|-heal|p1a: Articuno|55/383|[from] item: Leftovers","|-heal|p2a: Keldeo-Resolute|290/323|[from] item: Leftovers","|turn|6","|","|switch|p2a: Cobalion|Cobalion, shiny|386/386","|move|p1a: Articuno|Roost|p1a: Articuno","|-heal|p1a: Articuno|247/383","|","|-heal|p1a: Articuno|270/383|[from] item: Leftovers","|turn|7","|","|switch|p1a: Avalugg|Avalugg, F|322/393","|move|p2a: Cobalion|Thunder Wave|p1a: Avalugg","|-status|p1a: Avalugg|par","|","|-heal|p1a: Avalugg|346/393 par|[from] item: Leftovers","|-sideend|p1: GL Ztstaffo|move: Tailwind","|turn|8","|","|move|p2a: Cobalion|Volt Switch|p1a: Avalugg","|-damage|p1a: Avalugg|247/393 par","|","|switch|p2a: Medicham|Medicham, M|261/261","|move|p1a: Avalugg|Avalanche|p2a: Medicham","|-damage|p2a: Medicham|165/261","|","|-heal|p1a: Avalugg|271/393 par|[from] item: Leftovers","|turn|9","|","|detailschange|p2a: Medicham|Medicham-Mega, M","|-mega|p2a: Medicham|Medicham|Medichamite","|move|p2a: Medicham|High Jump Kick|p1a: Avalugg","|-supereffective|p1a: Avalugg","|-damage|p1a: Avalugg|0 fnt","|faint|p1a: Avalugg","|","|","|switch|p1a: Aurorus|Aurorus, M|387/387","|-weather|Hail","|turn|10","|","|switch|p2a: Cobalion|Cobalion, shiny|386/386","|move|p1a: Aurorus|Blizzard|p2a: Cobalion","|-resisted|p2a: Cobalion","|-damage|p2a: Cobalion|271/386","|","|-weather|Hail|[upkeep]","|-damage|p2a: Cobalion|247/386|[from] hail","|-heal|p2a: Cobalion|271/386|[from] item: Leftovers","|turn|11","|","|switch|p1a: Mamoswine|Mamoswine, F|424/424","|move|p2a: Cobalion|Stealth Rock|p1a: Mamoswine","|-sidestart|p1: GL Ztstaffo|move: Stealth Rock","|","|-weather|Hail|[upkeep]","|-damage|p2a: Cobalion|247/386|[from] hail","|-heal|p2a: Cobalion|271/386|[from] item: Leftovers","|turn|12","|","|move|p2a: Cobalion|Flash Cannon|p1a: Mamoswine","|-supereffective|p1a: Mamoswine","|-damage|p1a: Mamoswine|142/424","|move|p1a: Mamoswine|Earthquake|p2a: Cobalion","|-supereffective|p2a: Cobalion","|-damage|p2a: Cobalion|0 fnt","|-damage|p1a: Mamoswine|100/424|[from] item: Life Orb","|faint|p2a: Cobalion","|","|-weather|Hail|[upkeep]","|","|switch|p2a: Keldeo-Resolute|Keldeo-Resolute|290/323","|turn|13","|","|move|p1a: Mamoswine|Ice Shard|p2a: Keldeo-Resolute","|-resisted|p2a: Keldeo-Resolute","|-damage|p2a: Keldeo-Resolute|232/323","|-damage|p1a: Mamoswine|58/424|[from] item: Life Orb","|move|p2a: Keldeo-Resolute|Secret Sword|p1a: Mamoswine","|-supereffective|p1a: Mamoswine","|-damage|p1a: Mamoswine|0 fnt","|faint|p1a: Mamoswine","|","|-weather|Hail|[upkeep]","|-damage|p2a: Keldeo-Resolute|212/323|[from] hail","|-heal|p2a: Keldeo-Resolute|232/323|[from] item: Leftovers","|","|switch|p1a: Articuno|Articuno|270/383","|-damage|p1a: Articuno|79/383|[from] Stealth Rock","|-ability|p1a: Articuno|Pressure","|turn|14","|","|move|p2a: Keldeo-Resolute|Secret Sword|p1a: Articuno","|-damage|p1a: Articuno|0 fnt","|faint|p1a: Articuno","|","|-weather|none","|-heal|p2a: Keldeo-Resolute|252/323|[from] item: Leftovers","|","|switch|p1a: Aurorus|Aurorus, M|387/387","|-damage|p1a: Aurorus|291/387|[from] Stealth Rock","|-weather|Hail","|turn|15","|","|move|p1a: Aurorus|Freeze-Dry|p2a: Keldeo-Resolute","|-supereffective|p2a: Keldeo-Resolute","|-damage|p2a: Keldeo-Resolute|34/323","|move|p2a: Keldeo-Resolute|Secret Sword|p1a: Aurorus","|-supereffective|p1a: Aurorus","|-damage|p1a: Aurorus|0 fnt","|faint|p1a: Aurorus","|","|-weather|Hail|[upkeep]","|-damage|p2a: Keldeo-Resolute|14/323|[from] hail","|-heal|p2a: Keldeo-Resolute|34/323|[from] item: Leftovers","|","|switch|p1a: Kyurem-Black|Kyurem-Black|391/391","|-damage|p1a: Kyurem-Black|294/391|[from] Stealth Rock","|-ability|p1a: Kyurem-Black|Teravolt","|turn|16","|","|move|p2a: Keldeo-Resolute|Secret Sword|p1a: Kyurem-Black","|-supereffective|p1a: Kyurem-Black","|-damage|p1a: Kyurem-Black|0 fnt","|faint|p1a: Kyurem-Black","|","|-weather|Hail|[upkeep]","|-damage|p2a: Keldeo-Resolute|14/323|[from] hail","|-heal|p2a: Keldeo-Resolute|34/323|[from] item: Leftovers","|","|switch|p1a: Glalie|Glalie, M|301/301","|-damage|p1a: Glalie|226/301|[from] Stealth Rock","|turn|17","|","|detailschange|p1a: Glalie|Glalie-Mega, M","|-mega|p1a: Glalie|Glalie|Glalitite","|move|p2a: Keldeo-Resolute|Secret Sword|p1a: Glalie","|-supereffective|p1a: Glalie","|-damage|p1a: Glalie|0 fnt","|faint|p1a: Glalie","|","|win|Alliance - Elite"],"p1rating":{"entryid":"7024075","serverid":"eos","formatid":"monotype","userid":"glztstaffo","username":"GL ♅ Ztstaffo","w":"2","l":3,"t":"0","gxe":45.9,"r":1498.6641297167,"rd":110.32657531682,"sigma":"0","rptime":1439283600,"rpr":1467.4766408033,"rprd":105.73545221038,"rpsigma":"0","acre":1038.8201392487,"lacre":1038.8201392487,"oldacre":"1061.3871328332"},"p2rating":{"entryid":"7539794","serverid":"eos","formatid":"monotype","userid":"allianceelite","username":"Alliance - Elite","w":2,"l":"6","t":"0","gxe":37.4,"r":"1486.5677373655","rd":"115.87876502804","sigma":"0","rptime":"1439283600","rpr":1399.7195124965,"rprd":91.271075044837,"rpsigma":"0","acre":1046.994817642,"lacre":1046.994817642,"oldacre":"1000"},"endType":"normal"}