{"seed":[65477,48098,9714,45845],"turns":28,"p1":"Desolate Nightmare","p2":"SL TMW","p1team":[{"name":"Zeus","species":"thundurus","item":"lifeorb","ability":"Prankster","moves":["grassknot","thunderwave","knockoff","thunderbolt"],"nature":"Hasty","evs":{"hp":104,"atk":0,"def":0,"spa":152,"spd":0,"spe":252},"ivs":{"hp":31,"atk":30,"def":31,"spa":30,"spd":31,"spe":31},"shiny":true},{"name":"Washing Machine","species":"rotomwash","item":"leftovers","ability":"Levitate","moves":["painsplit","willowisp","hiddenpowergrass","hydropump"],"nature":"Bold","evs":{"hp":252,"atk":0,"def":252,"spa":4,"spd":0,"spe":0},"ivs":{"hp":31,"atk":30,"def":31,"spa":30,"spd":31,"spe":31}},{"name":"Trans-Ampharos","species":"ampharos","item":"ampharosite","ability":"Static","moves":["voltswitch","dragonpulse","rest","sleeptalk"],"nature":"Calm","evs":{"hp":248,"atk":0,"def":120,"spa":0,"spd":140,"spe":0},"ivs":{"hp":31,"atk":31,"def":31,"spa":31,"spd":31,"spe":31}},{"name":"Shoes in Spanish","species":"zapdos","item":"leftovers","ability":"Pressure","moves":["thunderbolt","heatwave","roost","toxic"],"nature":"Calm","evs":{"hp":252,"atk":0,"def":0,"spa":4,"spd":252,"spe":0},"shiny":true,"ivs":{"hp":31,"atk":31,"def":31,"spa":31,"spd":31,"spe":31}},{"name":"Static Popeye","species":"electivire","item":"expertbelt","ability":"Motor Drive","moves":["thunderbolt","crosschop","flamethrower","earthquake"],"nature":"Hasty","evs":{"hp":0,"atk":20,"def":0,"spa":232,"spd":4,"spe":252},"shiny":true,"ivs":{"hp":31,"atk":31,"def":31,"spa":31,"spd":31,"spe":31}},{"name":"Sputnik","species":"magnezone","item":"choicescarf","ability":"Magnet Pull","moves":["thunderbolt","voltswitch","flashcannon","hiddenpowerice"],"nature":"Timid","evs":{"hp":4,"atk":0,"def":0,"spa":252,"spd":0,"spe":252},"ivs":{"hp":31,"atk":30,"def":30,"spa":31,"spd":31,"spe":31}}],"p2team":[{"name":"Metagross","species":"Metagross","item":"leftovers","ability":"Clear Body","moves":["stealthrock","meteormash","bulletpunch","hammerarm"],"nature":"Impish","evs":{"hp":252,"atk":4,"def":252,"spa":0,"spd":0,"spe":0},"ivs":{"hp":31,"atk":31,"def":31,"spa":31,"spd":31,"spe":31}},{"name":"Hoopa-Unbound","species":"Hoopa-Unbound","item":"choicescarf","ability":"Magician","moves":["hyperspacefury","drainpunch","firepunch","hyperspacehole"],"nature":"Hasty","evs":{"hp":0,"atk":252,"def":0,"spa":4,"spd":0,"spe":252},"ivs":{"hp":31,"atk":31,"def":31,"spa":31,"spd":31,"spe":31}},{"name":"Victini","species":"Victini","item":"leftovers","ability":"Victory Star","moves":["taunt","vcreate","willowisp","boltstrike"],"nature":"Jolly","evs":{"hp":248,"atk":132,"def":68,"spa":0,"spd":0,"spe":60},"ivs":{"hp":31,"atk":31,"def":31,"spa":31,"spd":31,"spe":31}},{"name":"Gardevoir","species":"Gardevoir","item":"gardevoirite","ability":"Trace","moves":["hypervoice","psyshock","substitute","focusblast"],"nature":"Timid","evs":{"hp":0,"atk":0,"def":0,"spa":252,"spd":0,"spe":252},"ivs":{"hp":31,"atk":30,"def":30,"spa":31,"spd":31,"spe":31}},{"name":"Meloetta","species":"Meloetta","item":"leftovers","ability":"Serene Grace","moves":["calmmind","shadowball","psyshock","hypervoice"],"nature":"Modest","evs":{"hp":252,"atk":0,"def":0,"spa":252,"spd":4,"spe":0},"ivs":{"hp":31,"atk":31,"def":31,"spa":31,"spd":31,"spe":31}},{"name":"Latias","species":"Latias","item":"lifeorb","ability":"Levitate","moves":["dracometeor","psychic","defog","healingwish"],"nature":"Timid","evs":{"hp":0,"atk":0,"def":0,"spa":252,"spd":4,"spe":252},"ivs":{"hp":31,"atk":31,"def":31,"spa":31,"spd":31,"spe":31}}],"log":["|player|p1|Desolate Nightmare|profnightmare.png","|player|p2|SL TMW|142","|gametype|singles","|gen|6","|tier|Monotype","|rated","|rule|Baton Pass Clause: Limit one Baton Passer, can't pass Spe and other stats simultaneously","|rule|Swagger Clause: Swagger is banned","|rule|Same Type Clause: Pokémon in a team must share a type","|clearpoke","|poke|p1|Thundurus, M, shiny","|poke|p1|Rotom-Wash","|poke|p1|Ampharos, F","|poke|p1|Zapdos, shiny","|poke|p1|Electivire, M, shiny","|poke|p1|Magnezone","|poke|p2|Metagross","|poke|p2|Hoopa-Unbound","|poke|p2|Victini","|poke|p2|Gardevoir, F","|poke|p2|Meloetta","|poke|p2|Latias, F","|rule|Sleep Clause Mod: Limit one foe put to sleep","|rule|Species Clause: Limit one of each Pokémon","|rule|OHKO Clause: OHKO moves are banned","|rule|Moody Clause: Moody is banned","|rule|Evasion Moves Clause: Evasion moves are banned","|rule|Endless Battle Clause: Forcing endless battles is banned","|rule|HP Percentage Mod: HP is shown in percentages","|teampreview","|","|start","|switch|p1a: Sputnik|Magnezone|282/282","|switch|p2a: Victini|Victini|403/403","|turn|1","|","|move|p1a: Sputnik|Volt Switch|p2a: Victini","|-damage|p2a: Victini|286/403","|","|switch|p1a: Washing Machine|Rotom-Wash|304/304","|move|p2a: Victini|V-create|p1a: Washing Machine","|-resisted|p1a: Washing Machine","|-damage|p1a: Washing Machine|225/304","|-unboost|p2a: Victini|spe|1","|-unboost|p2a: Victini|def|1","|-unboost|p2a: Victini|spd|1","|","|-heal|p1a: Washing Machine|244/304|[from] item: Leftovers","|-heal|p2a: Victini|311/403|[from] item: Leftovers","|turn|2","|","|switch|p2a: Latias|Latias, F|301/301","|move|p1a: Washing Machine|Will-O-Wisp|p2a: Latias","|-status|p2a: Latias|brn","|","|-heal|p1a: Washing Machine|263/304|[from] item: Leftovers","|-damage|p2a: Latias|264/301 brn|[from] brn","|turn|3","|","|switch|p1a: Shoes in Spanish|Zapdos, shiny|384/384","|-ability|p1a: Shoes in Spanish|Pressure","|move|p2a: Latias|Psychic|p1a: Shoes in Spanish","|-damage|p1a: Shoes in Spanish|240/384","|-damage|p2a: Latias|234/301 brn|[from] item: Life Orb","|","|-heal|p1a: Shoes in Spanish|264/384|[from] item: Leftovers","|-damage|p2a: Latias|197/301 brn|[from] brn","|turn|4","|","|move|p2a: Latias|Draco Meteor|p1a: Shoes in Spanish","|-damage|p1a: Shoes in Spanish|44/384","|-unboost|p2a: Latias|spa|2","|-damage|p2a: Latias|167/301 brn|[from] item: Life Orb","|move|p1a: Shoes in Spanish|Roost|p1a: Shoes in Spanish","|-heal|p1a: Shoes in Spanish|236/384","|","|-heal|p1a: Shoes in Spanish|260/384|[from] item: Leftovers","|-damage|p2a: Latias|130/301 brn|[from] brn","|turn|5","|","|switch|p2a: Metagross|Metagross|364/364","|move|p1a: Shoes in Spanish|Thunderbolt|p2a: Metagross","|-damage|p2a: Metagross|226/364","|-status|p2a: Metagross|par","|","|-heal|p1a: Shoes in Spanish|284/384|[from] item: Leftovers","|-heal|p2a: Metagross|248/364 par|[from] item: Leftovers","|turn|6","|","|move|p1a: Shoes in Spanish|Heat Wave|p2a: Metagross","|-crit|p2a: Metagross","|-supereffective|p2a: Metagross","|-damage|p2a: Metagross|0 fnt","|faint|p2a: Metagross","|","|-heal|p1a: Shoes in Spanish|308/384|[from] item: Leftovers","|","|switch|p2a: Gardevoir|Gardevoir, F|277/277","|-ability|p2a: Gardevoir|Pressure|[from] ability: Trace|[of] p1a: Shoes in Spanish","|-ability|p2a: Gardevoir|Pressure","|turn|7","|","|detailschange|p2a: Gardevoir|Gardevoir-Mega, F","|-mega|p2a: Gardevoir|Gardevoir|Gardevoirite","|move|p2a: Gardevoir|Psyshock|p1a: Shoes in Spanish","|-damage|p1a: Shoes in Spanish|97/384","|move|p1a: Shoes in Spanish|Toxic|p2a: Gardevoir","|-status|p2a: Gardevoir|tox","|","|-heal|p1a: Shoes in Spanish|121/384|[from] item: Leftovers","|-damage|p2a: Gardevoir|260/277 tox|[from] psn","|turn|8","|","|switch|p1a: Sputnik|Magnezone|282/282","|move|p2a: Gardevoir|Psyshock|p1a: Sputnik","|-resisted|p1a: Sputnik","|-damage|p1a: Sputnik|211/282","|","|-damage|p2a: Gardevoir|226/277 tox|[from] psn","|turn|9","|","|switch|p2a: Victini|Victini|311/403","|move|p1a: Sputnik|Flash Cannon|p2a: Victini","|-resisted|p2a: Victini","|-damage|p2a: Victini|242/403","|","|-heal|p2a: Victini|267/403|[from] item: Leftovers","|turn|10","|","|switch|p1a: Washing Machine|Rotom-Wash|263/304","|move|p2a: Victini|Bolt Strike|p1a: Washing Machine","|-damage|p1a: Washing Machine|186/304","|","|-heal|p2a: Victini|292/403|[from] item: Leftovers","|-heal|p1a: Washing Machine|205/304|[from] item: Leftovers","|turn|11","|","|move|p2a: Victini|Will-O-Wisp|p1a: Washing Machine","|-status|p1a: Washing Machine|brn","|move|p1a: Washing Machine|Hydro Pump|p2a: Victini","|-supereffective|p2a: Victini","|-damage|p2a: Victini|20/403","|","|-heal|p2a: Victini|45/403|[from] item: Leftovers","|-heal|p1a: Washing Machine|224/304 brn|[from] item: Leftovers","|-damage|p1a: Washing Machine|186/304 brn|[from] brn","|turn|12","|","|switch|p2a: Hoopa-Unbound|Hoopa-Unbound|301/301","|move|p1a: Washing Machine|Hydro Pump|p2a: Hoopa-Unbound","|-damage|p2a: Hoopa-Unbound|192/301","|","|-heal|p1a: Washing Machine|205/304 brn|[from] item: Leftovers","|-damage|p1a: Washing Machine|167/304 brn|[from] brn","|turn|13","|","|move|p2a: Hoopa-Unbound|Hyperspace Hole|p1a: Washing Machine","|-damage|p1a: Washing Machine|25/304 brn","|move|p1a: Washing Machine|Will-O-Wisp|p2a: Hoopa-Unbound","|-status|p2a: Hoopa-Unbound|brn","|","|-heal|p1a: Washing Machine|44/304 brn|[from] item: Leftovers","|-damage|p2a: Hoopa-Unbound|155/301 brn|[from] brn","|-damage|p1a: Washing Machine|6/304 brn|[from] brn","|turn|14","|","|move|p2a: Hoopa-Unbound|Hyperspace Hole|p1a: Washing Machine","|-damage|p1a: Washing Machine|0 fnt","|faint|p1a: Washing Machine","|","|-damage|p2a: Hoopa-Unbound|118/301 brn|[from] brn","|","|switch|p1a: Sputnik|Magnezone|211/282","|turn|15","|","|switch|p2a: Meloetta|Meloetta|404/404","|move|p1a: Sputnik|Volt Switch|p2a: Meloetta","|-damage|p2a: Meloetta|295/404","|","|switch|p1a: Shoes in Spanish|Zapdos, shiny|121/384","|-ability|p1a: Shoes in Spanish|Pressure","|","|-heal|p1a: Shoes in Spanish|145/384|[from] item: Leftovers","|-heal|p2a: Meloetta|320/404|[from] item: Leftovers","|turn|16","|","|switch|p2a: Victini|Victini|45/403","|move|p1a: Shoes in Spanish|Roost|p1a: Shoes in Spanish","|-heal|p1a: Shoes in Spanish|337/384","|","|-heal|p2a: Victini|70/403|[from] item: Leftovers","|-heal|p1a: Shoes in Spanish|361/384|[from] item: Leftovers","|turn|17","|","|move|p2a: Victini|V-create|p1a: Shoes in Spanish","|-damage|p1a: Shoes in Spanish|78/384","|-unboost|p2a: Victini|spe|1","|-unboost|p2a: Victini|def|1","|-unboost|p2a: Victini|spd|1","|move|p1a: Shoes in Spanish|Thunderbolt|p2a: Victini","|-damage|p2a: Victini|0 fnt","|faint|p2a: Victini","|","|-heal|p1a: Shoes in Spanish|102/384|[from] item: Leftovers","|","|switch|p2a: Gardevoir|Gardevoir-Mega, F|226/277 tox","|turn|18","|","|switch|p1a: Sputnik|Magnezone|211/282","|move|p2a: Gardevoir|Psyshock|p1a: Sputnik","|-resisted|p1a: Sputnik","|-damage|p1a: Sputnik|139/282","|","|-damage|p2a: Gardevoir|209/277 tox|[from] psn","|turn|19","|","|move|p1a: Sputnik|Flash Cannon|p2a: Gardevoir","|-supereffective|p2a: Gardevoir","|-damage|p2a: Gardevoir|0 fnt","|faint|p2a: Gardevoir","|","|","|switch|p2a: Latias|Latias, F|130/301 brn","|turn|20","|","|switch|p1a: Trans-Ampharos|Ampharos, F|383/383","|move|p2a: Latias|Healing Wish|p2a: Latias","|faint|p2a: Latias","|","|","|switch|p2a: Hoopa-Unbound|Hoopa-Unbound|118/301 brn","|-heal|p2a: Hoopa-Unbound|301/301|[from] move: Healing Wish","|turn|21","|","|move|p2a: Hoopa-Unbound|Hyperspace Fury|p1a: Trans-Ampharos","|-damage|p1a: Trans-Ampharos|157/383","|-unboost|p2a: Hoopa-Unbound|def|1","|move|p1a: Trans-Ampharos|Volt Switch|p2a: Hoopa-Unbound","|-damage|p2a: Hoopa-Unbound|228/301","|","|switch|p1a: Zeus|Thundurus, M, shiny|325/325","|","|turn|22","|","|switch|p2a: Meloetta|Meloetta|320/404","|move|p1a: Zeus|Knock Off|p2a: Meloetta","|-supereffective|p2a: Meloetta","|-damage|p2a: Meloetta|57/404","|-enditem|p2a: Meloetta|Leftovers|[from] move: Knock Off|[of] p1a: Zeus","|-damage|p1a: Zeus|293/325|[from] item: Life Orb","|","|turn|23","|","|move|p1a: Zeus|Thunderbolt|p2a: Meloetta","|-damage|p2a: Meloetta|0 fnt","|-damage|p1a: Zeus|261/325|[from] item: Life Orb","|faint|p2a: Meloetta","|","|","|switch|p2a: Hoopa-Unbound|Hoopa-Unbound|228/301","|turn|24","|","|move|p2a: Hoopa-Unbound|Hyperspace Fury|p1a: Zeus","|-damage|p1a: Zeus|0 fnt","|-unboost|p2a: Hoopa-Unbound|def|1","|faint|p1a: Zeus","|","|","|switch|p1a: Sputnik|Magnezone|139/282","|turn|25","|","|move|p2a: Hoopa-Unbound|Hyperspace Fury|p1a: Sputnik","|-damage|p1a: Sputnik|0 fnt","|-unboost|p2a: Hoopa-Unbound|def|1","|faint|p1a: Sputnik","|","|","|switch|p1a: Trans-Ampharos|Ampharos, F|157/383","|turn|26","|","|move|p2a: Hoopa-Unbound|Hyperspace Fury|p1a: Trans-Ampharos","|-damage|p1a: Trans-Ampharos|0 fnt","|-unboost|p2a: Hoopa-Unbound|def|1","|faint|p1a: Trans-Ampharos","|","|","|switch|p1a: Static Popeye|Electivire, M, shiny|291/291","|turn|27","|","|move|p2a: Hoopa-Unbound|Hyperspace Fury|p1a: Static Popeye","|-damage|p1a: Static Popeye|0 fnt","|-unboost|p2a: Hoopa-Unbound|def|1","|faint|p1a: Static Popeye","|","|","|switch|p1a: Shoes in Spanish|Zapdos, shiny|102/384","|-ability|p1a: Shoes in Spanish|Pressure","|turn|28","|","|move|p2a: Hoopa-Unbound|Hyperspace Fury|p1a: Shoes in Spanish","|-damage|p1a: Shoes in Spanish|0 fnt","|-unboost|p2a: Hoopa-Unbound|def|1","|faint|p1a: Shoes in Spanish","|","|win|SL TMW"],"p1rating":{"entryid":"6455140","serverid":"eos","formatid":"monotype","userid":"desolatenightmare","username":"Desolate Nightmare","w":"13","l":19,"t":"0","gxe":42.3,"r":"1477.3171134385","rd":"75.193596193057","sigma":"0","rptime":"1439283600","rpr":1440.3317122476,"rprd":67.445464402542,"rpsigma":"0","acre":1023.880137563,"lacre":1023.880137563,"oldacre":"1039.2919954243"},"p2rating":{"entryid":"7565166","serverid":"eos","formatid":"monotype","userid":"sltmw","username":"SL TMW","w":2,"l":"0","t":"0","gxe":59.6,"r":"1500","rd":"130","sigma":"0","rptime":"1439283600","rpr":1577.5636656888,"rprd":115.52532036551,"rpsigma":"0","acre":1081.3695661244,"lacre":1081.3695661244,"oldacre":"1049.8303792921"},"endType":"normal"}