{"seed":[20473,29581,63929,3664],"turns":23,"p1":"Gym Leadeя Kinn","p2":"I ONLY USE CARNIE","p1team":[{"name":"Nike","species":"victini","item":"choicespecs","ability":"Victory Star","moves":["searingshot","dazzlinggleam","thunderbolt","uturn"],"nature":"Timid","evs":{"hp":252,"atk":0,"def":0,"spa":252,"spd":0,"spe":4},"ivs":{"hp":31,"atk":31,"def":31,"spa":31,"spd":31,"spe":31}},{"name":"Kinn's Soul","species":"latios","item":"choicescarf","ability":"Levitate","moves":["dracometeor","psychic","defog","icebeam"],"nature":"Timid","evs":{"hp":4,"atk":0,"def":252,"spa":0,"spd":0,"spe":252},"ivs":{"hp":31,"atk":31,"def":31,"spa":31,"spd":31,"spe":31}},{"name":"Your Slow Bro :D","species":"slowbro","item":"leftovers","ability":"Regenerator","moves":["scald","calmmind","slackoff","flamethrower"],"nature":"Sassy","evs":{"hp":0,"atk":0,"def":252,"spa":4,"spd":252,"spe":0},"gender":"M","ivs":{"hp":31,"atk":31,"def":31,"spa":31,"spd":31,"spe":31}},{"name":"The Seven Sins","species":"hoopaunbound","item":"assaultvest","ability":"Magician","moves":["hyperspacefury","firepunch","drainpunch","zenheadbutt"],"nature":"Impish","evs":{"hp":4,"atk":0,"def":252,"spa":0,"spd":0,"spe":252},"ivs":{"hp":31,"atk":31,"def":31,"spa":31,"spd":31,"spe":31}},{"name":"Melody","species":"meloetta","item":"assaultvest","ability":"Serene Grace","moves":["shadowball","dazzlinggleam","focusblast","psyshock"],"nature":"Modest","evs":{"hp":248,"atk":0,"def":0,"spa":252,"spd":8,"spe":0},"ivs":{"hp":31,"atk":31,"def":31,"spa":31,"spd":31,"spe":31}},{"name":"Screaming Widow","species":"gardevoir","item":"gardevoirite","ability":"Synchronize","moves":["hypervoice","energyball","psyshock","shadowball"],"nature":"Modest","evs":{"hp":0,"atk":0,"def":0,"spa":252,"spd":4,"spe":252},"gender":"F","shiny":true,"ivs":{"hp":31,"atk":31,"def":31,"spa":31,"spd":31,"spe":31}}],"p2team":[{"name":"Ferrothorn","species":"Ferrothorn","item":"leftovers","ability":"Iron Barbs","moves":["stealthrock","leechseed","thunderwave","gyroball"],"nature":"Relaxed","evs":{"hp":252,"atk":4,"def":252,"spa":0,"spd":0,"spe":0},"ivs":{"hp":31,"atk":31,"def":31,"spa":31,"spd":31,"spe":0}},{"name":"Heatran","species":"Heatran","item":"leftovers","ability":"Flash Fire","moves":["protect","fireblast","earthpower","flashcannon"],"nature":"Modest","evs":{"hp":252,"atk":0,"def":0,"spa":252,"spd":4,"spe":0},"ivs":{"hp":31,"atk":31,"def":31,"spa":31,"spd":31,"spe":31}},{"name":"Klefki","species":"Klefki","item":"leftovers","ability":"Prankster","moves":["thunderwave","spikes","flashcannon","dazzlinggleam"],"nature":"Modest","evs":{"hp":252,"atk":0,"def":0,"spa":252,"spd":4,"spe":0},"ivs":{"hp":31,"atk":31,"def":31,"spa":31,"spd":31,"spe":31}},{"name":"Scizor","species":"Scizor","item":"scizorite","ability":"Light Metal","moves":["swordsdance","bulletpunch","aerialace","roost"],"nature":"Careful","evs":{"hp":248,"atk":0,"def":8,"spa":0,"spd":252,"spe":0},"ivs":{"hp":31,"atk":31,"def":31,"spa":31,"spd":31,"spe":31}},{"name":"Lucario","species":"Lucario","item":"lifeorb","ability":"Steadfast","moves":["nastyplot","aurasphere","darkpulse","flashcannon"],"nature":"Timid","evs":{"hp":0,"atk":0,"def":0,"spa":252,"spd":4,"spe":252},"ivs":{"hp":31,"atk":31,"def":31,"spa":31,"spd":31,"spe":31}},{"name":"Metagross","species":"Metagross","item":"lifeorb","ability":"Clear Body","moves":["meteormash","hammerarm","zenheadbutt","bulletpunch"],"nature":"Adamant","evs":{"hp":248,"atk":252,"def":0,"spa":0,"spd":8,"spe":0},"ivs":{"hp":31,"atk":31,"def":31,"spa":31,"spd":31,"spe":31}}],"log":["|player|p1|Gym Leadeя Kinn|266","|player|p2|I ONLY USE CARNIE|146","|gametype|singles","|gen|6","|tier|Monotype","|rated","|rule|Baton Pass Clause: Limit one Baton Passer, can't pass Spe and other stats simultaneously","|rule|Swagger Clause: Swagger is banned","|rule|Same Type Clause: Pokémon in a team must share a type","|clearpoke","|poke|p1|Victini","|poke|p1|Latios, M","|poke|p1|Slowbro, M","|poke|p1|Hoopa-Unbound","|poke|p1|Meloetta","|poke|p1|Gardevoir, F, shiny","|poke|p2|Ferrothorn, F","|poke|p2|Heatran, M","|poke|p2|Klefki, M","|poke|p2|Scizor, M","|poke|p2|Lucario, M","|poke|p2|Metagross","|rule|Sleep Clause Mod: Limit one foe put to sleep","|rule|Species Clause: Limit one of each Pokémon","|rule|OHKO Clause: OHKO moves are banned","|rule|Moody Clause: Moody is banned","|rule|Evasion Moves Clause: Evasion moves are banned","|rule|Endless Battle Clause: Forcing endless battles is banned","|rule|HP Percentage Mod: HP is shown in percentages","|teampreview","|","|start","|switch|p1a: Nike|Victini|404/404","|switch|p2a: Klefki|Klefki, M|318/318","|turn|1","|","|move|p2a: Klefki|Thunder Wave|p1a: Nike","|-status|p1a: Nike|par","|move|p1a: Nike|Searing Shot|p2a: Klefki","|-supereffective|p2a: Klefki","|-damage|p2a: Klefki|0 fnt","|faint|p2a: Klefki","|","|","|switch|p2a: Lucario|Lucario, M|281/281","|turn|2","|","|move|p2a: Lucario|Dark Pulse|p1a: Nike","|-supereffective|p1a: Nike","|-damage|p1a: Nike|165/404 par","|-damage|p2a: Lucario|253/281|[from] item: Life Orb","|move|p1a: Nike|Searing Shot|p2a: Lucario","|-supereffective|p2a: Lucario","|-damage|p2a: Lucario|0 fnt","|faint|p2a: Lucario","|","|","|switch|p2a: Heatran|Heatran, M|386/386","|turn|3","|","|switch|p1a: The Seven Sins|Hoopa-Unbound|302/302","|move|p2a: Heatran|Fire Blast|p1a: The Seven Sins","|-damage|p1a: The Seven Sins|184/302","|","|turn|4","|","|move|p1a: The Seven Sins|Drain Punch|p2a: Heatran","|-supereffective|p2a: Heatran","|-damage|p2a: Heatran|206/386","|-heal|p1a: The Seven Sins|274/302|[from] drain|[of] p2a: Heatran","|move|p2a: Heatran|Fire Blast|p1a: The Seven Sins","|-damage|p1a: The Seven Sins|157/302","|","|-heal|p2a: Heatran|230/386|[from] item: Leftovers","|turn|5","|","|switch|p2a: Ferrothorn|Ferrothorn, F|352/352","|move|p1a: The Seven Sins|Drain Punch|p2a: Ferrothorn","|-supereffective|p2a: Ferrothorn","|-damage|p2a: Ferrothorn|248/352","|-heal|p1a: The Seven Sins|209/302|[from] drain|[of] p2a: Ferrothorn","|-damage|p1a: The Seven Sins|172/302|[from] ability: Iron Barbs|[of] p2a: Ferrothorn","|","|-heal|p2a: Ferrothorn|270/352|[from] item: Leftovers","|turn|6","|","|switch|p1a: Your Slow Bro :D|Slowbro, M|331/331","|move|p2a: Ferrothorn|Leech Seed|p1a: Your Slow Bro :D","|-start|p1a: Your Slow Bro :D|move: Leech Seed","|","|-heal|p2a: Ferrothorn|292/352|[from] item: Leftovers","|-damage|p1a: Your Slow Bro :D|290/331|[from] Leech Seed|[of] p2a: Ferrothorn","|-heal|p2a: Ferrothorn|333/352|[silent]","|turn|7","|","|move|p1a: Your Slow Bro :D|Flamethrower|p2a: Ferrothorn","|-supereffective|p2a: Ferrothorn","|-damage|p2a: Ferrothorn|97/352","|move|p2a: Ferrothorn|Stealth Rock|p1a: Your Slow Bro :D","|-sidestart|p1: Gym Leadeя Kinn|move: Stealth Rock","|","|-heal|p1a: Your Slow Bro :D|310/331|[from] item: Leftovers","|-heal|p2a: Ferrothorn|119/352|[from] item: Leftovers","|-damage|p1a: Your Slow Bro :D|269/331|[from] Leech Seed|[of] p2a: Ferrothorn","|-heal|p2a: Ferrothorn|160/352|[silent]","|turn|8","|","|switch|p2a: Heatran|Heatran, M|230/386","|move|p1a: Your Slow Bro :D|Flamethrower|p2a: Heatran","|-start|p2a: Heatran|ability: Flash Fire","|","|-heal|p2a: Heatran|254/386|[from] item: Leftovers","|-heal|p1a: Your Slow Bro :D|289/331|[from] item: Leftovers","|-damage|p1a: Your Slow Bro :D|248/331|[from] Leech Seed|[of] p2a: Heatran","|-heal|p2a: Heatran|295/386|[silent]","|turn|9","|","|move|p2a: Heatran|Protect|p2a: Heatran","|-singleturn|p2a: Heatran|Protect","|move|p1a: Your Slow Bro :D|Scald|p2a: Heatran","|-activate|p2a: Heatran|Protect","|","|-heal|p2a: Heatran|319/386|[from] item: Leftovers","|-heal|p1a: Your Slow Bro :D|268/331|[from] item: Leftovers","|-damage|p1a: Your Slow Bro :D|227/331|[from] Leech Seed|[of] p2a: Heatran","|-heal|p2a: Heatran|360/386|[silent]","|turn|10","|","|move|p2a: Heatran|Fire Blast|p1a: Your Slow Bro :D","|-resisted|p1a: Your Slow Bro :D","|-damage|p1a: Your Slow Bro :D|92/331","|-status|p1a: Your Slow Bro :D|brn","|move|p1a: Your Slow Bro :D|Scald|p2a: Heatran","|-supereffective|p2a: Heatran","|-damage|p2a: Heatran|178/386","|","|-heal|p2a: Heatran|202/386|[from] item: Leftovers","|-heal|p1a: Your Slow Bro :D|112/331 brn|[from] item: Leftovers","|-damage|p1a: Your Slow Bro :D|71/331 brn|[from] Leech Seed|[of] p2a: Heatran","|-heal|p2a: Heatran|243/386|[silent]","|-damage|p1a: Your Slow Bro :D|30/331 brn|[from] brn","|turn|11","|","|move|p2a: Heatran|Protect|p2a: Heatran","|-singleturn|p2a: Heatran|Protect","|move|p1a: Your Slow Bro :D|Slack Off|p1a: Your Slow Bro :D","|-heal|p1a: Your Slow Bro :D|196/331 brn","|","|-heal|p2a: Heatran|267/386|[from] item: Leftovers","|-heal|p1a: Your Slow Bro :D|216/331 brn|[from] item: Leftovers","|-damage|p1a: Your Slow Bro :D|175/331 brn|[from] Leech Seed|[of] p2a: Heatran","|-heal|p2a: Heatran|308/386|[silent]","|-damage|p1a: Your Slow Bro :D|134/331 brn|[from] brn","|turn|12","|","|switch|p1a: Kinn's Soul|Latios, M|302/302","|-damage|p1a: Kinn's Soul|265/302|[from] Stealth Rock","|move|p2a: Heatran|Fire Blast|p1a: Kinn's Soul","|-resisted|p1a: Kinn's Soul","|-damage|p1a: Kinn's Soul|125/302","|","|-heal|p2a: Heatran|332/386|[from] item: Leftovers","|turn|13","|","|move|p1a: Kinn's Soul|Defog|p2a: Heatran","|-unboost|p2a: Heatran|evasion|1","|-sideend|p1: Gym Leadeя Kinn|Stealth Rock|[from] move: Defog|[of] p1a: Kinn's Soul","|move|p2a: Heatran|Fire Blast|p1a: Kinn's Soul","|-resisted|p1a: Kinn's Soul","|-damage|p1a: Kinn's Soul|0 fnt","|faint|p1a: Kinn's Soul","|","|-heal|p2a: Heatran|356/386|[from] item: Leftovers","|","|switch|p1a: Melody|Meloetta|403/403","|turn|14","|","|move|p1a: Melody|Focus Blast|p2a: Heatran","|-supereffective|p2a: Heatran","|-damage|p2a: Heatran|52/386","|move|p2a: Heatran|Fire Blast|p1a: Melody","|-damage|p1a: Melody|226/403","|","|-heal|p2a: Heatran|76/386|[from] item: Leftovers","|turn|15","|","|move|p1a: Melody|Focus Blast|p2a: Heatran","|-supereffective|p2a: Heatran","|-damage|p2a: Heatran|0 fnt","|faint|p2a: Heatran","|","|","|switch|p2a: Scizor|Scizor, M|343/343","|turn|16","|","|detailschange|p2a: Scizor|Scizor-Mega, M","|-mega|p2a: Scizor|Scizor|Scizorite","|move|p1a: Melody|Focus Blast|p2a: Scizor","|-damage|p2a: Scizor|238/343","|move|p2a: Scizor|Swords Dance|p2a: Scizor","|-boost|p2a: Scizor|atk|2","|","|turn|17","|","|switch|p1a: The Seven Sins|Hoopa-Unbound|172/302","|move|p2a: Scizor|Swords Dance|p2a: Scizor","|-boost|p2a: Scizor|atk|2","|","|turn|18","|","|move|p2a: Scizor|Bullet Punch|p1a: The Seven Sins","|-damage|p1a: The Seven Sins|0 fnt","|faint|p1a: The Seven Sins","|","|","|switch|p1a: Melody|Meloetta|226/403","|turn|19","|","|move|p2a: Scizor|Bullet Punch|p1a: Melody","|-damage|p1a: Melody|0 fnt","|faint|p1a: Melody","|","|","|switch|p1a: Your Slow Bro :D|Slowbro, M|244/331 brn","|turn|20","|","|move|p2a: Scizor|Bullet Punch|p1a: Your Slow Bro :D","|-resisted|p1a: Your Slow Bro :D","|-damage|p1a: Your Slow Bro :D|129/331 brn","|move|p1a: Your Slow Bro :D|Flamethrower|p2a: Scizor","|-supereffective|p2a: Scizor","|-damage|p2a: Scizor|30/343","|","|-heal|p1a: Your Slow Bro :D|149/331 brn|[from] item: Leftovers","|-damage|p1a: Your Slow Bro :D|108/331 brn|[from] brn","|turn|21","|","|move|p2a: Scizor|Aerial Ace|p1a: Your Slow Bro :D","|-damage|p1a: Your Slow Bro :D|0 fnt","|faint|p1a: Your Slow Bro :D","|","|","|switch|p1a: Nike|Victini|165/404 par","|turn|22","|","|move|p2a: Scizor|Aerial Ace|p1a: Nike","|-crit|p1a: Nike","|-damage|p1a: Nike|0 fnt","|faint|p1a: Nike","|","|","|switch|p1a: Screaming Widow|Gardevoir, F, shiny|277/277","|turn|23","|","|detailschange|p1a: Screaming Widow|Gardevoir-Mega, F, shiny","|-mega|p1a: Screaming Widow|Gardevoir|Gardevoirite","|move|p2a: Scizor|Bullet Punch|p1a: Screaming Widow","|-supereffective|p1a: Screaming Widow","|-damage|p1a: Screaming Widow|0 fnt","|faint|p1a: Screaming Widow","|","|win|I ONLY USE CARNIE"],"p1rating":{"entryid":"7522622","serverid":"eos","formatid":"monotype","userid":"gymleadekinn","username":"Gym Leadeя Kinn","w":"2","l":4,"t":"0","gxe":42.3,"r":"1521.4446735575","rd":"111.52251062234","sigma":"0","rptime":"1439283600","rpr":1439.3028426758,"rprd":98.730545723639,"rpsigma":"0","acre":1023.1351345239,"lacre":1023.1351345239,"oldacre":"1041.2316221762"},"p2rating":{"entryid":"7563861","serverid":"eos","formatid":"monotype","userid":"ionlyusecarnie","username":"I ONLY USE CARNIE","w":1,"l":"3","t":"0","gxe":41.7,"r":"1500","rd":"130","sigma":"0","rptime":"1439283600","rpr":1434.3154215746,"rprd":105.87756295395,"rpsigma":"0","acre":1044.7248060406,"lacre":1044.7248060406,"oldacre":"1000"},"endType":"normal"}