{"seed":[38776,45315,4446,55289],"turns":23,"p1":"Alliance - Elite","p2":"Traine✘ Sebastian","p1team":[{"name":"Cobalion","species":"Cobalion","item":"leftovers","ability":"Justified","moves":["thunderwave","stealthrock","voltswitch","flashcannon"],"nature":"Timid","evs":{"hp":252,"atk":0,"def":0,"spa":4,"spd":0,"spe":252},"ivs":{"hp":31,"atk":0,"def":31,"spa":31,"spd":31,"spe":31},"shiny":true},{"name":"Terrakion","species":"Terrakion","item":"choicescarf","ability":"Justified","moves":["stoneedge","earthquake","ironhead","closecombat"],"nature":"Jolly","evs":{"hp":0,"atk":252,"def":0,"spa":0,"spd":4,"spe":252},"ivs":{"hp":31,"atk":31,"def":31,"spa":31,"spd":31,"spe":31}},{"name":"Keldeo-Resolute","species":"Keldeo-Resolute","item":"leftovers","ability":"Justified","moves":["calmmind","substitute","surf","secretsword"],"nature":"Timid","evs":{"hp":0,"atk":0,"def":0,"spa":252,"spd":4,"spe":252},"ivs":{"hp":31,"atk":0,"def":31,"spa":31,"spd":31,"spe":31}},{"name":"Heracross","species":"Heracross","item":"choicescarf","ability":"Guts","moves":["megahorn","stoneedge","knockoff","closecombat"],"nature":"Jolly","evs":{"hp":0,"atk":252,"def":4,"spa":0,"spd":0,"spe":252},"gender":"M","ivs":{"hp":31,"atk":31,"def":31,"spa":31,"spd":31,"spe":31}},{"name":"Medicham","species":"Medicham","item":"medichamite","ability":"Pure Power","moves":["icepunch","bulletpunch","highjumpkick","zenheadbutt"],"nature":"Jolly","evs":{"hp":0,"atk":252,"def":4,"spa":0,"spd":0,"spe":252},"gender":"M","ivs":{"hp":31,"atk":31,"def":31,"spa":31,"spd":31,"spe":31}},{"name":"Conkeldurr","species":"Conkeldurr","item":"assaultvest","ability":"Guts","moves":["drainpunch","machpunch","icepunch","poisonjab"],"nature":"Adamant","evs":{"hp":0,"atk":252,"def":8,"spa":0,"spd":248,"spe":0},"gender":"M","ivs":{"hp":31,"atk":31,"def":31,"spa":0,"spd":31,"spe":31}}],"p2team":[{"name":"Charizard","species":"Charizard","item":"charizarditex","ability":"Blaze","moves":["dragondance","dragonclaw","flareblitz","earthquake"],"nature":"Adamant","evs":{"hp":0,"atk":252,"def":0,"spa":0,"spd":4,"spe":252},"gender":"M","shiny":true,"ivs":{"hp":31,"atk":31,"def":31,"spa":31,"spd":31,"spe":31}},{"name":"Staraptor","species":"Staraptor","item":"choiceband","ability":"Reckless","moves":["bravebird","doubleedge","closecombat","uturn"],"nature":"Jolly","evs":{"hp":0,"atk":252,"def":4,"spa":0,"spd":0,"spe":252},"gender":"F","shiny":true,"ivs":{"hp":31,"atk":31,"def":31,"spa":31,"spd":31,"spe":31}},{"name":"Skarmory","species":"Skarmory","item":"leftovers","ability":"Sturdy","moves":["bravebird","roost","defog","roar"],"nature":"Impish","evs":{"hp":252,"atk":0,"def":232,"spa":0,"spd":0,"spe":24},"gender":"M","ivs":{"hp":31,"atk":31,"def":31,"spa":31,"spd":31,"spe":31}},{"name":"Landorus","species":"Landorus","item":"lifeorb","ability":"Sheer Force","moves":["rockpolish","earthpower","psychic","focusblast"],"nature":"Modest","evs":{"hp":0,"atk":0,"def":0,"spa":252,"spd":4,"spe":252},"ivs":{"hp":31,"atk":31,"def":31,"spa":31,"spd":31,"spe":31}},{"name":"Yanmega","species":"Yanmega","item":"lifeorb","ability":"Speed Boost","moves":["gigadrain","airslash","bugbuzz","hiddenpowerfire"],"nature":"Modest","evs":{"hp":0,"atk":0,"def":0,"spa":252,"spd":4,"spe":252},"gender":"M","ivs":{"hp":31,"atk":30,"def":31,"spa":30,"spd":31,"spe":30},"shiny":true},{"name":"Alucard","species":"gliscor","item":"toxicorb","ability":"Poison Heal","moves":["earthquake","knockoff","protect","toxic"],"nature":"Careful","evs":{"hp":244,"atk":0,"def":0,"spa":0,"spd":192,"spe":72},"gender":"M","shiny":true,"ivs":{"hp":31,"atk":31,"def":31,"spa":31,"spd":31,"spe":31}}],"log":["|player|p1|Alliance - Elite|92","|player|p2|Traine✘ Sebastian|161","|gametype|singles","|gen|6","|tier|Monotype","|rated","|rule|Baton Pass Clause: Limit one Baton Passer, can't pass Spe and other stats simultaneously","|rule|Swagger Clause: Swagger is banned","|rule|Same Type Clause: Pokémon in a team must share a type","|clearpoke","|poke|p1|Cobalion, shiny","|poke|p1|Terrakion","|poke|p1|Keldeo-Resolute","|poke|p1|Heracross, M","|poke|p1|Medicham, M","|poke|p1|Conkeldurr, M","|poke|p2|Charizard, M, shiny","|poke|p2|Staraptor, F, shiny","|poke|p2|Skarmory, M","|poke|p2|Landorus, M","|poke|p2|Yanmega, M, shiny","|poke|p2|Gliscor, M, shiny","|rule|Sleep Clause Mod: Limit one foe put to sleep","|rule|Species Clause: Limit one of each Pokémon","|rule|OHKO Clause: OHKO moves are banned","|rule|Moody Clause: Moody is banned","|rule|Evasion Moves Clause: Evasion moves are banned","|rule|Endless Battle Clause: Forcing endless battles is banned","|rule|HP Percentage Mod: HP is shown in percentages","|teampreview","|","|start","|switch|p1a: Cobalion|Cobalion, shiny|386/386","|switch|p2a: Yanmega|Yanmega, M, shiny|313/313","|turn|1","|","|move|p1a: Cobalion|Thunder Wave|p2a: Yanmega","|-status|p2a: Yanmega|par","|cant|p2a: Yanmega|par","|","|-boost|p2a: Yanmega|spe|1|[from] ability: Speed Boost","|turn|2","|","|move|p1a: Cobalion|Stealth Rock|p2a: Yanmega","|-sidestart|p2: Traine✘ Sebastian|move: Stealth Rock","|move|p2a: Yanmega|Air Slash|p1a: Cobalion","|-crit|p1a: Cobalion","|-damage|p1a: Cobalion|26/386","|-damage|p2a: Yanmega|282/313 par|[from] item: Life Orb","|","|-heal|p1a: Cobalion|50/386|[from] item: Leftovers","|-boost|p2a: Yanmega|spe|1|[from] ability: Speed Boost","|turn|3","|","|move|p1a: Cobalion|Volt Switch|p2a: Yanmega","|-supereffective|p2a: Yanmega","|-damage|p2a: Yanmega|112/313 par","|","|switch|p1a: Conkeldurr|Conkeldurr, M|351/351","|move|p2a: Yanmega|Air Slash|p1a: Conkeldurr","|-supereffective|p1a: Conkeldurr","|-damage|p1a: Conkeldurr|122/351","|-damage|p2a: Yanmega|81/313 par|[from] item: Life Orb","|","|-boost|p2a: Yanmega|spe|1|[from] ability: Speed Boost","|turn|4","|","|move|p1a: Conkeldurr|Mach Punch|p2a: Yanmega","|-resisted|p2a: Yanmega","|-damage|p2a: Yanmega|59/313 par","|move|p2a: Yanmega|Air Slash|p1a: Conkeldurr","|-supereffective|p1a: Conkeldurr","|-damage|p1a: Conkeldurr|0 fnt","|-damage|p2a: Yanmega|28/313 par|[from] item: Life Orb","|faint|p1a: Conkeldurr","|","|-boost|p2a: Yanmega|spe|1|[from] ability: Speed Boost","|","|switch|p1a: Cobalion|Cobalion, shiny|50/386","|turn|5","|","|move|p1a: Cobalion|Volt Switch|p2a: Yanmega","|-crit|p2a: Yanmega","|-supereffective|p2a: Yanmega","|-damage|p2a: Yanmega|0 fnt","|faint|p2a: Yanmega","|","|switch|p1a: Terrakion|Terrakion|323/323","|","|","|switch|p2a: Skarmory|Skarmory, M|334/334","|-damage|p2a: Skarmory|293/334|[from] Stealth Rock","|turn|6","|","|switch|p1a: Cobalion|Cobalion, shiny|50/386","|move|p2a: Skarmory|Defog|p1a: Cobalion","|-unboost|p1a: Cobalion|evasion|1","|-sideend|p2: Traine✘ Sebastian|Stealth Rock|[from] move: Defog|[of] p2a: Skarmory","|","|-heal|p1a: Cobalion|74/386|[from] item: Leftovers","|-heal|p2a: Skarmory|313/334|[from] item: Leftovers","|turn|7","|","|move|p1a: Cobalion|Thunder Wave|p2a: Skarmory","|-status|p2a: Skarmory|par","|move|p2a: Skarmory|Brave Bird|p1a: Cobalion","|-damage|p1a: Cobalion|0 fnt","|-damage|p2a: Skarmory|289/334 par|[from] recoil|[of] p1a: Cobalion","|faint|p1a: Cobalion","|","|-heal|p2a: Skarmory|309/334 par|[from] item: Leftovers","|","|switch|p1a: Keldeo-Resolute|Keldeo-Resolute|323/323","|turn|8","|","|move|p1a: Keldeo-Resolute|Substitute|p1a: Keldeo-Resolute","|-start|p1a: Keldeo-Resolute|Substitute","|-damage|p1a: Keldeo-Resolute|243/323","|cant|p2a: Skarmory|par","|","|-heal|p1a: Keldeo-Resolute|263/323|[from] item: Leftovers","|-heal|p2a: Skarmory|329/334 par|[from] item: Leftovers","|turn|9","|","|move|p1a: Keldeo-Resolute|Calm Mind|p1a: Keldeo-Resolute","|-boost|p1a: Keldeo-Resolute|spa|1","|-boost|p1a: Keldeo-Resolute|spd|1","|move|p2a: Skarmory|Roar|p1a: Keldeo-Resolute","|drag|p1a: Heracross|Heracross, M|301/301","|","|-heal|p2a: Skarmory|334/334 par|[from] item: Leftovers","|turn|10","|","|switch|p1a: Keldeo-Resolute|Keldeo-Resolute|263/323","|switch|p2a: Landorus|Landorus, M|319/319","|","|-heal|p1a: Keldeo-Resolute|283/323|[from] item: Leftovers","|turn|11","|","|move|p1a: Keldeo-Resolute|Surf|p2a: Landorus","|-supereffective|p2a: Landorus","|-damage|p2a: Landorus|0 fnt","|faint|p2a: Landorus","|","|-heal|p1a: Keldeo-Resolute|303/323|[from] item: Leftovers","|","|switch|p2a: Charizard|Charizard, M, shiny|297/297","|turn|12","|","|detailschange|p2a: Charizard|Charizard-Mega-X, M, shiny","|-mega|p2a: Charizard|Charizard|Charizardite X","|move|p1a: Keldeo-Resolute|Surf|p2a: Charizard","|-damage|p2a: Charizard|114/297","|move|p2a: Charizard|Dragon Dance|p2a: Charizard","|-boost|p2a: Charizard|atk|1","|-boost|p2a: Charizard|spe|1","|","|-heal|p1a: Keldeo-Resolute|323/323|[from] item: Leftovers","|turn|13","|","|move|p2a: Charizard|Dragon Claw|p1a: Keldeo-Resolute","|-damage|p1a: Keldeo-Resolute|0 fnt","|faint|p1a: Keldeo-Resolute","|","|","|switch|p1a: Terrakion|Terrakion|323/323","|turn|14","|","|move|p1a: Terrakion|Earthquake|p2a: Charizard","|-supereffective|p2a: Charizard","|-damage|p2a: Charizard|0 fnt","|faint|p2a: Charizard","|","|","|switch|p2a: Alucard|Gliscor, M, shiny|352/352","|turn|15","|","|switch|p1a: Heracross|Heracross, M|301/301","|move|p2a: Alucard|Toxic|p1a: Heracross","|-status|p1a: Heracross|tox","|","|-damage|p1a: Heracross|283/301 tox|[from] psn","|-status|p2a: Alucard|tox|[from] item: Toxic Orb","|turn|16","|","|move|p1a: Heracross|Stone Edge|p2a: Alucard","|-damage|p2a: Alucard|205/352 tox","|move|p2a: Alucard|Knock Off|p1a: Heracross","|-resisted|p1a: Heracross","|-damage|p1a: Heracross|233/301 tox","|-enditem|p1a: Heracross|Choice Scarf|[from] move: Knock Off|[of] p2a: Alucard","|","|-damage|p1a: Heracross|197/301 tox|[from] psn","|-heal|p2a: Alucard|249/352 tox|[from] ability: Poison Heal","|turn|17","|","|move|p2a: Alucard|Protect|p2a: Alucard","|-singleturn|p2a: Alucard|Protect","|move|p1a: Heracross|Stone Edge|p2a: Alucard","|-activate|p2a: Alucard|Protect","|","|-damage|p1a: Heracross|143/301 tox|[from] psn","|-heal|p2a: Alucard|293/352 tox|[from] ability: Poison Heal","|turn|18","|","|move|p1a: Heracross|Knock Off|p2a: Alucard","|-damage|p2a: Alucard|142/352 tox","|-enditem|p2a: Alucard|Toxic Orb|[from] move: Knock Off|[of] p1a: Heracross","|move|p2a: Alucard|Earthquake|p1a: Heracross","|-resisted|p1a: Heracross","|-damage|p1a: Heracross|73/301 tox","|","|-damage|p1a: Heracross|1/301 tox|[from] psn","|-heal|p2a: Alucard|186/352 tox|[from] ability: Poison Heal","|turn|19","|","|move|p2a: Alucard|Protect|p2a: Alucard","|-singleturn|p2a: Alucard|Protect","|move|p1a: Heracross|Megahorn|p2a: Alucard","|-activate|p2a: Alucard|Protect","|","|-damage|p1a: Heracross|0 fnt|[from] psn","|-heal|p2a: Alucard|230/352 tox|[from] ability: Poison Heal","|faint|p1a: Heracross","|","|switch|p1a: Medicham|Medicham, M|261/261","|turn|20","|","|detailschange|p1a: Medicham|Medicham-Mega, M","|-mega|p1a: Medicham|Medicham|Medichamite","|move|p1a: Medicham|Ice Punch|p2a: Alucard","|-supereffective|p2a: Alucard","|-damage|p2a: Alucard|0 fnt","|faint|p2a: Alucard","|","|","|switch|p2a: Skarmory|Skarmory, M|334/334 par","|turn|21","|","|move|p1a: Medicham|High Jump Kick|p2a: Skarmory","|-damage|p2a: Skarmory|130/334 par","|move|p2a: Skarmory|Brave Bird|p1a: Medicham","|-supereffective|p1a: Medicham","|-damage|p1a: Medicham|0 fnt","|-damage|p2a: Skarmory|44/334 par|[from] recoil|[of] p1a: Medicham","|faint|p1a: Medicham","|","|-heal|p2a: Skarmory|64/334 par|[from] item: Leftovers","|","|switch|p1a: Terrakion|Terrakion|323/323","|turn|22","|","|move|p1a: Terrakion|Stone Edge|p2a: Skarmory","|-damage|p2a: Skarmory|0 fnt","|faint|p2a: Skarmory","|","|","|switch|p2a: Staraptor|Staraptor, F, shiny|311/311","|turn|23","|","|move|p1a: Terrakion|Stone Edge|p2a: Staraptor","|-supereffective|p2a: Staraptor","|-damage|p2a: Staraptor|0 fnt","|faint|p2a: Staraptor","|","|win|Alliance - Elite"],"p1rating":{"entryid":"7539794","serverid":"eos","formatid":"monotype","userid":"allianceelite","username":"Alliance - Elite","w":5,"l":"8","t":"0","gxe":43.9,"r":"1486.5677373655","rd":"115.87876502804","sigma":"0","rptime":"1439283600","rpr":1452.7842266064,"rprd":80.562607510595,"rpsigma":"0","acre":1102.9930679323,"lacre":1102.9930679323,"oldacre":"1061.3542841246"},"p2rating":{"entryid":"7497648","serverid":"eos","formatid":"monotype","userid":"trainesebastian","username":"Traine✘ Sebastian","w":"10","l":4,"t":"0","gxe":62.4,"r":"1620.7327883205","rd":"80.759772108228","sigma":"0","rptime":"1439283600","rpr":1597.9480416734,"rprd":79.121074956186,"rpsigma":"0","acre":1155.3322438134,"lacre":1155.3322438134,"oldacre":"1189.1334067796"},"endType":"normal"}