{"seed":[45298,20604,5202,34691],"turns":25,"p1":"Seven Swell","p2":"Guard Wulf - ⒶⒻⓀ","p1team":[{"name":"Mew","species":"Mew","item":"leftovers","ability":"Synchronize","moves":["roost","toxic","healbell","aurasphere"],"nature":"Calm","evs":{"hp":252,"atk":0,"def":0,"spa":4,"spd":252,"spe":0},"ivs":{"hp":31,"atk":31,"def":31,"spa":31,"spd":31,"spe":31}},{"name":"Slowbro","species":"Slowbro","item":"rockyhelmet","ability":"Regenerator","moves":["scald","yawn","flamethrower","slackoff"],"nature":"Bold","evs":{"hp":252,"atk":0,"def":252,"spa":4,"spd":0,"spe":0},"ivs":{"hp":31,"atk":31,"def":31,"spa":31,"spd":31,"spe":31}},{"name":"Deoxys-Speed","species":"Deoxys-Speed","item":"focussash","ability":"Pressure","moves":["stealthrock","thunderbolt","thunderwave","icebeam"],"nature":"Timid","evs":{"hp":252,"atk":0,"def":0,"spa":44,"spd":0,"spe":212},"ivs":{"hp":31,"atk":31,"def":31,"spa":31,"spd":31,"spe":31}},{"name":"Gardevoir","species":"Gardevoir","item":"gardevoirite","ability":"Trace","moves":["hypervoice","psyshock","destinybond","thunderbolt"],"nature":"Timid","evs":{"hp":0,"atk":0,"def":4,"spa":252,"spd":0,"spe":252},"ivs":{"hp":31,"atk":0,"def":31,"spa":31,"spd":31,"spe":31}},{"name":"Latias","species":"Latias","item":"leftovers","ability":"Levitate","moves":["dracometeor","psyshock","roost","defog"],"nature":"Timid","evs":{"hp":252,"atk":0,"def":0,"spa":4,"spd":0,"spe":252},"ivs":{"hp":31,"atk":31,"def":31,"spa":31,"spd":31,"spe":31}},{"name":"Hoopa-Unbound","species":"Hoopa-Unbound","item":"focussash","ability":"Magician","moves":["hyperspacefury","drainpunch","firepunch","gunkshot"],"nature":"Adamant","evs":{"hp":0,"atk":252,"def":0,"spa":0,"spd":4,"spe":252},"ivs":{"hp":31,"atk":31,"def":31,"spa":31,"spd":31,"spe":31}}],"p2team":[{"name":"Jirachi","species":"Jirachi","item":"choicescarf","ability":"Serene Grace","moves":["ironhead","uturn","firepunch","zenheadbutt"],"nature":"Jolly","evs":{"hp":0,"atk":252,"def":0,"spa":0,"spd":4,"spe":252},"ivs":{"hp":31,"atk":31,"def":31,"spa":31,"spd":31,"spe":31}},{"name":"Heatran","species":"Heatran","item":"airballoon","ability":"Flash Fire","moves":["lavaplume","ancientpower","earthpower","willowisp"],"nature":"Modest","evs":{"hp":248,"atk":0,"def":0,"spa":252,"spd":8,"spe":0},"ivs":{"hp":31,"atk":31,"def":31,"spa":31,"spd":31,"spe":31}},{"name":"Ferrothorn","species":"Ferrothorn","item":"leftovers","ability":"Iron Barbs","moves":["leechseed","spikes","seedbomb","protect"],"nature":"Careful","evs":{"hp":92,"atk":0,"def":164,"spa":0,"spd":252,"spe":0},"ivs":{"hp":31,"atk":31,"def":31,"spa":31,"spd":31,"spe":31}},{"name":"Skarmory","species":"Skarmory","item":"leftovers","ability":"Sturdy","moves":["stealthrock","whirlwind","roost","bravebird"],"nature":"Impish","evs":{"hp":252,"atk":0,"def":232,"spa":0,"spd":0,"spe":24},"ivs":{"hp":31,"atk":31,"def":31,"spa":31,"spd":31,"spe":31}},{"name":"Scizor","species":"Scizor","item":"scizorite","ability":"Technician","moves":["superpower","swordsdance","bulletpunch","bugbite"],"nature":"Adamant","evs":{"hp":248,"atk":252,"def":0,"spa":0,"spd":8,"spe":0},"ivs":{"hp":31,"atk":31,"def":31,"spa":31,"spd":31,"spe":31}},{"name":"Magnezone","species":"Magnezone","item":"airballoon","ability":"Analytic","moves":["thunderbolt","hiddenpowerice","voltswitch","flashcannon"],"nature":"Modest","evs":{"hp":248,"atk":0,"def":0,"spa":252,"spd":8,"spe":0},"ivs":{"hp":31,"atk":30,"def":30,"spa":31,"spd":31,"spe":31}}],"log":["|player|p1|Seven Swell|sevenswell.png","|player|p2|Guard Wulf - ⒶⒻⓀ|163","|gametype|singles","|gen|6","|tier|Monotype","|rated","|rule|Baton Pass Clause: Limit one Baton Passer, can't pass Spe and other stats simultaneously","|rule|Swagger Clause: Swagger is banned","|rule|Same Type Clause: Pokémon in a team must share a type","|clearpoke","|poke|p1|Mew","|poke|p1|Slowbro, F","|poke|p1|Deoxys-Speed","|poke|p1|Gardevoir, M","|poke|p1|Latias, F","|poke|p1|Hoopa-Unbound","|poke|p2|Jirachi","|poke|p2|Heatran, F","|poke|p2|Ferrothorn, M","|poke|p2|Skarmory, F","|poke|p2|Scizor, M","|poke|p2|Magnezone","|rule|Sleep Clause Mod: Limit one foe put to sleep","|rule|Species Clause: Limit one of each Pokémon","|rule|OHKO Clause: OHKO moves are banned","|rule|Moody Clause: Moody is banned","|rule|Evasion Moves Clause: Evasion moves are banned","|rule|Endless Battle Clause: Forcing endless battles is banned","|rule|HP Percentage Mod: HP is shown in percentages","|teampreview","|","|start","|switch|p1a: Slowbro|Slowbro, F|394/394","|switch|p2a: Jirachi|Jirachi|341/341","|turn|1","|","|move|p2a: Jirachi|U-turn|p1a: Slowbro","|-supereffective|p1a: Slowbro","|-damage|p1a: Slowbro|298/394","|-damage|p2a: Jirachi|285/341|[from] item: Rocky Helmet|[of] p1a: Slowbro","|","|switch|p2a: Magnezone|Magnezone|343/343","|-item|p2a: Magnezone|Air Balloon","|move|p1a: Slowbro|Scald|p2a: Magnezone","|-damage|p2a: Magnezone|244/343","|-enditem|p2a: Magnezone|Air Balloon","|","|turn|2","|","|switch|p1a: Mew|Mew|404/404","|move|p2a: Magnezone|Volt Switch|p1a: Mew","|-damage|p1a: Mew|278/404","|","|switch|p2a: Jirachi|Jirachi|285/341","|","|-heal|p1a: Mew|303/404|[from] item: Leftovers","|turn|3","|","|switch|p1a: Slowbro|Slowbro, F|394/394","|move|p2a: Jirachi|U-turn|p1a: Slowbro","|-supereffective|p1a: Slowbro","|-damage|p1a: Slowbro|306/394","|-damage|p2a: Jirachi|229/341|[from] item: Rocky Helmet|[of] p1a: Slowbro","|","|switch|p2a: Magnezone|Magnezone|244/343","|","|turn|4","|","|switch|p1a: Mew|Mew|303/404","|move|p2a: Magnezone|Thunderbolt|p1a: Mew","|-damage|p1a: Mew|144/404","|","|-heal|p1a: Mew|169/404|[from] item: Leftovers","|turn|5","|","|move|p1a: Mew|Roost|p1a: Mew","|-heal|p1a: Mew|371/404","|move|p2a: Magnezone|Thunderbolt|p1a: Mew","|-damage|p1a: Mew|215/404","|-status|p1a: Mew|par","|","|-heal|p1a: Mew|240/404 par|[from] item: Leftovers","|turn|6","|","|move|p2a: Magnezone|Thunderbolt|p1a: Mew","|-damage|p1a: Mew|120/404 par","|cant|p1a: Mew|par","|","|-heal|p1a: Mew|145/404 par|[from] item: Leftovers","|turn|7","|","|move|p2a: Magnezone|Thunderbolt|p1a: Mew","|-damage|p1a: Mew|9/404 par","|move|p1a: Mew|Heal Bell|p1a: Mew","|-cureteam|p1a: Mew|[from] move: HealBell","|","|-heal|p1a: Mew|34/404|[from] item: Leftovers","|turn|8","|","|move|p1a: Mew|Roost|p1a: Mew","|-heal|p1a: Mew|236/404","|move|p2a: Magnezone|Volt Switch|p1a: Mew","|-damage|p1a: Mew|112/404","|","|switch|p2a: Scizor|Scizor, M|343/343","|","|-heal|p1a: Mew|137/404|[from] item: Leftovers","|turn|9","|","|switch|p1a: Gardevoir|Gardevoir, M|277/277","|-ability|p1a: Gardevoir|Technician|[from] ability: Trace|[of] p2a: Scizor","|switch|p2a: Heatran|Heatran, F|385/385","|-item|p2a: Heatran|Air Balloon","|","|turn|10","|","|switch|p2a: Ferrothorn|Ferrothorn, M|312/312","|detailschange|p1a: Gardevoir|Gardevoir-Mega, M","|-mega|p1a: Gardevoir|Gardevoir|Gardevoirite","|move|p1a: Gardevoir|Thunderbolt|p2a: Ferrothorn","|-resisted|p2a: Ferrothorn","|-damage|p2a: Ferrothorn|272/312","|","|-heal|p2a: Ferrothorn|291/312|[from] item: Leftovers","|turn|11","|","|move|p1a: Gardevoir|Destiny Bond|p1a: Gardevoir","|-singlemove|p1a: Gardevoir|Destiny Bond","|move|p2a: Ferrothorn|Spikes|p1a: Gardevoir","|-sidestart|p1: Seven Swell|Spikes","|","|-heal|p2a: Ferrothorn|310/312|[from] item: Leftovers","|turn|12","|","|move|p1a: Gardevoir|Psyshock|p2a: Ferrothorn","|-resisted|p2a: Ferrothorn","|-damage|p2a: Ferrothorn|252/312","|move|p2a: Ferrothorn|Spikes|p1a: Gardevoir","|-sidestart|p1: Seven Swell|Spikes","|","|-heal|p2a: Ferrothorn|271/312|[from] item: Leftovers","|turn|13","|","|move|p1a: Gardevoir|Hyper Voice|p2a: Ferrothorn","|-resisted|p2a: Ferrothorn","|-damage|p2a: Ferrothorn|185/312","|move|p2a: Ferrothorn|Leech Seed|p1a: Gardevoir","|-start|p1a: Gardevoir|move: Leech Seed","|","|-heal|p2a: Ferrothorn|204/312|[from] item: Leftovers","|-damage|p1a: Gardevoir|243/277|[from] Leech Seed|[of] p2a: Ferrothorn","|-heal|p2a: Ferrothorn|238/312|[silent]","|turn|14","|","|switch|p1a: Latias|Latias, F|364/364","|move|p2a: Ferrothorn|Spikes|p1a: Latias","|-sidestart|p1: Seven Swell|Spikes","|","|-heal|p2a: Ferrothorn|257/312|[from] item: Leftovers","|turn|15","|","|move|p2a: Ferrothorn|Protect|p2a: Ferrothorn","|-singleturn|p2a: Ferrothorn|Protect","|move|p1a: Latias|Defog|p2a: Ferrothorn","|-activate|p2a: Ferrothorn|Protect","|","|-heal|p2a: Ferrothorn|276/312|[from] item: Leftovers","|turn|16","|","|move|p1a: Latias|Defog|p2a: Ferrothorn","|-unboost|p2a: Ferrothorn|evasion|1","|-sideend|p1: Seven Swell|Spikes|[from] move: Defog|[of] p1a: Latias","|move|p2a: Ferrothorn|Leech Seed|p1a: Latias","|-start|p1a: Latias|move: Leech Seed","|","|-heal|p2a: Ferrothorn|295/312|[from] item: Leftovers","|-damage|p1a: Latias|319/364|[from] Leech Seed|[of] p2a: Ferrothorn","|-heal|p2a: Ferrothorn|312/312|[silent]","|turn|17","|","|switch|p1a: Mew|Mew|137/404","|move|p2a: Ferrothorn|Spikes|p1a: Mew","|-sidestart|p1: Seven Swell|Spikes","|","|-heal|p1a: Mew|162/404|[from] item: Leftovers","|turn|18","|","|move|p1a: Mew|Roost|p1a: Mew","|-heal|p1a: Mew|364/404","|move|p2a: Ferrothorn|Leech Seed|p1a: Mew","|-start|p1a: Mew|move: Leech Seed","|","|-heal|p1a: Mew|389/404|[from] item: Leftovers","|-damage|p1a: Mew|339/404|[from] Leech Seed|[of] p2a: Ferrothorn","|turn|19","|","|move|p1a: Mew|Aura Sphere|p2a: Ferrothorn","|-crit|p2a: Ferrothorn","|-supereffective|p2a: Ferrothorn","|-damage|p2a: Ferrothorn|180/312","|move|p2a: Ferrothorn|Spikes|p1a: Mew","|-sidestart|p1: Seven Swell|Spikes","|","|-heal|p1a: Mew|364/404|[from] item: Leftovers","|-heal|p2a: Ferrothorn|199/312|[from] item: Leftovers","|-damage|p1a: Mew|314/404|[from] Leech Seed|[of] p2a: Ferrothorn","|-heal|p2a: Ferrothorn|249/312|[silent]","|turn|20","|","|switch|p1a: Slowbro|Slowbro, F|394/394","|-damage|p1a: Slowbro|329/394|[from] Spikes","|move|p2a: Ferrothorn|Protect|p2a: Ferrothorn","|-fail|p2a: Ferrothorn","|","|-heal|p2a: Ferrothorn|268/312|[from] item: Leftovers","|turn|21","|","|move|p1a: Slowbro|Flamethrower|p2a: Ferrothorn","|-supereffective|p2a: Ferrothorn","|-damage|p2a: Ferrothorn|76/312","|move|p2a: Ferrothorn|Seed Bomb|p1a: Slowbro","|-supereffective|p1a: Slowbro","|-damage|p1a: Slowbro|215/394","|","|-heal|p2a: Ferrothorn|95/312|[from] item: Leftovers","|turn|22","|","|move|p1a: Slowbro|Flamethrower|p2a: Ferrothorn","|-supereffective|p2a: Ferrothorn","|-damage|p2a: Ferrothorn|0 fnt","|faint|p2a: Ferrothorn","|","|","|switch|p2a: Magnezone|Magnezone|244/343","|turn|23","|","|switch|p1a: Latias|Latias, F|319/364","|move|p2a: Magnezone|Thunderbolt|p1a: Latias","|-resisted|p1a: Latias","|-damage|p1a: Latias|223/364","|","|-heal|p1a: Latias|245/364|[from] item: Leftovers","|turn|24","|","|move|p1a: Latias|Defog|p2a: Magnezone","|-unboost|p2a: Magnezone|evasion|1","|-sideend|p1: Seven Swell|Spikes|[from] move: Defog|[of] p1a: Latias","|move|p2a: Magnezone|Hidden Power|p1a: Latias","|-supereffective|p1a: Latias","|-damage|p1a: Latias|81/364","|","|-heal|p1a: Latias|103/364|[from] item: Leftovers","|turn|25","|","|win|Guard Wulf - ⒶⒻⓀ"],"p1rating":{"entryid":"7267988","serverid":"eos","formatid":"monotype","userid":"sevenswell","username":"Seven Swell","w":"50","l":28,"t":"0","gxe":66.8,"r":"1624.6245106123","rd":"42.988182834483","sigma":"0","rptime":"1439283600","rpr":1632.4517504884,"rprd":41.304507006795,"rpsigma":"0","acre":1331.6216950541,"lacre":1331.6216950541,"oldacre":"1358.8349506581"},"p2rating":{"entryid":"7326062","serverid":"eos","formatid":"monotype","userid":"guardwulf","username":"Guard Wulf","w":50,"l":"25","t":"0","gxe":63.6,"r":"1588.0764719854","rd":"43.813565601415","sigma":"0","rptime":"1439283600","rpr":1605.7013670553,"rprd":41.82008355918,"rpsigma":"0","acre":1261.6433133519,"lacre":1261.6433133519,"oldacre":"1227.6267438469"},"endType":"forfeit"}