{"seed":[17120,39860,64985,35234],"turns":23,"p1":"Rain Hoot","p2":"emforbes","p1team":[{"name":"Shuckle","species":"Shuckle","item":"leftovers","ability":"Sturdy","moves":["stickyweb","stealthrock","toxic","encore"],"nature":"Calm","evs":{"hp":252,"atk":0,"def":4,"spa":0,"spd":252,"spe":0},"ivs":{"hp":31,"atk":31,"def":31,"spa":31,"spd":31,"spe":31}},{"name":"Diancie","species":"Diancie","item":"diancite","ability":"Clear Body","moves":["moonblast","diamondstorm","earthpower","protect"],"nature":"Hasty","evs":{"hp":0,"atk":0,"def":0,"spa":252,"spd":0,"spe":252},"ivs":{"hp":31,"atk":31,"def":31,"spa":31,"spd":31,"spe":31}},{"name":"Golem","species":"Golem","item":"weaknesspolicy","ability":"Sturdy","moves":["earthquake","rockblast","suckerpunch","rockpolish"],"nature":"Adamant","evs":{"hp":0,"atk":252,"def":0,"spa":0,"spd":4,"spe":252},"ivs":{"hp":31,"atk":31,"def":31,"spa":31,"spd":31,"spe":31}},{"name":"Carracosta","species":"Carracosta","item":"choicespecs","ability":"Solid Rock","moves":["earthpower","scald","icebeam","focusblast"],"nature":"Modest","evs":{"hp":248,"atk":0,"def":0,"spa":252,"spd":8,"spe":0},"ivs":{"hp":31,"atk":31,"def":31,"spa":31,"spd":31,"spe":31}},{"name":"Cradily","species":"Cradily","item":"leftovers","ability":"Storm Drain","moves":["gigadrain","toxic","stockpile","recover"],"nature":"Calm","evs":{"hp":252,"atk":0,"def":0,"spa":4,"spd":252,"spe":0},"ivs":{"hp":31,"atk":31,"def":31,"spa":31,"spd":31,"spe":31}},{"name":"Aerodactyl","species":"Aerodactyl","item":"lifeorb","ability":"Pressure","moves":["aerialace","stoneedge","earthquake","fireblast"],"nature":"Hasty","evs":{"hp":0,"atk":252,"def":0,"spa":4,"spd":0,"spe":252},"ivs":{"hp":31,"atk":31,"def":31,"spa":31,"spd":31,"spe":31}}],"p2team":[{"name":"Latios","species":"Latios","item":"lifeorb","ability":"Levitate","moves":["dracometeor","defog","psyshock","hiddenpowerfire"],"nature":"Timid","evs":{"hp":0,"atk":0,"def":0,"spa":252,"spd":4,"spe":252},"ivs":{"hp":31,"atk":30,"def":31,"spa":30,"spd":31,"spe":30}},{"name":"Gardevoir","species":"Gardevoir","item":"gardevoirite","ability":"Trace","moves":["hypervoice","shadowball","psychic","focusblast"],"nature":"Modest","evs":{"hp":4,"atk":0,"def":0,"spa":252,"spd":0,"spe":252},"shiny":true,"ivs":{"hp":31,"atk":31,"def":31,"spa":31,"spd":31,"spe":31}},{"name":"Hoopa-Unbound","species":"Hoopa-Unbound","item":"lifeorb","ability":"Magician","moves":["hyperspacefury","firepunch","grassknot","gunkshot"],"nature":"Hasty","evs":{"hp":0,"atk":252,"def":0,"spa":4,"spd":0,"spe":252},"ivs":{"hp":31,"atk":31,"def":31,"spa":31,"spd":31,"spe":31}},{"name":"Mew","species":"Mew","item":"leftovers","ability":"Synchronize","moves":["stealthrock","roost","willowisp","knockoff"],"nature":"Careful","evs":{"hp":252,"atk":4,"def":0,"spa":0,"spd":252,"spe":0},"ivs":{"hp":31,"atk":31,"def":31,"spa":31,"spd":31,"spe":31}},{"name":"Victini","species":"Victini","item":"choicescarf","ability":"Victory Star","moves":["vcreate","uturn","boltstrike","trick"],"nature":"Jolly","evs":{"hp":0,"atk":252,"def":0,"spa":0,"spd":4,"spe":252},"ivs":{"hp":31,"atk":31,"def":31,"spa":31,"spd":31,"spe":31}},{"name":"Jirachi","species":"Jirachi","item":"choicescarf","ability":"Serene Grace","moves":["ironhead","firepunch","zenheadbutt","trick"],"nature":"Jolly","evs":{"hp":0,"atk":252,"def":0,"spa":0,"spd":4,"spe":252},"shiny":true,"ivs":{"hp":31,"atk":31,"def":31,"spa":31,"spd":31,"spe":31}}],"log":["|player|p1|Rain Hoot|266","|player|p2|emforbes|143","|gametype|singles","|gen|6","|tier|Monotype","|rated","|rule|Baton Pass Clause: Limit one Baton Passer, can't pass Spe and other stats simultaneously","|rule|Swagger Clause: Swagger is banned","|rule|Same Type Clause: Pokémon in a team must share a type","|clearpoke","|poke|p1|Shuckle, M","|poke|p1|Diancie","|poke|p1|Golem, M","|poke|p1|Carracosta, F","|poke|p1|Cradily, F","|poke|p1|Aerodactyl, M","|poke|p2|Latios, M","|poke|p2|Gardevoir, F, shiny","|poke|p2|Hoopa-Unbound","|poke|p2|Mew","|poke|p2|Victini","|poke|p2|Jirachi, shiny","|rule|Sleep Clause Mod: Limit one foe put to sleep","|rule|Species Clause: Limit one of each Pokémon","|rule|OHKO Clause: OHKO moves are banned","|rule|Moody Clause: Moody is banned","|rule|Evasion Moves Clause: Evasion moves are banned","|rule|Endless Battle Clause: Forcing endless battles is banned","|rule|HP Percentage Mod: HP is shown in percentages","|teampreview","|","|start","|switch|p1a: Carracosta|Carracosta, F|351/351","|switch|p2a: Jirachi|Jirachi, shiny|341/341","|turn|1","|","|move|p2a: Jirachi|Iron Head|p1a: Carracosta","|-damage|p1a: Carracosta|263/351","|cant|p1a: Carracosta|flinch","|","|turn|2","|","|switch|p2a: Mew|Mew|404/404","|move|p1a: Carracosta|Scald|p2a: Mew","|-damage|p2a: Mew|287/404","|-status|p2a: Mew|brn","|-status|p1a: Carracosta|brn","|","|-heal|p2a: Mew|312/404 brn|[from] item: Leftovers","|-damage|p2a: Mew|262/404 brn|[from] brn","|-damage|p1a: Carracosta|220/351 brn|[from] brn","|turn|3","|","|move|p2a: Mew|Stealth Rock|p1a: Carracosta","|-sidestart|p1: Rain Hoot|move: Stealth Rock","|move|p1a: Carracosta|Scald|p2a: Mew","|-damage|p2a: Mew|133/404 brn","|","|-heal|p2a: Mew|158/404 brn|[from] item: Leftovers","|-damage|p2a: Mew|108/404 brn|[from] brn","|-damage|p1a: Carracosta|177/351 brn|[from] brn","|turn|4","|","|switch|p1a: Diancie|Diancie|241/241","|-damage|p1a: Diancie|211/241|[from] Stealth Rock","|move|p2a: Mew|Knock Off|p1a: Diancie","|-resisted|p1a: Diancie","|-damage|p1a: Diancie|201/241","|","|-heal|p2a: Mew|133/404 brn|[from] item: Leftovers","|-damage|p2a: Mew|83/404 brn|[from] brn","|turn|5","|","|switch|p2a: Gardevoir|Gardevoir, F, shiny|278/278","|-ability|p2a: Gardevoir|Clear Body|[from] ability: Trace|[of] p1a: Diancie","|detailschange|p1a: Diancie|Diancie-Mega","|-mega|p1a: Diancie|Diancie|Diancite","|move|p1a: Diancie|Moonblast|p2a: Gardevoir","|-crit|p2a: Gardevoir","|-damage|p2a: Gardevoir|11/278","|","|turn|6","|","|detailschange|p2a: Gardevoir|Gardevoir-Mega, F, shiny","|-mega|p2a: Gardevoir|Gardevoir|Gardevoirite","|move|p1a: Diancie|Moonblast|p2a: Gardevoir","|-damage|p2a: Gardevoir|0 fnt","|faint|p2a: Gardevoir","|","|","|switch|p2a: Jirachi|Jirachi, shiny|341/341","|turn|7","|","|move|p1a: Diancie|Protect|p1a: Diancie","|-singleturn|p1a: Diancie|Protect","|move|p2a: Jirachi|Iron Head|p1a: Diancie","|-activate|p1a: Diancie|Protect","|","|turn|8","|","|switch|p1a: Cradily|Cradily, F|376/376","|-damage|p1a: Cradily|329/376|[from] Stealth Rock","|move|p2a: Jirachi|Iron Head|p1a: Cradily","|-supereffective|p1a: Cradily","|-damage|p1a: Cradily|99/376","|","|-heal|p1a: Cradily|122/376|[from] item: Leftovers","|turn|9","|","|move|p2a: Jirachi|Iron Head|p1a: Cradily","|-supereffective|p1a: Cradily","|-damage|p1a: Cradily|0 fnt","|faint|p1a: Cradily","|","|","|switch|p1a: Carracosta|Carracosta, F|177/351 brn","|-damage|p1a: Carracosta|134/351 brn|[from] Stealth Rock","|turn|10","|","|switch|p2a: Mew|Mew|83/404 brn","|move|p1a: Carracosta|Earth Power|p2a: Mew","|-damage|p2a: Mew|0 fnt","|faint|p2a: Mew","|","|-damage|p1a: Carracosta|91/351 brn|[from] brn","|","|switch|p2a: Latios|Latios, M|301/301","|turn|11","|","|move|p2a: Latios|Psyshock|p1a: Carracosta","|-damage|p1a: Carracosta|0 fnt","|-damage|p2a: Latios|271/301|[from] item: Life Orb","|faint|p1a: Carracosta","|","|","|switch|p1a: Shuckle|Shuckle, M|244/244","|-damage|p1a: Shuckle|183/244|[from] Stealth Rock","|turn|12","|","|move|p2a: Latios|Psyshock|p1a: Shuckle","|-damage|p1a: Shuckle|93/244","|-damage|p2a: Latios|241/301|[from] item: Life Orb","|move|p1a: Shuckle|Sticky Web|p2a: Latios","|-sidestart|p2: emforbes|move: Sticky Web","|","|-heal|p1a: Shuckle|108/244|[from] item: Leftovers","|turn|13","|","|move|p2a: Latios|Defog|p1a: Shuckle","|-unboost|p1a: Shuckle|evasion|1","|-sideend|p1: Rain Hoot|Stealth Rock|[from] move: Defog|[of] p1a: Shuckle","|-sideend|p2: emforbes|Sticky Web|[from] move: Defog|[of] p2a: Latios","|move|p1a: Shuckle|Stealth Rock|p2a: Latios","|-sidestart|p2: emforbes|move: Stealth Rock","|","|-heal|p1a: Shuckle|123/244|[from] item: Leftovers","|turn|14","|","|move|p2a: Latios|Draco Meteor|p1a: Shuckle","|-damage|p1a: Shuckle|9/244","|-unboost|p2a: Latios|spa|2","|-damage|p2a: Latios|211/301|[from] item: Life Orb","|move|p1a: Shuckle|Toxic|p2a: Latios","|-status|p2a: Latios|tox","|","|-heal|p1a: Shuckle|24/244|[from] item: Leftovers","|-damage|p2a: Latios|193/301 tox|[from] psn","|turn|15","|","|move|p2a: Latios|Psyshock|p1a: Shuckle","|-damage|p1a: Shuckle|0 fnt","|-damage|p2a: Latios|163/301 tox|[from] item: Life Orb","|faint|p1a: Shuckle","|","|-damage|p2a: Latios|127/301 tox|[from] psn","|","|switch|p1a: Aerodactyl|Aerodactyl, M|301/301","|-ability|p1a: Aerodactyl|Pressure","|turn|16","|","|move|p1a: Aerodactyl|Stone Edge|p2a: Latios","|-damage|p2a: Latios|0 fnt","|-damage|p1a: Aerodactyl|271/301|[from] item: Life Orb","|faint|p2a: Latios","|","|","|switch|p2a: Jirachi|Jirachi, shiny|341/341","|-damage|p2a: Jirachi|320/341|[from] Stealth Rock","|turn|17","|","|move|p2a: Jirachi|Iron Head|p1a: Aerodactyl","|-supereffective|p1a: Aerodactyl","|-damage|p1a: Aerodactyl|0 fnt","|faint|p1a: Aerodactyl","|","|","|switch|p1a: Golem|Golem, M|301/301","|turn|18","|","|switch|p2a: Victini|Victini|341/341","|-damage|p2a: Victini|256/341|[from] Stealth Rock","|move|p1a: Golem|Earthquake|p2a: Victini","|-supereffective|p2a: Victini","|-damage|p2a: Victini|0 fnt","|faint|p2a: Victini","|","|","|switch|p2a: Hoopa-Unbound|Hoopa-Unbound|301/301","|-damage|p2a: Hoopa-Unbound|264/301|[from] Stealth Rock","|turn|19","|","|switch|p1a: Diancie|Diancie-Mega|201/241","|move|p2a: Hoopa-Unbound|Grass Knot|p1a: Diancie","|-supereffective|p1a: Diancie","|-damage|p1a: Diancie|3/241","|-damage|p2a: Hoopa-Unbound|234/301|[from] item: Life Orb","|","|turn|20","|","|move|p1a: Diancie|Moonblast|p2a: Hoopa-Unbound","|-supereffective|p2a: Hoopa-Unbound","|-damage|p2a: Hoopa-Unbound|0 fnt","|faint|p2a: Hoopa-Unbound","|","|","|switch|p2a: Jirachi|Jirachi, shiny|320/341","|-damage|p2a: Jirachi|299/341|[from] Stealth Rock","|turn|21","|","|move|p2a: Jirachi|Iron Head|p1a: Diancie","|-supereffective|p1a: Diancie","|-damage|p1a: Diancie|0 fnt","|faint|p1a: Diancie","|","|","|switch|p1a: Golem|Golem, M|301/301","|turn|22","|","|move|p1a: Golem|Sucker Punch|p2a: Jirachi","|-supereffective|p2a: Jirachi","|-damage|p2a: Jirachi|113/341","|move|p2a: Jirachi|Iron Head|p1a: Golem","|-supereffective|p1a: Golem","|-damage|p1a: Golem|125/301","|-enditem|p1a: Golem|Weakness Policy","|-boost|p1a: Golem|atk|2|[from] item: Weakness Policy","|-boost|p1a: Golem|spa|2|[from] item: Weakness Policy","|","|turn|23","|","|move|p1a: Golem|Sucker Punch|p2a: Jirachi","|-supereffective|p2a: Jirachi","|-damage|p2a: Jirachi|0 fnt","|faint|p2a: Jirachi","|","|win|Rain Hoot"],"p1rating":{"entryid":"7558745","serverid":"eos","formatid":"monotype","userid":"rainhoot","username":"Rain Hoot","w":2,"l":"2","t":"0","gxe":50.5,"r":"1500","rd":"130","sigma":"0","rptime":"1439283600","rpr":1504.0869182713,"rprd":105.71508604862,"rpsigma":"0","acre":1071.4436339399,"lacre":1071.4436339399,"oldacre":"1024.1271662864"},"p2rating":{"entryid":"7537626","serverid":"eos","formatid":"monotype","userid":"emforbes","username":"emforbes","w":"8","l":6,"t":"0","gxe":50.4,"r":"1535.9290492592","rd":"87.722280073308","sigma":"0","rptime":"1439283600","rpr":1503.1435819635,"rprd":79.07272473734,"rpsigma":"0","acre":1099.373886499,"lacre":1099.373886499,"oldacre":"1131.8884992936"},"endType":"normal"}