{"seed":[39210,50425,56333,13016],"turns":31,"p1":"Sewen Svell","p2":"Crystal Bronze","p1team":[{"name":"Mew","species":"Mew","item":"leftovers","ability":"Synchronize","moves":["roost","toxic","healbell","aurasphere"],"nature":"Calm","evs":{"hp":252,"atk":0,"def":0,"spa":4,"spd":252,"spe":0},"ivs":{"hp":31,"atk":31,"def":31,"spa":31,"spd":31,"spe":31}},{"name":"Slowbro","species":"Slowbro","item":"rockyhelmet","ability":"Regenerator","moves":["scald","yawn","flamethrower","slackoff"],"nature":"Bold","evs":{"hp":252,"atk":0,"def":252,"spa":4,"spd":0,"spe":0},"ivs":{"hp":31,"atk":31,"def":31,"spa":31,"spd":31,"spe":31}},{"name":"Deoxys-Speed","species":"Deoxys-Speed","item":"focussash","ability":"Pressure","moves":["stealthrock","thunderbolt","thunderwave","icebeam"],"nature":"Timid","evs":{"hp":252,"atk":0,"def":0,"spa":44,"spd":0,"spe":212},"ivs":{"hp":31,"atk":31,"def":31,"spa":31,"spd":31,"spe":31}},{"name":"Gardevoir","species":"Gardevoir","item":"gardevoirite","ability":"Trace","moves":["hypervoice","psyshock","destinybond","thunderbolt"],"nature":"Timid","evs":{"hp":0,"atk":0,"def":4,"spa":252,"spd":0,"spe":252},"ivs":{"hp":31,"atk":0,"def":31,"spa":31,"spd":31,"spe":31}},{"name":"Latias","species":"Latias","item":"leftovers","ability":"Levitate","moves":["dracometeor","psyshock","roost","defog"],"nature":"Timid","evs":{"hp":252,"atk":0,"def":0,"spa":4,"spd":0,"spe":252},"ivs":{"hp":31,"atk":31,"def":31,"spa":31,"spd":31,"spe":31}},{"name":"Hoopa-Unbound","species":"Hoopa-Unbound","item":"focussash","ability":"Magician","moves":["hyperspacefury","drainpunch","firepunch","gunkshot"],"nature":"Adamant","evs":{"hp":0,"atk":252,"def":0,"spa":0,"spd":4,"spe":252},"ivs":{"hp":31,"atk":31,"def":31,"spa":31,"spd":31,"spe":31}}],"p2team":[{"name":"Magnemite","species":"Magnemite","item":"weaknesspolicy","ability":"Sturdy","moves":["thunderwave","voltswitch","flashcannon","hiddenpowerice"],"nature":"Modest","evs":{"hp":0,"atk":0,"def":0,"spa":252,"spd":0,"spe":252},"ivs":{"hp":31,"atk":30,"def":30,"spa":31,"spd":31,"spe":31}},{"name":"Garrison","species":"magnezone","item":"weaknesspolicy","ability":"Sturdy","moves":["voltswitch","flashcannon","mirrorcoat","thunderwave"],"nature":"Modest","evs":{"hp":0,"atk":0,"def":0,"spa":252,"spd":0,"spe":252},"shiny":true,"ivs":{"hp":31,"atk":31,"def":31,"spa":31,"spd":31,"spe":31}},{"name":"Magneton","species":"Magneton","item":"weaknesspolicy","ability":"Sturdy","moves":["voltswitch","thunderwave","flashcannon","triattack"],"nature":"Modest","evs":{"hp":0,"atk":0,"def":0,"spa":252,"spd":8,"spe":248},"shiny":true,"ivs":{"hp":31,"atk":31,"def":31,"spa":31,"spd":31,"spe":31}},{"name":"Thundurus","species":"Thundurus","item":"focussash","ability":"Prankster","moves":["nastyplot","voltswitch","focusblast","hiddenpowerice"],"nature":"Timid","evs":{"hp":0,"atk":0,"def":0,"spa":252,"spd":4,"spe":252},"ivs":{"hp":31,"atk":30,"def":30,"spa":31,"spd":31,"spe":31}},{"name":"Lanturn","species":"Lanturn","item":"sitrusberry","ability":"Volt Absorb","moves":["scald","voltswitch","toxic","healbell"],"nature":"Modest","evs":{"hp":248,"atk":0,"def":0,"spa":252,"spd":8,"spe":0},"ivs":{"hp":31,"atk":31,"def":31,"spa":31,"spd":31,"spe":31}},{"name":"Zapdos","species":"Zapdos","item":"leftovers","ability":"Pressure","moves":["defog","roost","heatwave","voltswitch"],"nature":"Modest","evs":{"hp":248,"atk":0,"def":0,"spa":252,"spd":8,"spe":0},"ivs":{"hp":31,"atk":31,"def":31,"spa":31,"spd":31,"spe":31}}],"log":["|player|p1|Sewen Svell|sevenswell.png","|player|p2|Crystal Bronze|274","|gametype|singles","|gen|6","|tier|Monotype","|rated","|rule|Baton Pass Clause: Limit one Baton Passer, can't pass Spe and other stats simultaneously","|rule|Swagger Clause: Swagger is banned","|rule|Same Type Clause: Pokémon in a team must share a type","|clearpoke","|poke|p1|Mew","|poke|p1|Slowbro, M","|poke|p1|Deoxys-Speed","|poke|p1|Gardevoir, M","|poke|p1|Latias, F","|poke|p1|Hoopa-Unbound","|poke|p2|Magnemite","|poke|p2|Magnezone, shiny","|poke|p2|Magneton, shiny","|poke|p2|Thundurus, M","|poke|p2|Lanturn, M","|poke|p2|Zapdos","|rule|Sleep Clause Mod: Limit one foe put to sleep","|rule|Species Clause: Limit one of each Pokémon","|rule|OHKO Clause: OHKO moves are banned","|rule|Moody Clause: Moody is banned","|rule|Evasion Moves Clause: Evasion moves are banned","|rule|Endless Battle Clause: Forcing endless battles is banned","|rule|HP Percentage Mod: HP is shown in percentages","|teampreview","|","|start","|switch|p1a: Mew|Mew|404/404","|switch|p2a: Magnemite|Magnemite|191/191","|turn|1","|","|move|p1a: Mew|Aura Sphere|p2a: Magnemite","|-crit|p2a: Magnemite","|-supereffective|p2a: Magnemite","|-ability|p2a: Magnemite|Sturdy","|-damage|p2a: Magnemite|1/191","|-enditem|p2a: Magnemite|Weakness Policy","|-boost|p2a: Magnemite|atk|2|[from] item: Weakness Policy","|-boost|p2a: Magnemite|spa|2|[from] item: Weakness Policy","|move|p2a: Magnemite|Volt Switch|p1a: Mew","|-crit|p1a: Mew","|-damage|p1a: Mew|157/404","|","|switch|p2a: Thundurus|Thundurus, M|299/299","|","|-heal|p1a: Mew|182/404|[from] item: Leftovers","|turn|2","|","|move|p2a: Thundurus|Volt Switch|p1a: Mew","|-damage|p1a: Mew|97/404","|","|switch|p2a: Lanturn|Lanturn, M|453/453","|move|p1a: Mew|Roost|p1a: Mew","|-heal|p1a: Mew|299/404","|","|-heal|p1a: Mew|324/404|[from] item: Leftovers","|turn|3","|","|move|p1a: Mew|Toxic|p2a: Lanturn","|-status|p2a: Lanturn|tox","|move|p2a: Lanturn|Toxic|p1a: Mew","|-status|p1a: Mew|tox","|","|-heal|p1a: Mew|349/404 tox|[from] item: Leftovers","|-damage|p1a: Mew|324/404 tox|[from] psn","|-damage|p2a: Lanturn|425/453 tox|[from] psn","|turn|4","|","|move|p1a: Mew|Heal Bell|p1a: Mew","|-cureteam|p1a: Mew|[from] move: HealBell","|move|p2a: Lanturn|Volt Switch|p1a: Mew","|-damage|p1a: Mew|260/404","|","|switch|p2a: Magneton|Magneton, shiny|241/241","|","|-heal|p1a: Mew|285/404|[from] item: Leftovers","|turn|5","|","|move|p2a: Magneton|Thunder Wave|p1a: Mew","|-status|p1a: Mew|par","|move|p1a: Mew|Roost|p1a: Mew","|-heal|p1a: Mew|404/404 par","|","|turn|6","|","|move|p2a: Magneton|Flash Cannon|p1a: Mew","|-damage|p1a: Mew|299/404 par","|move|p1a: Mew|Heal Bell|p1a: Mew","|-cureteam|p1a: Mew|[from] move: HealBell","|","|-heal|p1a: Mew|324/404|[from] item: Leftovers","|turn|7","|","|move|p2a: Magneton|Volt Switch|p1a: Mew","|-damage|p1a: Mew|227/404","|","|switch|p2a: Lanturn|Lanturn, M|425/453 tox","|move|p1a: Mew|Aura Sphere|p2a: Lanturn","|-damage|p2a: Lanturn|352/453 tox","|","|-heal|p1a: Mew|252/404|[from] item: Leftovers","|-damage|p2a: Lanturn|324/453 tox|[from] psn","|turn|8","|","|switch|p1a: Deoxys-Speed|Deoxys-Speed|304/304","|-ability|p1a: Deoxys-Speed|Pressure","|move|p2a: Lanturn|Heal Bell|p2a: Lanturn","|-cureteam|p2a: Lanturn|[from] move: HealBell","|","|turn|9","|","|move|p1a: Deoxys-Speed|Stealth Rock|p2a: Lanturn","|-sidestart|p2: Crystal Bronze|move: Stealth Rock","|move|p2a: Lanturn|Scald|p1a: Deoxys-Speed","|-damage|p1a: Deoxys-Speed|180/304","|","|turn|10","|","|switch|p1a: Slowbro|Slowbro, M|394/394","|move|p2a: Lanturn|Scald|p1a: Slowbro","|-resisted|p1a: Slowbro","|-damage|p1a: Slowbro|330/394","|","|turn|11","|","|move|p2a: Lanturn|Volt Switch|p1a: Slowbro","|-supereffective|p1a: Slowbro","|-damage|p1a: Slowbro|106/394","|","|switch|p2a: Zapdos|Zapdos|383/383","|-damage|p2a: Zapdos|288/383|[from] Stealth Rock","|-ability|p2a: Zapdos|Pressure","|move|p1a: Slowbro|Scald|p2a: Zapdos","|-damage|p2a: Zapdos|185/383","|-status|p2a: Zapdos|brn","|","|-heal|p2a: Zapdos|208/383 brn|[from] item: Leftovers","|-damage|p2a: Zapdos|161/383 brn|[from] brn","|turn|12","|","|move|p2a: Zapdos|Defog|p1a: Slowbro","|-unboost|p1a: Slowbro|evasion|1","|-sideend|p2: Crystal Bronze|Stealth Rock|[from] move: Defog|[of] p2a: Zapdos","|move|p1a: Slowbro|Slack Off|p1a: Slowbro","|-heal|p1a: Slowbro|303/394","|","|-heal|p2a: Zapdos|184/383 brn|[from] item: Leftovers","|-damage|p2a: Zapdos|137/383 brn|[from] brn","|turn|13","|","|move|p2a: Zapdos|Volt Switch|p1a: Slowbro","|-supereffective|p1a: Slowbro","|-damage|p1a: Slowbro|0 fnt","|faint|p1a: Slowbro","|","|switch|p2a: Magneton|Magneton, shiny|241/241","|","|","|switch|p1a: Mew|Mew|252/404","|turn|14","|","|move|p2a: Magneton|Thunder Wave|p1a: Mew","|-status|p1a: Mew|par","|cant|p1a: Mew|par","|","|-heal|p1a: Mew|277/404 par|[from] item: Leftovers","|turn|15","|","|move|p2a: Magneton|Flash Cannon|p1a: Mew","|-crit|p1a: Mew","|-damage|p1a: Mew|120/404 par","|-unboost|p1a: Mew|spd|1","|move|p1a: Mew|Roost|p1a: Mew","|-heal|p1a: Mew|322/404 par","|","|-heal|p1a: Mew|347/404 par|[from] item: Leftovers","|turn|16","|","|switch|p1a: Latias|Latias, F|364/364","|move|p2a: Magneton|Flash Cannon|p1a: Latias","|-damage|p1a: Latias|240/364","|","|-heal|p1a: Latias|262/364|[from] item: Leftovers","|turn|17","|","|move|p1a: Latias|Psyshock|p2a: Magneton","|-resisted|p2a: Magneton","|-damage|p2a: Magneton|188/241","|move|p2a: Magneton|Thunder Wave|p1a: Latias","|-status|p1a: Latias|par","|","|-heal|p1a: Latias|284/364 par|[from] item: Leftovers","|turn|18","|","|move|p2a: Magneton|Flash Cannon|p1a: Latias","|-damage|p1a: Latias|155/364 par","|move|p1a: Latias|Draco Meteor|p2a: Magneton","|-resisted|p2a: Magneton","|-damage|p2a: Magneton|73/241","|-unboost|p1a: Latias|spa|2","|","|-heal|p1a: Latias|177/364 par|[from] item: Leftovers","|turn|19","|","|move|p2a: Magneton|Volt Switch|p1a: Latias","|-resisted|p1a: Latias","|-damage|p1a: Latias|121/364 par","|","|switch|p2a: Magnemite|Magnemite|1/191","|cant|p1a: Latias|par","|","|-heal|p1a: Latias|143/364 par|[from] item: Leftovers","|turn|20","|","|move|p2a: Magnemite|Flash Cannon|p1a: Latias","|-damage|p1a: Latias|38/364 par","|move|p1a: Latias|Roost|p1a: Latias","|-heal|p1a: Latias|220/364 par","|","|-heal|p1a: Latias|242/364 par|[from] item: Leftovers","|turn|21","|","|switch|p1a: Deoxys-Speed|Deoxys-Speed|180/304","|-ability|p1a: Deoxys-Speed|Pressure","|move|p2a: Magnemite|Flash Cannon|p1a: Deoxys-Speed","|-damage|p1a: Deoxys-Speed|35/304","|","|turn|22","|","|move|p1a: Deoxys-Speed|Stealth Rock|p2a: Magnemite","|-sidestart|p2: Crystal Bronze|move: Stealth Rock","|move|p2a: Magnemite|Flash Cannon|p1a: Deoxys-Speed","|-damage|p1a: Deoxys-Speed|0 fnt","|faint|p1a: Deoxys-Speed","|","|","|switch|p1a: Gardevoir|Gardevoir, M|277/277","|-ability|p1a: Gardevoir|Sturdy|[from] ability: Trace|[of] p2a: Magnemite","|turn|23","|","|detailschange|p1a: Gardevoir|Gardevoir-Mega, M","|-mega|p1a: Gardevoir|Gardevoir|Gardevoirite","|move|p1a: Gardevoir|Hyper Voice|p2a: Magnemite","|-resisted|p2a: Magnemite","|-damage|p2a: Magnemite|0 fnt","|faint|p2a: Magnemite","|","|","|switch|p2a: Lanturn|Lanturn, M|324/453","|-damage|p2a: Lanturn|268/453|[from] Stealth Rock","|turn|24","|","|move|p1a: Gardevoir|Hyper Voice|p2a: Lanturn","|-damage|p2a: Lanturn|0 fnt","|faint|p2a: Lanturn","|","|","|switch|p2a: Magneton|Magneton, shiny|73/241","|-damage|p2a: Magneton|58/241|[from] Stealth Rock","|turn|25","|","|move|p1a: Gardevoir|Hyper Voice|p2a: Magneton","|-resisted|p2a: Magneton","|-damage|p2a: Magneton|0 fnt","|faint|p2a: Magneton","|","|","|switch|p2a: Thundurus|Thundurus, M|299/299","|-damage|p2a: Thundurus|225/299|[from] Stealth Rock","|turn|26","|","|move|p2a: Thundurus|Volt Switch|p1a: Gardevoir","|-crit|p1a: Gardevoir","|-damage|p1a: Gardevoir|130/277","|","|switch|p2a: Zapdos|Zapdos|137/383 brn","|-damage|p2a: Zapdos|42/383 brn|[from] Stealth Rock","|-ability|p2a: Zapdos|Pressure","|move|p1a: Gardevoir|Hyper Voice|p2a: Zapdos","|-crit|p2a: Zapdos","|-damage|p2a: Zapdos|0 fnt","|faint|p2a: Zapdos","|","|","|switch|p2a: Thundurus|Thundurus, M|225/299","|-damage|p2a: Thundurus|151/299|[from] Stealth Rock","|turn|27","|","|move|p2a: Thundurus|Volt Switch|p1a: Gardevoir","|-damage|p1a: Gardevoir|37/277","|","|switch|p2a: Garrison|Magnezone, shiny|281/281","|-damage|p2a: Garrison|264/281|[from] Stealth Rock","|move|p1a: Gardevoir|Psyshock|p2a: Garrison","|-resisted|p2a: Garrison","|-damage|p2a: Garrison|182/281","|","|turn|28","|","|move|p1a: Gardevoir|Destiny Bond|p1a: Gardevoir","|-singlemove|p1a: Gardevoir|Destiny Bond","|move|p2a: Garrison|Flash Cannon|p1a: Gardevoir","|-supereffective|p1a: Gardevoir","|-damage|p1a: Gardevoir|0 fnt","|faint|p1a: Gardevoir","|-activate|p1a: Gardevoir|Destiny Bond","|faint|p2a: Garrison","|","|","|switch|p2a: Thundurus|Thundurus, M|151/299","|switch|p1a: Mew|Mew|347/404 par","|-damage|p2a: Thundurus|77/299|[from] Stealth Rock","|turn|29","|","|move|p2a: Thundurus|Nasty Plot|p2a: Thundurus","|-boost|p2a: Thundurus|spa|2","|move|p1a: Mew|Toxic|p2a: Thundurus","|-status|p2a: Thundurus|tox","|","|-heal|p1a: Mew|372/404 par|[from] item: Leftovers","|-damage|p2a: Thundurus|59/299 tox|[from] psn","|turn|30","|","|move|p2a: Thundurus|Volt Switch|p1a: Mew","|-damage|p1a: Mew|186/404 par","|move|p1a: Mew|Heal Bell|p1a: Mew","|-cureteam|p1a: Mew|[from] move: HealBell","|","|-heal|p1a: Mew|211/404|[from] item: Leftovers","|-damage|p2a: Thundurus|23/299 tox|[from] psn","|turn|31","|","|move|p2a: Thundurus|Volt Switch|p1a: Mew","|-damage|p1a: Mew|31/404","|move|p1a: Mew|Roost|p1a: Mew","|-heal|p1a: Mew|233/404","|","|-heal|p1a: Mew|258/404|[from] item: Leftovers","|-damage|p2a: Thundurus|0 fnt|[from] psn","|faint|p2a: Thundurus","|","|win|Sewen Svell"],"p1rating":{"entryid":"7559086","serverid":"eos","formatid":"monotype","userid":"sewensvell","username":"Sewen Svell","w":2,"l":"0","t":"0","gxe":59.6,"r":"1500","rd":"130","sigma":"0","rptime":"1439283600","rpr":1577.4189761951,"rprd":116.33561977326,"rpsigma":"0","acre":1089.7671284744,"lacre":1089.7671284744,"oldacre":"1047.2879814358"},"p2rating":{"entryid":"7501630","serverid":"eos","formatid":"monotype","userid":"crystalbronze","username":"Crystal Bronze","w":"8","l":5,"t":"0","gxe":54.3,"r":"1536.6400104003","rd":"85.44596986053","sigma":"0","rptime":"1439283600","rpr":1533.2151593231,"rprd":81.381023524374,"rpsigma":"0","acre":1119.08689135,"lacre":1119.08689135,"oldacre":"1151.3592054644"},"endType":"normal"}