{"seed":[10695,12787,23993,57350],"turns":18,"p1":"Kre8noyz","p2":"Crystl Sabo","p1team":[{"name":"Raikou","species":"Raikou","item":"leftovers","ability":"Pressure","moves":["chargebeam","magnetrise","extremespeed","extrasensory"],"nature":"Rash","evs":{"hp":0,"atk":0,"def":168,"spa":0,"spd":88,"spe":252},"shiny":true,"ivs":{"hp":31,"atk":31,"def":31,"spa":31,"spd":31,"spe":31}},{"name":"Electivire","species":"Electivire","item":"leftovers","ability":"Vital Spirit","moves":["crosschop","thunderpunch","earthquake","thunderwave"],"nature":"Adamant","evs":{"hp":248,"atk":92,"def":0,"spa":0,"spd":8,"spe":160},"ivs":{"hp":31,"atk":31,"def":31,"spa":31,"spd":31,"spe":31}},{"name":"Eelektross","species":"Eelektross","item":"leftovers","ability":"Levitate","moves":["acidspray","drainpunch","coil","thunderpunch"],"nature":"","evs":{"hp":192,"atk":0,"def":152,"spa":0,"spd":164,"spe":0},"ivs":{"hp":31,"atk":31,"def":31,"spa":31,"spd":31,"spe":31}},{"name":"Manectric","species":"Manectric","item":"manectite","ability":"Static","moves":["thunderbolt","flamethrower","icefang","toxic"],"nature":"","evs":{"hp":0,"atk":4,"def":252,"spa":0,"spd":252,"spe":0},"ivs":{"hp":31,"atk":31,"def":31,"spa":31,"spd":31,"spe":31}},{"name":"Rotom-Wash","species":"Rotom-Wash","item":"lightclay","ability":"Levitate","moves":["reflect","voltswitch","hydropump","willowisp"],"nature":"Calm","evs":{"hp":248,"atk":0,"def":0,"spa":8,"spd":252,"spe":0},"ivs":{"hp":31,"atk":31,"def":31,"spa":31,"spd":31,"spe":31}},{"name":"Thundurus","species":"Thundurus","item":"leftovers","ability":"Prankster","moves":["chargebeam","psychic","hiddenpowergrass","nastyplot"],"nature":"","evs":{"hp":0,"atk":0,"def":184,"spa":0,"spd":72,"spe":252},"ivs":{"hp":31,"atk":30,"def":31,"spa":30,"spd":31,"spe":31}}],"p2team":[{"name":"Cradily","species":"Cradily","item":"leftovers","ability":"Storm Drain","moves":["stockpile","recover","toxic","gigadrain"],"nature":"Calm","evs":{"hp":236,"atk":0,"def":0,"spa":40,"spd":232,"spe":0},"shiny":true,"ivs":{"hp":31,"atk":31,"def":31,"spa":31,"spd":31,"spe":31}},{"name":"Rhydon","species":"Rhydon","item":"eviolite","ability":"Rock Head","moves":["swordsdance","avalanche","stoneedge","firepunch"],"nature":"Relaxed","evs":{"hp":248,"atk":0,"def":8,"spa":0,"spd":252,"spe":0},"ivs":{"hp":31,"atk":31,"def":31,"spa":31,"spd":31,"spe":1},"shiny":true},{"name":"Tyranitar","species":"Tyranitar","item":"choicescarf","ability":"Sand Stream","moves":["stoneedge","icebeam","fireblast","earthquake"],"nature":"Naive","evs":{"hp":0,"atk":0,"def":0,"spa":252,"spd":0,"spe":252},"ivs":{"hp":31,"atk":30,"def":31,"spa":30,"spd":31,"spe":31},"shiny":true},{"name":"Aerodactyl","species":"Aerodactyl","item":"aerodactylite","ability":"Pressure","moves":["stoneedge","earthquake","aerialace","taunt"],"nature":"Jolly","evs":{"hp":0,"atk":252,"def":0,"spa":0,"spd":4,"spe":252},"ivs":{"hp":31,"atk":31,"def":31,"spa":31,"spd":31,"spe":31}},{"name":"Terrakion","species":"Terrakion","item":"choicescarf","ability":"Justified","moves":["earthquake","closecombat","stoneedge","poisonjab"],"nature":"Jolly","evs":{"hp":0,"atk":252,"def":0,"spa":0,"spd":4,"spe":252},"shiny":true,"ivs":{"hp":31,"atk":31,"def":31,"spa":31,"spd":31,"spe":31}},{"name":"Omastar","species":"Omastar","item":"focussash","ability":"Weak Armor","moves":["shellsmash","hydropump","icebeam","hiddenpowergrass"],"nature":"Rash","evs":{"hp":0,"atk":4,"def":0,"spa":252,"spd":0,"spe":252},"ivs":{"hp":31,"atk":30,"def":31,"spa":30,"spd":31,"spe":31}}],"log":["|player|p1|Kre8noyz|163","|player|p2|Crystl Sabo|crystlsabo.png","|gametype|singles","|gen|6","|tier|Monotype","|rated","|rule|Baton Pass Clause: Limit one Baton Passer, can't pass Spe and other stats simultaneously","|rule|Swagger Clause: Swagger is banned","|rule|Same Type Clause: Pokémon in a team must share a type","|clearpoke","|poke|p1|Raikou, shiny","|poke|p1|Electivire, F","|poke|p1|Eelektross, F","|poke|p1|Manectric, M","|poke|p1|Rotom-Wash","|poke|p1|Thundurus, M","|poke|p2|Cradily, M, shiny","|poke|p2|Rhydon, F, shiny","|poke|p2|Tyranitar, F, shiny","|poke|p2|Aerodactyl, M","|poke|p2|Terrakion, shiny","|poke|p2|Omastar, M","|rule|Sleep Clause Mod: Limit one foe put to sleep","|rule|Species Clause: Limit one of each Pokémon","|rule|OHKO Clause: OHKO moves are banned","|rule|Moody Clause: Moody is banned","|rule|Evasion Moves Clause: Evasion moves are banned","|rule|Endless Battle Clause: Forcing endless battles is banned","|rule|HP Percentage Mod: HP is shown in percentages","|teampreview","|","|start","|switch|p1a: Rotom-Wash|Rotom-Wash|303/303","|switch|p2a: Aerodactyl|Aerodactyl, M|301/301","|-ability|p2a: Aerodactyl|Pressure","|turn|1","|","|switch|p2a: Cradily|Cradily, M, shiny|372/372","|move|p1a: Rotom-Wash|Reflect|p1a: Rotom-Wash","|-sidestart|p1: Kre8noyz|Reflect","|","|turn|2","|","|move|p1a: Rotom-Wash|Will-O-Wisp|p2a: Cradily","|-status|p2a: Cradily|brn","|move|p2a: Cradily|Stockpile|p2a: Cradily","|-start|p2a: Cradily|stockpile1","|-boost|p2a: Cradily|def|1","|-boost|p2a: Cradily|spd|1","|","|-damage|p2a: Cradily|326/372 brn|[from] brn","|turn|3","|","|move|p1a: Rotom-Wash|Volt Switch|p2a: Cradily","|-resisted|p2a: Cradily","|-damage|p2a: Cradily|305/372 brn","|","|switch|p1a: Thundurus|Thundurus, M|299/299","|move|p2a: Cradily|Toxic|p1a: Thundurus","|-status|p1a: Thundurus|tox","|","|-heal|p2a: Cradily|328/372 brn|[from] item: Leftovers","|-damage|p1a: Thundurus|281/299 tox|[from] psn","|-damage|p2a: Cradily|282/372 brn|[from] brn","|turn|4","|","|move|p1a: Thundurus|Nasty Plot|p1a: Thundurus","|-boost|p1a: Thundurus|spa|2","|move|p2a: Cradily|Giga Drain|p1a: Thundurus","|-resisted|p1a: Thundurus","|-damage|p1a: Thundurus|237/299 tox","|-heal|p2a: Cradily|304/372 brn|[from] drain|[of] p1a: Thundurus","|","|-heal|p1a: Thundurus|255/299 tox|[from] item: Leftovers","|-heal|p2a: Cradily|327/372 brn|[from] item: Leftovers","|-damage|p1a: Thundurus|219/299 tox|[from] psn","|-damage|p2a: Cradily|281/372 brn|[from] brn","|turn|5","|","|move|p1a: Thundurus|Psychic|p2a: Cradily","|-damage|p2a: Cradily|208/372 brn","|move|p2a: Cradily|Recover|p2a: Cradily","|-heal|p2a: Cradily|372/372 brn","|","|-heal|p1a: Thundurus|237/299 tox|[from] item: Leftovers","|-damage|p1a: Thundurus|183/299 tox|[from] psn","|-damage|p2a: Cradily|326/372 brn|[from] brn","|turn|6","|","|move|p1a: Thundurus|Psychic|p2a: Cradily","|-damage|p2a: Cradily|249/372 brn","|move|p2a: Cradily|Stockpile|p2a: Cradily","|-start|p2a: Cradily|stockpile2","|-boost|p2a: Cradily|def|1","|-boost|p2a: Cradily|spd|1","|","|-heal|p1a: Thundurus|201/299 tox|[from] item: Leftovers","|-heal|p2a: Cradily|272/372 brn|[from] item: Leftovers","|-damage|p1a: Thundurus|129/299 tox|[from] psn","|-damage|p2a: Cradily|226/372 brn|[from] brn","|turn|7","|","|move|p1a: Thundurus|Nasty Plot|p1a: Thundurus","|-boost|p1a: Thundurus|spa|2","|move|p2a: Cradily|Recover|p2a: Cradily","|-heal|p2a: Cradily|372/372 brn","|","|-heal|p1a: Thundurus|147/299 tox|[from] item: Leftovers","|-damage|p1a: Thundurus|57/299 tox|[from] psn","|-damage|p2a: Cradily|326/372 brn|[from] brn","|turn|8","|","|move|p1a: Thundurus|Psychic|p2a: Cradily","|-damage|p2a: Cradily|236/372 brn","|move|p2a: Cradily|Recover|p2a: Cradily","|-heal|p2a: Cradily|372/372 brn","|","|-heal|p1a: Thundurus|75/299 tox|[from] item: Leftovers","|-damage|p1a: Thundurus|0 fnt|[from] psn","|-damage|p2a: Cradily|326/372 brn|[from] brn","|-sideend|p1: Kre8noyz|Reflect","|faint|p1a: Thundurus","|","|switch|p1a: Eelektross|Eelektross, F|359/359","|turn|9","|","|move|p1a: Eelektross|Acid Spray|p2a: Cradily","|-damage|p2a: Cradily|315/372 brn","|-unboost|p2a: Cradily|spd|2","|move|p2a: Cradily|Toxic|p1a: Eelektross","|-status|p1a: Eelektross|tox","|","|-heal|p2a: Cradily|338/372 brn|[from] item: Leftovers","|-damage|p1a: Eelektross|337/359 tox|[from] psn","|-damage|p2a: Cradily|292/372 brn|[from] brn","|turn|10","|","|move|p1a: Eelektross|Acid Spray|p2a: Cradily","|-damage|p2a: Cradily|269/372 brn","|-unboost|p2a: Cradily|spd|2","|move|p2a: Cradily|Giga Drain|p1a: Eelektross","|-damage|p1a: Eelektross|255/359 tox","|-heal|p2a: Cradily|310/372 brn|[from] drain|[of] p1a: Eelektross","|","|-heal|p1a: Eelektross|277/359 tox|[from] item: Leftovers","|-heal|p2a: Cradily|333/372 brn|[from] item: Leftovers","|-damage|p1a: Eelektross|233/359 tox|[from] psn","|-damage|p2a: Cradily|287/372 brn|[from] brn","|turn|11","|","|switch|p2a: Tyranitar|Tyranitar, F, shiny|341/341","|-weather|Sandstorm","|move|p1a: Eelektross|Acid Spray|p2a: Tyranitar","|-resisted|p2a: Tyranitar","|-damage|p2a: Tyranitar|329/341","|-unboost|p2a: Tyranitar|spd|2","|","|-weather|Sandstorm|[upkeep]","|-damage|p1a: Eelektross|211/359 tox|[from] sandstorm","|-heal|p1a: Eelektross|233/359 tox|[from] item: Leftovers","|-damage|p1a: Eelektross|167/359 tox|[from] psn","|turn|12","|","|move|p2a: Tyranitar|Stone Edge|p1a: Eelektross","|-crit|p1a: Eelektross","|-damage|p1a: Eelektross|0 fnt","|faint|p1a: Eelektross","|","|-weather|Sandstorm|[upkeep]","|","|switch|p1a: Rotom-Wash|Rotom-Wash|303/303","|turn|13","|","|switch|p2a: Cradily|Cradily, M, shiny|287/372 brn","|move|p1a: Rotom-Wash|Reflect|p1a: Rotom-Wash","|-sidestart|p1: Kre8noyz|Reflect","|","|-weather|Sandstorm|[upkeep]","|-damage|p1a: Rotom-Wash|285/303|[from] sandstorm","|-heal|p2a: Cradily|310/372 brn|[from] item: Leftovers","|-damage|p2a: Cradily|264/372 brn|[from] brn","|turn|14","|","|switch|p1a: Electivire|Electivire, F|353/353","|move|p2a: Cradily|Toxic|p1a: Electivire","|-status|p1a: Electivire|tox","|","|-weather|Sandstorm|[upkeep]","|-damage|p1a: Electivire|331/353 tox|[from] sandstorm","|-heal|p1a: Electivire|353/353 tox|[from] item: Leftovers","|-heal|p2a: Cradily|287/372 brn|[from] item: Leftovers","|-damage|p1a: Electivire|331/353 tox|[from] psn","|-damage|p2a: Cradily|241/372 brn|[from] brn","|turn|15","|","|switch|p2a: Aerodactyl|Aerodactyl, M|301/301","|-ability|p2a: Aerodactyl|Pressure","|move|p1a: Electivire|Earthquake|p2a: Aerodactyl","|-immune|p2a: Aerodactyl|[msg]","|","|-weather|none","|-heal|p1a: Electivire|353/353 tox|[from] item: Leftovers","|-damage|p1a: Electivire|309/353 tox|[from] psn","|turn|16","|","|detailschange|p2a: Aerodactyl|Aerodactyl-Mega, M","|-mega|p2a: Aerodactyl|Aerodactyl|Aerodactylite","|move|p2a: Aerodactyl|Earthquake|p1a: Electivire","|-supereffective|p1a: Electivire","|-damage|p1a: Electivire|151/353 tox","|move|p1a: Electivire|Thunder Wave|p2a: Aerodactyl","|-status|p2a: Aerodactyl|par","|","|-heal|p1a: Electivire|173/353 tox|[from] item: Leftovers","|-damage|p1a: Electivire|107/353 tox|[from] psn","|turn|17","|","|switch|p2a: Rhydon|Rhydon, F, shiny|413/413","|move|p1a: Electivire|Thunder Punch|p2a: Rhydon","|-immune|p2a: Rhydon|[msg]","|","|-heal|p1a: Electivire|129/353 tox|[from] item: Leftovers","|-damage|p1a: Electivire|41/353 tox|[from] psn","|turn|18","|","|switch|p2a: Aerodactyl|Aerodactyl-Mega, M|301/301 par","|move|p1a: Electivire|Earthquake|p2a: Aerodactyl","|-immune|p2a: Aerodactyl|[msg]","|","|-heal|p1a: Electivire|63/353 tox|[from] item: Leftovers","|-damage|p1a: Electivire|0 fnt|[from] psn","|faint|p1a: Electivire","|","|win|Crystl Sabo"],"p1rating":{"entryid":"6510480","serverid":"eos","formatid":"monotype","userid":"kre8noyz","username":"Kre8noyz","w":"42","l":57,"t":"0","gxe":43.2,"r":1451.8832672718,"rd":40.359374953837,"sigma":"0","rptime":1439283600,"rpr":1448.2125376457,"rprd":40.104598887252,"rpsigma":"0","acre":1077.4139810559,"lacre":1077.4139810559,"oldacre":"1097.0525760683"},"p2rating":{"entryid":"5846197","serverid":"eos","formatid":"monotype","userid":"crystlsabo","username":"Crystl Sabo","w":64,"l":"55","t":"0","gxe":54.5,"r":"1523.1496328307","rd":"39.894102470876","sigma":"0","rptime":"1439283600","rpr":1534.1305540951,"rprd":39.213368984393,"rpsigma":"0","acre":1187.5949178506,"lacre":1187.5949178506,"oldacre":"1167.602770843"},"endType":"forfeit"}