{"seed":[5758,33354,59983,54594],"turns":26,"p1":"SL~Kingdra","p2":"Freelancer Photon","p1team":[{"name":"Celebi","species":"Celebi","item":"leftovers","ability":"Natural Cure","moves":["recover","batonpass","gigadrain","nastyplot"],"nature":"Bold","evs":{"hp":252,"atk":0,"def":148,"spa":0,"spd":0,"spe":108},"ivs":{"hp":31,"atk":31,"def":31,"spa":31,"spd":31,"spe":31}},{"name":"Jirachi","species":"Jirachi","item":"choicescarf","ability":"Serene Grace","moves":["ironhead","icepunch","firepunch","thunderpunch"],"nature":"Jolly","evs":{"hp":4,"atk":252,"def":0,"spa":0,"spd":0,"spe":252},"ivs":{"hp":31,"atk":31,"def":31,"spa":31,"spd":31,"spe":31}},{"name":"Victini","species":"Victini","item":"choicescarf","ability":"Victory Star","moves":["vcreate","boltstrike","zenheadbutt","uturn"],"nature":"Adamant","evs":{"hp":0,"atk":252,"def":4,"spa":0,"spd":0,"spe":252},"ivs":{"hp":31,"atk":31,"def":31,"spa":31,"spd":31,"spe":31}},{"name":"Meloetta","species":"Meloetta","item":"assaultvest","ability":"Serene Grace","moves":["shadowball","focusblast","psychic","hypervoice"],"nature":"Calm","evs":{"hp":252,"atk":0,"def":0,"spa":4,"spd":252,"spe":0},"ivs":{"hp":31,"atk":31,"def":31,"spa":31,"spd":31,"spe":31}},{"name":"Mew","species":"Mew","item":"leftovers","ability":"Synchronize","moves":["swordsdance","stealthrock","zenheadbutt","substitute"],"nature":"Careful","evs":{"hp":252,"atk":0,"def":164,"spa":0,"spd":92,"spe":0},"ivs":{"hp":31,"atk":31,"def":31,"spa":31,"spd":31,"spe":31}},{"name":"Sigilyph","species":"Sigilyph","item":"toxicorb","ability":"Magic Guard","moves":["cosmicpower","airslash","lightscreen","reflect"],"nature":"Timid","evs":{"hp":252,"atk":0,"def":4,"spa":0,"spd":0,"spe":252},"ivs":{"hp":31,"atk":31,"def":31,"spa":31,"spd":31,"spe":31}}],"p2team":[{"name":"Sceptile","species":"Sceptile","item":"choiceband","ability":"Unburden","moves":["leafblade","earthquake","outrage","thunderpunch"],"nature":"Jolly","evs":{"hp":0,"atk":252,"def":0,"spa":0,"spd":4,"spe":252},"ivs":{"hp":31,"atk":31,"def":31,"spa":31,"spd":31,"spe":31}},{"name":"Venusaur","species":"Venusaur","item":"venusaurite","ability":"Overgrow","moves":["curse","synthesis","earthquake","petalblizzard"],"nature":"Adamant","evs":{"hp":248,"atk":252,"def":0,"spa":0,"spd":8,"spe":0},"ivs":{"hp":31,"atk":31,"def":31,"spa":31,"spd":31,"spe":31}},{"name":"Ludicolo","species":"Ludicolo","item":"choicespecs","ability":"Own Tempo","moves":["energyball","hiddenpowerfire","surf","icebeam"],"nature":"Modest","evs":{"hp":0,"atk":0,"def":0,"spa":252,"spd":4,"spe":252},"ivs":{"hp":31,"atk":30,"def":31,"spa":30,"spd":31,"spe":30}},{"name":"Ferrothorn","species":"Ferrothorn","item":"rockyhelmet","ability":"Iron Barbs","moves":["leechseed","stealthrock","thunderwave","gyroball"],"nature":"Impish","evs":{"hp":248,"atk":8,"def":252,"spa":0,"spd":0,"spe":0},"ivs":{"hp":31,"atk":31,"def":31,"spa":31,"spd":31,"spe":0}},{"name":"Celebi","species":"Celebi","item":"lifeorb","ability":"Natural Cure","moves":["stealthrock","psychic","earthpower","gigadrain"],"nature":"Timid","evs":{"hp":0,"atk":0,"def":0,"spa":252,"spd":4,"spe":252},"ivs":{"hp":31,"atk":31,"def":31,"spa":31,"spd":31,"spe":31}},{"name":"Serperior","species":"Serperior","item":"lifeorb","ability":"Contrary","moves":["leafstorm","gigadrain","hiddenpowerfire","dragonpulse"],"nature":"Timid","evs":{"hp":0,"atk":0,"def":0,"spa":252,"spd":4,"spe":252},"ivs":{"hp":31,"atk":30,"def":31,"spa":30,"spd":31,"spe":30}}],"log":["|player|p1|SL~Kingdra|99","|player|p2|Freelancer Photon|66","|gametype|singles","|gen|6","|tier|Monotype","|rated","|rule|Baton Pass Clause: Limit one Baton Passer, can't pass Spe and other stats simultaneously","|rule|Swagger Clause: Swagger is banned","|rule|Same Type Clause: Pokémon in a team must share a type","|clearpoke","|poke|p1|Celebi","|poke|p1|Jirachi","|poke|p1|Victini","|poke|p1|Meloetta","|poke|p1|Mew","|poke|p1|Sigilyph, M","|poke|p2|Sceptile, M","|poke|p2|Venusaur, M","|poke|p2|Ludicolo, F","|poke|p2|Ferrothorn, F","|poke|p2|Celebi","|poke|p2|Serperior, F","|rule|Sleep Clause Mod: Limit one foe put to sleep","|rule|Species Clause: Limit one of each Pokémon","|rule|OHKO Clause: OHKO moves are banned","|rule|Moody Clause: Moody is banned","|rule|Evasion Moves Clause: Evasion moves are banned","|rule|Endless Battle Clause: Forcing endless battles is banned","|rule|HP Percentage Mod: HP is shown in percentages","|teampreview","|","|start","|switch|p1a: Victini|Victini|341/341","|switch|p2a: Sceptile|Sceptile, M|281/281","|turn|1","|","|move|p1a: Victini|U-turn|p2a: Sceptile","|-supereffective|p2a: Sceptile","|-damage|p2a: Sceptile|63/281","|","|switch|p1a: Jirachi|Jirachi|342/342","|move|p2a: Sceptile|Earthquake|p1a: Jirachi","|-supereffective|p1a: Jirachi","|-damage|p1a: Jirachi|52/342","|","|turn|2","|","|switch|p2a: Ferrothorn|Ferrothorn, F|351/351","|move|p1a: Jirachi|Fire Punch|p2a: Ferrothorn","|-supereffective|p2a: Ferrothorn","|-damage|p2a: Ferrothorn|171/351","|-damage|p1a: Jirachi|10/342|[from] ability: Iron Barbs|[of] p2a: Ferrothorn","|-damage|p1a: Jirachi|0 fnt|[from] item: Rocky Helmet|[of] p2a: Ferrothorn","|faint|p1a: Jirachi","|","|","|switch|p1a: Sigilyph|Sigilyph, M|348/348","|turn|3","|","|move|p1a: Sigilyph|Cosmic Power|p1a: Sigilyph","|-boost|p1a: Sigilyph|def|1","|-boost|p1a: Sigilyph|spd|1","|move|p2a: Ferrothorn|Thunder Wave|p1a: Sigilyph","|-status|p1a: Sigilyph|par","|","|turn|4","|","|switch|p2a: Ludicolo|Ludicolo, F|301/301","|move|p1a: Sigilyph|Reflect|p1a: Sigilyph","|-sidestart|p1: SL~Kingdra|Reflect","|","|turn|5","|","|move|p2a: Ludicolo|Ice Beam|p1a: Sigilyph","|-supereffective|p1a: Sigilyph","|-damage|p1a: Sigilyph|146/348 par","|move|p1a: Sigilyph|Light Screen|p1a: Sigilyph","|-sidestart|p1: SL~Kingdra|move: Light Screen","|","|turn|6","|","|switch|p2a: Serperior|Serperior, F|291/291","|move|p1a: Sigilyph|Cosmic Power|p1a: Sigilyph","|-boost|p1a: Sigilyph|def|1","|-boost|p1a: Sigilyph|spd|1","|","|turn|7","|","|move|p2a: Serperior|Leaf Storm|p1a: Sigilyph","|-resisted|p1a: Sigilyph","|-damage|p1a: Sigilyph|114/348 par","|-boost|p2a: Serperior|spa|2","|-damage|p2a: Serperior|262/291|[from] item: Life Orb","|cant|p1a: Sigilyph|par","|","|turn|8","|","|move|p2a: Serperior|Leaf Storm|p1a: Sigilyph","|-resisted|p1a: Sigilyph","|-damage|p1a: Sigilyph|51/348 par","|-boost|p2a: Serperior|spa|2","|-damage|p2a: Serperior|233/291|[from] item: Life Orb","|move|p1a: Sigilyph|Air Slash|p2a: Serperior","|-supereffective|p2a: Serperior","|-damage|p2a: Serperior|35/291","|","|-sideend|p1: SL~Kingdra|Reflect","|turn|9","|","|move|p2a: Serperior|Giga Drain|p1a: Sigilyph","|-resisted|p1a: Sigilyph","|-damage|p1a: Sigilyph|0 fnt","|-heal|p2a: Serperior|61/291|[from] drain|[of] p1a: Sigilyph","|-damage|p2a: Serperior|32/291|[from] item: Life Orb","|faint|p1a: Sigilyph","|","|-sideend|p1: SL~Kingdra|move: Light Screen","|","|switch|p1a: Mew|Mew|404/404","|turn|10","|","|move|p2a: Serperior|Giga Drain|p1a: Mew","|-damage|p1a: Mew|110/404","|-heal|p2a: Serperior|179/291|[from] drain|[of] p1a: Mew","|-damage|p2a: Serperior|150/291|[from] item: Life Orb","|move|p1a: Mew|Zen Headbutt|p2a: Serperior","|-damage|p2a: Serperior|59/291","|","|-heal|p1a: Mew|135/404|[from] item: Leftovers","|turn|11","|","|move|p2a: Serperior|Giga Drain|p1a: Mew","|-damage|p1a: Mew|0 fnt","|-heal|p2a: Serperior|127/291|[from] drain|[of] p1a: Mew","|-damage|p2a: Serperior|98/291|[from] item: Life Orb","|faint|p1a: Mew","|","|","|switch|p1a: Victini|Victini|341/341","|turn|12","|","|switch|p2a: Ferrothorn|Ferrothorn, F|171/351","|move|p1a: Victini|U-turn|p2a: Ferrothorn","|-damage|p2a: Ferrothorn|121/351","|-damage|p1a: Victini|299/341|[from] ability: Iron Barbs|[of] p2a: Ferrothorn","|-damage|p1a: Victini|243/341|[from] item: Rocky Helmet|[of] p2a: Ferrothorn","|","|switch|p1a: Celebi|Celebi|404/404","|","|turn|13","|","|switch|p2a: Ludicolo|Ludicolo, F|301/301","|move|p1a: Celebi|Nasty Plot|p1a: Celebi","|-boost|p1a: Celebi|spa|2","|","|turn|14","|","|move|p1a: Celebi|Baton Pass|p1a: Celebi","|","|switch|p1a: Meloetta|Meloetta|404/404","|move|p2a: Ludicolo|Ice Beam|p1a: Meloetta","|-damage|p1a: Meloetta|352/404","|","|turn|15","|","|switch|p2a: Ferrothorn|Ferrothorn, F|121/351","|move|p1a: Meloetta|Hyper Voice|p2a: Ferrothorn","|-resisted|p2a: Ferrothorn","|-damage|p2a: Ferrothorn|10/351","|","|turn|16","|","|move|p1a: Meloetta|Hyper Voice|p2a: Ferrothorn","|-resisted|p2a: Ferrothorn","|-damage|p2a: Ferrothorn|0 fnt","|faint|p2a: Ferrothorn","|","|","|switch|p2a: Celebi|Celebi|341/341","|turn|17","|","|move|p2a: Celebi|Giga Drain|p1a: Meloetta","|-damage|p1a: Meloetta|288/404","|-damage|p2a: Celebi|307/341|[from] item: Life Orb","|move|p1a: Meloetta|Shadow Ball|p2a: Celebi","|-supereffective|p2a: Celebi","|-damage|p2a: Celebi|15/341","|-unboost|p2a: Celebi|spd|1","|","|turn|18","|","|move|p2a: Celebi|Giga Drain|p1a: Meloetta","|-damage|p1a: Meloetta|230/404","|-heal|p2a: Celebi|44/341|[from] drain|[of] p1a: Meloetta","|-damage|p2a: Celebi|10/341|[from] item: Life Orb","|move|p1a: Meloetta|Shadow Ball|p2a: Celebi","|-supereffective|p2a: Celebi","|-damage|p2a: Celebi|0 fnt","|faint|p2a: Celebi","|","|","|switch|p2a: Sceptile|Sceptile, M|63/281","|turn|19","|","|move|p2a: Sceptile|Leaf Blade|p1a: Meloetta","|-damage|p1a: Meloetta|7/404","|move|p1a: Meloetta|Psychic|p2a: Sceptile","|-damage|p2a: Sceptile|0 fnt","|faint|p2a: Sceptile","|","|","|switch|p2a: Serperior|Serperior, F|98/291","|turn|20","|","|move|p2a: Serperior|Leaf Storm|p1a: Meloetta","|-damage|p1a: Meloetta|0 fnt","|-boost|p2a: Serperior|spa|2","|-damage|p2a: Serperior|69/291|[from] item: Life Orb","|faint|p1a: Meloetta","|","|","|switch|p1a: Victini|Victini|243/341","|turn|21","|","|move|p1a: Victini|U-turn|p2a: Serperior","|-supereffective|p2a: Serperior","|-damage|p2a: Serperior|0 fnt","|faint|p2a: Serperior","|","|switch|p1a: Celebi|Celebi|404/404","|","|","|switch|p2a: Ludicolo|Ludicolo, F|301/301","|turn|22","|","|move|p1a: Celebi|Nasty Plot|p1a: Celebi","|-boost|p1a: Celebi|spa|2","|move|p2a: Ludicolo|Ice Beam|p1a: Celebi","|-supereffective|p1a: Celebi","|-damage|p1a: Celebi|154/404","|","|-heal|p1a: Celebi|179/404|[from] item: Leftovers","|turn|23","|","|move|p1a: Celebi|Giga Drain|p2a: Ludicolo","|-damage|p2a: Ludicolo|129/301","|-heal|p1a: Celebi|265/404|[from] drain|[of] p2a: Ludicolo","|move|p2a: Ludicolo|Ice Beam|p1a: Celebi","|-supereffective|p1a: Celebi","|-damage|p1a: Celebi|0 fnt","|faint|p1a: Celebi","|","|","|switch|p1a: Victini|Victini|243/341","|turn|24","|","|move|p1a: Victini|Zen Headbutt|p2a: Ludicolo","|-damage|p2a: Ludicolo|0 fnt","|faint|p2a: Ludicolo","|","|","|switch|p2a: Venusaur|Venusaur, M|363/363","|turn|25","|","|detailschange|p2a: Venusaur|Venusaur-Mega, M","|-mega|p2a: Venusaur|Venusaur|Venusaurite","|move|p1a: Victini|Zen Headbutt|p2a: Venusaur","|-supereffective|p2a: Venusaur","|-damage|p2a: Venusaur|153/363","|move|p2a: Venusaur|Earthquake|p1a: Victini","|-supereffective|p1a: Victini","|-damage|p1a: Victini|11/341","|","|turn|26","|","|move|p1a: Victini|Zen Headbutt|p2a: Venusaur","|-crit|p2a: Venusaur","|-supereffective|p2a: Venusaur","|-damage|p2a: Venusaur|0 fnt","|faint|p2a: Venusaur","|","|win|SL~Kingdra"],"p1rating":{"entryid":"7548471","serverid":"eos","formatid":"monotype","userid":"slkingdra","username":"SL~Kingdra","w":2,"l":"1","t":"0","gxe":53.7,"r":"1500","rd":"130","sigma":"0","rptime":"1439197200","rpr":1529.4716422691,"rprd":111.03844248626,"rpsigma":"0","acre":1087.0109587417,"lacre":1087.0109587417,"oldacre":"1040"},"p2rating":{"entryid":"7529200","serverid":"eos","formatid":"monotype","userid":"freelancerphoton","username":"Freelancer Photon","w":"11","l":5,"t":"0","gxe":60.6,"r":"1547.8391389454","rd":"112.13270210657","sigma":"0","rptime":"1439197200","rpr":1582.9756651783,"rprd":76.453645691392,"rpsigma":"0","acre":1145.515721388,"lacre":1145.515721388,"oldacre":"1180.0826028157"},"endType":"normal"}