{"seed":[23123,29099,38906,2923],"turns":36,"p1":"Alliance - Elite","p2":"Crystl Sabo","p1team":[{"name":"Hoopa-Unbound","species":"Hoopa-Unbound","item":"choicescarf","ability":"Magician","moves":["hyperspacehole","hyperspacefury","gunkshot","destinybond"],"nature":"Hasty","evs":{"hp":0,"atk":176,"def":0,"spa":80,"spd":0,"spe":252},"ivs":{"hp":31,"atk":31,"def":31,"spa":31,"spd":31,"spe":31}},{"name":"Bisharp","species":"Bisharp","item":"lumberry","ability":"Defiant","moves":["swordsdance","suckerpunch","knockoff","ironhead"],"nature":"Jolly","evs":{"hp":0,"atk":252,"def":0,"spa":0,"spd":4,"spe":252},"gender":"M","shiny":true,"ivs":{"hp":31,"atk":31,"def":31,"spa":31,"spd":31,"spe":31}},{"name":"Tyranitar","species":"Tyranitar","item":"leftovers","ability":"Unnerve","moves":["stealthrock","stoneedge","fireblast","icebeam"],"nature":"Brave","evs":{"hp":252,"atk":252,"def":0,"spa":4,"spd":0,"spe":0},"gender":"M","ivs":{"hp":31,"atk":31,"def":31,"spa":31,"spd":31,"spe":31}},{"name":"Mandibuzz","species":"Mandibuzz","item":"leftovers","ability":"Overcoat","moves":["foulplay","roost","whirlwind","defog"],"nature":"Bold","evs":{"hp":248,"atk":0,"def":136,"spa":0,"spd":108,"spe":16},"ivs":{"hp":31,"atk":0,"def":31,"spa":31,"spd":31,"spe":31}},{"name":"Sableye","species":"Sableye","item":"leftovers","ability":"Prankster","moves":["taunt","willowisp","recover","knockoff"],"nature":"Impish","evs":{"hp":252,"atk":0,"def":4,"spa":0,"spd":252,"spe":0},"gender":"M","ivs":{"hp":31,"atk":31,"def":31,"spa":31,"spd":31,"spe":31}},{"name":"Hydreigon","species":"Hydreigon","item":"choicespecs","ability":"Levitate","moves":["dragonpulse","flashcannon","fireblast","darkpulse"],"nature":"Timid","evs":{"hp":4,"atk":0,"def":0,"spa":252,"spd":0,"spe":252},"gender":"M","ivs":{"hp":31,"atk":0,"def":31,"spa":31,"spd":31,"spe":31}}],"p2team":[{"name":"Cradily","species":"Cradily","item":"leftovers","ability":"Storm Drain","moves":["stockpile","recover","toxic","gigadrain"],"nature":"Calm","evs":{"hp":236,"atk":0,"def":0,"spa":40,"spd":232,"spe":0},"shiny":true,"ivs":{"hp":31,"atk":31,"def":31,"spa":31,"spd":31,"spe":31}},{"name":"Rhydon","species":"Rhydon","item":"eviolite","ability":"Rock Head","moves":["swordsdance","avalanche","stoneedge","firepunch"],"nature":"Relaxed","evs":{"hp":248,"atk":0,"def":8,"spa":0,"spd":252,"spe":0},"ivs":{"hp":31,"atk":31,"def":31,"spa":31,"spd":31,"spe":1},"shiny":true},{"name":"Tyranitar","species":"Tyranitar","item":"choicescarf","ability":"Sand Stream","moves":["stoneedge","icebeam","fireblast","earthquake"],"nature":"Naive","evs":{"hp":0,"atk":0,"def":0,"spa":252,"spd":0,"spe":252},"ivs":{"hp":31,"atk":30,"def":31,"spa":30,"spd":31,"spe":31},"shiny":true},{"name":"Aerodactyl","species":"Aerodactyl","item":"aerodactylite","ability":"Pressure","moves":["stoneedge","earthquake","aerialace","taunt"],"nature":"Jolly","evs":{"hp":0,"atk":252,"def":0,"spa":0,"spd":4,"spe":252},"ivs":{"hp":31,"atk":31,"def":31,"spa":31,"spd":31,"spe":31}},{"name":"Terrakion","species":"Terrakion","item":"choicescarf","ability":"Justified","moves":["earthquake","closecombat","stoneedge","poisonjab"],"nature":"Jolly","evs":{"hp":0,"atk":252,"def":0,"spa":0,"spd":4,"spe":252},"shiny":true,"ivs":{"hp":31,"atk":31,"def":31,"spa":31,"spd":31,"spe":31}},{"name":"Omastar","species":"Omastar","item":"focussash","ability":"Weak Armor","moves":["shellsmash","hydropump","icebeam","hiddenpowergrass"],"nature":"Rash","evs":{"hp":0,"atk":4,"def":0,"spa":252,"spd":0,"spe":252},"ivs":{"hp":31,"atk":30,"def":31,"spa":30,"spd":31,"spe":31}}],"log":["|player|p1|Alliance - Elite|92","|player|p2|Crystl Sabo|crystlsabo.png","|gametype|singles","|gen|6","|tier|Monotype","|rated","|rule|Baton Pass Clause: Limit one Baton Passer, can't pass Spe and other stats simultaneously","|rule|Swagger Clause: Swagger is banned","|rule|Same Type Clause: Pokémon in a team must share a type","|clearpoke","|poke|p1|Hoopa-Unbound","|poke|p1|Bisharp, M, shiny","|poke|p1|Tyranitar, M","|poke|p1|Mandibuzz, F","|poke|p1|Sableye, M","|poke|p1|Hydreigon, M","|poke|p2|Cradily, M, shiny","|poke|p2|Rhydon, M, shiny","|poke|p2|Tyranitar, F, shiny","|poke|p2|Aerodactyl, F","|poke|p2|Terrakion, shiny","|poke|p2|Omastar, M","|rule|Sleep Clause Mod: Limit one foe put to sleep","|rule|Species Clause: Limit one of each Pokémon","|rule|OHKO Clause: OHKO moves are banned","|rule|Moody Clause: Moody is banned","|rule|Evasion Moves Clause: Evasion moves are banned","|rule|Endless Battle Clause: Forcing endless battles is banned","|rule|HP Percentage Mod: HP is shown in percentages","|teampreview","|","|start","|switch|p1a: Tyranitar|Tyranitar, M|404/404","|switch|p2a: Terrakion|Terrakion, shiny|323/323","|-ability|p1a: Tyranitar|Unnerve|p2: Crystl Sabo","|turn|1","|","|switch|p1a: Sableye|Sableye, M|304/304","|move|p2a: Terrakion|Close Combat|p1a: Sableye","|-immune|p1a: Sableye|[msg]","|","|turn|2","|","|switch|p2a: Tyranitar|Tyranitar, F, shiny|341/341","|-weather|Sandstorm","|move|p1a: Sableye|Will-O-Wisp|p2a: Tyranitar","|-status|p2a: Tyranitar|brn","|","|-weather|Sandstorm|[upkeep]","|-damage|p1a: Sableye|285/304|[from] sandstorm","|-heal|p1a: Sableye|304/304|[from] item: Leftovers","|-damage|p2a: Tyranitar|299/341 brn|[from] brn","|turn|3","|","|move|p1a: Sableye|Taunt|p2a: Tyranitar","|-start|p2a: Tyranitar|move: Taunt","|move|p2a: Tyranitar|Fire Blast|p1a: Sableye","|-damage|p1a: Sableye|186/304","|","|-weather|Sandstorm|[upkeep]","|-damage|p1a: Sableye|167/304|[from] sandstorm","|-heal|p1a: Sableye|186/304|[from] item: Leftovers","|-damage|p2a: Tyranitar|257/341 brn|[from] brn","|turn|4","|","|switch|p2a: Omastar|Omastar, M|281/281","|move|p1a: Sableye|Knock Off|p2a: Omastar","|-damage|p2a: Omastar|203/281","|-unboost|p2a: Omastar|def|1|[from] ability: Weak Armor","|-boost|p2a: Omastar|spe|1|[from] ability: Weak Armor","|-enditem|p2a: Omastar|Focus Sash|[from] move: Knock Off|[of] p1a: Sableye","|","|-weather|Sandstorm|[upkeep]","|-damage|p1a: Sableye|167/304|[from] sandstorm","|-heal|p1a: Sableye|186/304|[from] item: Leftovers","|turn|5","|","|move|p1a: Sableye|Taunt|p2a: Omastar","|-start|p2a: Omastar|move: Taunt","|cant|p2a: Omastar|move: Taunt|Shell Smash","|","|-weather|Sandstorm|[upkeep]","|-damage|p1a: Sableye|167/304|[from] sandstorm","|-heal|p1a: Sableye|186/304|[from] item: Leftovers","|turn|6","|","|move|p1a: Sableye|Recover|p1a: Sableye","|-heal|p1a: Sableye|304/304","|move|p2a: Omastar|Hydro Pump|p1a: Sableye","|-damage|p1a: Sableye|109/304","|","|-weather|none","|-heal|p1a: Sableye|128/304|[from] item: Leftovers","|turn|7","|","|switch|p1a: Hydreigon|Hydreigon, M|326/326","|move|p2a: Omastar|Hydro Pump|p1a: Hydreigon","|-resisted|p1a: Hydreigon","|-damage|p1a: Hydreigon|227/326","|","|-end|p2a: Omastar|move: Taunt","|turn|8","|","|switch|p2a: Tyranitar|Tyranitar, F, shiny|257/341 brn","|-weather|Sandstorm","|move|p1a: Hydreigon|Dragon Pulse|p2a: Tyranitar","|-damage|p2a: Tyranitar|86/341 brn","|","|-weather|Sandstorm|[upkeep]","|-damage|p1a: Hydreigon|207/326|[from] sandstorm","|-damage|p2a: Tyranitar|44/341 brn|[from] brn","|turn|9","|","|move|p2a: Tyranitar|Ice Beam|p1a: Hydreigon","|-crit|p1a: Hydreigon","|-supereffective|p1a: Hydreigon","|-damage|p1a: Hydreigon|0 fnt","|faint|p1a: Hydreigon","|","|-weather|Sandstorm|[upkeep]","|-damage|p2a: Tyranitar|2/341 brn|[from] brn","|","|switch|p1a: Sableye|Sableye, M|128/304","|turn|10","|","|switch|p2a: Omastar|Omastar, M|203/281","|move|p1a: Sableye|Recover|p1a: Sableye","|-heal|p1a: Sableye|280/304","|","|-weather|Sandstorm|[upkeep]","|-damage|p1a: Sableye|261/304|[from] sandstorm","|-heal|p1a: Sableye|280/304|[from] item: Leftovers","|turn|11","|","|move|p1a: Sableye|Taunt|p2a: Omastar","|-start|p2a: Omastar|move: Taunt","|move|p2a: Omastar|Hydro Pump|p1a: Sableye|[miss]","|-miss|p2a: Omastar|p1a: Sableye","|","|-weather|Sandstorm|[upkeep]","|-damage|p1a: Sableye|261/304|[from] sandstorm","|-heal|p1a: Sableye|280/304|[from] item: Leftovers","|turn|12","|","|move|p1a: Sableye|Will-O-Wisp|p2a: Omastar","|-status|p2a: Omastar|brn","|move|p2a: Omastar|Hydro Pump|p1a: Sableye","|-damage|p1a: Sableye|60/304","|","|-weather|none","|-heal|p1a: Sableye|79/304|[from] item: Leftovers","|-damage|p2a: Omastar|168/281 brn|[from] brn","|turn|13","|","|switch|p1a: Hoopa-Unbound|Hoopa-Unbound|301/301","|move|p2a: Omastar|Hydro Pump|p1a: Hoopa-Unbound","|-damage|p1a: Hoopa-Unbound|130/301","|","|-damage|p2a: Omastar|133/281 brn|[from] brn","|-end|p2a: Omastar|move: Taunt","|turn|14","|","|switch|p2a: Tyranitar|Tyranitar, F, shiny|2/341 brn","|-weather|Sandstorm","|move|p1a: Hoopa-Unbound|Hyperspace Hole|p2a: Tyranitar","|-immune|p2a: Tyranitar|[msg]","|","|-weather|Sandstorm|[upkeep]","|-damage|p1a: Hoopa-Unbound|112/301|[from] sandstorm","|-damage|p2a: Tyranitar|0 fnt|[from] brn","|faint|p2a: Tyranitar","|","|switch|p2a: Aerodactyl|Aerodactyl, F|301/301","|-ability|p2a: Aerodactyl|Pressure","|turn|15","|","|detailschange|p2a: Aerodactyl|Aerodactyl-Mega, F","|-mega|p2a: Aerodactyl|Aerodactyl|Aerodactylite","|move|p1a: Hoopa-Unbound|Hyperspace Hole|p2a: Aerodactyl","|-crit|p2a: Aerodactyl","|-damage|p2a: Aerodactyl|142/301","|move|p2a: Aerodactyl|Aerial Ace|p1a: Hoopa-Unbound","|-damage|p1a: Hoopa-Unbound|0 fnt","|faint|p1a: Hoopa-Unbound","|","|-weather|Sandstorm|[upkeep]","|","|switch|p1a: Tyranitar|Tyranitar, M|404/404","|-ability|p1a: Tyranitar|Unnerve|p2: Crystl Sabo","|turn|16","|","|move|p2a: Aerodactyl|Earthquake|p1a: Tyranitar","|-supereffective|p1a: Tyranitar","|-damage|p1a: Tyranitar|188/404","|move|p1a: Tyranitar|Ice Beam|p2a: Aerodactyl","|-supereffective|p2a: Aerodactyl","|-damage|p2a: Aerodactyl|40/301","|","|-weather|Sandstorm|[upkeep]","|-heal|p1a: Tyranitar|213/404|[from] item: Leftovers","|turn|17","|","|switch|p1a: Mandibuzz|Mandibuzz, F|423/423","|move|p2a: Aerodactyl|Earthquake|p1a: Mandibuzz","|-immune|p1a: Mandibuzz|[msg]","|","|-weather|Sandstorm|[upkeep]","|turn|18","|","|move|p2a: Aerodactyl|Stone Edge|p1a: Mandibuzz|[miss]","|-miss|p2a: Aerodactyl|p1a: Mandibuzz","|move|p1a: Mandibuzz|Foul Play|p2a: Aerodactyl","|-damage|p2a: Aerodactyl|0 fnt","|faint|p2a: Aerodactyl","|","|-weather|none","|","|switch|p2a: Terrakion|Terrakion, shiny|323/323","|turn|19","|","|switch|p1a: Tyranitar|Tyranitar, M|213/404","|-ability|p1a: Tyranitar|Unnerve|p2: Crystl Sabo","|move|p2a: Terrakion|Stone Edge|p1a: Tyranitar","|-damage|p1a: Tyranitar|50/404","|","|-heal|p1a: Tyranitar|75/404|[from] item: Leftovers","|turn|20","|","|move|p2a: Terrakion|Stone Edge|p1a: Tyranitar|[miss]","|-miss|p2a: Terrakion|p1a: Tyranitar","|move|p1a: Tyranitar|Stealth Rock|p2a: Terrakion","|-sidestart|p2: Crystl Sabo|move: Stealth Rock","|","|-heal|p1a: Tyranitar|100/404|[from] item: Leftovers","|turn|21","|","|move|p2a: Terrakion|Stone Edge|p1a: Tyranitar","|-damage|p1a: Tyranitar|0 fnt","|faint|p1a: Tyranitar","|","|","|switch|p1a: Sableye|Sableye, M|79/304","|turn|22","|","|move|p1a: Sableye|Will-O-Wisp|p2a: Terrakion","|-status|p2a: Terrakion|brn","|move|p2a: Terrakion|Stone Edge|p1a: Sableye","|-damage|p1a: Sableye|0 fnt","|faint|p1a: Sableye","|","|-damage|p2a: Terrakion|283/323 brn|[from] brn","|","|switch|p1a: Mandibuzz|Mandibuzz, F|423/423","|turn|23","|","|move|p2a: Terrakion|Stone Edge|p1a: Mandibuzz","|-supereffective|p1a: Mandibuzz","|-damage|p1a: Mandibuzz|282/423","|move|p1a: Mandibuzz|Whirlwind|p2a: Terrakion","|drag|p2a: Omastar|Omastar, M|133/281 brn","|-damage|p2a: Omastar|98/281 brn|[from] Stealth Rock","|","|-heal|p1a: Mandibuzz|308/423|[from] item: Leftovers","|-damage|p2a: Omastar|63/281 brn|[from] brn","|turn|24","|","|move|p2a: Omastar|Ice Beam|p1a: Mandibuzz","|-supereffective|p1a: Mandibuzz","|-damage|p1a: Mandibuzz|110/423","|move|p1a: Mandibuzz|Whirlwind|p2a: Omastar","|drag|p2a: Rhydon|Rhydon, M, shiny|413/413","|-damage|p2a: Rhydon|388/413|[from] Stealth Rock","|","|-heal|p1a: Mandibuzz|136/423|[from] item: Leftovers","|turn|25","|","|move|p1a: Mandibuzz|Roost|p1a: Mandibuzz","|-heal|p1a: Mandibuzz|348/423","|move|p2a: Rhydon|Swords Dance|p2a: Rhydon","|-boost|p2a: Rhydon|atk|2","|","|-heal|p1a: Mandibuzz|374/423|[from] item: Leftovers","|turn|26","|","|move|p2a: Rhydon|Stone Edge|p1a: Mandibuzz|[miss]","|-miss|p2a: Rhydon|p1a: Mandibuzz","|move|p1a: Mandibuzz|Whirlwind|p2a: Rhydon","|drag|p2a: Cradily|Cradily, M, shiny|372/372","|-damage|p2a: Cradily|326/372|[from] Stealth Rock","|","|-heal|p1a: Mandibuzz|400/423|[from] item: Leftovers","|-heal|p2a: Cradily|349/372|[from] item: Leftovers","|turn|27","|","|switch|p1a: Bisharp|Bisharp, M, shiny|271/271","|move|p2a: Cradily|Toxic|p1a: Bisharp","|-immune|p1a: Bisharp|[msg]","|","|-heal|p2a: Cradily|372/372|[from] item: Leftovers","|turn|28","|","|switch|p2a: Terrakion|Terrakion, shiny|283/323 brn","|-damage|p2a: Terrakion|263/323 brn|[from] Stealth Rock","|move|p1a: Bisharp|Swords Dance|p1a: Bisharp","|-boost|p1a: Bisharp|atk|2","|","|-damage|p2a: Terrakion|223/323 brn|[from] brn","|turn|29","|","|switch|p1a: Mandibuzz|Mandibuzz, F|400/423","|move|p2a: Terrakion|Close Combat|p1a: Mandibuzz","|-damage|p1a: Mandibuzz|314/423","|-unboost|p2a: Terrakion|def|1","|-unboost|p2a: Terrakion|spd|1","|","|-heal|p1a: Mandibuzz|340/423|[from] item: Leftovers","|-damage|p2a: Terrakion|183/323 brn|[from] brn","|turn|30","|","|switch|p2a: Cradily|Cradily, M, shiny|372/372","|-damage|p2a: Cradily|326/372|[from] Stealth Rock","|move|p1a: Mandibuzz|Foul Play|p2a: Cradily","|-damage|p2a: Cradily|242/372","|","|-heal|p1a: Mandibuzz|366/423|[from] item: Leftovers","|-heal|p2a: Cradily|265/372|[from] item: Leftovers","|turn|31","|","|switch|p2a: Terrakion|Terrakion, shiny|183/323 brn","|-damage|p2a: Terrakion|163/323 brn|[from] Stealth Rock","|move|p1a: Mandibuzz|Whirlwind|p2a: Terrakion","|drag|p2a: Cradily|Cradily, M, shiny|265/372","|-damage|p2a: Cradily|219/372|[from] Stealth Rock","|","|-heal|p1a: Mandibuzz|392/423|[from] item: Leftovers","|-heal|p2a: Cradily|242/372|[from] item: Leftovers","|turn|32","|","|move|p2a: Cradily|Recover|p2a: Cradily","|-heal|p2a: Cradily|372/372","|move|p1a: Mandibuzz|Whirlwind|p2a: Cradily","|drag|p2a: Rhydon|Rhydon, M, shiny|388/413","|-damage|p2a: Rhydon|363/413|[from] Stealth Rock","|","|-heal|p1a: Mandibuzz|418/423|[from] item: Leftovers","|turn|33","|","|move|p1a: Mandibuzz|Foul Play|p2a: Rhydon","|-damage|p2a: Rhydon|294/413","|move|p2a: Rhydon|Stone Edge|p1a: Mandibuzz","|-supereffective|p1a: Mandibuzz","|-damage|p1a: Mandibuzz|190/423","|","|-heal|p1a: Mandibuzz|216/423|[from] item: Leftovers","|turn|34","|","|move|p1a: Mandibuzz|Roost|p1a: Mandibuzz","|-heal|p1a: Mandibuzz|423/423","|move|p2a: Rhydon|Swords Dance|p2a: Rhydon","|-boost|p2a: Rhydon|atk|2","|","|turn|35","|","|move|p2a: Rhydon|Stone Edge|p1a: Mandibuzz","|-supereffective|p1a: Mandibuzz","|-damage|p1a: Mandibuzz|0 fnt","|faint|p1a: Mandibuzz","|","|","|switch|p1a: Bisharp|Bisharp, M, shiny|271/271","|turn|36","|","|move|p1a: Bisharp|Swords Dance|p1a: Bisharp","|-boost|p1a: Bisharp|atk|2","|move|p2a: Rhydon|Fire Punch|p1a: Bisharp","|-supereffective|p1a: Bisharp","|-damage|p1a: Bisharp|0 fnt","|faint|p1a: Bisharp","|","|win|Crystl Sabo"],"p1rating":{"entryid":"7539794","serverid":"eos","formatid":"monotype","userid":"allianceelite","username":"Alliance - Elite","w":"1","l":6,"t":"0","gxe":34,"r":"1486.5677373655","rd":"115.87876502804","sigma":"0","rptime":"1439283600","rpr":1370.8359250098,"rprd":94.204720477189,"rpsigma":"0","acre":1000,"lacre":1000,"oldacre":"1005.5353955046"},"p2rating":{"entryid":"5846197","serverid":"eos","formatid":"monotype","userid":"crystlsabo","username":"Crystl Sabo","w":63,"l":"55","t":"0","gxe":54.1,"r":"1523.1496328307","rd":"39.894102470876","sigma":"0","rptime":"1439283600","rpr":1530.8250910037,"rprd":39.44838166414,"rpsigma":"0","acre":1167.602770843,"lacre":1167.602770843,"oldacre":"1152.5948350325"},"endType":"normal"}