{"seed":[11293,62364,40552,8532],"turns":23,"p1":"Seven Swell","p2":"Genesis Vrys","p1team":[{"name":"Mew","species":"Mew","item":"leftovers","ability":"Synchronize","moves":["roost","toxic","healbell","aurasphere"],"nature":"Calm","evs":{"hp":252,"atk":0,"def":0,"spa":4,"spd":252,"spe":0},"ivs":{"hp":31,"atk":31,"def":31,"spa":31,"spd":31,"spe":31}},{"name":"Slowbro","species":"Slowbro","item":"rockyhelmet","ability":"Regenerator","moves":["scald","yawn","flamethrower","slackoff"],"nature":"Bold","evs":{"hp":252,"atk":0,"def":252,"spa":4,"spd":0,"spe":0},"ivs":{"hp":31,"atk":31,"def":31,"spa":31,"spd":31,"spe":31}},{"name":"Deoxys-Speed","species":"Deoxys-Speed","item":"focussash","ability":"Pressure","moves":["stealthrock","thunderbolt","thunderwave","icebeam"],"nature":"Timid","evs":{"hp":252,"atk":0,"def":0,"spa":44,"spd":0,"spe":212},"ivs":{"hp":31,"atk":31,"def":31,"spa":31,"spd":31,"spe":31}},{"name":"Gardevoir","species":"Gardevoir","item":"gardevoirite","ability":"Trace","moves":["hypervoice","psyshock","destinybond","thunderbolt"],"nature":"Timid","evs":{"hp":0,"atk":0,"def":4,"spa":252,"spd":0,"spe":252},"ivs":{"hp":31,"atk":0,"def":31,"spa":31,"spd":31,"spe":31}},{"name":"Latias","species":"Latias","item":"leftovers","ability":"Levitate","moves":["dracometeor","psyshock","roost","defog"],"nature":"Timid","evs":{"hp":252,"atk":0,"def":0,"spa":4,"spd":0,"spe":252},"ivs":{"hp":31,"atk":31,"def":31,"spa":31,"spd":31,"spe":31}},{"name":"Hoopa-Unbound","species":"Hoopa-Unbound","item":"focussash","ability":"Magician","moves":["hyperspacefury","drainpunch","firepunch","gunkshot"],"nature":"Adamant","evs":{"hp":0,"atk":252,"def":0,"spa":0,"spd":4,"spe":252},"ivs":{"hp":31,"atk":31,"def":31,"spa":31,"spd":31,"spe":31}}],"p2team":[{"name":"TROGDOR!!","species":"haxorus","item":"focussash","ability":"Mold Breaker","moves":["dualchop","earthquake","poisonjab","dragondance"],"nature":"Jolly","evs":{"hp":0,"atk":252,"def":0,"spa":0,"spd":4,"spe":252},"gender":"M","shiny":true,"ivs":{"hp":31,"atk":31,"def":31,"spa":31,"spd":31,"spe":31}},{"name":"BlendTec","species":"salamence","item":"lifeorb","ability":"Intimidate","moves":["dragonclaw","earthquake","fireblast","hydropump"],"nature":"Hasty","evs":{"hp":0,"atk":4,"def":0,"spa":252,"spd":0,"spe":252},"gender":"M","ivs":{"hp":31,"atk":31,"def":31,"spa":31,"spd":31,"spe":31}},{"name":"Glaurung","species":"dragonite","item":"weaknesspolicy","ability":"Multiscale","moves":["dragonclaw","earthquake","extremespeed","dragondance"],"nature":"Jolly","evs":{"hp":0,"atk":252,"def":0,"spa":0,"spd":4,"spe":252},"gender":"M","ivs":{"hp":31,"atk":31,"def":31,"spa":31,"spd":31,"spe":31}},{"name":"Sonora","species":"flygon","item":"choicescarf","ability":"Levitate","moves":["dragonclaw","earthquake","crunch","firepunch"],"nature":"Jolly","evs":{"hp":0,"atk":252,"def":0,"spa":0,"spd":4,"spe":252},"gender":"F","ivs":{"hp":31,"atk":31,"def":31,"spa":31,"spd":31,"spe":31}},{"name":"Bismuth","species":"kyurem","item":"leftovers","ability":"Pressure","moves":["dragonpulse","icebeam","flashcannon","earthpower"],"nature":"Modest","evs":{"hp":248,"atk":0,"def":4,"spa":252,"spd":4,"spe":0},"shiny":true,"ivs":{"hp":31,"atk":31,"def":31,"spa":31,"spd":31,"spe":31}},{"name":"R'lyeh","species":"kingdra","item":"scopelens","ability":"Sniper","moves":["dracometeor","scald","clearsmog","focusenergy"],"nature":"Timid","evs":{"hp":0,"atk":0,"def":0,"spa":252,"spd":4,"spe":252},"gender":"M","shiny":true,"ivs":{"hp":31,"atk":31,"def":31,"spa":31,"spd":31,"spe":31}}],"log":["|player|p1|Seven Swell|sevenswell.png","|player|p2|Genesis Vrys|165","|gametype|singles","|gen|6","|tier|Monotype","|rated","|rule|Baton Pass Clause: Limit one Baton Passer, can't pass Spe and other stats simultaneously","|rule|Swagger Clause: Swagger is banned","|rule|Same Type Clause: Pokémon in a team must share a type","|clearpoke","|poke|p1|Mew","|poke|p1|Slowbro, M","|poke|p1|Deoxys-Speed","|poke|p1|Gardevoir, M","|poke|p1|Latias, F","|poke|p1|Hoopa-Unbound","|poke|p2|Haxorus, M, shiny","|poke|p2|Salamence, M","|poke|p2|Dragonite, M","|poke|p2|Flygon, F","|poke|p2|Kyurem, shiny","|poke|p2|Kingdra, M, shiny","|rule|Sleep Clause Mod: Limit one foe put to sleep","|rule|Species Clause: Limit one of each Pokémon","|rule|OHKO Clause: OHKO moves are banned","|rule|Moody Clause: Moody is banned","|rule|Evasion Moves Clause: Evasion moves are banned","|rule|Endless Battle Clause: Forcing endless battles is banned","|rule|HP Percentage Mod: HP is shown in percentages","|teampreview","|","|start","|switch|p1a: Hoopa-Unbound|Hoopa-Unbound|301/301","|switch|p2a: TROGDOR!!|Haxorus, M, shiny|293/293","|-ability|p2a: TROGDOR!!|Mold Breaker","|turn|1","|","|move|p2a: TROGDOR!!|Dragon Dance|p2a: TROGDOR!!","|-boost|p2a: TROGDOR!!|atk|1","|-boost|p2a: TROGDOR!!|spe|1","|move|p1a: Hoopa-Unbound|Hyperspace Fury|p2a: TROGDOR!!","|-damage|p2a: TROGDOR!!|59/293","|-unboost|p1a: Hoopa-Unbound|def|1","|","|turn|2","|","|switch|p1a: Slowbro|Slowbro, M|394/394","|move|p2a: TROGDOR!!|Dual Chop|p1a: Slowbro","|-damage|p1a: Slowbro|319/394","|-damage|p2a: TROGDOR!!|11/293|[from] item: Rocky Helmet|[of] p1a: Slowbro","|-damage|p1a: Slowbro|235/394","|-damage|p2a: TROGDOR!!|0 fnt|[from] item: Rocky Helmet|[of] p1a: Slowbro","|faint|p2a: TROGDOR!!","|-hitcount|p1a: Slowbro|2","|","|","|switch|p2a: Bismuth|Kyurem, shiny|453/453","|-ability|p2a: Bismuth|Pressure","|turn|3","|","|switch|p1a: Mew|Mew|404/404","|move|p2a: Bismuth|Dragon Pulse|p1a: Mew","|-damage|p1a: Mew|295/404","|","|-heal|p1a: Mew|320/404|[from] item: Leftovers","|turn|4","|","|move|p1a: Mew|Toxic|p2a: Bismuth","|-status|p2a: Bismuth|tox","|move|p2a: Bismuth|Ice Beam|p1a: Mew","|-damage|p1a: Mew|185/404","|","|-heal|p1a: Mew|210/404|[from] item: Leftovers","|-damage|p2a: Bismuth|425/453 tox|[from] psn","|turn|5","|","|move|p1a: Mew|Roost|p1a: Mew","|-heal|p1a: Mew|404/404","|move|p2a: Bismuth|Ice Beam|p1a: Mew","|-damage|p1a: Mew|283/404","|","|-heal|p1a: Mew|308/404|[from] item: Leftovers","|-heal|p2a: Bismuth|453/453 tox|[from] item: Leftovers","|-damage|p2a: Bismuth|397/453 tox|[from] psn","|turn|6","|","|move|p1a: Mew|Aura Sphere|p2a: Bismuth","|-crit|p2a: Bismuth","|-supereffective|p2a: Bismuth","|-damage|p2a: Bismuth|201/453 tox","|move|p2a: Bismuth|Ice Beam|p1a: Mew","|-damage|p1a: Mew|187/404","|","|-heal|p1a: Mew|212/404|[from] item: Leftovers","|-heal|p2a: Bismuth|229/453 tox|[from] item: Leftovers","|-damage|p2a: Bismuth|145/453 tox|[from] psn","|turn|7","|","|switch|p2a: R'lyeh|Kingdra, M, shiny|291/291","|move|p1a: Mew|Roost|p1a: Mew","|-heal|p1a: Mew|404/404","|","|turn|8","|","|move|p2a: R'lyeh|Focus Energy|p2a: R'lyeh","|-start|p2a: R'lyeh|move: Focus Energy","|move|p1a: Mew|Toxic|p2a: R'lyeh","|-status|p2a: R'lyeh|tox","|","|-damage|p2a: R'lyeh|273/291 tox|[from] psn","|turn|9","|","|switch|p1a: Gardevoir|Gardevoir, M|277/277","|-ability|p1a: Gardevoir|Sniper|[from] ability: Trace|[of] p2a: R'lyeh","|move|p2a: R'lyeh|Draco Meteor|p1a: Gardevoir","|-immune|p1a: Gardevoir|[msg]","|","|-damage|p2a: R'lyeh|237/291 tox|[from] psn","|turn|10","|","|detailschange|p1a: Gardevoir|Gardevoir-Mega, M","|-mega|p1a: Gardevoir|Gardevoir|Gardevoirite","|move|p2a: R'lyeh|Scald|p1a: Gardevoir","|-crit|p1a: Gardevoir","|-damage|p1a: Gardevoir|75/277","|move|p1a: Gardevoir|Hyper Voice|p2a: R'lyeh","|-supereffective|p2a: R'lyeh","|-damage|p2a: R'lyeh|0 fnt","|faint|p2a: R'lyeh","|","|","|switch|p2a: Glaurung|Dragonite, M|323/323","|turn|11","|","|move|p1a: Gardevoir|Hyper Voice|p2a: Glaurung","|-supereffective|p2a: Glaurung","|-damage|p2a: Glaurung|94/323","|-enditem|p2a: Glaurung|Weakness Policy","|-boost|p2a: Glaurung|atk|2|[from] item: Weakness Policy","|-boost|p2a: Glaurung|spa|2|[from] item: Weakness Policy","|move|p2a: Glaurung|Dragon Dance|p2a: Glaurung","|-boost|p2a: Glaurung|atk|1","|-boost|p2a: Glaurung|spe|1","|","|turn|12","|","|switch|p1a: Slowbro|Slowbro, M|366/394","|move|p2a: Glaurung|Earthquake|p1a: Slowbro","|-damage|p1a: Slowbro|176/394","|","|turn|13","|","|switch|p1a: Latias|Latias, F|364/364","|move|p2a: Glaurung|Earthquake|p1a: Latias","|-immune|p1a: Latias|[msg]","|","|turn|14","|","|switch|p1a: Slowbro|Slowbro, M|307/394","|move|p2a: Glaurung|Dragon Claw|p1a: Slowbro","|-crit|p1a: Slowbro","|-damage|p1a: Slowbro|0 fnt","|-damage|p2a: Glaurung|41/323|[from] item: Rocky Helmet|[of] p1a: Slowbro","|faint|p1a: Slowbro","|","|","|switch|p1a: Hoopa-Unbound|Hoopa-Unbound|301/301","|turn|15","|","|move|p2a: Glaurung|Dragon Claw|p1a: Hoopa-Unbound","|-enditem|p1a: Hoopa-Unbound|Focus Sash","|-damage|p1a: Hoopa-Unbound|1/301","|move|p1a: Hoopa-Unbound|Hyperspace Fury|p2a: Glaurung","|-damage|p2a: Glaurung|0 fnt","|-unboost|p1a: Hoopa-Unbound|def|1","|faint|p2a: Glaurung","|","|","|switch|p2a: Sonora|Flygon, F|301/301","|turn|16","|","|move|p2a: Sonora|Crunch|p1a: Hoopa-Unbound","|-damage|p1a: Hoopa-Unbound|0 fnt","|faint|p1a: Hoopa-Unbound","|","|","|switch|p1a: Deoxys-Speed|Deoxys-Speed|304/304","|-ability|p1a: Deoxys-Speed|Pressure","|turn|17","|","|move|p1a: Deoxys-Speed|Ice Beam|p2a: Sonora","|-supereffective|p2a: Sonora","|-damage|p2a: Sonora|0 fnt","|faint|p2a: Sonora","|","|","|switch|p2a: Bismuth|Kyurem, shiny|145/453 tox","|-ability|p2a: Bismuth|Pressure","|turn|18","|player|p2","|player|p2|Genesis Vrys|165","|","|switch|p1a: Mew|Mew|404/404","|move|p2a: Bismuth|Ice Beam|p1a: Mew","|-damage|p1a: Mew|284/404","|","|-heal|p1a: Mew|309/404|[from] item: Leftovers","|-heal|p2a: Bismuth|173/453 tox|[from] item: Leftovers","|-damage|p2a: Bismuth|145/453 tox|[from] psn","|turn|19","|","|move|p1a: Mew|Aura Sphere|p2a: Bismuth","|-supereffective|p2a: Bismuth","|-damage|p2a: Bismuth|0 fnt","|faint|p2a: Bismuth","|","|-heal|p1a: Mew|334/404|[from] item: Leftovers","|","|switch|p2a: BlendTec|Salamence, M|331/331","|-ability|p2a: BlendTec|Intimidate","|-unboost|p1a: Mew|atk|1","|turn|20","|","|move|p2a: BlendTec|Dragon Claw|p1a: Mew","|-damage|p1a: Mew|165/404","|-damage|p2a: BlendTec|298/331|[from] item: Life Orb","|move|p1a: Mew|Toxic|p2a: BlendTec","|-status|p2a: BlendTec|tox","|","|-heal|p1a: Mew|190/404|[from] item: Leftovers","|-damage|p2a: BlendTec|278/331 tox|[from] psn","|turn|21","|","|move|p2a: BlendTec|Dragon Claw|p1a: Mew","|-damage|p1a: Mew|22/404","|-damage|p2a: BlendTec|245/331 tox|[from] item: Life Orb","|move|p1a: Mew|Roost|p1a: Mew","|-heal|p1a: Mew|224/404","|","|-heal|p1a: Mew|249/404|[from] item: Leftovers","|-damage|p2a: BlendTec|205/331 tox|[from] psn","|turn|22","|","|move|p2a: BlendTec|Dragon Claw|p1a: Mew","|-damage|p1a: Mew|93/404","|-damage|p2a: BlendTec|172/331 tox|[from] item: Life Orb","|move|p1a: Mew|Roost|p1a: Mew","|-heal|p1a: Mew|295/404","|","|-heal|p1a: Mew|320/404|[from] item: Leftovers","|-damage|p2a: BlendTec|112/331 tox|[from] psn","|turn|23","|","|move|p2a: BlendTec|Dragon Claw|p1a: Mew","|-damage|p1a: Mew|147/404","|-damage|p2a: BlendTec|79/331 tox|[from] item: Life Orb","|move|p1a: Mew|Roost|p1a: Mew","|-heal|p1a: Mew|349/404","|","|-heal|p1a: Mew|374/404|[from] item: Leftovers","|-damage|p2a: BlendTec|0 fnt|[from] psn","|faint|p2a: BlendTec","|","|win|Seven Swell"],"p1rating":{"entryid":"7267988","serverid":"eos","formatid":"monotype","userid":"sevenswell","username":"Seven Swell","w":48,"l":"26","t":"0","gxe":66.8,"r":"1624.6245106123","rd":"42.988182834483","sigma":"0","rptime":"1439283600","rpr":1632.2825747277,"rprd":42.418719834436,"rpsigma":"0","acre":1346.3375128432,"lacre":1346.3375128432,"oldacre":"1337.1771356772"},"p2rating":{"entryid":"6559901","serverid":"eos","formatid":"monotype","userid":"genesisvrys","username":"Genesis Vrys","w":"46","l":36,"t":"0","gxe":56.2,"r":"1546.831148003","rd":"45.647103967146","sigma":"0","rptime":"1439283600","rpr":1547.0364274092,"rprd":44.962969567785,"rpsigma":"0","acre":1114.8483832151,"lacre":1114.8483832151,"oldacre":"1126.2988546725"},"endType":"normal"}