{"seed":[64331,11305,24730,23722],"turns":31,"p1":"Rain ☆ Suichika","p2":"Alliance-SeaHutch","p1team":[{"name":"Bellossom","species":"Bellossom","item":"choicespecs","ability":"Chlorophyll","moves":["leafstorm","gigadrain","hiddenpowerfire","moonblast"],"nature":"Modest","evs":{"hp":116,"atk":0,"def":0,"spa":252,"spd":0,"spe":140},"ivs":{"hp":31,"atk":30,"def":31,"spa":30,"spd":31,"spe":30}},{"name":"Ferrothorn","species":"Ferrothorn","item":"occaberry","ability":"Iron Barbs","moves":["thunderwave","knockoff","stealthrock","gyroball"],"nature":"Relaxed","evs":{"hp":248,"atk":0,"def":92,"spa":0,"spd":168,"spe":0},"ivs":{"hp":31,"atk":31,"def":31,"spa":31,"spd":31,"spe":31}},{"name":"Venusaur","species":"Venusaur","item":"venusaurite","ability":"Chlorophyll","moves":["synthesis","gigadrain","hiddenpowerrock","earthquake"],"nature":"Quiet","evs":{"hp":252,"atk":4,"def":0,"spa":252,"spd":0,"spe":0},"ivs":{"hp":31,"atk":31,"def":30,"spa":31,"spd":30,"spe":30}},{"name":"Roserade","species":"Roserade","item":"choicescarf","ability":"Technician","moves":["extrasensory","sludgebomb","hiddenpowerground","magicalleaf"],"nature":"Timid","evs":{"hp":0,"atk":0,"def":0,"spa":252,"spd":4,"spe":252},"ivs":{"hp":31,"atk":31,"def":31,"spa":30,"spd":30,"spe":31}},{"name":"Celebi","species":"Celebi","item":"weaknesspolicy","ability":"Natural Cure","moves":["suckerpunch","gigadrain","earthpower","zenheadbutt"],"nature":"Hasty","evs":{"hp":0,"atk":196,"def":0,"spa":60,"spd":0,"spe":252},"ivs":{"hp":31,"atk":31,"def":31,"spa":31,"spd":31,"spe":31}},{"name":"Breloom","species":"Breloom","item":"focussash","ability":"Technician","moves":["spore","machpunch","rocktomb","bulletseed"],"nature":"Jolly","evs":{"hp":0,"atk":252,"def":0,"spa":0,"spd":4,"spe":252},"ivs":{"hp":31,"atk":31,"def":31,"spa":31,"spd":31,"spe":31}}],"p2team":[{"name":"Jenna Marbles","species":"garchomp","item":"rockyhelmet","ability":"Rough Skin","moves":["dragontail","earthquake","stealthrock","rest"],"nature":"Lax","evs":{"hp":252,"atk":0,"def":236,"spa":0,"spd":0,"spe":20},"ivs":{"hp":31,"atk":31,"def":31,"spa":31,"spd":31,"spe":31}},{"name":"Gooey ( ͡° ͜ʖ ͡°)","species":"goodra","item":"assaultvest","ability":"Gooey","moves":["dragonpulse","fireblast","earthquake","sludgebomb"],"nature":"Quiet","evs":{"hp":248,"atk":8,"def":0,"spa":252,"spd":0,"spe":0},"ivs":{"hp":31,"atk":31,"def":31,"spa":31,"spd":31,"spe":31}},{"name":"The Mailman","species":"dragonite","item":"choiceband","ability":"Multiscale","moves":["firepunch","outrage","extremespeed","earthquake"],"nature":"Adamant","evs":{"hp":0,"atk":252,"def":0,"spa":0,"spd":4,"spe":252},"ivs":{"hp":31,"atk":31,"def":31,"spa":31,"spd":31,"spe":31}},{"name":"Jet Blue","species":"latios","item":"lifeorb","ability":"Levitate","moves":["dragonpulse","psyshock","defog","surf"],"nature":"Timid","evs":{"hp":0,"atk":0,"def":0,"spa":252,"spd":4,"spe":252},"ivs":{"hp":31,"atk":0,"def":31,"spa":31,"spd":31,"spe":31}},{"name":"Plz Don't Ban Me","species":"altaria","item":"altarianite","ability":"Natural Cure","moves":["healbell","frustration","roost","dragondance"],"nature":"Adamant","evs":{"hp":0,"atk":252,"def":0,"spa":0,"spd":4,"spe":252},"ivs":{"hp":31,"atk":0,"def":31,"spa":31,"spd":31,"spe":31},"happiness":0},{"name":"Kaneki Ken","species":"kyuremblack","item":"choicescarf","ability":"Teravolt","moves":["outrage","fusionbolt","icebeam","ironhead"],"nature":"Hasty","evs":{"hp":0,"atk":252,"def":0,"spa":4,"spd":0,"spe":252},"ivs":{"hp":31,"atk":31,"def":31,"spa":31,"spd":31,"spe":31}}],"log":["|player|p1|Rain ☆ Suichika|rainsuichika.png","|player|p2|Alliance-SeaHutch|101","|gametype|singles","|gen|6","|tier|Monotype","|rated","|rule|Baton Pass Clause: Limit one Baton Passer, can't pass Spe and other stats simultaneously","|rule|Swagger Clause: Swagger is banned","|rule|Same Type Clause: Pokémon in a team must share a type","|clearpoke","|poke|p1|Bellossom, M","|poke|p1|Ferrothorn, M","|poke|p1|Venusaur, F","|poke|p1|Roserade, F","|poke|p1|Celebi","|poke|p1|Breloom, M","|poke|p2|Garchomp, F","|poke|p2|Goodra, M","|poke|p2|Dragonite, M","|poke|p2|Latios, M","|poke|p2|Altaria, M","|poke|p2|Kyurem-Black","|rule|Sleep Clause Mod: Limit one foe put to sleep","|rule|Species Clause: Limit one of each Pokémon","|rule|OHKO Clause: OHKO moves are banned","|rule|Moody Clause: Moody is banned","|rule|Evasion Moves Clause: Evasion moves are banned","|rule|Endless Battle Clause: Forcing endless battles is banned","|rule|HP Percentage Mod: HP is shown in percentages","|teampreview","|","|start","|switch|p1a: Bellossom|Bellossom, M|320/320","|switch|p2a: Jenna Marbles|Garchomp, F|420/420","|turn|1","|","|move|p2a: Jenna Marbles|Stealth Rock|p1a: Bellossom","|-sidestart|p1: Rain ☆ Suichika|move: Stealth Rock","|move|p1a: Bellossom|Moonblast|p2a: Jenna Marbles","|-supereffective|p2a: Jenna Marbles","|-damage|p2a: Jenna Marbles|26/420","|","|turn|2","|","|switch|p2a: Gooey ( ͡° ͜ʖ ͡°)|Goodra, M|383/383","|switch|p1a: Ferrothorn|Ferrothorn, M|351/351","|-damage|p1a: Ferrothorn|330/351|[from] Stealth Rock","|","|turn|3","|","|move|p2a: Gooey ( ͡° ͜ʖ ͡°)|Fire Blast|p1a: Ferrothorn","|-supereffective|p1a: Ferrothorn","|-enditem|p1a: Ferrothorn|Occa Berry|[eat]","|-damage|p1a: Ferrothorn|118/351","|move|p1a: Ferrothorn|Stealth Rock|p2a: Gooey ( ͡° ͜ʖ ͡°)","|-sidestart|p2: Alliance-SeaHutch|move: Stealth Rock","|","|turn|4","|","|move|p2a: Gooey ( ͡° ͜ʖ ͡°)|Fire Blast|p1a: Ferrothorn","|-supereffective|p1a: Ferrothorn","|-damage|p1a: Ferrothorn|0 fnt","|faint|p1a: Ferrothorn","|","|","|switch|p1a: Venusaur|Venusaur, F|364/364","|-damage|p1a: Venusaur|319/364|[from] Stealth Rock","|turn|5","|","|switch|p2a: Jet Blue|Latios, M|301/301","|-damage|p2a: Jet Blue|264/301|[from] Stealth Rock","|detailschange|p1a: Venusaur|Venusaur-Mega, F","|-mega|p1a: Venusaur|Venusaur|Venusaurite","|move|p1a: Venusaur|Earthquake|p2a: Jet Blue","|-immune|p2a: Jet Blue|[msg]","|","|turn|6","|","|switch|p1a: Celebi|Celebi|341/341","|-damage|p1a: Celebi|299/341|[from] Stealth Rock","|move|p2a: Jet Blue|Psyshock|p1a: Celebi","|-resisted|p1a: Celebi","|-damage|p1a: Celebi|187/341","|-damage|p2a: Jet Blue|234/301|[from] item: Life Orb","|","|turn|7","|","|move|p1a: Celebi|Sucker Punch|p2a: Jet Blue","|-fail|p1a: Celebi","|move|p2a: Jet Blue|Defog|p1a: Celebi","|-unboost|p1a: Celebi|evasion|1","|-sideend|p1: Rain ☆ Suichika|Stealth Rock|[from] move: Defog|[of] p1a: Celebi","|-sideend|p2: Alliance-SeaHutch|Stealth Rock|[from] move: Defog|[of] p2a: Jet Blue","|","|turn|8","|","|switch|p2a: Gooey ( ͡° ͜ʖ ͡°)|Goodra, M|383/383","|move|p1a: Celebi|Giga Drain|p2a: Gooey ( ͡° ͜ʖ ͡°)","|-resisted|p2a: Gooey ( ͡° ͜ʖ ͡°)","|-damage|p2a: Gooey ( ͡° ͜ʖ ͡°)|359/383","|-heal|p1a: Celebi|199/341|[from] drain|[of] p2a: Gooey ( ͡° ͜ʖ ͡°)","|","|turn|9","|","|switch|p1a: Venusaur|Venusaur-Mega, F|319/364","|move|p2a: Gooey ( ͡° ͜ʖ ͡°)|Fire Blast|p1a: Venusaur","|-supereffective|p1a: Venusaur","|-damage|p1a: Venusaur|201/364","|","|turn|10","|","|move|p2a: Gooey ( ͡° ͜ʖ ͡°)|Dragon Pulse|p1a: Venusaur","|-damage|p1a: Venusaur|66/364","|move|p1a: Venusaur|Synthesis|p1a: Venusaur","|-heal|p1a: Venusaur|248/364","|","|turn|11","|","|move|p2a: Gooey ( ͡° ͜ʖ ͡°)|Dragon Pulse|p1a: Venusaur","|-damage|p1a: Venusaur|128/364","|move|p1a: Venusaur|Earthquake|p2a: Gooey ( ͡° ͜ʖ ͡°)","|-damage|p2a: Gooey ( ͡° ͜ʖ ͡°)|248/383","|","|turn|12","|","|move|p2a: Gooey ( ͡° ͜ʖ ͡°)|Dragon Pulse|p1a: Venusaur","|-damage|p1a: Venusaur|0 fnt","|faint|p1a: Venusaur","|","|","|switch|p1a: Breloom|Breloom, M|261/261","|turn|13","|","|move|p1a: Breloom|Spore|p2a: Gooey ( ͡° ͜ʖ ͡°)","|-status|p2a: Gooey ( ͡° ͜ʖ ͡°)|slp","|cant|p2a: Gooey ( ͡° ͜ʖ ͡°)|slp","|","|turn|14","|","|switch|p2a: Jenna Marbles|Garchomp, F|26/420","|move|p1a: Breloom|Rock Tomb|p2a: Jenna Marbles","|-resisted|p2a: Jenna Marbles","|-damage|p2a: Jenna Marbles|0 fnt","|faint|p2a: Jenna Marbles","|","|","|switch|p2a: Jet Blue|Latios, M|234/301","|turn|15","|","|switch|p1a: Celebi|Celebi|199/341","|move|p2a: Jet Blue|Psyshock|p1a: Celebi","|-resisted|p1a: Celebi","|-damage|p1a: Celebi|102/341","|-damage|p2a: Jet Blue|204/301|[from] item: Life Orb","|","|turn|16","|","|switch|p2a: Gooey ( ͡° ͜ʖ ͡°)|Goodra, M|248/383 slp","|move|p1a: Celebi|Sucker Punch|p2a: Gooey ( ͡° ͜ʖ ͡°)","|-fail|p1a: Celebi","|","|turn|17","|","|switch|p2a: Plz Don't Ban Me|Altaria, M|291/291","|move|p1a: Celebi|Zen Headbutt|p2a: Plz Don't Ban Me","|-crit|p2a: Plz Don't Ban Me","|-damage|p2a: Plz Don't Ban Me|116/291","|","|turn|18","|","|detailschange|p2a: Plz Don't Ban Me|Altaria-Mega, M","|-mega|p2a: Plz Don't Ban Me|Altaria|Altarianite","|move|p1a: Celebi|Zen Headbutt|p2a: Plz Don't Ban Me","|-damage|p2a: Plz Don't Ban Me|5/291","|move|p2a: Plz Don't Ban Me|Roost|p2a: Plz Don't Ban Me","|-heal|p2a: Plz Don't Ban Me|151/291","|","|turn|19","|","|switch|p1a: Bellossom|Bellossom, M|320/320","|move|p2a: Plz Don't Ban Me|Roost|p2a: Plz Don't Ban Me","|-heal|p2a: Plz Don't Ban Me|291/291","|","|turn|20","|","|move|p2a: Plz Don't Ban Me|Dragon Dance|p2a: Plz Don't Ban Me","|-boost|p2a: Plz Don't Ban Me|atk|1","|-boost|p2a: Plz Don't Ban Me|spe|1","|move|p1a: Bellossom|Moonblast|p2a: Plz Don't Ban Me","|-supereffective|p2a: Plz Don't Ban Me","|-damage|p2a: Plz Don't Ban Me|29/291","|-unboost|p2a: Plz Don't Ban Me|spa|1","|","|turn|21","|","|switch|p1a: Roserade|Roserade, F|261/261","|move|p2a: Plz Don't Ban Me|Frustration|p1a: Roserade","|-resisted|p1a: Roserade","|-damage|p1a: Roserade|38/261","|","|turn|22","|","|move|p1a: Roserade|Sludge Bomb|p2a: Plz Don't Ban Me","|-supereffective|p2a: Plz Don't Ban Me","|-damage|p2a: Plz Don't Ban Me|0 fnt","|faint|p2a: Plz Don't Ban Me","|","|","|switch|p2a: Kaneki Ken|Kyurem-Black|391/391","|-ability|p2a: Kaneki Ken|Teravolt","|turn|23","|","|move|p2a: Kaneki Ken|Ice Beam|p1a: Roserade","|-supereffective|p1a: Roserade","|-damage|p1a: Roserade|0 fnt","|faint|p1a: Roserade","|","|","|switch|p1a: Breloom|Breloom, M|261/261","|turn|24","|","|switch|p2a: Gooey ( ͡° ͜ʖ ͡°)|Goodra, M|248/383 slp","|move|p1a: Breloom|Rock Tomb|p2a: Gooey ( ͡° ͜ʖ ͡°)","|-damage|p2a: Gooey ( ͡° ͜ʖ ͡°)|94/383 slp","|-unboost|p2a: Gooey ( ͡° ͜ʖ ͡°)|spe|1","|","|turn|25","|","|move|p1a: Breloom|Rock Tomb|p2a: Gooey ( ͡° ͜ʖ ͡°)","|-damage|p2a: Gooey ( ͡° ͜ʖ ͡°)|0 fnt","|faint|p2a: Gooey ( ͡° ͜ʖ ͡°)","|","|","|switch|p2a: Jet Blue|Latios, M|204/301","|turn|26","|","|move|p2a: Jet Blue|Psyshock|p1a: Breloom","|-supereffective|p1a: Breloom","|-enditem|p1a: Breloom|Focus Sash","|-damage|p1a: Breloom|1/261","|-damage|p2a: Jet Blue|174/301|[from] item: Life Orb","|move|p1a: Breloom|Spore|p2a: Jet Blue","|-status|p2a: Jet Blue|slp","|","|turn|27","|","|switch|p2a: The Mailman|Dragonite, M|323/323","|move|p1a: Breloom|Rock Tomb|p2a: The Mailman","|-supereffective|p2a: The Mailman","|-damage|p2a: The Mailman|217/323","|-unboost|p2a: The Mailman|spe|1","|","|turn|28","|","|move|p2a: The Mailman|Extreme Speed|p1a: Breloom","|-damage|p1a: Breloom|0 fnt","|faint|p1a: Breloom","|","|","|switch|p1a: Celebi|Celebi|102/341","|turn|29","|","|move|p2a: The Mailman|Extreme Speed|p1a: Celebi","|-damage|p1a: Celebi|0 fnt","|faint|p1a: Celebi","|","|","|switch|p1a: Bellossom|Bellossom, M|320/320","|turn|30","|","|move|p2a: The Mailman|Extreme Speed|p1a: Bellossom","|-damage|p1a: Bellossom|156/320","|move|p1a: Bellossom|Moonblast|p2a: The Mailman","|-supereffective|p2a: The Mailman","|-damage|p2a: The Mailman|0 fnt","|faint|p2a: The Mailman","|","|","|switch|p2a: Kaneki Ken|Kyurem-Black|391/391","|-ability|p2a: Kaneki Ken|Teravolt","|turn|31","|","|move|p2a: Kaneki Ken|Ice Beam|p1a: Bellossom","|-supereffective|p1a: Bellossom","|-damage|p1a: Bellossom|0 fnt","|faint|p1a: Bellossom","|","|win|Alliance-SeaHutch"],"p1rating":{"entryid":"6383869","serverid":"eos","formatid":"monotype","userid":"rainsuichika","username":"Rain ☆ Suichika","w":"57","l":36,"t":"0","gxe":59.7,"r":"1584.8603072966","rd":"43.946532919047","sigma":"0","rptime":"1439283600","rpr":1574.6792243801,"rprd":43.394107230448,"rpsigma":"0","acre":1175.0996633911,"lacre":1175.0996633911,"oldacre":"1184.4500385225"},"p2rating":{"entryid":"6933655","serverid":"eos","formatid":"monotype","userid":"allianceseahutch","username":"Alliance-SeaHutch","w":38,"l":"5","t":"0","gxe":81.5,"r":"1768.7296535041","rd":"61.287272923159","sigma":"0","rptime":"1439283600","rpr":1782.5387850052,"rprd":59.408036353935,"rpsigma":"0","acre":1447.2213415268,"lacre":1447.2213415268,"oldacre":"1439.7410414217"},"endType":"normal"}