{"seed":[43262,32384,40350,44579],"turns":29,"p1":"SL~Kingdra","p2":"Defender of Sinnoh","p1team":[{"name":"Azumarill","species":"Azumarill","item":"sitrusberry","ability":"Huge Power","moves":["bellydrum","aquajet","playrough","knockoff"],"nature":"Adamant","evs":{"hp":252,"atk":252,"def":0,"spa":0,"spd":0,"spe":4},"gender":"M","ivs":{"hp":31,"atk":31,"def":31,"spa":31,"spd":31,"spe":31}},{"name":"Gardevoir","species":"Gardevoir","item":"gardevoirite","ability":"Trace","moves":["hypervoice","psyshock","focusblast","calmmind"],"nature":"Timid","evs":{"hp":4,"atk":0,"def":0,"spa":252,"spd":0,"spe":252},"gender":"F","ivs":{"hp":31,"atk":31,"def":31,"spa":31,"spd":31,"spe":31}},{"name":"Sylveon","species":"Sylveon","item":"choicespecs","ability":"Pixilate","moves":["hypervoice","psyshock","hiddenpowerfire","hyperbeam"],"nature":"Modest","evs":{"hp":240,"atk":0,"def":0,"spa":252,"spd":0,"spe":16},"gender":"F","ivs":{"atk":30,"spa":30,"spe":30,"hp":31,"def":31,"spd":31}},{"name":"Klefki","species":"Klefki","item":"lightclay","ability":"Prankster","moves":["lightscreen","reflect","thunderwave","foulplay"],"nature":"Impish","evs":{"hp":252,"atk":0,"def":64,"spa":0,"spd":192,"spe":0},"gender":"M","ivs":{"hp":31,"atk":31,"def":31,"spa":31,"spd":31,"spe":31}},{"name":"Togekiss","species":"Togekiss","item":"leftovers","ability":"Serene Grace","moves":["nastyplot","airslash","thunderwave","roost"],"nature":"Timid","evs":{"hp":248,"atk":0,"def":76,"spa":0,"spd":8,"spe":176},"gender":"M","ivs":{"hp":31,"atk":31,"def":31,"spa":31,"spd":31,"spe":31}},{"name":"Slurpuff","species":"Slurpuff","item":"sitrusberry","ability":"Unburden","moves":["bellydrum","drainpunch","playrough","frustration"],"nature":"Adamant","evs":{"hp":204,"atk":252,"def":0,"spa":0,"spd":0,"spe":52},"gender":"F","happiness":0,"ivs":{"hp":31,"atk":31,"def":31,"spa":31,"spd":31,"spe":31}}],"p2team":[{"name":"Mienshao","species":"Mienshao","item":"lifeorb","ability":"Regenerator","moves":["fakeout","highjumpkick","knockoff","uturn"],"nature":"Jolly","evs":{"hp":0,"atk":252,"def":0,"spa":0,"spd":4,"spe":252},"ivs":{"hp":31,"atk":31,"def":31,"spa":31,"spd":31,"spe":31}},{"name":"Cobalion","species":"Cobalion","item":"airballoon","ability":"Justified","moves":["voltswitch","focusblast","flashcannon","thunderwave"],"nature":"Timid","evs":{"hp":0,"atk":0,"def":0,"spa":252,"spd":4,"spe":252},"ivs":{"hp":31,"atk":31,"def":31,"spa":31,"spd":31,"spe":31}},{"name":"Keldeo-Resolute","species":"Keldeo-Resolute","item":"choicespecs","ability":"Justified","moves":["secretsword","scald","icywind","hiddenpowerfire"],"nature":"Timid","evs":{"hp":0,"atk":0,"def":0,"spa":252,"spd":4,"spe":252},"ivs":{"hp":31,"atk":30,"def":31,"spa":30,"spd":31,"spe":30}},{"name":"Scrafty","species":"Scrafty","item":"chopleberry","ability":"Shed Skin","moves":["rest","drainpunch","crunch","dragondance"],"nature":"Adamant","evs":{"hp":0,"atk":252,"def":0,"spa":0,"spd":4,"spe":252},"ivs":{"hp":31,"atk":31,"def":31,"spa":31,"spd":31,"spe":31}},{"name":"Medicham","species":"Medicham","item":"medichamite","ability":"Pure Power","moves":["fakeout","drainpunch","bulletpunch","psychocut"],"nature":"Jolly","evs":{"hp":0,"atk":252,"def":0,"spa":0,"spd":4,"spe":252},"ivs":{"hp":31,"atk":31,"def":31,"spa":31,"spd":31,"spe":31}},{"name":"Breloom","species":"Breloom","item":"leftovers","ability":"Technician","moves":["forcepalm","spore","substitute","bulletseed"],"nature":"Impish","evs":{"hp":248,"atk":8,"def":252,"spa":0,"spd":0,"spe":0},"ivs":{"hp":31,"atk":31,"def":31,"spa":31,"spd":31,"spe":31}}],"log":["|player|p1|SL~Kingdra|99","|player|p2|Defender of Sinnoh|25","|gametype|singles","|gen|6","|tier|Monotype","|rated","|rule|Baton Pass Clause: Limit one Baton Passer, can't pass Spe and other stats simultaneously","|rule|Swagger Clause: Swagger is banned","|rule|Same Type Clause: Pokémon in a team must share a type","|clearpoke","|poke|p1|Azumarill, M","|poke|p1|Gardevoir, F","|poke|p1|Sylveon, F","|poke|p1|Klefki, M","|poke|p1|Togekiss, M","|poke|p1|Slurpuff, F","|poke|p2|Mienshao, F","|poke|p2|Cobalion","|poke|p2|Keldeo-Resolute","|poke|p2|Scrafty, M","|poke|p2|Medicham, F","|poke|p2|Breloom, F","|rule|Sleep Clause Mod: Limit one foe put to sleep","|rule|Species Clause: Limit one of each Pokémon","|rule|OHKO Clause: OHKO moves are banned","|rule|Moody Clause: Moody is banned","|rule|Evasion Moves Clause: Evasion moves are banned","|rule|Endless Battle Clause: Forcing endless battles is banned","|rule|HP Percentage Mod: HP is shown in percentages","|teampreview","|","|start","|switch|p1a: Klefki|Klefki, M|318/318","|switch|p2a: Cobalion|Cobalion|323/323","|-item|p2a: Cobalion|Air Balloon","|turn|1","|","|move|p1a: Klefki|Reflect|p1a: Klefki","|-sidestart|p1: SL~Kingdra|Reflect","|move|p2a: Cobalion|Thunder Wave|p1a: Klefki","|-status|p1a: Klefki|par","|","|turn|2","|","|move|p1a: Klefki|Light Screen|p1a: Klefki","|-sidestart|p1: SL~Kingdra|move: Light Screen","|move|p2a: Cobalion|Volt Switch|p1a: Klefki","|-damage|p1a: Klefki|286/318 par","|","|switch|p2a: Breloom|Breloom, F|323/323","|","|turn|3","|","|move|p1a: Klefki|Thunder Wave|p2a: Breloom","|-status|p2a: Breloom|par","|move|p2a: Breloom|Substitute|p2a: Breloom","|-start|p2a: Breloom|Substitute","|-damage|p2a: Breloom|243/323 par","|","|-heal|p2a: Breloom|263/323 par|[from] item: Leftovers","|turn|4","|","|switch|p1a: Togekiss|Togekiss, M|373/373","|move|p2a: Breloom|Force Palm|p1a: Togekiss","|-resisted|p1a: Togekiss","|-damage|p1a: Togekiss|357/373","|","|-heal|p1a: Togekiss|373/373|[from] item: Leftovers","|-heal|p2a: Breloom|283/323 par|[from] item: Leftovers","|turn|5","|","|move|p1a: Togekiss|Nasty Plot|p1a: Togekiss","|-boost|p1a: Togekiss|spa|2","|move|p2a: Breloom|Spore|p1a: Togekiss","|-status|p1a: Togekiss|slp","|","|-heal|p2a: Breloom|303/323 par|[from] item: Leftovers","|turn|6","|","|switch|p2a: Cobalion|Cobalion|323/323","|-item|p2a: Cobalion|Air Balloon","|cant|p1a: Togekiss|slp","|","|turn|7","|","|move|p2a: Cobalion|Flash Cannon|p1a: Togekiss","|-supereffective|p1a: Togekiss","|-damage|p1a: Togekiss|279/373 slp","|cant|p1a: Togekiss|slp","|","|-heal|p1a: Togekiss|302/373 slp|[from] item: Leftovers","|turn|8","|","|move|p2a: Cobalion|Volt Switch|p1a: Togekiss","|-supereffective|p1a: Togekiss","|-damage|p1a: Togekiss|239/373 slp","|","|switch|p2a: Keldeo-Resolute|Keldeo-Resolute|323/323","|cant|p1a: Togekiss|slp","|","|-heal|p1a: Togekiss|262/373 slp|[from] item: Leftovers","|-sideend|p1: SL~Kingdra|Reflect","|turn|9","|","|move|p2a: Keldeo-Resolute|Icy Wind|p1a: Togekiss","|-supereffective|p1a: Togekiss","|-damage|p1a: Togekiss|172/373 slp","|-unboost|p1a: Togekiss|spe|1","|-curestatus|p1a: Togekiss|slp","|move|p1a: Togekiss|Air Slash|p2a: Keldeo-Resolute","|-supereffective|p2a: Keldeo-Resolute","|-damage|p2a: Keldeo-Resolute|0 fnt","|faint|p2a: Keldeo-Resolute","|","|-heal|p1a: Togekiss|195/373|[from] item: Leftovers","|-sideend|p1: SL~Kingdra|move: Light Screen","|","|switch|p2a: Medicham|Medicham, F|261/261","|turn|10","|","|detailschange|p2a: Medicham|Medicham-Mega, F","|-mega|p2a: Medicham|Medicham|Medichamite","|move|p2a: Medicham|Fake Out|p1a: Togekiss","|-damage|p1a: Togekiss|112/373","|cant|p1a: Togekiss|flinch","|","|-heal|p1a: Togekiss|135/373|[from] item: Leftovers","|turn|11","|","|move|p2a: Medicham|Bullet Punch|p1a: Togekiss","|-supereffective|p1a: Togekiss","|-damage|p1a: Togekiss|0 fnt","|faint|p1a: Togekiss","|","|","|switch|p1a: Klefki|Klefki, M|286/318 par","|turn|12","|","|move|p1a: Klefki|Thunder Wave|p2a: Medicham","|-status|p2a: Medicham|par","|move|p2a: Medicham|Drain Punch|p1a: Klefki","|-damage|p1a: Klefki|91/318 par","|","|turn|13","|","|move|p1a: Klefki|Reflect|p1a: Klefki","|-sidestart|p1: SL~Kingdra|Reflect","|move|p2a: Medicham|Drain Punch|p1a: Klefki","|-damage|p1a: Klefki|0 fnt","|faint|p1a: Klefki","|","|","|switch|p1a: Slurpuff|Slurpuff, F|356/356","|turn|14","|","|move|p2a: Medicham|Bullet Punch|p1a: Slurpuff","|-supereffective|p1a: Slurpuff","|-damage|p1a: Slurpuff|260/356","|move|p1a: Slurpuff|Belly Drum|p1a: Slurpuff","|-damage|p1a: Slurpuff|82/356","|-setboost|p1a: Slurpuff|atk|6|[from] move: Belly Drum","|-enditem|p1a: Slurpuff|Sitrus Berry|[eat]","|-heal|p1a: Slurpuff|171/356|[from] item: Sitrus Berry","|","|turn|15","|","|switch|p2a: Breloom|Breloom, F|303/323 par","|move|p1a: Slurpuff|Play Rough|p2a: Breloom","|-supereffective|p2a: Breloom","|-damage|p2a: Breloom|0 fnt","|faint|p2a: Breloom","|","|","|switch|p2a: Mienshao|Mienshao, F|271/271","|turn|16","|","|move|p2a: Mienshao|Fake Out|p1a: Slurpuff","|-damage|p1a: Slurpuff|137/356","|-damage|p2a: Mienshao|244/271|[from] item: Life Orb","|cant|p1a: Slurpuff|flinch","|","|turn|17","|","|switch|p2a: Scrafty|Scrafty, M|271/271","|move|p1a: Slurpuff|Drain Punch|p2a: Scrafty","|-supereffective|p2a: Scrafty","|-enditem|p2a: Scrafty|Chople Berry|[eat]","|-damage|p2a: Scrafty|41/271","|-heal|p1a: Slurpuff|252/356|[from] drain|[of] p2a: Scrafty","|","|turn|18","|","|move|p1a: Slurpuff|Drain Punch|p2a: Scrafty","|-supereffective|p2a: Scrafty","|-damage|p2a: Scrafty|0 fnt","|-heal|p1a: Slurpuff|273/356|[from] drain|[of] p2a: Scrafty","|faint|p2a: Scrafty","|","|","|switch|p2a: Mienshao|Mienshao, F|271/271","|turn|19","|","|move|p2a: Mienshao|Fake Out|p1a: Slurpuff","|-damage|p1a: Slurpuff|241/356","|-damage|p2a: Mienshao|244/271|[from] item: Life Orb","|cant|p1a: Slurpuff|flinch","|","|turn|20","|","|switch|p2a: Cobalion|Cobalion|323/323","|-item|p2a: Cobalion|Air Balloon","|move|p1a: Slurpuff|Play Rough|p2a: Cobalion","|-damage|p2a: Cobalion|0 fnt","|-enditem|p2a: Cobalion|Air Balloon","|faint|p2a: Cobalion","|","|-sideend|p1: SL~Kingdra|Reflect","|","|switch|p2a: Medicham|Medicham-Mega, F|261/261 par","|turn|21","|","|cant|p2a: Medicham|par","|move|p1a: Slurpuff|Drain Punch|p2a: Medicham","|-resisted|p2a: Medicham","|-damage|p2a: Medicham|92/261 par","|-heal|p1a: Slurpuff|326/356|[from] drain|[of] p2a: Medicham","|","|turn|22","|","|move|p2a: Medicham|Bullet Punch|p1a: Slurpuff","|-supereffective|p1a: Slurpuff","|-damage|p1a: Slurpuff|148/356","|move|p1a: Slurpuff|Play Rough|p2a: Medicham|[miss]","|-miss|p1a: Slurpuff|p2a: Medicham","|","|turn|23","|","|move|p2a: Medicham|Bullet Punch|p1a: Slurpuff","|-supereffective|p1a: Slurpuff","|-damage|p1a: Slurpuff|0 fnt","|faint|p1a: Slurpuff","|","|","|switch|p1a: Azumarill|Azumarill, M|404/404","|turn|24","|","|switch|p2a: Mienshao|Mienshao, F|271/271","|move|p1a: Azumarill|Aqua Jet|p2a: Mienshao","|-damage|p2a: Mienshao|136/271","|","|turn|25","|","|switch|p1a: Sylveon|Sylveon, F|391/391","|move|p2a: Mienshao|Fake Out|p1a: Sylveon","|-damage|p1a: Sylveon|305/391","|-damage|p2a: Mienshao|109/271|[from] item: Life Orb","|","|turn|26","|","|move|p2a: Mienshao|Knock Off|p1a: Sylveon","|-resisted|p1a: Sylveon","|-damage|p1a: Sylveon|206/391","|-enditem|p1a: Sylveon|Choice Specs|[from] move: Knock Off|[of] p2a: Mienshao","|-damage|p2a: Mienshao|82/271|[from] item: Life Orb","|move|p1a: Sylveon|Hyper Voice|p2a: Mienshao","|-supereffective|p2a: Mienshao","|-damage|p2a: Mienshao|0 fnt","|faint|p2a: Mienshao","|","|","|switch|p2a: Medicham|Medicham-Mega, F|92/261 par","|turn|27","|","|move|p2a: Medicham|Fake Out|p1a: Sylveon","|-damage|p1a: Sylveon|95/391","|cant|p1a: Sylveon|flinch","|","|turn|28","|","|move|p2a: Medicham|Bullet Punch|p1a: Sylveon","|-supereffective|p1a: Sylveon","|-damage|p1a: Sylveon|0 fnt","|faint|p1a: Sylveon","|","|","|switch|p1a: Azumarill|Azumarill, M|404/404","|turn|29","|","|move|p1a: Azumarill|Aqua Jet|p2a: Medicham","|-damage|p2a: Medicham|0 fnt","|faint|p2a: Medicham","|","|win|SL~Kingdra"],"p1rating":{"entryid":"7548471","serverid":"eos","formatid":"monotype","userid":"slkingdra","username":"SL~Kingdra","w":4,"l":"1","t":"0","gxe":59.4,"r":"1529.4716422691","rd":"111.03844248626","sigma":"0","rptime":"1439283600","rpr":1574.9253283032,"rprd":101.89492461856,"rpsigma":"0","acre":1141.5782297788,"lacre":1141.5782297788,"oldacre":"1113.5018216051"},"p2rating":{"entryid":"6083148","serverid":"eos","formatid":"monotype","userid":"defenderofsinnoh","username":"Defender Of Sinnoh","w":"51","l":65,"t":"0","gxe":44.5,"r":"1461.646699819","rd":"38.45713543868","sigma":"0","rptime":"1439283600","rpr":1458.3971251638,"rprd":38.256106923805,"rpsigma":"0","acre":1128.3973493385,"lacre":1128.3973493385,"oldacre":"1156.4737575122"},"endType":"normal"}