{"seed":[45975,12175,57410,21572],"turns":41,"p1":"Shining Yin","p2":"Tahit","p1team":[{"name":"Zapdos","species":"Zapdos","item":"leftovers","ability":"Pressure","moves":["roost","defog","heatwave","discharge"],"nature":"Bold","evs":{"hp":248,"atk":0,"def":176,"spa":68,"spd":0,"spe":16},"ivs":{"hp":31,"atk":0,"def":31,"spa":31,"spd":31,"spe":31}},{"name":"Thundurus","species":"Thundurus","item":"lifeorb","ability":"Prankster","moves":["superpower","discharge","knockoff","thunderwave"],"nature":"Naive","evs":{"hp":0,"atk":72,"def":0,"spa":184,"spd":0,"spe":252},"ivs":{"hp":31,"atk":31,"def":31,"spa":31,"spd":31,"spe":31}},{"name":"Rotom-Wash","species":"Rotom-Wash","item":"leftovers","ability":"Levitate","moves":["willowisp","hydropump","voltswitch","painsplit"],"nature":"Calm","evs":{"hp":248,"atk":0,"def":0,"spa":0,"spd":216,"spe":44},"ivs":{"hp":31,"atk":0,"def":31,"spa":31,"spd":31,"spe":31}},{"name":"Magnezone","species":"Magnezone","item":"choicescarf","ability":"Sturdy","moves":["voltswitch","discharge","hiddenpowerice","flashcannon"],"nature":"Timid","evs":{"hp":0,"atk":0,"def":0,"spa":252,"spd":4,"spe":252},"ivs":{"hp":31,"atk":30,"def":30,"spa":31,"spd":31,"spe":31}},{"name":"Ampharos","species":"Ampharos","item":"ampharosite","ability":"Static","moves":["rest","sleeptalk","voltswitch","dragonpulse"],"nature":"Bold","evs":{"hp":248,"atk":0,"def":232,"spa":28,"spd":0,"spe":0},"ivs":{"hp":31,"atk":0,"def":31,"spa":31,"spd":31,"spe":31}},{"name":"Raikou","species":"Raikou","item":"leftovers","ability":"Pressure","moves":["substitute","calmmind","thunderbolt","extrasensory"],"nature":"Timid","evs":{"hp":0,"atk":0,"def":0,"spa":252,"spd":4,"spe":252},"ivs":{"hp":31,"atk":31,"def":31,"spa":31,"spd":31,"spe":31}}],"p2team":[{"name":"Skarmory","species":"Skarmory","item":"rockyhelmet","ability":"Sturdy","moves":["roost","stealthrock","bravebird","defog"],"nature":"Careful","evs":{"hp":4,"atk":0,"def":252,"spa":0,"spd":252,"spe":0},"ivs":{"hp":31,"atk":31,"def":31,"spa":31,"spd":31,"spe":31}},{"name":"Excadrill","species":"Excadrill","item":"airballoon","ability":"Mold Breaker","moves":["earthquake","ironhead","rockslide","rapidspin"],"nature":"Adamant","evs":{"hp":0,"atk":252,"def":4,"spa":0,"spd":0,"spe":252},"gender":"M","ivs":{"hp":29,"atk":31,"def":31,"spa":31,"spd":31,"spe":31}},{"name":"Heatran","species":"Heatran","item":"leftovers","ability":"Flash Fire","moves":["stealthrock","lavaplume","toxic","protect"],"nature":"Calm","evs":{"hp":252,"atk":0,"def":4,"spa":0,"spd":252,"spe":0},"ivs":{"hp":31,"atk":31,"def":31,"spa":31,"spd":31,"spe":31}},{"name":"Ferrothorn","species":"Ferrothorn","item":"rockyhelmet","ability":"Iron Barbs","moves":["leechseed","stealthrock","thunderwave","gyroball"],"nature":"Relaxed","evs":{"hp":252,"atk":0,"def":4,"spa":0,"spd":252,"spe":0},"ivs":{"hp":31,"atk":31,"def":31,"spa":31,"spd":31,"spe":0}},{"name":"Aggron","species":"Aggron","item":"aggronite","ability":"Sturdy","moves":["confide","facade","stoneedge","heavyslam"],"nature":"Careful","evs":{"hp":252,"atk":0,"def":4,"spa":0,"spd":252,"spe":0},"ivs":{"hp":31,"atk":31,"def":31,"spa":31,"spd":31,"spe":31}},{"name":"Jirachi","species":"Jirachi","item":"leftovers","ability":"Serene Grace","moves":["ancientpower","ironhead","zenheadbutt","bodyslam"],"nature":"Relaxed","evs":{"hp":252,"atk":0,"def":124,"spa":0,"spd":132,"spe":0},"ivs":{"hp":31,"atk":31,"def":31,"spa":31,"spd":31,"spe":31}}],"log":["|player|p1|Shining Yin|12","|player|p2|Tahit|169","|gametype|singles","|gen|6","|tier|Monotype","|rated","|rule|Baton Pass Clause: Limit one Baton Passer, can't pass Spe and other stats simultaneously","|rule|Swagger Clause: Swagger is banned","|rule|Same Type Clause: Pokémon in a team must share a type","|clearpoke","|poke|p1|Zapdos","|poke|p1|Thundurus, M","|poke|p1|Rotom-Wash","|poke|p1|Magnezone","|poke|p1|Ampharos, M","|poke|p1|Raikou","|poke|p2|Skarmory, M","|poke|p2|Excadrill, M","|poke|p2|Heatran, M","|poke|p2|Ferrothorn, F","|poke|p2|Aggron, F","|poke|p2|Jirachi","|rule|Sleep Clause Mod: Limit one foe put to sleep","|rule|Species Clause: Limit one of each Pokémon","|rule|OHKO Clause: OHKO moves are banned","|rule|Moody Clause: Moody is banned","|rule|Evasion Moves Clause: Evasion moves are banned","|rule|Endless Battle Clause: Forcing endless battles is banned","|rule|HP Percentage Mod: HP is shown in percentages","|teampreview","|","|start","|switch|p1a: Rotom-Wash|Rotom-Wash|303/303","|switch|p2a: Ferrothorn|Ferrothorn, F|352/352","|turn|1","|","|move|p1a: Rotom-Wash|Will-O-Wisp|p2a: Ferrothorn|[miss]","|-miss|p1a: Rotom-Wash|p2a: Ferrothorn","|move|p2a: Ferrothorn|Stealth Rock|p1a: Rotom-Wash","|-sidestart|p1: Shining Yin|move: Stealth Rock","|","|turn|2","|","|move|p1a: Rotom-Wash|Hydro Pump|p2a: Ferrothorn","|-resisted|p2a: Ferrothorn","|-damage|p2a: Ferrothorn|302/352","|move|p2a: Ferrothorn|Leech Seed|p1a: Rotom-Wash","|-start|p1a: Rotom-Wash|move: Leech Seed","|","|-damage|p1a: Rotom-Wash|266/303|[from] Leech Seed|[of] p2a: Ferrothorn","|-heal|p2a: Ferrothorn|339/352|[silent]","|turn|3","|","|move|p1a: Rotom-Wash|Volt Switch|p2a: Ferrothorn","|-resisted|p2a: Ferrothorn","|-damage|p2a: Ferrothorn|310/352","|","|switch|p1a: Zapdos|Zapdos|383/383","|-damage|p1a: Zapdos|288/383|[from] Stealth Rock","|-ability|p1a: Zapdos|Pressure","|move|p2a: Ferrothorn|Gyro Ball|p1a: Zapdos","|-resisted|p1a: Zapdos","|-damage|p1a: Zapdos|217/383","|","|-heal|p1a: Zapdos|240/383|[from] item: Leftovers","|turn|4","|","|move|p1a: Zapdos|Defog|p2a: Ferrothorn","|-unboost|p2a: Ferrothorn|evasion|1","|-sideend|p1: Shining Yin|Stealth Rock|[from] move: Defog|[of] p1a: Zapdos","|move|p2a: Ferrothorn|Leech Seed|p1a: Zapdos","|-start|p1a: Zapdos|move: Leech Seed","|","|-heal|p1a: Zapdos|263/383|[from] item: Leftovers","|-damage|p1a: Zapdos|216/383|[from] Leech Seed|[of] p2a: Ferrothorn","|-heal|p2a: Ferrothorn|352/352|[silent]","|turn|5","|","|move|p1a: Zapdos|Heat Wave|p2a: Ferrothorn","|-supereffective|p2a: Ferrothorn","|-damage|p2a: Ferrothorn|88/352","|move|p2a: Ferrothorn|Stealth Rock|p1a: Zapdos","|-sidestart|p1: Shining Yin|move: Stealth Rock","|","|-heal|p1a: Zapdos|239/383|[from] item: Leftovers","|-damage|p1a: Zapdos|192/383|[from] Leech Seed|[of] p2a: Ferrothorn","|-heal|p2a: Ferrothorn|135/352|[silent]","|turn|6","|","|move|p1a: Zapdos|Roost|p1a: Zapdos","|-heal|p1a: Zapdos|383/383","|move|p2a: Ferrothorn|Stealth Rock|p1a: Zapdos","|-fail|p1a: Zapdos","|","|-damage|p1a: Zapdos|336/383|[from] Leech Seed|[of] p2a: Ferrothorn","|-heal|p2a: Ferrothorn|182/352|[silent]","|turn|7","|","|move|p1a: Zapdos|Defog|p2a: Ferrothorn","|-unboost|p2a: Ferrothorn|evasion|1","|-sideend|p1: Shining Yin|Stealth Rock|[from] move: Defog|[of] p1a: Zapdos","|move|p2a: Ferrothorn|Gyro Ball|p1a: Zapdos","|-resisted|p1a: Zapdos","|-damage|p1a: Zapdos|266/383","|","|-heal|p1a: Zapdos|289/383|[from] item: Leftovers","|-damage|p1a: Zapdos|242/383|[from] Leech Seed|[of] p2a: Ferrothorn","|-heal|p2a: Ferrothorn|229/352|[silent]","|turn|8","|","|move|p1a: Zapdos|Heat Wave|p2a: Ferrothorn","|-supereffective|p2a: Ferrothorn","|-damage|p2a: Ferrothorn|0 fnt","|faint|p2a: Ferrothorn","|","|-heal|p1a: Zapdos|265/383|[from] item: Leftovers","|","|switch|p2a: Jirachi|Jirachi|404/404","|turn|9","|","|switch|p1a: Magnezone|Magnezone|281/281","|move|p2a: Jirachi|Ancient Power|p1a: Magnezone","|-crit|p1a: Magnezone","|-resisted|p1a: Magnezone","|-damage|p1a: Magnezone|245/281","|","|turn|10","|","|switch|p1a: Zapdos|Zapdos|265/383","|-ability|p1a: Zapdos|Pressure","|move|p2a: Jirachi|Ancient Power|p1a: Zapdos","|-supereffective|p1a: Zapdos","|-damage|p1a: Zapdos|151/383","|","|-heal|p1a: Zapdos|174/383|[from] item: Leftovers","|turn|11","|","|move|p1a: Zapdos|Roost|p1a: Zapdos","|-heal|p1a: Zapdos|366/383","|move|p2a: Jirachi|Ancient Power|p1a: Zapdos","|-damage|p1a: Zapdos|309/383","|","|-heal|p1a: Zapdos|332/383|[from] item: Leftovers","|turn|12","|","|move|p1a: Zapdos|Discharge|p2a: Jirachi","|-damage|p2a: Jirachi|299/404","|-status|p2a: Jirachi|par","|move|p2a: Jirachi|Ancient Power|p1a: Zapdos","|-supereffective|p1a: Zapdos","|-damage|p1a: Zapdos|220/383","|","|-heal|p1a: Zapdos|243/383|[from] item: Leftovers","|-heal|p2a: Jirachi|324/404 par|[from] item: Leftovers","|turn|13","|","|move|p1a: Zapdos|Roost|p1a: Zapdos","|-heal|p1a: Zapdos|383/383","|move|p2a: Jirachi|Ancient Power|p1a: Zapdos","|-damage|p1a: Zapdos|330/383","|-boost|p2a: Jirachi|atk|1","|-boost|p2a: Jirachi|def|1","|-boost|p2a: Jirachi|spa|1","|-boost|p2a: Jirachi|spd|1","|-boost|p2a: Jirachi|spe|1","|","|-heal|p1a: Zapdos|353/383|[from] item: Leftovers","|-heal|p2a: Jirachi|349/404 par|[from] item: Leftovers","|turn|14","|","|move|p1a: Zapdos|Heat Wave|p2a: Jirachi","|-supereffective|p2a: Jirachi","|-damage|p2a: Jirachi|235/404 par","|move|p2a: Jirachi|Body Slam|p1a: Zapdos","|-damage|p1a: Zapdos|269/383","|","|-heal|p1a: Zapdos|292/383|[from] item: Leftovers","|-heal|p2a: Jirachi|260/404 par|[from] item: Leftovers","|turn|15","|","|move|p1a: Zapdos|Heat Wave|p2a: Jirachi","|-supereffective|p2a: Jirachi","|-damage|p2a: Jirachi|152/404 par","|move|p2a: Jirachi|Iron Head|p1a: Zapdos","|-resisted|p1a: Zapdos","|-damage|p1a: Zapdos|233/383","|","|-heal|p1a: Zapdos|256/383|[from] item: Leftovers","|-heal|p2a: Jirachi|177/404 par|[from] item: Leftovers","|turn|16","|","|move|p1a: Zapdos|Heat Wave|p2a: Jirachi","|-miss|p1a: Zapdos|p2a: Jirachi","|move|p2a: Jirachi|Zen Headbutt|p1a: Zapdos","|-damage|p1a: Zapdos|129/383","|","|-heal|p1a: Zapdos|152/383|[from] item: Leftovers","|-heal|p2a: Jirachi|202/404 par|[from] item: Leftovers","|turn|17","|","|move|p1a: Zapdos|Roost|p1a: Zapdos","|-heal|p1a: Zapdos|344/383","|move|p2a: Jirachi|Zen Headbutt|p1a: Zapdos","|-damage|p1a: Zapdos|217/383","|","|-heal|p1a: Zapdos|240/383|[from] item: Leftovers","|-heal|p2a: Jirachi|227/404 par|[from] item: Leftovers","|turn|18","|","|move|p1a: Zapdos|Heat Wave|p2a: Jirachi","|-supereffective|p2a: Jirachi","|-damage|p2a: Jirachi|113/404 par","|move|p2a: Jirachi|Zen Headbutt|p1a: Zapdos|[miss]","|-miss|p2a: Jirachi|p1a: Zapdos","|","|-heal|p1a: Zapdos|263/383|[from] item: Leftovers","|-heal|p2a: Jirachi|138/404 par|[from] item: Leftovers","|turn|19","|","|move|p1a: Zapdos|Heat Wave|p2a: Jirachi","|-supereffective|p2a: Jirachi","|-damage|p2a: Jirachi|34/404 par","|cant|p2a: Jirachi|par","|","|-heal|p1a: Zapdos|286/383|[from] item: Leftovers","|-heal|p2a: Jirachi|59/404 par|[from] item: Leftovers","|turn|20","|","|move|p1a: Zapdos|Heat Wave|p2a: Jirachi","|-supereffective|p2a: Jirachi","|-damage|p2a: Jirachi|0 fnt","|faint|p2a: Jirachi","|","|-heal|p1a: Zapdos|309/383|[from] item: Leftovers","|","|switch|p2a: Skarmory|Skarmory, M|272/272","|turn|21","|","|switch|p2a: Heatran|Heatran, M|386/386","|move|p1a: Zapdos|Discharge|p2a: Heatran","|-damage|p2a: Heatran|298/386","|","|-heal|p1a: Zapdos|332/383|[from] item: Leftovers","|-heal|p2a: Heatran|322/386|[from] item: Leftovers","|turn|22","|","|move|p2a: Heatran|Protect|p2a: Heatran","|-singleturn|p2a: Heatran|Protect","|move|p1a: Zapdos|Discharge|p2a: Heatran","|-activate|p2a: Heatran|Protect","|","|-heal|p1a: Zapdos|355/383|[from] item: Leftovers","|-heal|p2a: Heatran|346/386|[from] item: Leftovers","|turn|23","|","|move|p1a: Zapdos|Discharge|p2a: Heatran","|-damage|p2a: Heatran|262/386","|-status|p2a: Heatran|par","|cant|p2a: Heatran|par","|","|-heal|p1a: Zapdos|378/383|[from] item: Leftovers","|-heal|p2a: Heatran|286/386 par|[from] item: Leftovers","|turn|24","|","|switch|p1a: Rotom-Wash|Rotom-Wash|266/303","|move|p2a: Heatran|Toxic|p1a: Rotom-Wash","|-status|p1a: Rotom-Wash|tox","|","|-heal|p1a: Rotom-Wash|284/303 tox|[from] item: Leftovers","|-heal|p2a: Heatran|310/386 par|[from] item: Leftovers","|-damage|p1a: Rotom-Wash|266/303 tox|[from] psn","|turn|25","|","|cant|p2a: Heatran|par","|move|p1a: Rotom-Wash|Hydro Pump|p2a: Heatran|[miss]","|-miss|p1a: Rotom-Wash|p2a: Heatran","|","|-heal|p1a: Rotom-Wash|284/303 tox|[from] item: Leftovers","|-heal|p2a: Heatran|334/386 par|[from] item: Leftovers","|-damage|p1a: Rotom-Wash|248/303 tox|[from] psn","|turn|26","|","|switch|p1a: Thundurus|Thundurus, M|299/299","|move|p2a: Heatran|Protect|p2a: Heatran","|-fail|p2a: Heatran","|","|-heal|p2a: Heatran|358/386 par|[from] item: Leftovers","|turn|27","|","|move|p1a: Thundurus|Knock Off|p2a: Heatran","|-damage|p2a: Heatran|255/386 par","|-enditem|p2a: Heatran|Leftovers|[from] move: Knock Off|[of] p1a: Thundurus","|-damage|p1a: Thundurus|270/299|[from] item: Life Orb","|move|p2a: Heatran|Toxic|p1a: Thundurus","|-status|p1a: Thundurus|tox","|","|-damage|p1a: Thundurus|252/299 tox|[from] psn","|turn|28","|","|move|p1a: Thundurus|Superpower|p2a: Heatran","|-supereffective|p2a: Heatran","|-damage|p2a: Heatran|0 fnt","|-unboost|p1a: Thundurus|atk|1","|-unboost|p1a: Thundurus|def|1","|-damage|p1a: Thundurus|223/299 tox|[from] item: Life Orb","|faint|p2a: Heatran","|","|-damage|p1a: Thundurus|187/299 tox|[from] psn","|","|switch|p2a: Aggron|Aggron, F|344/344","|turn|29","|","|detailschange|p2a: Aggron|Aggron-Mega, F","|-mega|p2a: Aggron|Aggron|Aggronite","|move|p1a: Thundurus|Discharge|p2a: Aggron","|-damage|p2a: Aggron|204/344","|-damage|p1a: Thundurus|158/299 tox|[from] item: Life Orb","|move|p2a: Aggron|Confide|p1a: Thundurus","|-unboost|p1a: Thundurus|spa|1","|","|-damage|p1a: Thundurus|104/299 tox|[from] psn","|turn|30","|","|move|p1a: Thundurus|Discharge|p2a: Aggron","|-damage|p2a: Aggron|107/344","|-damage|p1a: Thundurus|75/299 tox|[from] item: Life Orb","|move|p2a: Aggron|Stone Edge|p1a: Thundurus","|-supereffective|p1a: Thundurus","|-damage|p1a: Thundurus|0 fnt","|faint|p1a: Thundurus","|","|","|switch|p1a: Zapdos|Zapdos|378/383","|-ability|p1a: Zapdos|Pressure","|turn|31","|","|move|p1a: Zapdos|Heat Wave|p2a: Aggron","|-crit|p2a: Aggron","|-supereffective|p2a: Aggron","|-damage|p2a: Aggron|0 fnt","|faint|p2a: Aggron","|","|-heal|p1a: Zapdos|383/383|[from] item: Leftovers","|","|switch|p2a: Skarmory|Skarmory, M|272/272","|turn|32","|","|move|p1a: Zapdos|Discharge|p2a: Skarmory","|-supereffective|p2a: Skarmory","|-damage|p2a: Skarmory|68/272","|move|p2a: Skarmory|Stealth Rock|p1a: Zapdos","|-sidestart|p1: Shining Yin|move: Stealth Rock","|","|turn|33","|","|move|p1a: Zapdos|Defog|p2a: Skarmory","|-unboost|p2a: Skarmory|evasion|1","|-sideend|p1: Shining Yin|Stealth Rock|[from] move: Defog|[of] p1a: Zapdos","|move|p2a: Skarmory|Roost|p2a: Skarmory","|-heal|p2a: Skarmory|204/272","|","|turn|34","|","|move|p1a: Zapdos|Discharge|p2a: Skarmory","|-supereffective|p2a: Skarmory","|-damage|p2a: Skarmory|4/272","|move|p2a: Skarmory|Stealth Rock|p1a: Zapdos","|-sidestart|p1: Shining Yin|move: Stealth Rock","|","|turn|35","|","|move|p1a: Zapdos|Defog|p2a: Skarmory","|-unboost|p2a: Skarmory|evasion|1","|-sideend|p1: Shining Yin|Stealth Rock|[from] move: Defog|[of] p1a: Zapdos","|move|p2a: Skarmory|Stealth Rock|p1a: Zapdos","|-sidestart|p1: Shining Yin|move: Stealth Rock","|","|turn|36","|","|move|p1a: Zapdos|Defog|p2a: Skarmory","|-unboost|p2a: Skarmory|evasion|1","|-sideend|p1: Shining Yin|Stealth Rock|[from] move: Defog|[of] p1a: Zapdos","|move|p2a: Skarmory|Stealth Rock|p1a: Zapdos","|-sidestart|p1: Shining Yin|move: Stealth Rock","|","|turn|37","|","|move|p1a: Zapdos|Defog|p2a: Skarmory","|-unboost|p2a: Skarmory|evasion|1","|-sideend|p1: Shining Yin|Stealth Rock|[from] move: Defog|[of] p1a: Zapdos","|move|p2a: Skarmory|Stealth Rock|p1a: Zapdos","|-sidestart|p1: Shining Yin|move: Stealth Rock","|","|turn|38","|","|move|p1a: Zapdos|Defog|p2a: Skarmory","|-unboost|p2a: Skarmory|evasion|1","|-sideend|p1: Shining Yin|Stealth Rock|[from] move: Defog|[of] p1a: Zapdos","|move|p2a: Skarmory|Stealth Rock|p1a: Zapdos","|-sidestart|p1: Shining Yin|move: Stealth Rock","|","|turn|39","|","|move|p1a: Zapdos|Discharge|p2a: Skarmory","|-supereffective|p2a: Skarmory","|-damage|p2a: Skarmory|0 fnt","|faint|p2a: Skarmory","|","|","|switch|p2a: Excadrill|Excadrill, M|359/359","|-ability|p2a: Excadrill|Mold Breaker","|-item|p2a: Excadrill|Air Balloon","|turn|40","|","|move|p2a: Excadrill|Rock Slide|p1a: Zapdos","|-supereffective|p1a: Zapdos","|-damage|p1a: Zapdos|199/383","|move|p1a: Zapdos|Heat Wave|p2a: Excadrill","|-supereffective|p2a: Excadrill","|-damage|p2a: Excadrill|69/359","|-enditem|p2a: Excadrill|Air Balloon","|","|-heal|p1a: Zapdos|222/383|[from] item: Leftovers","|turn|41","|","|move|p2a: Excadrill|Rock Slide|p1a: Zapdos","|-miss|p2a: Excadrill|p1a: Zapdos","|move|p1a: Zapdos|Heat Wave|p2a: Excadrill","|-supereffective|p2a: Excadrill","|-damage|p2a: Excadrill|0 fnt","|faint|p2a: Excadrill","|","|win|Shining Yin"],"p1rating":{"entryid":"7208708","serverid":"eos","formatid":"monotype","userid":"shiningyin","username":"Shining Yin","w":37,"l":"16","t":"0","gxe":66.8,"r":"1617.0110270756","rd":"53.345383594389","sigma":"0","rptime":"1439283600","rpr":1632.5058100881,"rprd":50.534048080525,"rpsigma":"0","acre":1305.2773933866,"lacre":1305.2773933866,"oldacre":"1293.9909204592"},"p2rating":{"entryid":"7556594","serverid":"eos","formatid":"monotype","userid":"tahit","username":"Tahit","w":"2","l":3,"t":"0","gxe":49.5,"r":"1500","rd":"130","sigma":"0","rptime":"1439283600","rpr":1496.1924897583,"rprd":102.38380627551,"rpsigma":"0","acre":1069.9458887113,"lacre":1069.9458887113,"oldacre":"1079.86912198"},"endType":"normal"}