{"seed":[39346,46075,63989,56067],"turns":31,"p1":"Crystal Jake","p2":"Yung draco","p1team":[{"name":"Charizard","species":"Charizard","item":"charizarditex","ability":"Blaze","moves":["dragondance","roost","dragonclaw","flareblitz"],"nature":"Impish","evs":{"hp":252,"atk":0,"def":252,"spa":0,"spd":6,"spe":0},"ivs":{"hp":31,"atk":31,"def":31,"spa":31,"spd":31,"spe":31}},{"name":"Infernape","species":"Infernape","item":"focussash","ability":"Iron Fist","moves":["stealthrock","machpunch","overheat","endeavor"],"nature":"Hasty","evs":{"hp":0,"atk":252,"def":0,"spa":4,"spd":0,"spe":252},"ivs":{"hp":31,"atk":31,"def":31,"spa":31,"spd":31,"spe":31}},{"name":"Victini","species":"Victini","item":"choicescarf","ability":"Victory Star","moves":["vcreate","boltstrike","zenheadbutt","uturn"],"nature":"Jolly","evs":{"hp":0,"atk":252,"def":0,"spa":0,"spd":4,"spe":252},"ivs":{"hp":31,"atk":31,"def":31,"spa":31,"spd":31,"spe":31}},{"name":"Chandelure","species":"Chandelure","item":"choicescarf","ability":"Infiltrator","moves":["fireblast","shadowball","darkpulse","energyball"],"nature":"Timid","evs":{"hp":0,"atk":0,"def":0,"spa":252,"spd":4,"spe":252},"ivs":{"hp":31,"atk":31,"def":31,"spa":31,"spd":31,"spe":31}},{"name":"Heatran","species":"Heatran","item":"choicescarf","ability":"Flash Fire","moves":["earthpower","flashcannon","dragonpulse","lavaplume"],"nature":"Timid","evs":{"hp":0,"atk":0,"def":0,"spa":252,"spd":4,"spe":252},"ivs":{"hp":31,"atk":31,"def":31,"spa":31,"spd":31,"spe":31}},{"name":"Torkoal","species":"Torkoal","item":"rockyhelmet","ability":"Shell Armor","moves":["willowisp","yawn","lavaplume","rapidspin"],"nature":"Bold","evs":{"hp":248,"atk":0,"def":252,"spa":8,"spd":0,"spe":0},"ivs":{"hp":31,"atk":31,"def":31,"spa":31,"spd":31,"spe":31}}],"p2team":[{"name":"Cradily","species":"Cradily","item":"leftovers","ability":"Storm Drain","moves":["gigadrain","recover","toxic","stealthrock"],"nature":"Calm","evs":{"hp":252,"atk":0,"def":0,"spa":4,"spd":252,"spe":0},"ivs":{"hp":31,"atk":31,"def":31,"spa":31,"spd":31,"spe":31}},{"name":"Shuckle","species":"Shuckle","item":"leftovers","ability":"Sturdy","moves":["stickyweb","encore","infestation","toxic"],"nature":"Calm","evs":{"hp":252,"atk":0,"def":0,"spa":4,"spd":252,"spe":0},"ivs":{"hp":31,"atk":31,"def":31,"spa":31,"spd":31,"spe":31}},{"name":"Tyranitar","species":"Tyranitar","item":"tyranitarite","ability":"Sand Stream","moves":["dragondance","stoneedge","crunch","thunderpunch"],"nature":"Jolly","evs":{"hp":0,"atk":252,"def":0,"spa":0,"spd":4,"spe":252},"ivs":{"hp":31,"atk":31,"def":31,"spa":31,"spd":31,"spe":31}},{"name":"Rhyperior","species":"Rhyperior","item":"weaknesspolicy","ability":"Solid Rock","moves":["earthquake","firepunch","rockslide","crunch"],"nature":"Adamant","evs":{"hp":248,"atk":252,"def":0,"spa":0,"spd":8,"spe":0},"ivs":{"hp":31,"atk":31,"def":31,"spa":31,"spd":31,"spe":31}},{"name":"Omastar","species":"Omastar","item":"focussash","ability":"Shell Armor","moves":["shellsmash","scald","ancientpower","icebeam"],"nature":"Timid","evs":{"hp":0,"atk":0,"def":0,"spa":252,"spd":4,"spe":252},"ivs":{"hp":31,"atk":31,"def":31,"spa":31,"spd":31,"spe":31}},{"name":"Terrakion","species":"Terrakion","item":"choicescarf","ability":"Justified","moves":["stoneedge","poisonjab","earthquake","closecombat"],"nature":"Jolly","evs":{"hp":0,"atk":252,"def":0,"spa":0,"spd":4,"spe":252},"ivs":{"hp":31,"atk":31,"def":31,"spa":31,"spd":31,"spe":31}}],"log":["|player|p1|Crystal Jake|150","|player|p2|Yung draco|24","|gametype|singles","|gen|6","|tier|Monotype","|rated","|rule|Baton Pass Clause: Limit one Baton Passer, can't pass Spe and other stats simultaneously","|rule|Swagger Clause: Swagger is banned","|rule|Same Type Clause: Pokémon in a team must share a type","|clearpoke","|poke|p1|Charizard, M","|poke|p1|Infernape, F","|poke|p1|Victini","|poke|p1|Chandelure, M","|poke|p1|Heatran, M","|poke|p1|Torkoal, M","|poke|p2|Cradily, M","|poke|p2|Shuckle, F","|poke|p2|Tyranitar, F","|poke|p2|Rhyperior, F","|poke|p2|Omastar, F","|poke|p2|Terrakion","|rule|Sleep Clause Mod: Limit one foe put to sleep","|rule|Species Clause: Limit one of each Pokémon","|rule|OHKO Clause: OHKO moves are banned","|rule|Moody Clause: Moody is banned","|rule|Evasion Moves Clause: Evasion moves are banned","|rule|Endless Battle Clause: Forcing endless battles is banned","|rule|HP Percentage Mod: HP is shown in percentages","|teampreview","|","|start","|switch|p1a: Infernape|Infernape, F|293/293","|switch|p2a: Omastar|Omastar, F|281/281","|turn|1","|","|move|p1a: Infernape|Mach Punch|p2a: Omastar","|-supereffective|p2a: Omastar","|-damage|p2a: Omastar|155/281","|move|p2a: Omastar|Scald|p1a: Infernape","|-supereffective|p1a: Infernape","|-enditem|p1a: Infernape|Focus Sash","|-damage|p1a: Infernape|1/293","|","|turn|2","|","|move|p1a: Infernape|Endeavor|p2a: Omastar","|-damage|p2a: Omastar|1/281","|move|p2a: Omastar|Scald|p1a: Infernape","|-supereffective|p1a: Infernape","|-damage|p1a: Infernape|0 fnt","|faint|p1a: Infernape","|","|","|switch|p1a: Victini|Victini|341/341","|turn|3","|","|move|p1a: Victini|U-turn|p2a: Omastar","|-damage|p2a: Omastar|0 fnt","|faint|p2a: Omastar","|","|switch|p1a: Torkoal|Torkoal, M|343/343","|","|","|switch|p2a: Shuckle|Shuckle, F|244/244","|turn|4","|","|move|p1a: Torkoal|Yawn|p2a: Shuckle","|-start|p2a: Shuckle|move: Yawn|[of] p1a: Torkoal","|move|p2a: Shuckle|Encore|p1a: Torkoal","|-start|p1a: Torkoal|Encore","|","|turn|5","|","|switch|p1a: Charizard|Charizard, M|360/360","|move|p2a: Shuckle|Sticky Web|p1a: Charizard","|-sidestart|p1: Crystal Jake|move: Sticky Web","|","|-end|p2a: Shuckle|move: Yawn|[silent]","|-status|p2a: Shuckle|slp","|turn|6","|","|detailschange|p1a: Charizard|Charizard-Mega-X, M","|-mega|p1a: Charizard|Charizard|Charizardite X","|move|p1a: Charizard|Dragon Dance|p1a: Charizard","|-boost|p1a: Charizard|atk|1","|-boost|p1a: Charizard|spe|1","|cant|p2a: Shuckle|slp","|","|turn|7","|","|switch|p2a: Rhyperior|Rhyperior, F|433/433","|move|p1a: Charizard|Dragon Dance|p1a: Charizard","|-boost|p1a: Charizard|atk|1","|-boost|p1a: Charizard|spe|1","|","|turn|8","|","|move|p1a: Charizard|Dragon Claw|p2a: Rhyperior","|-damage|p2a: Rhyperior|172/433","|move|p2a: Rhyperior|Earthquake|p1a: Charizard","|-supereffective|p1a: Charizard","|-damage|p1a: Charizard|90/360","|","|turn|9","|","|move|p1a: Charizard|Dragon Claw|p2a: Rhyperior","|-damage|p2a: Rhyperior|0 fnt","|faint|p2a: Rhyperior","|","|","|switch|p2a: Tyranitar|Tyranitar, F|341/341","|-weather|Sandstorm","|turn|10","|","|detailschange|p2a: Tyranitar|Tyranitar-Mega, F","|-mega|p2a: Tyranitar|Tyranitar|Tyranitarite","|move|p1a: Charizard|Dragon Claw|p2a: Tyranitar","|-damage|p2a: Tyranitar|145/341","|move|p2a: Tyranitar|Stone Edge|p1a: Charizard|[miss]","|-miss|p2a: Tyranitar|p1a: Charizard","|","|-weather|Sandstorm|[upkeep]","|-damage|p1a: Charizard|68/360|[from] sandstorm","|turn|11","|","|move|p1a: Charizard|Dragon Claw|p2a: Tyranitar","|-damage|p2a: Tyranitar|0 fnt","|faint|p2a: Tyranitar","|","|-weather|Sandstorm|[upkeep]","|-damage|p1a: Charizard|46/360|[from] sandstorm","|","|switch|p2a: Shuckle|Shuckle, F|244/244 slp","|turn|12","|","|move|p1a: Charizard|Roost|p1a: Charizard","|-heal|p1a: Charizard|226/360","|cant|p2a: Shuckle|slp","|","|-weather|Sandstorm|[upkeep]","|-damage|p1a: Charizard|204/360|[from] sandstorm","|turn|13","|","|move|p1a: Charizard|Dragon Claw|p2a: Shuckle","|-damage|p2a: Shuckle|90/244 slp","|cant|p2a: Shuckle|slp","|","|-weather|Sandstorm|[upkeep]","|-damage|p1a: Charizard|182/360|[from] sandstorm","|-heal|p2a: Shuckle|105/244 slp|[from] item: Leftovers","|turn|14","|","|move|p1a: Charizard|Dragon Claw|p2a: Shuckle","|-damage|p2a: Shuckle|0 fnt","|faint|p2a: Shuckle","|","|-weather|none","|","|switch|p2a: Terrakion|Terrakion|323/323","|turn|15","|","|move|p2a: Terrakion|Earthquake|p1a: Charizard","|-supereffective|p1a: Charizard","|-damage|p1a: Charizard|14/360","|move|p1a: Charizard|Dragon Claw|p2a: Terrakion","|-damage|p2a: Terrakion|5/323","|","|turn|16","|","|move|p2a: Terrakion|Earthquake|p1a: Charizard","|-supereffective|p1a: Charizard","|-damage|p1a: Charizard|0 fnt","|faint|p1a: Charizard","|","|","|switch|p1a: Torkoal|Torkoal, M|343/343","|-activate|p1a: Torkoal|move: Sticky Web","|-unboost|p1a: Torkoal|spe|1","|turn|17","|","|switch|p2a: Cradily|Cradily, M|376/376","|move|p1a: Torkoal|Rapid Spin|p2a: Cradily","|-resisted|p2a: Cradily","|-damage|p2a: Cradily|370/376","|-sideend|p1: Crystal Jake|Sticky Web|[from] move: Rapid Spin|[of] p1a: Torkoal","|","|-heal|p2a: Cradily|376/376|[from] item: Leftovers","|turn|18","|","|move|p2a: Cradily|Toxic|p1a: Torkoal","|-status|p1a: Torkoal|tox","|move|p1a: Torkoal|Yawn|p2a: Cradily","|-start|p2a: Cradily|move: Yawn|[of] p1a: Torkoal","|","|-damage|p1a: Torkoal|322/343 tox|[from] psn","|turn|19","|","|switch|p1a: Chandelure|Chandelure, M|261/261","|move|p2a: Cradily|Stealth Rock|p1a: Chandelure","|-sidestart|p1: Crystal Jake|move: Stealth Rock","|","|-end|p2a: Cradily|move: Yawn|[silent]","|-status|p2a: Cradily|slp","|turn|20","|","|move|p1a: Chandelure|Shadow Ball|p2a: Cradily","|-damage|p2a: Cradily|279/376 slp","|cant|p2a: Cradily|slp","|","|-heal|p2a: Cradily|302/376 slp|[from] item: Leftovers","|turn|21","|","|move|p1a: Chandelure|Shadow Ball|p2a: Cradily","|-damage|p2a: Cradily|190/376 slp","|cant|p2a: Cradily|slp","|","|-heal|p2a: Cradily|213/376 slp|[from] item: Leftovers","|turn|22","|","|move|p1a: Chandelure|Shadow Ball|p2a: Cradily","|-damage|p2a: Cradily|116/376 slp","|-unboost|p2a: Cradily|spd|1","|-curestatus|p2a: Cradily|slp","|move|p2a: Cradily|Recover|p2a: Cradily","|-heal|p2a: Cradily|304/376","|","|-heal|p2a: Cradily|327/376|[from] item: Leftovers","|turn|23","|","|move|p1a: Chandelure|Shadow Ball|p2a: Cradily","|-damage|p2a: Cradily|177/376","|move|p2a: Cradily|Toxic|p1a: Chandelure","|-status|p1a: Chandelure|tox","|","|-heal|p2a: Cradily|200/376|[from] item: Leftovers","|-damage|p1a: Chandelure|245/261 tox|[from] psn","|turn|24","|","|move|p1a: Chandelure|Shadow Ball|p2a: Cradily","|-damage|p2a: Cradily|53/376","|move|p2a: Cradily|Recover|p2a: Cradily","|-heal|p2a: Cradily|241/376","|","|-heal|p2a: Cradily|264/376|[from] item: Leftovers","|-damage|p1a: Chandelure|213/261 tox|[from] psn","|turn|25","|","|move|p1a: Chandelure|Shadow Ball|p2a: Cradily","|-crit|p2a: Cradily","|-damage|p2a: Cradily|6/376","|-unboost|p2a: Cradily|spd|1","|move|p2a: Cradily|Recover|p2a: Cradily","|-heal|p2a: Cradily|194/376","|","|-heal|p2a: Cradily|217/376|[from] item: Leftovers","|-damage|p1a: Chandelure|165/261 tox|[from] psn","|turn|26","|","|move|p1a: Chandelure|Shadow Ball|p2a: Cradily","|-damage|p2a: Cradily|22/376","|move|p2a: Cradily|Recover|p2a: Cradily","|-heal|p2a: Cradily|210/376","|","|-heal|p2a: Cradily|233/376|[from] item: Leftovers","|-damage|p1a: Chandelure|101/261 tox|[from] psn","|turn|27","|","|move|p1a: Chandelure|Shadow Ball|p2a: Cradily","|-damage|p2a: Cradily|32/376","|move|p2a: Cradily|Recover|p2a: Cradily","|-heal|p2a: Cradily|220/376","|","|-heal|p2a: Cradily|243/376|[from] item: Leftovers","|-damage|p1a: Chandelure|21/261 tox|[from] psn","|turn|28","|","|move|p1a: Chandelure|Shadow Ball|p2a: Cradily","|-damage|p2a: Cradily|29/376","|-unboost|p2a: Cradily|spd|1","|move|p2a: Cradily|Recover|p2a: Cradily","|-heal|p2a: Cradily|217/376","|","|-heal|p2a: Cradily|240/376|[from] item: Leftovers","|-damage|p1a: Chandelure|0 fnt|[from] psn","|faint|p1a: Chandelure","|","|switch|p1a: Heatran|Heatran, M|323/323","|-damage|p1a: Heatran|283/323|[from] Stealth Rock","|turn|29","|","|move|p1a: Heatran|Flash Cannon|p2a: Cradily","|-supereffective|p2a: Cradily","|-damage|p2a: Cradily|0 fnt","|faint|p2a: Cradily","|","|","|switch|p2a: Terrakion|Terrakion|5/323","|turn|30","|","|move|p2a: Terrakion|Earthquake|p1a: Heatran","|-supereffective|p1a: Heatran","|-damage|p1a: Heatran|0 fnt","|faint|p1a: Heatran","|","|","|switch|p1a: Torkoal|Torkoal, M|322/343 tox","|-damage|p1a: Torkoal|237/343 tox|[from] Stealth Rock","|turn|31","|","|move|p2a: Terrakion|Earthquake|p1a: Torkoal","|-supereffective|p1a: Torkoal","|-damage|p1a: Torkoal|101/343 tox","|move|p1a: Torkoal|Rapid Spin|p2a: Terrakion","|-resisted|p2a: Terrakion","|-damage|p2a: Terrakion|0 fnt","|-sideend|p1: Crystal Jake|Stealth Rock|[from] move: Rapid Spin|[of] p1a: Torkoal","|faint|p2a: Terrakion","|","|win|Crystal Jake"],"p1rating":{"entryid":"7196111","serverid":"eos","formatid":"monotype","userid":"crystaljake","username":"Crystal Jake","w":2,"l":"2","t":"0","gxe":52.8,"r":"1467.2835332889","rd":"124.99282801819","sigma":"0","rptime":"1439283600","rpr":1521.9120487083,"rprd":108.88075037949,"rpsigma":"0","acre":1087.719435742,"lacre":1087.719435742,"oldacre":"1041.6271109492"},"p2rating":{"entryid":"6653831","serverid":"eos","formatid":"monotype","userid":"yungdraco","username":"Yung draco - ⓦⓐⓘⓣ","w":"31","l":17,"t":"0","gxe":62.8,"r":"1644.6801810856","rd":"57.173061027898","sigma":"0","rptime":"1439283600","rpr":1599.7750671729,"rprd":53.773833168631,"rpsigma":"0","acre":1140.6180233267,"lacre":1140.6180233267,"oldacre":"1174.7544848374"},"endType":"normal"}