{"seed":[3210,14133,41364,21624],"turns":40,"p1":"Metalyte","p2":"Shining Yin","p1team":[{"name":"Scizor","species":"Scizor","item":"scizorite","ability":"Technician","moves":["roost","swordsdance","bulletpunch","bugbite"],"nature":"Adamant","evs":{"hp":248,"atk":252,"def":0,"spa":0,"spd":8,"spe":0},"ivs":{"hp":31,"atk":31,"def":31,"spa":31,"spd":31,"spe":31}},{"name":"Bisharp","species":"Bisharp","item":"lifeorb","ability":"Defiant","moves":["swordsdance","suckerpunch","knockoff","ironhead"],"nature":"Jolly","evs":{"hp":0,"atk":252,"def":0,"spa":0,"spd":4,"spe":252},"ivs":{"hp":31,"atk":31,"def":31,"spa":31,"spd":31,"spe":31}},{"name":"Excadrill","species":"Excadrill","item":"choicescarf","ability":"Mold Breaker","moves":["earthquake","ironhead","rockslide","aerialace"],"nature":"Jolly","evs":{"hp":0,"atk":252,"def":0,"spa":0,"spd":4,"spe":252},"ivs":{"hp":31,"atk":31,"def":31,"spa":31,"spd":31,"spe":31}},{"name":"Heatran","species":"Heatran","item":"airballoon","ability":"Flash Fire","moves":["fireblast","flashcannon","earthpower","ancientpower"],"nature":"Timid","evs":{"hp":4,"atk":0,"def":0,"spa":252,"spd":0,"spe":252},"ivs":{"hp":31,"atk":31,"def":31,"spa":31,"spd":31,"spe":31}},{"name":"Skarmory","species":"Skarmory","item":"leftovers","ability":"Sturdy","moves":["roost","defog","whirlwind","drillpeck"],"nature":"Impish","evs":{"hp":252,"atk":0,"def":252,"spa":0,"spd":4,"spe":0},"ivs":{"hp":31,"atk":31,"def":31,"spa":31,"spd":31,"spe":31}},{"name":"Klefki","species":"Klefki","item":"leftovers","ability":"Prankster","moves":["thunderwave","spikes","reflect","lightscreen"],"nature":"Bold","evs":{"hp":252,"atk":0,"def":128,"spa":0,"spd":128,"spe":0},"ivs":{"hp":31,"atk":31,"def":31,"spa":31,"spd":31,"spe":31}}],"p2team":[{"name":"Zapdos","species":"Zapdos","item":"leftovers","ability":"Pressure","moves":["roost","defog","heatwave","discharge"],"nature":"Bold","evs":{"hp":248,"atk":0,"def":176,"spa":68,"spd":0,"spe":16},"ivs":{"hp":31,"atk":0,"def":31,"spa":31,"spd":31,"spe":31}},{"name":"Thundurus","species":"Thundurus","item":"lifeorb","ability":"Prankster","moves":["superpower","discharge","knockoff","thunderwave"],"nature":"Naive","evs":{"hp":0,"atk":72,"def":0,"spa":184,"spd":0,"spe":252},"ivs":{"hp":31,"atk":31,"def":31,"spa":31,"spd":31,"spe":31}},{"name":"Rotom-Wash","species":"Rotom-Wash","item":"leftovers","ability":"Levitate","moves":["willowisp","hydropump","voltswitch","painsplit"],"nature":"Calm","evs":{"hp":248,"atk":0,"def":0,"spa":0,"spd":216,"spe":44},"ivs":{"hp":31,"atk":0,"def":31,"spa":31,"spd":31,"spe":31}},{"name":"Magnezone","species":"Magnezone","item":"choicescarf","ability":"Sturdy","moves":["voltswitch","discharge","hiddenpowerice","flashcannon"],"nature":"Timid","evs":{"hp":0,"atk":0,"def":0,"spa":252,"spd":4,"spe":252},"ivs":{"hp":31,"atk":30,"def":30,"spa":31,"spd":31,"spe":31}},{"name":"Ampharos","species":"Ampharos","item":"ampharosite","ability":"Static","moves":["rest","sleeptalk","voltswitch","dragonpulse"],"nature":"Bold","evs":{"hp":248,"atk":0,"def":232,"spa":28,"spd":0,"spe":0},"ivs":{"hp":31,"atk":0,"def":31,"spa":31,"spd":31,"spe":31}},{"name":"Raikou","species":"Raikou","item":"leftovers","ability":"Pressure","moves":["substitute","calmmind","thunderbolt","extrasensory"],"nature":"Timid","evs":{"hp":0,"atk":0,"def":0,"spa":252,"spd":4,"spe":252},"ivs":{"hp":31,"atk":31,"def":31,"spa":31,"spd":31,"spe":31}}],"log":["|player|p1|Metalyte|165","|player|p2|Shining Yin|12","|gametype|singles","|gen|6","|tier|Monotype","|rated","|rule|Baton Pass Clause: Limit one Baton Passer, can't pass Spe and other stats simultaneously","|rule|Swagger Clause: Swagger is banned","|rule|Same Type Clause: Pokémon in a team must share a type","|clearpoke","|poke|p1|Scizor, M","|poke|p1|Bisharp, F","|poke|p1|Excadrill, M","|poke|p1|Heatran, F","|poke|p1|Skarmory, M","|poke|p1|Klefki, F","|poke|p2|Zapdos","|poke|p2|Thundurus, M","|poke|p2|Rotom-Wash","|poke|p2|Magnezone","|poke|p2|Ampharos, F","|poke|p2|Raikou","|rule|Sleep Clause Mod: Limit one foe put to sleep","|rule|Species Clause: Limit one of each Pokémon","|rule|OHKO Clause: OHKO moves are banned","|rule|Moody Clause: Moody is banned","|rule|Evasion Moves Clause: Evasion moves are banned","|rule|Endless Battle Clause: Forcing endless battles is banned","|rule|HP Percentage Mod: HP is shown in percentages","|teampreview","|","|start","|switch|p1a: Klefki|Klefki, F|318/318","|switch|p2a: Rotom-Wash|Rotom-Wash|303/303","|turn|1","|","|move|p1a: Klefki|Light Screen|p1a: Klefki","|-sidestart|p1: Metalyte|move: Light Screen","|move|p2a: Rotom-Wash|Will-O-Wisp|p1a: Klefki|[miss]","|-miss|p2a: Rotom-Wash|p1a: Klefki","|","|turn|2","|","|switch|p1a: Heatran|Heatran, F|324/324","|-item|p1a: Heatran|Air Balloon","|move|p2a: Rotom-Wash|Volt Switch|p1a: Heatran","|-damage|p1a: Heatran|285/324","|-enditem|p1a: Heatran|Air Balloon","|","|switch|p2a: Thundurus|Thundurus, M|299/299","|","|turn|3","|","|move|p2a: Thundurus|Superpower|p1a: Heatran","|-supereffective|p1a: Heatran","|-damage|p1a: Heatran|28/324","|-unboost|p2a: Thundurus|atk|1","|-unboost|p2a: Thundurus|def|1","|-damage|p2a: Thundurus|270/299|[from] item: Life Orb","|move|p1a: Heatran|Ancient Power|p2a: Thundurus","|-supereffective|p2a: Thundurus","|-damage|p2a: Thundurus|94/299","|","|turn|4","|","|switch|p1a: Skarmory|Skarmory, M|334/334","|move|p2a: Thundurus|Knock Off|p1a: Skarmory","|-damage|p1a: Skarmory|286/334","|-enditem|p1a: Skarmory|Leftovers|[from] move: Knock Off|[of] p2a: Thundurus","|-damage|p2a: Thundurus|65/299|[from] item: Life Orb","|","|turn|5","|","|switch|p1a: Heatran|Heatran, F|28/324","|move|p2a: Thundurus|Discharge|p1a: Heatran","|-damage|p1a: Heatran|0 fnt","|-damage|p2a: Thundurus|36/299|[from] item: Life Orb","|faint|p1a: Heatran","|","|-sideend|p1: Metalyte|move: Light Screen","|","|switch|p1a: Klefki|Klefki, F|318/318","|turn|6","|","|move|p1a: Klefki|Light Screen|p1a: Klefki","|-sidestart|p1: Metalyte|move: Light Screen","|move|p2a: Thundurus|Knock Off|p1a: Klefki","|-resisted|p1a: Klefki","|-damage|p1a: Klefki|283/318","|-enditem|p1a: Klefki|Leftovers|[from] move: Knock Off|[of] p2a: Thundurus","|-damage|p2a: Thundurus|7/299|[from] item: Life Orb","|","|turn|7","|","|switch|p2a: Raikou|Raikou|321/321","|-ability|p2a: Raikou|Pressure","|move|p1a: Klefki|Reflect|p1a: Klefki","|-sidestart|p1: Metalyte|Reflect","|","|turn|8","|","|switch|p1a: Excadrill|Excadrill, M|361/361","|-ability|p1a: Excadrill|Mold Breaker","|move|p2a: Raikou|Substitute|p2a: Raikou","|-start|p2a: Raikou|Substitute","|-damage|p2a: Raikou|241/321","|","|-heal|p2a: Raikou|261/321|[from] item: Leftovers","|turn|9","|","|move|p1a: Excadrill|Rock Slide|p2a: Raikou","|-end|p2a: Raikou|Substitute","|move|p2a: Raikou|Extrasensory|p1a: Excadrill","|-resisted|p1a: Excadrill","|-damage|p1a: Excadrill|332/361","|","|-heal|p2a: Raikou|281/321|[from] item: Leftovers","|turn|10","|","|switch|p2a: Magnezone|Magnezone|281/281","|move|p1a: Excadrill|Rock Slide|p2a: Magnezone","|-resisted|p2a: Magnezone","|-damage|p2a: Magnezone|242/281","|","|-sideend|p1: Metalyte|move: Light Screen","|turn|11","|","|switch|p1a: Klefki|Klefki, F|283/318","|move|p2a: Magnezone|Volt Switch|p1a: Klefki","|-damage|p1a: Klefki|165/318","|","|switch|p2a: Raikou|Raikou|281/321","|-ability|p2a: Raikou|Pressure","|","|-heal|p2a: Raikou|301/321|[from] item: Leftovers","|-sideend|p1: Metalyte|Reflect","|turn|12","|","|switch|p1a: Excadrill|Excadrill, M|332/361","|-ability|p1a: Excadrill|Mold Breaker","|move|p2a: Raikou|Substitute|p2a: Raikou","|-start|p2a: Raikou|Substitute","|-damage|p2a: Raikou|221/321","|","|-heal|p2a: Raikou|241/321|[from] item: Leftovers","|turn|13","|","|move|p1a: Excadrill|Rock Slide|p2a: Raikou","|-crit|p2a: Raikou","|-end|p2a: Raikou|Substitute","|move|p2a: Raikou|Extrasensory|p1a: Excadrill","|-resisted|p1a: Excadrill","|-damage|p1a: Excadrill|276/361","|","|-heal|p2a: Raikou|261/321|[from] item: Leftovers","|turn|14","|","|switch|p1a: Bisharp|Bisharp, F|271/271","|move|p2a: Raikou|Extrasensory|p1a: Bisharp","|-immune|p1a: Bisharp|[msg]","|","|-heal|p2a: Raikou|281/321|[from] item: Leftovers","|turn|15","|","|move|p2a: Raikou|Thunderbolt|p1a: Bisharp","|-damage|p1a: Bisharp|87/271","|move|p1a: Bisharp|Knock Off|p2a: Raikou","|-damage|p2a: Raikou|0 fnt","|-enditem|p2a: Raikou|Leftovers|[from] move: Knock Off|[of] p1a: Bisharp","|-damage|p1a: Bisharp|60/271|[from] item: Life Orb","|faint|p2a: Raikou","|","|","|switch|p2a: Ampharos|Ampharos, F|383/383","|turn|16","|","|detailschange|p2a: Ampharos|Ampharos-Mega, F","|-mega|p2a: Ampharos|Ampharos|Ampharosite","|-ability|p2a: Ampharos|Mold Breaker","|move|p1a: Bisharp|Iron Head|p2a: Ampharos","|-resisted|p2a: Ampharos","|-damage|p2a: Ampharos|315/383","|-damage|p1a: Bisharp|33/271|[from] item: Life Orb","|cant|p2a: Ampharos|flinch","|","|turn|17","|","|switch|p1a: Excadrill|Excadrill, M|276/361","|-ability|p1a: Excadrill|Mold Breaker","|move|p2a: Ampharos|Dragon Pulse|p1a: Excadrill","|-resisted|p1a: Excadrill","|-damage|p1a: Excadrill|165/361","|","|turn|18","|","|switch|p1a: Klefki|Klefki, F|165/318","|switch|p2a: Thundurus|Thundurus, M|7/299","|","|turn|19","|","|move|p1a: Klefki|Light Screen|p1a: Klefki","|-sidestart|p1: Metalyte|move: Light Screen","|move|p2a: Thundurus|Discharge|p1a: Klefki","|-damage|p1a: Klefki|75/318","|-status|p1a: Klefki|par","|-damage|p2a: Thundurus|0 fnt|[from] item: Life Orb","|faint|p2a: Thundurus","|","|","|switch|p2a: Zapdos|Zapdos|383/383","|-ability|p2a: Zapdos|Pressure","|turn|20","|","|switch|p1a: Bisharp|Bisharp, F|33/271","|move|p2a: Zapdos|Heat Wave|p1a: Bisharp","|-supereffective|p1a: Bisharp","|-damage|p1a: Bisharp|0 fnt","|faint|p1a: Bisharp","|","|","|switch|p1a: Excadrill|Excadrill, M|165/361","|-ability|p1a: Excadrill|Mold Breaker","|turn|21","|","|move|p1a: Excadrill|Earthquake|p2a: Zapdos","|-immune|p2a: Zapdos|[msg]","|move|p2a: Zapdos|Roost|p2a: Zapdos","|-fail|p2a: Zapdos","|","|turn|22","|","|switch|p1a: Klefki|Klefki, F|75/318 par","|move|p2a: Zapdos|Heat Wave|p1a: Klefki","|-miss|p2a: Zapdos|p1a: Klefki","|","|turn|23","|","|move|p1a: Klefki|Spikes|p2a: Zapdos","|-sidestart|p2: Shining Yin|Spikes","|move|p2a: Zapdos|Heat Wave|p1a: Klefki","|-supereffective|p1a: Klefki","|-damage|p1a: Klefki|0 fnt","|faint|p1a: Klefki","|","|-sideend|p1: Metalyte|move: Light Screen","|","|switch|p1a: Excadrill|Excadrill, M|165/361","|-ability|p1a: Excadrill|Mold Breaker","|turn|24","|","|move|p1a: Excadrill|Rock Slide|p2a: Zapdos","|-supereffective|p2a: Zapdos","|-damage|p2a: Zapdos|223/383","|cant|p2a: Zapdos|flinch","|","|-heal|p2a: Zapdos|246/383|[from] item: Leftovers","|turn|25","|","|switch|p2a: Magnezone|Magnezone|242/281","|-damage|p2a: Magnezone|207/281|[from] Spikes","|move|p1a: Excadrill|Rock Slide|p2a: Magnezone","|-resisted|p2a: Magnezone","|-damage|p2a: Magnezone|167/281","|","|turn|26","|","|move|p1a: Excadrill|Rock Slide|p2a: Magnezone","|-resisted|p2a: Magnezone","|-damage|p2a: Magnezone|129/281","|move|p2a: Magnezone|Volt Switch|p1a: Excadrill","|-immune|p1a: Excadrill|[msg]","|","|turn|27","|","|switch|p2a: Rotom-Wash|Rotom-Wash|303/303","|move|p1a: Excadrill|Rock Slide|p2a: Rotom-Wash","|-damage|p2a: Rotom-Wash|214/303","|","|-heal|p2a: Rotom-Wash|232/303|[from] item: Leftovers","|turn|28","|","|switch|p1a: Skarmory|Skarmory, M|286/334","|move|p2a: Rotom-Wash|Hydro Pump|p1a: Skarmory|[miss]","|-miss|p2a: Rotom-Wash|p1a: Skarmory","|","|-heal|p2a: Rotom-Wash|250/303|[from] item: Leftovers","|turn|29","|","|move|p2a: Rotom-Wash|Volt Switch|p1a: Skarmory","|-supereffective|p1a: Skarmory","|-damage|p1a: Skarmory|62/334","|","|switch|p2a: Zapdos|Zapdos|246/383","|-ability|p2a: Zapdos|Pressure","|move|p1a: Skarmory|Drill Peck|p2a: Zapdos","|-resisted|p2a: Zapdos","|-damage|p2a: Zapdos|210/383","|","|-heal|p2a: Zapdos|233/383|[from] item: Leftovers","|turn|30","|","|switch|p1a: Excadrill|Excadrill, M|165/361","|-ability|p1a: Excadrill|Mold Breaker","|move|p2a: Zapdos|Defog|p1a: Excadrill","|-unboost|p1a: Excadrill|evasion|1","|-sideend|p2: Shining Yin|Spikes|[from] move: Defog|[of] p2a: Zapdos","|","|-heal|p2a: Zapdos|256/383|[from] item: Leftovers","|turn|31","|","|move|p1a: Excadrill|Rock Slide|p2a: Zapdos","|-supereffective|p2a: Zapdos","|-damage|p2a: Zapdos|96/383","|cant|p2a: Zapdos|flinch","|","|-heal|p2a: Zapdos|119/383|[from] item: Leftovers","|turn|32","|","|switch|p2a: Rotom-Wash|Rotom-Wash|250/303","|move|p1a: Excadrill|Rock Slide|p2a: Rotom-Wash","|-miss|p1a: Excadrill|p2a: Rotom-Wash","|","|-heal|p2a: Rotom-Wash|268/303|[from] item: Leftovers","|turn|33","|","|switch|p1a: Skarmory|Skarmory, M|62/334","|move|p2a: Rotom-Wash|Hydro Pump|p1a: Skarmory","|-damage|p1a: Skarmory|0 fnt","|faint|p1a: Skarmory","|","|-heal|p2a: Rotom-Wash|286/303|[from] item: Leftovers","|","|switch|p1a: Scizor|Scizor, M|343/343","|turn|34","|","|detailschange|p1a: Scizor|Scizor-Mega, M","|-mega|p1a: Scizor|Scizor|Scizorite","|move|p2a: Rotom-Wash|Will-O-Wisp|p1a: Scizor","|-status|p1a: Scizor|brn","|move|p1a: Scizor|Swords Dance|p1a: Scizor","|-boost|p1a: Scizor|atk|2","|","|-heal|p2a: Rotom-Wash|303/303|[from] item: Leftovers","|-damage|p1a: Scizor|301/343 brn|[from] brn","|turn|35","|","|move|p2a: Rotom-Wash|Hydro Pump|p1a: Scizor|[miss]","|-miss|p2a: Rotom-Wash|p1a: Scizor","|move|p1a: Scizor|Swords Dance|p1a: Scizor","|-boost|p1a: Scizor|atk|2","|","|-damage|p1a: Scizor|259/343 brn|[from] brn","|turn|36","|","|move|p2a: Rotom-Wash|Hydro Pump|p1a: Scizor","|-damage|p1a: Scizor|127/343 brn","|move|p1a: Scizor|Swords Dance|p1a: Scizor","|-boost|p1a: Scizor|atk|2","|","|-damage|p1a: Scizor|85/343 brn|[from] brn","|turn|37","|","|move|p2a: Rotom-Wash|Hydro Pump|p1a: Scizor","|-damage|p1a: Scizor|0 fnt","|faint|p1a: Scizor","|","|","|switch|p1a: Excadrill|Excadrill, M|165/361","|-ability|p1a: Excadrill|Mold Breaker","|turn|38","|","|move|p1a: Excadrill|Earthquake|p2a: Rotom-Wash","|-supereffective|p2a: Rotom-Wash","|-damage|p2a: Rotom-Wash|0 fnt","|faint|p2a: Rotom-Wash","|","|","|switch|p2a: Zapdos|Zapdos|119/383","|-ability|p2a: Zapdos|Pressure","|turn|39","|","|move|p1a: Excadrill|Earthquake|p2a: Zapdos","|-immune|p2a: Zapdos|[msg]","|move|p2a: Zapdos|Roost|p2a: Zapdos","|-heal|p2a: Zapdos|311/383","|","|-heal|p2a: Zapdos|334/383|[from] item: Leftovers","|turn|40","|","|move|p1a: Excadrill|Earthquake|p2a: Zapdos","|-immune|p2a: Zapdos|[msg]","|move|p2a: Zapdos|Heat Wave|p1a: Excadrill","|-supereffective|p1a: Excadrill","|-damage|p1a: Excadrill|0 fnt","|faint|p1a: Excadrill","|","|win|Shining Yin"],"p1rating":{"entryid":"6571486","serverid":"eos","formatid":"monotype","userid":"metalyte","username":"Metalyte","w":"46","l":37,"t":"0","gxe":54.9,"r":"1541.5868491955","rd":"43.392095764563","sigma":"0","rptime":"1439283600","rpr":1537.4303086818,"rprd":43.081106900073,"rpsigma":"0","acre":1171.349335711,"lacre":1171.349335711,"oldacre":"1186.6757692993"},"p2rating":{"entryid":"7208708","serverid":"eos","formatid":"monotype","userid":"shiningyin","username":"Shining Yin","w":40,"l":"16","t":"0","gxe":68.5,"r":"1617.0110270756","rd":"53.345383594389","sigma":"0","rptime":"1439283600","rpr":1647.3664353166,"rprd":49.168935487768,"rpsigma":"0","acre":1340.7598787314,"lacre":1340.7598787314,"oldacre":"1328.4987318607"},"endType":"normal"}