{"seed":[49567,40641,58397,42560],"turns":25,"p1":"xNailz","p2":"SL~Pixie","p1team":[{"name":"Charizard","species":"Charizard","item":"charizarditey","ability":"Blaze","moves":["solarbeam","flamethrower","dragonpulse","defog"],"nature":"Timid","evs":{"hp":0,"atk":0,"def":0,"spa":252,"spd":4,"spe":252},"ivs":{"hp":31,"atk":0,"def":31,"spa":31,"spd":31,"spe":31}},{"name":"Infernape","species":"Infernape","item":"focussash","ability":"Iron Fist","moves":["closecombat","overheat","machpunch","stealthrock"],"nature":"Naive","evs":{"hp":0,"atk":252,"def":4,"spa":0,"spd":0,"spe":252},"ivs":{"hp":31,"atk":30,"def":30,"spa":31,"spd":31,"spe":31}},{"name":"Victini","species":"Victini","item":"choicescarf","ability":"Victory Star","moves":["vcreate","boltstrike","uturn","zenheadbutt"],"nature":"Naive","evs":{"hp":0,"atk":252,"def":0,"spa":4,"spd":0,"spe":252},"ivs":{"hp":31,"atk":31,"def":31,"spa":31,"spd":31,"spe":31}},{"name":"Arcanine","species":"Arcanine","item":"leftovers","ability":"Intimidate","moves":["willowisp","extremespeed","morningsun","ironhead"],"nature":"Impish","evs":{"hp":240,"atk":0,"def":252,"spa":0,"spd":0,"spe":16},"ivs":{"hp":31,"atk":30,"def":30,"spa":31,"spd":31,"spe":31}},{"name":"Rotom-Heat","species":"Rotom-Heat","item":"leftovers","ability":"Levitate","moves":["thunderwave","overheat","hiddenpowerice","voltswitch"],"nature":"Modest","evs":{"hp":248,"atk":0,"def":0,"spa":8,"spd":252,"spe":0},"ivs":{"hp":31,"atk":30,"def":30,"spa":31,"spd":31,"spe":31}},{"name":"Chandelure","species":"Chandelure","item":"lifeorb","ability":"Infiltrator","moves":["flamethrower","energyball","trickroom","shadowball"],"nature":"Quiet","evs":{"hp":248,"atk":0,"def":8,"spa":252,"spd":0,"spe":0},"ivs":{"hp":31,"atk":30,"def":30,"spa":31,"spd":31,"spe":31}}],"p2team":[{"name":"Slurpuff","species":"Slurpuff","item":"sitrusberry","ability":"Unburden","moves":["bellydrum","drainpunch","playrough","healbell"],"nature":"Adamant","evs":{"hp":4,"atk":252,"def":0,"spa":0,"spd":0,"spe":252},"ivs":{"hp":31,"atk":31,"def":31,"spa":31,"spd":31,"spe":31}},{"name":"Diancie","species":"Diancie","item":"diancite","ability":"Clear Body","moves":["earthpower","psyshock","diamondstorm","protect"],"nature":"Timid","evs":{"hp":0,"atk":0,"def":0,"spa":252,"spd":4,"spe":252},"ivs":{"hp":31,"atk":31,"def":31,"spa":31,"spd":31,"spe":31}},{"name":"Klefki","species":"Klefki","item":"lightclay","ability":"Prankster","moves":["spikes","lightscreen","reflect","thunderwave"],"nature":"Bold","evs":{"hp":252,"atk":0,"def":252,"spa":4,"spd":0,"spe":0},"ivs":{"hp":31,"atk":31,"def":31,"spa":31,"spd":31,"spe":31}},{"name":"Sylveon","species":"Sylveon","item":"choicespecs","ability":"Pixilate","moves":["hypervoice","psyshock","shadowball","hiddenpowerfire"],"nature":"Modest","evs":{"hp":248,"atk":0,"def":0,"spa":252,"spd":8,"spe":0},"ivs":{"hp":31,"atk":30,"def":31,"spa":30,"spd":31,"spe":30}},{"name":"Togekiss","species":"Togekiss","item":"choicescarf","ability":"Serene Grace","moves":["airslash","aurasphere","psyshock","flamethrower"],"nature":"Timid","evs":{"hp":0,"atk":0,"def":0,"spa":252,"spd":4,"spe":252},"ivs":{"hp":31,"atk":31,"def":31,"spa":30,"spd":30,"spe":31}},{"name":"Azumarill","species":"Azumarill","item":"sitrusberry","ability":"Huge Power","moves":["aquajet","bellydrum","playrough","waterfall"],"nature":"Adamant","evs":{"hp":252,"atk":252,"def":0,"spa":0,"spd":4,"spe":0},"ivs":{"hp":31,"atk":31,"def":31,"spa":31,"spd":31,"spe":31}}],"log":["|player|p1|xNailz|160","|player|p2|SL~Pixie|34","|gametype|singles","|gen|6","|tier|Monotype","|rated","|rule|Baton Pass Clause: Limit one Baton Passer, can't pass Spe and other stats simultaneously","|rule|Swagger Clause: Swagger is banned","|rule|Same Type Clause: Pokémon in a team must share a type","|clearpoke","|poke|p1|Charizard, F","|poke|p1|Infernape, F","|poke|p1|Victini","|poke|p1|Arcanine, M","|poke|p1|Rotom-Heat","|poke|p1|Chandelure, F","|poke|p2|Slurpuff, M","|poke|p2|Diancie","|poke|p2|Klefki, F","|poke|p2|Sylveon, F","|poke|p2|Togekiss, F","|poke|p2|Azumarill, F","|rule|Sleep Clause Mod: Limit one foe put to sleep","|rule|Species Clause: Limit one of each Pokémon","|rule|OHKO Clause: OHKO moves are banned","|rule|Moody Clause: Moody is banned","|rule|Evasion Moves Clause: Evasion moves are banned","|rule|Endless Battle Clause: Forcing endless battles is banned","|rule|HP Percentage Mod: HP is shown in percentages","|teampreview","|","|start","|switch|p1a: Arcanine|Arcanine, M|381/381","|switch|p2a: Klefki|Klefki, F|318/318","|-ability|p1a: Arcanine|Intimidate","|-unboost|p2a: Klefki|atk|1","|turn|1","|","|switch|p1a: Charizard|Charizard, F|297/297","|move|p2a: Klefki|Thunder Wave|p1a: Charizard","|-status|p1a: Charizard|par","|","|turn|2","|","|detailschange|p1a: Charizard|Charizard-Mega-Y, F","|-mega|p1a: Charizard|Charizard|Charizardite Y","|-weather|SunnyDay","|move|p2a: Klefki|Light Screen|p2a: Klefki","|-sidestart|p2: SL~Pixie|move: Light Screen","|move|p1a: Charizard|Flamethrower|p2a: Klefki","|-supereffective|p2a: Klefki","|-damage|p2a: Klefki|0 fnt","|faint|p2a: Klefki","|","|-weather|SunnyDay|[upkeep]","|","|switch|p2a: Azumarill|Azumarill, F|404/404","|turn|3","|","|move|p2a: Azumarill|Belly Drum|p2a: Azumarill","|-damage|p2a: Azumarill|202/404","|-setboost|p2a: Azumarill|atk|6|[from] move: Belly Drum","|-enditem|p2a: Azumarill|Sitrus Berry|[eat]","|-heal|p2a: Azumarill|303/404|[from] item: Sitrus Berry","|cant|p1a: Charizard|par","|","|-weather|SunnyDay|[upkeep]","|turn|4","|","|switch|p1a: Rotom-Heat|Rotom-Heat|303/303","|move|p2a: Azumarill|Aqua Jet|p1a: Rotom-Heat","|-supereffective|p1a: Rotom-Heat","|-damage|p1a: Rotom-Heat|0 fnt","|faint|p1a: Rotom-Heat","|","|-weather|SunnyDay|[upkeep]","|","|switch|p1a: Arcanine|Arcanine, M|381/381","|-ability|p1a: Arcanine|Intimidate","|-unboost|p2a: Azumarill|atk|1","|turn|5","|","|switch|p1a: Infernape|Infernape, F|293/293","|move|p2a: Azumarill|Aqua Jet|p1a: Infernape","|-supereffective|p1a: Infernape","|-enditem|p1a: Infernape|Focus Sash","|-damage|p1a: Infernape|1/293","|","|-weather|SunnyDay|[upkeep]","|turn|6","|","|move|p1a: Infernape|Mach Punch|p2a: Azumarill","|-resisted|p2a: Azumarill","|-damage|p2a: Azumarill|260/404","|move|p2a: Azumarill|Aqua Jet|p1a: Infernape","|-supereffective|p1a: Infernape","|-damage|p1a: Infernape|0 fnt","|faint|p1a: Infernape","|","|-weather|none","|","|switch|p1a: Arcanine|Arcanine, M|381/381","|-ability|p1a: Arcanine|Intimidate","|-unboost|p2a: Azumarill|atk|1","|turn|7","|","|switch|p1a: Charizard|Charizard-Mega-Y, F|297/297 par","|-weather|SunnyDay","|move|p2a: Azumarill|Aqua Jet|p1a: Charizard","|-supereffective|p1a: Charizard","|-damage|p1a: Charizard|1/297 par","|","|-weather|SunnyDay|[upkeep]","|turn|8","|","|move|p2a: Azumarill|Aqua Jet|p1a: Charizard","|-crit|p1a: Charizard","|-supereffective|p1a: Charizard","|-damage|p1a: Charizard|0 fnt","|faint|p1a: Charizard","|","|-weather|SunnyDay|[upkeep]","|","|switch|p1a: Arcanine|Arcanine, M|381/381","|-ability|p1a: Arcanine|Intimidate","|-unboost|p2a: Azumarill|atk|1","|turn|9","|","|move|p1a: Arcanine|Will-O-Wisp|p2a: Azumarill","|-status|p2a: Azumarill|brn","|move|p2a: Azumarill|Waterfall|p1a: Arcanine","|-supereffective|p1a: Arcanine","|-damage|p1a: Arcanine|191/381","|","|-weather|SunnyDay|[upkeep]","|-heal|p1a: Arcanine|214/381|[from] item: Leftovers","|-damage|p2a: Azumarill|210/404 brn|[from] brn","|-sideend|p2: SL~Pixie|move: Light Screen","|turn|10","|","|move|p2a: Azumarill|Aqua Jet|p1a: Arcanine","|-supereffective|p1a: Arcanine","|-damage|p1a: Arcanine|120/381","|move|p1a: Arcanine|Morning Sun|p1a: Arcanine","|-heal|p1a: Arcanine|374/381","|","|-weather|SunnyDay|[upkeep]","|-heal|p1a: Arcanine|381/381|[from] item: Leftovers","|-damage|p2a: Azumarill|160/404 brn|[from] brn","|turn|11","|","|move|p1a: Arcanine|Iron Head|p2a: Azumarill","|-damage|p2a: Azumarill|81/404 brn","|cant|p2a: Azumarill|flinch","|","|-weather|none","|-damage|p2a: Azumarill|31/404 brn|[from] brn","|turn|12","|","|move|p1a: Arcanine|Extreme Speed|p2a: Azumarill","|-damage|p2a: Azumarill|0 fnt","|faint|p2a: Azumarill","|","|","|switch|p2a: Togekiss|Togekiss, F|311/311","|turn|13","|","|switch|p1a: Victini|Victini|341/341","|move|p2a: Togekiss|Air Slash|p1a: Victini|[miss]","|-miss|p2a: Togekiss|p1a: Victini","|","|turn|14","|","|switch|p2a: Diancie|Diancie|241/241","|move|p1a: Victini|Bolt Strike|p2a: Diancie","|-damage|p2a: Diancie|147/241","|","|turn|15","|","|detailschange|p2a: Diancie|Diancie-Mega","|-mega|p2a: Diancie|Diancie|Diancite","|move|p1a: Victini|Bolt Strike|p2a: Diancie","|-damage|p2a: Diancie|31/241","|move|p2a: Diancie|Diamond Storm|p1a: Victini","|-supereffective|p1a: Victini","|-damage|p1a: Victini|35/341","|","|turn|16","|","|move|p1a: Victini|Bolt Strike|p2a: Diancie","|-crit|p2a: Diancie","|-damage|p2a: Diancie|0 fnt","|faint|p2a: Diancie","|","|","|switch|p2a: Slurpuff|Slurpuff, M|306/306","|turn|17","|","|move|p1a: Victini|Bolt Strike|p2a: Slurpuff","|-damage|p2a: Slurpuff|148/306","|-enditem|p2a: Slurpuff|Sitrus Berry|[eat]","|-heal|p2a: Slurpuff|224/306|[from] item: Sitrus Berry","|move|p2a: Slurpuff|Belly Drum|p2a: Slurpuff","|-damage|p2a: Slurpuff|71/306","|-setboost|p2a: Slurpuff|atk|6|[from] move: Belly Drum","|","|turn|18","|","|move|p1a: Victini|Bolt Strike|p2a: Slurpuff","|-damage|p2a: Slurpuff|0 fnt","|faint|p2a: Slurpuff","|","|","|switch|p2a: Sylveon|Sylveon, F|393/393","|turn|19","|","|switch|p1a: Chandelure|Chandelure, F|323/323","|move|p2a: Sylveon|Hyper Voice|p1a: Chandelure","|-resisted|p1a: Chandelure","|-damage|p1a: Chandelure|171/323","|","|turn|20","|","|move|p1a: Chandelure|Flamethrower|p2a: Sylveon","|-damage|p2a: Sylveon|205/393","|-damage|p1a: Chandelure|139/323|[from] item: Life Orb","|move|p2a: Sylveon|Hyper Voice|p1a: Chandelure","|-resisted|p1a: Chandelure","|-damage|p1a: Chandelure|0 fnt","|faint|p1a: Chandelure","|","|","|switch|p1a: Victini|Victini|35/341","|turn|21","|","|move|p1a: Victini|V-create|p2a: Sylveon","|-damage|p2a: Sylveon|0 fnt","|-unboost|p1a: Victini|spe|1","|-unboost|p1a: Victini|def|1","|-unboost|p1a: Victini|spd|1","|faint|p2a: Sylveon","|","|","|switch|p2a: Togekiss|Togekiss, F|311/311","|turn|22","|","|switch|p1a: Arcanine|Arcanine, M|381/381","|-ability|p1a: Arcanine|Intimidate","|-unboost|p2a: Togekiss|atk|1","|move|p2a: Togekiss|Air Slash|p1a: Arcanine","|-damage|p1a: Arcanine|225/381","|","|-heal|p1a: Arcanine|248/381|[from] item: Leftovers","|turn|23","|","|move|p1a: Arcanine|Extreme Speed|p2a: Togekiss","|-damage|p2a: Togekiss|241/311","|move|p2a: Togekiss|Air Slash|p1a: Arcanine","|-damage|p1a: Arcanine|83/381","|","|-heal|p1a: Arcanine|106/381|[from] item: Leftovers","|turn|24","|","|move|p1a: Arcanine|Extreme Speed|p2a: Togekiss","|-damage|p2a: Togekiss|173/311","|move|p2a: Togekiss|Air Slash|p1a: Arcanine","|-damage|p1a: Arcanine|0 fnt","|faint|p1a: Arcanine","|","|","|switch|p1a: Victini|Victini|35/341","|turn|25","|","|move|p1a: Victini|V-create|p2a: Togekiss","|-damage|p2a: Togekiss|0 fnt","|-unboost|p1a: Victini|spe|1","|-unboost|p1a: Victini|def|1","|-unboost|p1a: Victini|spd|1","|faint|p2a: Togekiss","|","|win|xNailz"],"p1rating":{"entryid":"6782407","serverid":"eos","formatid":"monotype","userid":"xnailz","username":"xNailz","w":31,"l":"11","t":"0","gxe":71.3,"r":1667.5588329032,"rd":59.008276737306,"sigma":"0","rptime":1439283600,"rpr":1673.6141787531,"rprd":58.353549936543,"rpsigma":"0","acre":1284.6925644854,"lacre":1284.6925644854,"oldacre":"1267.7412912134"},"p2rating":{"entryid":"7506194","serverid":"eos","formatid":"monotype","userid":"slpixie","username":"SL~Pixie","w":"6","l":4,"t":"0","gxe":57.3,"r":1573.2489249952,"rd":90.165813635142,"sigma":"0","rptime":1439283600,"rpr":1556.8750601169,"rprd":87.535161595736,"rpsigma":"0","acre":1134.8090552119,"lacre":1134.8090552119,"oldacre":"1151.7603284839"},"endType":"normal"}