{"seed":[664,26377,35362,57756],"turns":24,"p1":"knigkt","p2":"LightOfAKnowing","p1team":[{"name":"Landorus","species":"Landorus","item":"lifeorb","ability":"Sheer Force","moves":["rockslide","focusblast","sludgewave","earthpower"],"nature":"Naive","evs":{"hp":0,"atk":4,"def":0,"spa":252,"spd":0,"spe":252},"ivs":{"hp":31,"atk":31,"def":31,"spa":31,"spd":31,"spe":31}},{"name":"Skarmory","species":"Skarmory","item":"rockyhelmet","ability":"Sturdy","moves":["bravebird","stealthrock","defog","roost"],"nature":"Impish","evs":{"hp":248,"atk":0,"def":236,"spa":0,"spd":0,"spe":24},"ivs":{"hp":31,"atk":31,"def":31,"spa":31,"spd":31,"spe":31}},{"name":"Gyarados","species":"Gyarados","item":"leftovers","ability":"Intimidate","moves":["waterfall","taunt","thunderwave","rest"],"nature":"Careful","evs":{"hp":252,"atk":0,"def":0,"spa":0,"spd":208,"spe":48},"ivs":{"hp":31,"atk":31,"def":31,"spa":31,"spd":31,"spe":31}},{"name":"Charizard","species":"Charizard","item":"charizarditex","ability":"Blaze","moves":["dragondance","dragonclaw","roost","flareblitz"],"nature":"Adamant","evs":{"hp":40,"atk":248,"def":0,"spa":0,"spd":0,"spe":220},"ivs":{"hp":31,"atk":31,"def":31,"spa":31,"spd":31,"spe":31}},{"name":"Thundurus","species":"Thundurus","item":"lifeorb","ability":"Prankster","moves":["thunderwave","thunderbolt","grassknot","hiddenpowerice"],"nature":"Timid","evs":{"hp":0,"atk":0,"def":0,"spa":252,"spd":4,"spe":252},"ivs":{"hp":31,"atk":30,"def":30,"spa":31,"spd":31,"spe":31}},{"name":"Togekiss","species":"Togekiss","item":"choicescarf","ability":"Serene Grace","moves":["dazzlinggleam","airslash","trick","healbell"],"nature":"Timid","evs":{"hp":0,"atk":0,"def":0,"spa":252,"spd":4,"spe":252},"ivs":{"hp":31,"atk":31,"def":31,"spa":31,"spd":31,"spe":31}}],"p2team":[{"name":"Vespiquen","species":"Vespiquen","item":"laxincense","ability":"Pressure","moves":["defendorder","infestation","mudslap","roost"],"nature":"Gentle","evs":{"hp":248,"atk":8,"def":0,"spa":0,"spd":252,"spe":0},"ivs":{"hp":31,"atk":31,"def":31,"spa":31,"spd":31,"spe":31}},{"name":"Heracross","species":"Heracross","item":"choicescarf","ability":"Moxie","moves":["closecombat","megahorn","knockoff","pursuit"],"nature":"Jolly","evs":{"hp":0,"atk":252,"def":0,"spa":0,"spd":4,"spe":252},"ivs":{"hp":31,"atk":31,"def":31,"spa":31,"spd":31,"spe":31}},{"name":"Forretress","species":"Forretress","item":"custapberry","ability":"Sturdy","moves":["stealthrock","rapidspin","explosion","spikes"],"nature":"Impish","evs":{"hp":248,"atk":8,"def":252,"spa":0,"spd":0,"spe":0},"ivs":{"hp":31,"atk":31,"def":31,"spa":31,"spd":31,"spe":31}},{"name":"Galvantula","species":"Galvantula","item":"focussash","ability":"Swarm","moves":["stickyweb","bugbuzz","voltswitch","suckerpunch"],"nature":"Hasty","evs":{"hp":0,"atk":4,"def":0,"spa":252,"spd":0,"spe":252},"ivs":{"hp":31,"atk":31,"def":31,"spa":31,"spd":31,"spe":31}},{"name":"Pinsir","species":"Pinsir","item":"pinsirite","ability":"Moxie","moves":["quickattack","xscissor","frustration","closecombat"],"nature":"Adamant","evs":{"hp":248,"atk":252,"def":0,"spa":0,"spd":8,"spe":0},"happiness":0,"ivs":{"hp":31,"atk":31,"def":31,"spa":31,"spd":31,"spe":31}},{"name":"Genesect","species":"Genesect","item":"choicescarf","ability":"Download","moves":["icebeam","bugbuzz","technoblast","flashcannon"],"nature":"Timid","evs":{"hp":0,"atk":0,"def":4,"spa":252,"spd":0,"spe":252},"happiness":0,"ivs":{"hp":31,"atk":31,"def":31,"spa":31,"spd":31,"spe":31}}],"log":["|player|p1|knigkt|knigkt.png","|player|p2|LightOfAKnowing|lightofaknowing.gif","|gametype|singles","|gen|6","|tier|Monotype","|rated","|rule|Baton Pass Clause: Limit one Baton Passer, can't pass Spe and other stats simultaneously","|rule|Swagger Clause: Swagger is banned","|rule|Same Type Clause: Pokémon in a team must share a type","|clearpoke","|poke|p1|Landorus, M","|poke|p1|Skarmory, F","|poke|p1|Gyarados, F","|poke|p1|Charizard, M","|poke|p1|Thundurus, M","|poke|p1|Togekiss, M","|poke|p2|Vespiquen, F","|poke|p2|Heracross, M","|poke|p2|Forretress, M","|poke|p2|Galvantula, M","|poke|p2|Pinsir, F","|poke|p2|Genesect-*","|rule|Sleep Clause Mod: Limit one foe put to sleep","|rule|Species Clause: Limit one of each Pokémon","|rule|OHKO Clause: OHKO moves are banned","|rule|Moody Clause: Moody is banned","|rule|Evasion Moves Clause: Evasion moves are banned","|rule|Endless Battle Clause: Forcing endless battles is banned","|rule|HP Percentage Mod: HP is shown in percentages","|teampreview","|","|start","|switch|p1a: Charizard|Charizard, M|307/307","|switch|p2a: Forretress|Forretress, M|353/353","|turn|1","|","|detailschange|p1a: Charizard|Charizard-Mega-X, M","|-mega|p1a: Charizard|Charizard|Charizardite X","|move|p1a: Charizard|Flare Blitz|p2a: Forretress","|-supereffective|p2a: Forretress","|-ability|p2a: Forretress|Sturdy","|-damage|p2a: Forretress|1/353","|-damage|p1a: Charizard|191/307|[from] recoil|[of] p2a: Forretress","|move|p2a: Forretress|Stealth Rock|p1a: Charizard","|-sidestart|p1: knigkt|move: Stealth Rock","|","|turn|2","|-enditem|p2a: Forretress|Custap Berry|[eat]","|-activate|p2a: Forretress|Custap Berry","|","|switch|p1a: Skarmory|Skarmory, F|333/333","|-damage|p1a: Skarmory|292/333|[from] Stealth Rock","|move|p2a: Forretress|Explosion|p1a: Skarmory","|-resisted|p1a: Skarmory","|-damage|p1a: Skarmory|242/333","|faint|p2a: Forretress","|","|","|switch|p2a: Genesect|Genesect|283/283","|-boost|p2a: Genesect|spa|1|[from] ability: Download","|turn|3","|","|switch|p1a: Gyarados|Gyarados, F|394/394","|-damage|p1a: Gyarados|296/394|[from] Stealth Rock","|-ability|p1a: Gyarados|Intimidate","|-unboost|p2a: Genesect|atk|1","|move|p2a: Genesect|Techno Blast|p1a: Gyarados","|-damage|p1a: Gyarados|144/394","|","|-heal|p1a: Gyarados|168/394|[from] item: Leftovers","|turn|4","|","|move|p2a: Genesect|Techno Blast|p1a: Gyarados","|-damage|p1a: Gyarados|11/394","|move|p1a: Gyarados|Thunder Wave|p2a: Genesect","|-status|p2a: Genesect|par","|","|-heal|p1a: Gyarados|35/394|[from] item: Leftovers","|turn|5","|","|move|p1a: Gyarados|Waterfall|p2a: Genesect","|-damage|p2a: Genesect|160/283 par","|move|p2a: Genesect|Techno Blast|p1a: Gyarados","|-damage|p1a: Gyarados|0 fnt","|faint|p1a: Gyarados","|","|","|switch|p1a: Landorus|Landorus, M|319/319","|-damage|p1a: Landorus|280/319|[from] Stealth Rock","|turn|6","|","|move|p1a: Landorus|Earth Power|p2a: Genesect","|-damage|p2a: Genesect|0 fnt","|faint|p2a: Genesect","|","|","|switch|p2a: Heracross|Heracross, M|301/301","|turn|7","|","|move|p2a: Heracross|Knock Off|p1a: Landorus","|-damage|p1a: Landorus|149/319","|-enditem|p1a: Landorus|Life Orb|[from] move: Knock Off|[of] p2a: Heracross","|move|p1a: Landorus|Sludge Wave|p2a: Heracross","|-damage|p2a: Heracross|157/301","|","|turn|8","|","|switch|p1a: Skarmory|Skarmory, F|242/333","|-damage|p1a: Skarmory|201/333|[from] Stealth Rock","|move|p2a: Heracross|Knock Off|p1a: Skarmory","|-damage|p1a: Skarmory|138/333","|-damage|p2a: Heracross|107/301|[from] item: Rocky Helmet|[of] p1a: Skarmory","|-enditem|p1a: Skarmory|Rocky Helmet|[from] move: Knock Off|[of] p2a: Heracross","|","|turn|9","|","|switch|p2a: Galvantula|Galvantula, M|281/281","|move|p1a: Skarmory|Roost|p1a: Skarmory","|-heal|p1a: Skarmory|305/333","|","|turn|10","|","|switch|p1a: Charizard|Charizard-Mega-X, M|191/307","|-damage|p1a: Charizard|115/307|[from] Stealth Rock","|move|p2a: Galvantula|Volt Switch|p1a: Charizard","|-resisted|p1a: Charizard","|-damage|p1a: Charizard|58/307","|","|switch|p2a: Pinsir|Pinsir, F|333/333","|","|turn|11","|","|move|p2a: Pinsir|Quick Attack|p1a: Charizard","|-damage|p1a: Charizard|10/307","|move|p1a: Charizard|Flare Blitz|p2a: Pinsir","|-supereffective|p2a: Pinsir","|-damage|p2a: Pinsir|0 fnt","|-damage|p1a: Charizard|0 fnt|[from] recoil|[of] p2a: Pinsir","|faint|p2a: Pinsir","|faint|p1a: Charizard","|","|","|switch|p2a: Heracross|Heracross, M|107/301","|switch|p1a: Togekiss|Togekiss, M|311/311","|-damage|p1a: Togekiss|234/311|[from] Stealth Rock","|turn|12","|","|switch|p2a: Vespiquen|Vespiquen, F|343/343","|-ability|p2a: Vespiquen|Pressure","|switch|p1a: Skarmory|Skarmory, F|305/333","|-damage|p1a: Skarmory|264/333|[from] Stealth Rock","|","|turn|13","|","|move|p1a: Skarmory|Defog|p2a: Vespiquen","|-unboost|p2a: Vespiquen|evasion|1","|-sideend|p1: knigkt|Stealth Rock|[from] move: Defog|[of] p1a: Skarmory","|move|p2a: Vespiquen|Infestation|p1a: Skarmory","|-resisted|p1a: Skarmory","|-damage|p1a: Skarmory|257/333","|-activate|p1a: Skarmory|move: Infestation|[of] p2a: Vespiquen","|","|-damage|p1a: Skarmory|216/333|[from] move: Infestation|[partiallytrapped]","|turn|14","|","|move|p1a: Skarmory|Stealth Rock|p2a: Vespiquen","|-sidestart|p2: LightOfAKnowing|move: Stealth Rock","|move|p2a: Vespiquen|Defend Order|p2a: Vespiquen","|-boost|p2a: Vespiquen|def|1","|-boost|p2a: Vespiquen|spd|1","|","|-damage|p1a: Skarmory|175/333|[from] move: Infestation|[partiallytrapped]","|turn|15","|","|move|p1a: Skarmory|Roost|p1a: Skarmory","|-heal|p1a: Skarmory|333/333","|move|p2a: Vespiquen|Defend Order|p2a: Vespiquen","|-boost|p2a: Vespiquen|def|1","|-boost|p2a: Vespiquen|spd|1","|","|-damage|p1a: Skarmory|292/333|[from] move: Infestation|[partiallytrapped]","|turn|16","|","|move|p1a: Skarmory|Brave Bird|p2a: Vespiquen","|-supereffective|p2a: Vespiquen","|-damage|p2a: Vespiquen|217/343","|-damage|p1a: Skarmory|250/333|[from] recoil|[of] p2a: Vespiquen","|move|p2a: Vespiquen|Defend Order|p2a: Vespiquen","|-boost|p2a: Vespiquen|def|1","|-boost|p2a: Vespiquen|spd|1","|","|-damage|p1a: Skarmory|209/333|[from] move: Infestation|[partiallytrapped]","|turn|17","|","|move|p1a: Skarmory|Brave Bird|p2a: Vespiquen","|-supereffective|p2a: Vespiquen","|-damage|p2a: Vespiquen|119/343","|-damage|p1a: Skarmory|177/333|[from] recoil|[of] p2a: Vespiquen","|move|p2a: Vespiquen|Roost|p2a: Vespiquen","|-heal|p2a: Vespiquen|291/343","|","|-end|p1a: Skarmory|Infestation|[partiallytrapped]","|turn|18","|","|move|p1a: Skarmory|Brave Bird|p2a: Vespiquen","|-supereffective|p2a: Vespiquen","|-damage|p2a: Vespiquen|187/343","|-damage|p1a: Skarmory|143/333|[from] recoil|[of] p2a: Vespiquen","|move|p2a: Vespiquen|Infestation|p1a: Skarmory","|-resisted|p1a: Skarmory","|-damage|p1a: Skarmory|136/333","|-activate|p1a: Skarmory|move: Infestation|[of] p2a: Vespiquen","|","|-damage|p1a: Skarmory|95/333|[from] move: Infestation|[partiallytrapped]","|turn|19","|","|move|p1a: Skarmory|Brave Bird|p2a: Vespiquen","|-supereffective|p2a: Vespiquen","|-damage|p2a: Vespiquen|77/343","|-damage|p1a: Skarmory|59/333|[from] recoil|[of] p2a: Vespiquen","|move|p2a: Vespiquen|Mud-Slap|p1a: Skarmory","|-immune|p1a: Skarmory|[msg]","|","|-damage|p1a: Skarmory|18/333|[from] move: Infestation|[partiallytrapped]","|turn|20","|","|move|p1a: Skarmory|Brave Bird|p2a: Vespiquen","|-supereffective|p2a: Vespiquen","|-damage|p2a: Vespiquen|0 fnt","|-damage|p1a: Skarmory|0 fnt|[from] recoil|[of] p2a: Vespiquen","|faint|p2a: Vespiquen","|faint|p1a: Skarmory","|","|","|switch|p1a: Thundurus|Thundurus, M|299/299","|switch|p2a: Galvantula|Galvantula, M|281/281","|-damage|p2a: Galvantula|211/281|[from] Stealth Rock","|turn|21","|","|move|p1a: Thundurus|Hidden Power|p2a: Galvantula","|-damage|p2a: Galvantula|69/281","|-damage|p1a: Thundurus|270/299|[from] item: Life Orb","|move|p2a: Galvantula|Bug Buzz|p1a: Thundurus","|-resisted|p1a: Thundurus","|-damage|p1a: Thundurus|153/299","|","|turn|22","|","|move|p2a: Galvantula|Sucker Punch|p1a: Thundurus","|-damage|p1a: Thundurus|81/299","|move|p1a: Thundurus|Hidden Power|p2a: Galvantula","|-damage|p2a: Galvantula|0 fnt","|-damage|p1a: Thundurus|52/299|[from] item: Life Orb","|faint|p2a: Galvantula","|","|","|switch|p2a: Heracross|Heracross, M|107/301","|-damage|p2a: Heracross|70/301|[from] Stealth Rock","|turn|23","|","|move|p1a: Thundurus|Thunder Wave|p2a: Heracross","|-status|p2a: Heracross|par","|move|p2a: Heracross|Knock Off|p1a: Thundurus","|-damage|p1a: Thundurus|0 fnt","|-enditem|p1a: Thundurus|Life Orb|[from] move: Knock Off|[of] p2a: Heracross","|faint|p1a: Thundurus","|-boost|p2a: Heracross|atk|1|[from] ability: Moxie","|","|","|switch|p1a: Togekiss|Togekiss, M|234/311","|turn|24","|","|move|p1a: Togekiss|Dazzling Gleam|p2a: Heracross","|-supereffective|p2a: Heracross","|-damage|p2a: Heracross|0 fnt","|faint|p2a: Heracross","|","|win|knigkt"],"p1rating":{"entryid":"7028899","serverid":"eos","formatid":"monotype","userid":"knigkt","username":"Knigkt","w":26,"l":"1","t":"0","gxe":81.7,"r":"1774.632858579","rd":"71.432290590583","sigma":"0","rptime":"1439283600","rpr":1786.60573798,"rprd":69.56840117705,"rpsigma":"0","acre":1432.9737448294,"lacre":1432.9737448294,"oldacre":"1425.3511433165"},"p2rating":{"entryid":"6481865","serverid":"eos","formatid":"monotype","userid":"lightofaknowing","username":"Light-Of-A-Knowing","w":"132","l":171,"t":"0","gxe":43.2,"r":"1450.3223812083","rd":"28.139889173835","sigma":"0","rptime":"1439283600","rpr":1448.0388448268,"rprd":28.017570484869,"rpsigma":"0","acre":1164.567397956,"lacre":1164.567397956,"oldacre":"1174.0956498472"},"endType":"normal"}