{"seed":[11950,62287,9970,9097],"turns":27,"p1":"Lazulite Leavanny","p2":"Tahit","p1team":[{"name":"Forretress","species":"Forretress","item":"redcard","ability":"Sturdy","moves":["toxicspikes","stealthrock","rapidspin","spikes"],"nature":"Bold","evs":{"hp":248,"atk":0,"def":252,"spa":0,"spd":8,"spe":0},"gender":"F","ivs":{"hp":31,"atk":31,"def":31,"spa":31,"spd":31,"spe":31}},{"name":"Scolipede","species":"Scolipede","item":"focussash","ability":"Speed Boost","moves":["protect","agility","batonpass","steamroller"],"nature":"Adamant","evs":{"hp":0,"atk":252,"def":0,"spa":0,"spd":4,"spe":252},"ivs":{"hp":31,"atk":31,"def":31,"spa":31,"spd":31,"spe":31}},{"name":"Volcarona","species":"Volcarona","item":"leftovers","ability":"Flame Body","moves":["quiverdance","fierydance","bugbuzz","roost"],"nature":"Bold","evs":{"hp":252,"atk":0,"def":204,"spa":0,"spd":0,"spe":52},"ivs":{"hp":31,"atk":31,"def":31,"spa":31,"spd":31,"spe":31}},{"name":"Galvantula","species":"Galvantula","item":"focussash","ability":"Compound Eyes","moves":["attract","thunder","bugbuzz","energyball"],"nature":"Timid","evs":{"hp":0,"atk":0,"def":0,"spa":252,"spd":4,"spe":252},"gender":"F","ivs":{"hp":31,"atk":31,"def":31,"spa":31,"spd":31,"spe":31}},{"name":"Pinsir","species":"Pinsir","item":"pinsirite","ability":"Moxie","moves":["frustration","quickattack","earthquake","xscissor"],"nature":"Adamant","evs":{"hp":248,"atk":252,"def":0,"spa":0,"spd":8,"spe":0},"gender":"F","happiness":0,"ivs":{"hp":31,"atk":31,"def":31,"spa":31,"spd":31,"spe":31}},{"name":"Crustle","species":"Crustle","item":"liechiberry","ability":"Sturdy","moves":["shellsmash","xscissor","stoneedge","earthquake"],"nature":"Adamant","evs":{"hp":0,"atk":252,"def":0,"spa":0,"spd":4,"spe":252},"ivs":{"hp":31,"atk":31,"def":31,"spa":31,"spd":31,"spe":31}}],"p2team":[{"name":"Skarmory","species":"Skarmory","item":"rockyhelmet","ability":"Sturdy","moves":["roost","stealthrock","bravebird","defog"],"nature":"Careful","evs":{"hp":4,"atk":0,"def":252,"spa":0,"spd":252,"spe":0},"ivs":{"hp":31,"atk":31,"def":31,"spa":31,"spd":31,"spe":31}},{"name":"Excadrill","species":"Excadrill","item":"airballoon","ability":"Mold Breaker","moves":["earthquake","ironhead","rockslide","rapidspin"],"nature":"Adamant","evs":{"hp":0,"atk":252,"def":4,"spa":0,"spd":0,"spe":252},"gender":"M","ivs":{"hp":29,"atk":31,"def":31,"spa":31,"spd":31,"spe":31}},{"name":"Heatran","species":"Heatran","item":"leftovers","ability":"Flash Fire","moves":["stealthrock","lavaplume","toxic","protect"],"nature":"Calm","evs":{"hp":252,"atk":0,"def":4,"spa":0,"spd":252,"spe":0},"ivs":{"hp":31,"atk":31,"def":31,"spa":31,"spd":31,"spe":31}},{"name":"Ferrothorn","species":"Ferrothorn","item":"rockyhelmet","ability":"Iron Barbs","moves":["leechseed","stealthrock","thunderwave","gyroball"],"nature":"Relaxed","evs":{"hp":252,"atk":0,"def":4,"spa":0,"spd":252,"spe":0},"ivs":{"hp":31,"atk":31,"def":31,"spa":31,"spd":31,"spe":0}},{"name":"Aggron","species":"Aggron","item":"aggronite","ability":"Sturdy","moves":["confide","facade","stoneedge","heavyslam"],"nature":"Careful","evs":{"hp":252,"atk":0,"def":4,"spa":0,"spd":252,"spe":0},"ivs":{"hp":31,"atk":31,"def":31,"spa":31,"spd":31,"spe":31}},{"name":"Jirachi","species":"Jirachi","item":"leftovers","ability":"Serene Grace","moves":["ancientpower","ironhead","zenheadbutt","bodyslam"],"nature":"Relaxed","evs":{"hp":252,"atk":0,"def":124,"spa":0,"spd":132,"spe":0},"ivs":{"hp":31,"atk":31,"def":31,"spa":31,"spd":31,"spe":31}}],"log":["|player|p1|Lazulite Leavanny|290","|player|p2|Tahit|169","|gametype|singles","|gen|6","|tier|Monotype","|rated","|rule|Baton Pass Clause: Limit one Baton Passer, can't pass Spe and other stats simultaneously","|rule|Swagger Clause: Swagger is banned","|rule|Same Type Clause: Pokémon in a team must share a type","|clearpoke","|poke|p1|Forretress, F","|poke|p1|Scolipede, F","|poke|p1|Volcarona, M","|poke|p1|Galvantula, F","|poke|p1|Pinsir, F","|poke|p1|Crustle, F","|poke|p2|Skarmory, M","|poke|p2|Excadrill, M","|poke|p2|Heatran, F","|poke|p2|Ferrothorn, M","|poke|p2|Aggron, M","|poke|p2|Jirachi","|rule|Sleep Clause Mod: Limit one foe put to sleep","|rule|Species Clause: Limit one of each Pokémon","|rule|OHKO Clause: OHKO moves are banned","|rule|Moody Clause: Moody is banned","|rule|Evasion Moves Clause: Evasion moves are banned","|rule|Endless Battle Clause: Forcing endless battles is banned","|rule|HP Percentage Mod: HP is shown in percentages","|teampreview","|","|start","|switch|p1a: Volcarona|Volcarona, M|374/374","|switch|p2a: Skarmory|Skarmory, M|272/272","|turn|1","|","|move|p1a: Volcarona|Quiver Dance|p1a: Volcarona","|-boost|p1a: Volcarona|spa|1","|-boost|p1a: Volcarona|spd|1","|-boost|p1a: Volcarona|spe|1","|move|p2a: Skarmory|Stealth Rock|p1a: Volcarona","|-sidestart|p1: Lazulite Leavanny|move: Stealth Rock","|","|turn|2","|","|move|p1a: Volcarona|Fiery Dance|p2a: Skarmory","|-supereffective|p2a: Skarmory","|-ability|p2a: Skarmory|Sturdy","|-damage|p2a: Skarmory|1/272","|-boost|p1a: Volcarona|spa|1","|move|p2a: Skarmory|Brave Bird|p1a: Volcarona","|-supereffective|p1a: Volcarona","|-damage|p1a: Volcarona|156/374","|-damage|p2a: Skarmory|0 fnt|[from] recoil|[of] p1a: Volcarona","|faint|p2a: Skarmory","|","|-heal|p1a: Volcarona|179/374|[from] item: Leftovers","|","|switch|p2a: Ferrothorn|Ferrothorn, M|352/352","|turn|3","|","|switch|p2a: Heatran|Heatran, F|386/386","|move|p1a: Volcarona|Fiery Dance|p2a: Heatran","|-start|p2a: Heatran|ability: Flash Fire","|","|-heal|p1a: Volcarona|202/374|[from] item: Leftovers","|turn|4","|","|move|p1a: Volcarona|Quiver Dance|p1a: Volcarona","|-boost|p1a: Volcarona|spa|1","|-boost|p1a: Volcarona|spd|1","|-boost|p1a: Volcarona|spe|1","|move|p2a: Heatran|Lava Plume|p1a: Volcarona","|-damage|p1a: Volcarona|120/374","|","|-heal|p1a: Volcarona|143/374|[from] item: Leftovers","|turn|5","|","|move|p1a: Volcarona|Roost|p1a: Volcarona","|-heal|p1a: Volcarona|330/374","|move|p2a: Heatran|Toxic|p1a: Volcarona","|-status|p1a: Volcarona|tox","|","|-heal|p1a: Volcarona|353/374 tox|[from] item: Leftovers","|-damage|p1a: Volcarona|330/374 tox|[from] psn","|turn|6","|","|move|p1a: Volcarona|Bug Buzz|p2a: Heatran","|-resisted|p2a: Heatran","|-damage|p2a: Heatran|328/386","|move|p2a: Heatran|Lava Plume|p1a: Volcarona","|-damage|p1a: Volcarona|251/374 tox","|","|-heal|p1a: Volcarona|274/374 tox|[from] item: Leftovers","|-heal|p2a: Heatran|352/386|[from] item: Leftovers","|-damage|p1a: Volcarona|228/374 tox|[from] psn","|turn|7","|","|move|p1a: Volcarona|Bug Buzz|p2a: Heatran","|-resisted|p2a: Heatran","|-damage|p2a: Heatran|291/386","|move|p2a: Heatran|Lava Plume|p1a: Volcarona","|-damage|p1a: Volcarona|135/374 tox","|","|-heal|p1a: Volcarona|158/374 tox|[from] item: Leftovers","|-heal|p2a: Heatran|315/386|[from] item: Leftovers","|-damage|p1a: Volcarona|89/374 tox|[from] psn","|turn|8","|","|move|p1a: Volcarona|Bug Buzz|p2a: Heatran","|-resisted|p2a: Heatran","|-damage|p2a: Heatran|254/386","|move|p2a: Heatran|Lava Plume|p1a: Volcarona","|-damage|p1a: Volcarona|8/374 tox","|","|-heal|p1a: Volcarona|31/374 tox|[from] item: Leftovers","|-heal|p2a: Heatran|278/386|[from] item: Leftovers","|-damage|p1a: Volcarona|0 fnt|[from] psn","|faint|p1a: Volcarona","|","|switch|p1a: Crustle|Crustle, F|281/281","|-damage|p1a: Crustle|211/281|[from] Stealth Rock","|turn|9","|","|move|p2a: Heatran|Protect|p2a: Heatran","|-singleturn|p2a: Heatran|Protect","|move|p1a: Crustle|Shell Smash|p1a: Crustle","|-unboost|p1a: Crustle|def|1","|-unboost|p1a: Crustle|spd|1","|-boost|p1a: Crustle|atk|2","|-boost|p1a: Crustle|spa|2","|-boost|p1a: Crustle|spe|2","|","|-heal|p2a: Heatran|302/386|[from] item: Leftovers","|turn|10","|","|move|p1a: Crustle|Earthquake|p2a: Heatran","|-supereffective|p2a: Heatran","|-damage|p2a: Heatran|0 fnt","|faint|p2a: Heatran","|","|","|switch|p2a: Aggron|Aggron, M|344/344","|turn|11","|","|detailschange|p2a: Aggron|Aggron-Mega, M","|-mega|p2a: Aggron|Aggron|Aggronite","|move|p1a: Crustle|Earthquake|p2a: Aggron","|-supereffective|p2a: Aggron","|-damage|p2a: Aggron|199/344","|move|p2a: Aggron|Heavy Slam|p1a: Crustle","|-supereffective|p1a: Crustle","|-damage|p1a: Crustle|41/281","|-enditem|p1a: Crustle|Liechi Berry|[eat]","|-boost|p1a: Crustle|atk|1|[from] item: Liechi Berry","|","|turn|12","|","|move|p1a: Crustle|Earthquake|p2a: Aggron","|-supereffective|p2a: Aggron","|-damage|p2a: Aggron|13/344","|move|p2a: Aggron|Stone Edge|p1a: Crustle","|-crit|p1a: Crustle","|-supereffective|p1a: Crustle","|-damage|p1a: Crustle|0 fnt","|faint|p1a: Crustle","|","|","|switch|p1a: Pinsir|Pinsir, F|333/333","|-damage|p1a: Pinsir|250/333|[from] Stealth Rock","|turn|13","|","|detailschange|p1a: Pinsir|Pinsir-Mega, F","|-mega|p1a: Pinsir|Pinsir|Pinsirite","|move|p1a: Pinsir|Earthquake|p2a: Aggron","|-supereffective|p2a: Aggron","|-damage|p2a: Aggron|0 fnt","|faint|p2a: Aggron","|","|","|switch|p2a: Jirachi|Jirachi|404/404","|turn|14","|","|move|p1a: Pinsir|Earthquake|p2a: Jirachi","|-crit|p2a: Jirachi","|-supereffective|p2a: Jirachi","|-damage|p2a: Jirachi|38/404","|move|p2a: Jirachi|Ancient Power|p1a: Pinsir","|-supereffective|p1a: Pinsir","|-damage|p1a: Pinsir|50/333","|","|-heal|p2a: Jirachi|63/404|[from] item: Leftovers","|turn|15","|","|move|p1a: Pinsir|Earthquake|p2a: Jirachi","|-supereffective|p2a: Jirachi","|-damage|p2a: Jirachi|0 fnt","|faint|p2a: Jirachi","|","|","|switch|p2a: Excadrill|Excadrill, M|359/359","|-ability|p2a: Excadrill|Mold Breaker","|-item|p2a: Excadrill|Air Balloon","|turn|16","|","|move|p2a: Excadrill|Rock Slide|p1a: Pinsir","|-supereffective|p1a: Pinsir","|-damage|p1a: Pinsir|0 fnt","|faint|p1a: Pinsir","|","|","|switch|p1a: Forretress|Forretress, F|353/353","|-damage|p1a: Forretress|309/353|[from] Stealth Rock","|turn|17","|","|move|p2a: Excadrill|Iron Head|p1a: Forretress","|-resisted|p1a: Forretress","|-damage|p1a: Forretress|263/353","|-enditem|p1a: Forretress|Red Card|[of] p2a: Excadrill","|drag|p2a: Ferrothorn|Ferrothorn, M|352/352","|move|p1a: Forretress|Stealth Rock|p2a: Ferrothorn","|-sidestart|p2: Tahit|move: Stealth Rock","|","|turn|18","|","|move|p1a: Forretress|Spikes|p2a: Ferrothorn","|-sidestart|p2: Tahit|Spikes","|move|p2a: Ferrothorn|Thunder Wave|p1a: Forretress","|-status|p1a: Forretress|par","|","|turn|19","|","|move|p2a: Ferrothorn|Leech Seed|p1a: Forretress","|-start|p1a: Forretress|move: Leech Seed","|move|p1a: Forretress|Spikes|p2a: Ferrothorn","|-sidestart|p2: Tahit|Spikes","|","|-damage|p1a: Forretress|219/353 par|[from] Leech Seed|[of] p2a: Ferrothorn","|turn|20","|","|move|p2a: Ferrothorn|Gyro Ball|p1a: Forretress","|-resisted|p1a: Forretress","|-damage|p1a: Forretress|213/353 par","|move|p1a: Forretress|Spikes|p2a: Ferrothorn","|-sidestart|p2: Tahit|Spikes","|","|-damage|p1a: Forretress|169/353 par|[from] Leech Seed|[of] p2a: Ferrothorn","|turn|21","|","|move|p2a: Ferrothorn|Stealth Rock|p1a: Forretress","|-fail|p1a: Forretress","|cant|p1a: Forretress|par","|","|-damage|p1a: Forretress|125/353 par|[from] Leech Seed|[of] p2a: Ferrothorn","|turn|22","|","|move|p2a: Ferrothorn|Stealth Rock|p1a: Forretress","|-fail|p1a: Forretress","|move|p1a: Forretress|Rapid Spin|p2a: Ferrothorn","|-resisted|p2a: Ferrothorn","|-damage|p2a: Ferrothorn|348/352","|-damage|p1a: Forretress|81/353 par|[from] ability: Iron Barbs|[of] p2a: Ferrothorn","|-damage|p1a: Forretress|23/353 par|[from] item: Rocky Helmet|[of] p2a: Ferrothorn","|-end|p1a: Forretress|Leech Seed|[from] move: Rapid Spin|[of] p1a: Forretress","|-sideend|p1: Lazulite Leavanny|Stealth Rock|[from] move: Rapid Spin|[of] p1a: Forretress","|","|turn|23","|","|move|p2a: Ferrothorn|Leech Seed|p1a: Forretress","|-start|p1a: Forretress|move: Leech Seed","|move|p1a: Forretress|Rapid Spin|p2a: Ferrothorn","|-resisted|p2a: Ferrothorn","|-damage|p2a: Ferrothorn|344/352","|-damage|p1a: Forretress|0 fnt|[from] ability: Iron Barbs|[of] p2a: Ferrothorn","|faint|p1a: Forretress","|","|","|switch|p1a: Scolipede|Scolipede, F|261/261","|turn|24","|","|move|p1a: Scolipede|Protect|p1a: Scolipede","|-singleturn|p1a: Scolipede|Protect","|move|p2a: Ferrothorn|Thunder Wave|p1a: Scolipede","|-activate|p1a: Scolipede|Protect","|","|-boost|p1a: Scolipede|spe|1|[from] ability: Speed Boost","|turn|25","|","|move|p1a: Scolipede|Agility|p1a: Scolipede","|-boost|p1a: Scolipede|spe|2","|move|p2a: Ferrothorn|Thunder Wave|p1a: Scolipede","|-status|p1a: Scolipede|par","|","|-boost|p1a: Scolipede|spe|1|[from] ability: Speed Boost","|turn|26","|","|move|p1a: Scolipede|Agility|p1a: Scolipede","|-boost|p1a: Scolipede|spe|2","|move|p2a: Ferrothorn|Leech Seed|p1a: Scolipede","|-start|p1a: Scolipede|move: Leech Seed","|","|-damage|p1a: Scolipede|229/261 par|[from] Leech Seed|[of] p2a: Ferrothorn","|-heal|p2a: Ferrothorn|352/352|[silent]","|turn|27","|","|win|Tahit"],"p1rating":{"entryid":"7549999","serverid":"eos","formatid":"monotype","userid":"lazuliteleavanny","username":"Lazulite Leavanny","w":"2","l":2,"t":"0","gxe":51.4,"r":"1551.195063629","rd":"122.13325259017","sigma":"0","rptime":"1439283600","rpr":1510.957631809,"rprd":106.41759090035,"rpsigma":"0","acre":1046.5496574865,"lacre":1046.5496574865,"oldacre":"1071.4744501759"},"p2rating":{"entryid":"7556594","serverid":"eos","formatid":"monotype","userid":"tahit","username":"Tahit","w":1,"l":"2","t":"0","gxe":48.4,"r":"1500","rd":"130","sigma":"0","rptime":"1439283600","rpr":1487.1678000953,"rprd":111.19134738093,"rpsigma":"0","acre":1048.1146492497,"lacre":1048.1146492497,"oldacre":"1000"},"endType":"forfeit"}