{"seed":[35986,57238,30983,2814],"turns":24,"p1":"Kre8noyz","p2":"GTX♅RyanRotom12","p1team":[{"name":"Swampert","species":"Swampert","item":"focussash","ability":"Damp","moves":["earthquake","brickbreak","icepunch","counter"],"nature":"Impish","evs":{"hp":8,"atk":252,"def":0,"spa":0,"spd":0,"spe":248},"happiness":0,"ivs":{"hp":31,"atk":31,"def":31,"spa":31,"spd":31,"spe":31}},{"name":"Starmie","species":"Starmie","item":"leftovers","ability":"Natural Cure","moves":["rapidspin","signalbeam","psychic","reflecttype"],"nature":"Timid","evs":{"hp":0,"atk":0,"def":4,"spa":188,"spd":64,"spe":252},"ivs":{"hp":31,"atk":31,"def":31,"spa":31,"spd":31,"spe":31}},{"name":"Keldeo-Resolute","species":"Keldeo-Resolute","item":"leftovers","ability":"Justified","moves":["surf","secretsword","hiddenpowerflying","calmmind"],"nature":"Timid","evs":{"hp":0,"atk":4,"def":0,"spa":252,"spd":0,"spe":252},"ivs":{"hp":30,"atk":30,"def":30,"spa":30,"spd":30,"spe":31}},{"name":"Politoed","species":"Politoed","item":"leftovers","ability":"Drizzle","moves":["endeavor","hypnosis","perishsong","scald"],"nature":"","evs":{"hp":0,"atk":0,"def":252,"spa":0,"spd":252,"spe":4},"ivs":{"hp":31,"atk":31,"def":31,"spa":31,"spd":31,"spe":31}},{"name":"Lapras","species":"Lapras","item":"leftovers","ability":"Hydration","moves":["raindance","confuseray","freezedry","surf"],"nature":"Timid","evs":{"hp":0,"atk":0,"def":4,"spa":252,"spd":0,"spe":252},"ivs":{"hp":31,"atk":31,"def":31,"spa":31,"spd":31,"spe":31}},{"name":"Kingdra","species":"Kingdra","item":"lifeorb","ability":"Swift Swim","moves":["clearsmog","dragonpulse","scald","raindance"],"nature":"","evs":{"hp":4,"atk":0,"def":0,"spa":252,"spd":0,"spe":252},"ivs":{"hp":31,"atk":31,"def":31,"spa":31,"spd":31,"spe":31}}],"p2team":[{"name":"Roserade","species":"Roserade","item":"choicescarf","ability":"Natural Cure","moves":["petaldance","weatherball","shadowball","sludgebomb"],"nature":"Timid","evs":{"hp":0,"atk":0,"def":0,"spa":252,"spd":4,"spe":252},"ivs":{"hp":31,"atk":31,"def":31,"spa":31,"spd":31,"spe":31}},{"name":"Tropius","species":"Tropius","item":"heatrock","ability":"Solar Power","moves":["sunnyday","solarbeam","airslash","synthesis"],"nature":"Modest","evs":{"hp":248,"atk":0,"def":0,"spa":252,"spd":8,"spe":0},"ivs":{"hp":31,"atk":31,"def":31,"spa":31,"spd":31,"spe":31}},{"name":"Breloom","species":"Breloom","item":"focussash","ability":"Effect Spore","moves":["spore","stoneedge","drainpunch","machpunch"],"nature":"Adamant","evs":{"hp":248,"atk":252,"def":0,"spa":0,"spd":8,"spe":0},"ivs":{"hp":31,"atk":31,"def":31,"spa":31,"spd":31,"spe":31}},{"name":"Tangrowth","species":"Tangrowth","item":"salacberry","ability":"Regenerator","moves":["powerwhip","earthquake","sludgebomb","focusblast"],"nature":"Rash","evs":{"hp":248,"atk":8,"def":0,"spa":252,"spd":0,"spe":0},"ivs":{"hp":31,"atk":31,"def":31,"spa":31,"spd":31,"spe":31}},{"name":"Leafeon","species":"Leafeon","item":"yacheberry","ability":"Leaf Guard","moves":["leafblade","xscissor","quickattack","swordsdance"],"nature":"Adamant","evs":{"hp":248,"atk":252,"def":0,"spa":0,"spd":8,"spe":0},"ivs":{"hp":31,"atk":31,"def":31,"spa":31,"spd":31,"spe":31}},{"name":"Torterra","species":"Torterra","item":"choiceband","ability":"Shell Armor","moves":["woodhammer","earthquake","outrage","stoneedge"],"nature":"Adamant","evs":{"hp":248,"atk":252,"def":0,"spa":0,"spd":8,"spe":0},"ivs":{"hp":31,"atk":31,"def":31,"spa":31,"spd":31,"spe":31}}],"log":["|player|p1|Kre8noyz|163","|player|p2|GTX♅RyanRotom12|161","|gametype|singles","|gen|6","|tier|Monotype","|rated","|rule|Baton Pass Clause: Limit one Baton Passer, can't pass Spe and other stats simultaneously","|rule|Swagger Clause: Swagger is banned","|rule|Same Type Clause: Pokémon in a team must share a type","|clearpoke","|poke|p1|Swampert, F","|poke|p1|Starmie","|poke|p1|Keldeo-Resolute","|poke|p1|Politoed, M","|poke|p1|Lapras, M","|poke|p1|Kingdra, F","|poke|p2|Roserade, F","|poke|p2|Tropius, M","|poke|p2|Breloom, M","|poke|p2|Tangrowth, M","|poke|p2|Leafeon, M","|poke|p2|Torterra, F","|rule|Sleep Clause Mod: Limit one foe put to sleep","|rule|Species Clause: Limit one of each Pokémon","|rule|OHKO Clause: OHKO moves are banned","|rule|Moody Clause: Moody is banned","|rule|Evasion Moves Clause: Evasion moves are banned","|rule|Endless Battle Clause: Forcing endless battles is banned","|rule|HP Percentage Mod: HP is shown in percentages","|teampreview","|","|start","|switch|p1a: Politoed|Politoed, M|321/321","|switch|p2a: Breloom|Breloom, M|323/323","|-weather|RainDance","|turn|1","|","|switch|p1a: Lapras|Lapras, M|401/401","|move|p2a: Breloom|Spore|p1a: Lapras","|-status|p1a: Lapras|slp","|","|-weather|RainDance|[upkeep]","|-curestatus|p1a: Lapras|slp","|turn|2","|","|move|p2a: Breloom|Mach Punch|p1a: Lapras","|-supereffective|p1a: Lapras","|-damage|p1a: Lapras|215/401","|move|p1a: Lapras|Freeze-Dry|p2a: Breloom","|-supereffective|p2a: Breloom","|-damage|p2a: Breloom|65/323","|","|-weather|RainDance|[upkeep]","|-heal|p1a: Lapras|240/401|[from] item: Leftovers","|turn|3","|","|switch|p1a: Kingdra|Kingdra, F|292/292","|move|p2a: Breloom|Drain Punch|p1a: Kingdra","|-damage|p1a: Kingdra|151/292","|-heal|p2a: Breloom|136/323|[from] drain|[of] p1a: Kingdra","|","|-weather|RainDance|[upkeep]","|turn|4","|","|move|p1a: Kingdra|Dragon Pulse|p2a: Breloom","|-damage|p2a: Breloom|0 fnt","|-damage|p1a: Kingdra|122/292|[from] item: Life Orb","|faint|p2a: Breloom","|","|-weather|RainDance|[upkeep]","|","|switch|p2a: Torterra|Torterra, F|393/393","|turn|5","|","|move|p1a: Kingdra|Scald|p2a: Torterra","|-damage|p2a: Torterra|123/393","|-status|p2a: Torterra|brn","|-damage|p1a: Kingdra|93/292|[from] item: Life Orb","|move|p2a: Torterra|Outrage|p1a: Kingdra","|-supereffective|p1a: Kingdra","|-damage|p1a: Kingdra|0 fnt","|faint|p1a: Kingdra","|","|-weather|none","|-damage|p2a: Torterra|74/393 brn|[from] brn","|","|switch|p1a: Keldeo-Resolute|Keldeo-Resolute|322/322","|turn|6","|","|move|p1a: Keldeo-Resolute|Hidden Power|p2a: Torterra","|-supereffective|p2a: Torterra","|-damage|p2a: Torterra|0 fnt","|faint|p2a: Torterra","|","|","|switch|p2a: Leafeon|Leafeon, M|333/333","|turn|7","|","|move|p1a: Keldeo-Resolute|Hidden Power|p2a: Leafeon","|-supereffective|p2a: Leafeon","|-damage|p2a: Leafeon|137/333","|move|p2a: Leafeon|Leaf Blade|p1a: Keldeo-Resolute","|-supereffective|p1a: Keldeo-Resolute","|-damage|p1a: Keldeo-Resolute|0 fnt","|faint|p1a: Keldeo-Resolute","|","|","|switch|p1a: Starmie|Starmie|261/261","|turn|8","|","|move|p1a: Starmie|Reflect Type|p2a: Leafeon","|-start|p1a: Starmie|typechange|[from] move: Reflect Type|[of] p2a: Leafeon","|move|p2a: Leafeon|Leaf Blade|p1a: Starmie","|-resisted|p1a: Starmie","|-damage|p1a: Starmie|171/261","|","|-heal|p1a: Starmie|187/261|[from] item: Leftovers","|turn|9","|","|move|p1a: Starmie|Signal Beam|p2a: Leafeon","|-supereffective|p2a: Leafeon","|-damage|p2a: Leafeon|0 fnt","|faint|p2a: Leafeon","|","|-heal|p1a: Starmie|203/261|[from] item: Leftovers","|","|switch|p2a: Tropius|Tropius, M|401/401","|turn|10","|","|switch|p1a: Politoed|Politoed, M|321/321","|-weather|RainDance","|move|p2a: Tropius|Air Slash|p1a: Politoed","|-damage|p1a: Politoed|239/321","|","|-weather|RainDance|[upkeep]","|-heal|p1a: Politoed|259/321|[from] item: Leftovers","|turn|11","|","|move|p1a: Politoed|Hypnosis|p2a: Tropius","|-status|p2a: Tropius|slp","|cant|p2a: Tropius|slp","|","|-weather|RainDance|[upkeep]","|-heal|p1a: Politoed|279/321|[from] item: Leftovers","|turn|12","|","|switch|p1a: Lapras|Lapras, M|240/401","|cant|p2a: Tropius|slp","|","|-weather|RainDance|[upkeep]","|-heal|p1a: Lapras|265/401|[from] item: Leftovers","|turn|13","|","|move|p1a: Lapras|Freeze-Dry|p2a: Tropius","|-supereffective|p2a: Tropius","|-damage|p2a: Tropius|0 fnt","|faint|p2a: Tropius","|","|-weather|RainDance|[upkeep]","|-heal|p1a: Lapras|290/401|[from] item: Leftovers","|","|switch|p2a: Roserade|Roserade, F|261/261","|turn|14","|","|move|p2a: Roserade|Petal Dance|p1a: Lapras","|-supereffective|p1a: Lapras","|-damage|p1a: Lapras|0 fnt","|faint|p1a: Lapras","|","|-weather|none","|","|switch|p1a: Starmie|Starmie|203/261","|turn|15","|","|move|p2a: Roserade|Petal Dance|p1a: Starmie|[from]lockedmove","|-supereffective|p1a: Starmie","|-damage|p1a: Starmie|0 fnt","|faint|p1a: Starmie","|","|","|switch|p1a: Swampert|Swampert, F|343/343","|turn|16","|","|move|p2a: Roserade|Petal Dance|p1a: Swampert|[from]lockedmove","|-supereffective|p1a: Swampert","|-enditem|p1a: Swampert|Focus Sash","|-damage|p1a: Swampert|1/343","|-start|p2a: Roserade|confusion|[fatigue]","|move|p1a: Swampert|Ice Punch|p2a: Roserade","|-supereffective|p2a: Roserade","|-damage|p2a: Roserade|53/261","|","|turn|17","|","|-activate|p2a: Roserade|confusion","|move|p2a: Roserade|Petal Dance|p1a: Swampert","|-supereffective|p1a: Swampert","|-damage|p1a: Swampert|0 fnt","|faint|p1a: Swampert","|","|","|switch|p1a: Politoed|Politoed, M|279/321","|-weather|RainDance","|turn|18","|","|-activate|p2a: Roserade|confusion","|-damage|p2a: Roserade|22/261|[from] confusion","|move|p1a: Politoed|Hypnosis|p2a: Roserade","|-status|p2a: Roserade|slp","|","|-weather|RainDance|[upkeep]","|-heal|p1a: Politoed|299/321|[from] item: Leftovers","|turn|19","|","|cant|p2a: Roserade|slp","|move|p1a: Politoed|Scald|p2a: Roserade","|-crit|p2a: Roserade","|-resisted|p2a: Roserade","|-damage|p2a: Roserade|0 fnt","|faint|p2a: Roserade","|","|-weather|RainDance|[upkeep]","|-heal|p1a: Politoed|319/321|[from] item: Leftovers","|","|switch|p2a: Tangrowth|Tangrowth, M|403/403","|turn|20","|","|move|p1a: Politoed|Hypnosis|p2a: Tangrowth|[miss]","|-miss|p1a: Politoed|p2a: Tangrowth","|move|p2a: Tangrowth|Power Whip|p1a: Politoed","|-supereffective|p1a: Politoed","|-damage|p1a: Politoed|43/321","|","|-weather|RainDance|[upkeep]","|-heal|p1a: Politoed|63/321|[from] item: Leftovers","|turn|21","|","|move|p1a: Politoed|Hypnosis|p2a: Tangrowth","|-status|p2a: Tangrowth|slp","|cant|p2a: Tangrowth|slp","|","|-weather|RainDance|[upkeep]","|-heal|p1a: Politoed|83/321|[from] item: Leftovers","|turn|22","|","|move|p1a: Politoed|Endeavor|p2a: Tangrowth","|-damage|p2a: Tangrowth|83/403 slp","|-enditem|p2a: Tangrowth|Salac Berry|[eat]","|-boost|p2a: Tangrowth|spe|1|[from] item: Salac Berry","|cant|p2a: Tangrowth|slp","|","|-weather|none","|-heal|p1a: Politoed|103/321|[from] item: Leftovers","|turn|23","|","|cant|p2a: Tangrowth|slp","|move|p1a: Politoed|Scald|p2a: Tangrowth","|-resisted|p2a: Tangrowth","|-damage|p2a: Tangrowth|2/403 slp","|","|-heal|p1a: Politoed|123/321|[from] item: Leftovers","|turn|24","|","|-curestatus|p2a: Tangrowth|slp","|move|p2a: Tangrowth|Power Whip|p1a: Politoed","|-supereffective|p1a: Politoed","|-damage|p1a: Politoed|0 fnt","|faint|p1a: Politoed","|","|win|GTX♅RyanRotom12"],"p1rating":{"entryid":"6510480","serverid":"eos","formatid":"monotype","userid":"kre8noyz","username":"Kre8noyz","w":"42","l":59,"t":"0","gxe":42.3,"r":"1451.8832672718","rd":"40.359374953837","sigma":"0","rptime":"1439283600","rpr":1441.0032884159,"rprd":39.634428824784,"rpsigma":"0","acre":1037.0269775525,"lacre":1037.0269775525,"oldacre":"1055.2253273081"},"p2rating":{"entryid":"7561676","serverid":"eos","formatid":"monotype","userid":"gtxryanrotom12","username":"GTX♅RyanRotom12","w":3,"l":"3","t":"0","gxe":47.6,"r":"1500","rd":"130","sigma":"0","rptime":"1439283600","rpr":1481.4194964229,"rprd":98.493542770874,"rpsigma":"0","acre":1088.174630144,"lacre":1088.174630144,"oldacre":"1056.8490794443"},"endType":"normal"}