{"seed":[59474,52870,43916,3489],"turns":21,"p1":"WitchOfCaldia","p2":"Rain Hoot","p1team":[{"name":"Alakazam","species":"Alakazam","item":"lifeorb","ability":"Magic Guard","moves":["psychic","focusblast","shadowball","hiddenpowerice"],"nature":"Timid","evs":{"hp":0,"atk":0,"def":4,"spa":252,"spd":0,"spe":252},"ivs":{"atk":30,"def":30,"hp":31,"spe":31,"spa":31,"spd":31}},{"name":"Girafarig","species":"Girafarig","item":"lifeorb","ability":"Sap Sipper","moves":["nastyplot","batonpass","psychic","hypervoice"],"nature":"Timid","evs":{"hp":0,"atk":0,"def":0,"spa":252,"spd":4,"spe":252},"ivs":{"hp":31,"atk":31,"def":31,"spa":31,"spd":31,"spe":31}},{"name":"Reuniclus","species":"Reuniclus","item":"leftovers","ability":"Magic Guard","moves":["calmmind","psyshock","focusblast","recover"],"nature":"Bold","evs":{"hp":252,"atk":0,"def":200,"spa":0,"spd":56,"spe":0},"ivs":{"hp":31,"atk":31,"def":31,"spa":31,"spd":31,"spe":31}},{"name":"Malamar","species":"Malamar","item":"leftovers","ability":"Contrary","moves":["superpower","knockoff","psychocut","substitute"],"nature":"Careful","evs":{"hp":248,"atk":0,"def":0,"spa":0,"spd":148,"spe":112},"ivs":{"hp":31,"atk":31,"def":31,"spa":31,"spd":31,"spe":31}},{"name":"Gothitelle","species":"Gothitelle","item":"choicespecs","ability":"Shadow Tag","moves":["psychic","trick","thunderbolt","hiddenpowerfire"],"nature":"Modest","evs":{"hp":168,"atk":0,"def":0,"spa":252,"spd":0,"spe":88},"ivs":{"atk":30,"spa":30,"spe":30,"hp":31,"def":31,"spd":31}},{"name":"Gardevoir","species":"Gardevoir","item":"gardevoirite","ability":"Telepathy","moves":["moonblast","psyshock","willowisp","psychic"],"nature":"Modest","evs":{"hp":248,"atk":0,"def":0,"spa":252,"spd":8,"spe":0},"ivs":{"hp":31,"atk":31,"def":31,"spa":31,"spd":31,"spe":31}}],"p2team":[{"name":"Shuckle","species":"Shuckle","item":"leftovers","ability":"Sturdy","moves":["stickyweb","stealthrock","toxic","encore"],"nature":"Calm","evs":{"hp":252,"atk":0,"def":4,"spa":0,"spd":252,"spe":0},"ivs":{"hp":31,"atk":31,"def":31,"spa":31,"spd":31,"spe":31}},{"name":"Diancie","species":"Diancie","item":"diancite","ability":"Clear Body","moves":["moonblast","diamondstorm","earthpower","protect"],"nature":"Hasty","evs":{"hp":0,"atk":0,"def":0,"spa":252,"spd":0,"spe":252},"ivs":{"hp":31,"atk":31,"def":31,"spa":31,"spd":31,"spe":31}},{"name":"Golem","species":"Golem","item":"weaknesspolicy","ability":"Sturdy","moves":["earthquake","rockblast","suckerpunch","rockpolish"],"nature":"Adamant","evs":{"hp":0,"atk":252,"def":0,"spa":0,"spd":4,"spe":252},"ivs":{"hp":31,"atk":31,"def":31,"spa":31,"spd":31,"spe":31}},{"name":"Sudowoodo","species":"Sudowoodo","item":"assaultvest","ability":"Rock Head","moves":["woodhammer","icepunch","firepunch","suckerpunch"],"nature":"Adamant","evs":{"hp":248,"atk":56,"def":0,"spa":0,"spd":204,"spe":0},"ivs":{"hp":31,"atk":31,"def":31,"spa":31,"spd":31,"spe":31}},{"name":"Cradily","species":"Cradily","item":"leftovers","ability":"Storm Drain","moves":["gigadrain","toxic","stockpile","recover"],"nature":"Calm","evs":{"hp":252,"atk":0,"def":0,"spa":4,"spd":252,"spe":0},"ivs":{"hp":31,"atk":31,"def":31,"spa":31,"spd":31,"spe":31}},{"name":"Aerodactyl","species":"Aerodactyl","item":"lifeorb","ability":"Pressure","moves":["aerialace","stoneedge","earthquake","fireblast"],"nature":"Hasty","evs":{"hp":0,"atk":252,"def":0,"spa":4,"spd":0,"spe":252},"ivs":{"hp":31,"atk":31,"def":31,"spa":31,"spd":31,"spe":31}}],"log":["|player|p1|WitchOfCaldia|260","|player|p2|Rain Hoot|266","|gametype|singles","|gen|6","|tier|Monotype","|rated","|rule|Baton Pass Clause: Limit one Baton Passer, can't pass Spe and other stats simultaneously","|rule|Swagger Clause: Swagger is banned","|rule|Same Type Clause: Pokémon in a team must share a type","|clearpoke","|poke|p1|Alakazam, M","|poke|p1|Girafarig, F","|poke|p1|Reuniclus, M","|poke|p1|Malamar, M","|poke|p1|Gothitelle, M","|poke|p1|Gardevoir, M","|poke|p2|Shuckle, M","|poke|p2|Diancie","|poke|p2|Golem, M","|poke|p2|Sudowoodo, M","|poke|p2|Cradily, F","|poke|p2|Aerodactyl, F","|rule|Sleep Clause Mod: Limit one foe put to sleep","|rule|Species Clause: Limit one of each Pokémon","|rule|OHKO Clause: OHKO moves are banned","|rule|Moody Clause: Moody is banned","|rule|Evasion Moves Clause: Evasion moves are banned","|rule|Endless Battle Clause: Forcing endless battles is banned","|rule|HP Percentage Mod: HP is shown in percentages","|teampreview","|","|start","|switch|p1a: Malamar|Malamar, M|375/375","|switch|p2a: Sudowoodo|Sudowoodo, M|343/343","|turn|1","|","|move|p1a: Malamar|Knock Off|p2a: Sudowoodo","|-damage|p2a: Sudowoodo|253/343","|-enditem|p2a: Sudowoodo|Assault Vest|[from] move: Knock Off|[of] p1a: Malamar","|move|p2a: Sudowoodo|Wood Hammer|p1a: Malamar","|-damage|p1a: Malamar|247/375","|","|-heal|p1a: Malamar|270/375|[from] item: Leftovers","|turn|2","|","|switch|p2a: Shuckle|Shuckle, M|244/244","|move|p1a: Malamar|Psycho Cut|p2a: Shuckle","|-damage|p2a: Shuckle|208/244","|","|-heal|p1a: Malamar|293/375|[from] item: Leftovers","|-heal|p2a: Shuckle|223/244|[from] item: Leftovers","|turn|3","|","|move|p1a: Malamar|Superpower|p2a: Shuckle","|-damage|p2a: Shuckle|181/244","|-boost|p1a: Malamar|atk|1","|-boost|p1a: Malamar|def|1","|move|p2a: Shuckle|Stealth Rock|p1a: Malamar","|-sidestart|p1: WitchOfCaldia|move: Stealth Rock","|","|-heal|p1a: Malamar|316/375|[from] item: Leftovers","|-heal|p2a: Shuckle|196/244|[from] item: Leftovers","|turn|4","|","|move|p1a: Malamar|Psycho Cut|p2a: Shuckle","|-crit|p2a: Shuckle","|-damage|p2a: Shuckle|111/244","|move|p2a: Shuckle|Toxic|p1a: Malamar","|-status|p1a: Malamar|tox","|","|-heal|p1a: Malamar|339/375 tox|[from] item: Leftovers","|-heal|p2a: Shuckle|126/244|[from] item: Leftovers","|-damage|p1a: Malamar|316/375 tox|[from] psn","|turn|5","|","|move|p1a: Malamar|Psycho Cut|p2a: Shuckle","|-damage|p2a: Shuckle|68/244","|move|p2a: Shuckle|Sticky Web|p1a: Malamar","|-sidestart|p1: WitchOfCaldia|move: Sticky Web","|","|-heal|p1a: Malamar|339/375 tox|[from] item: Leftovers","|-heal|p2a: Shuckle|83/244|[from] item: Leftovers","|-damage|p1a: Malamar|293/375 tox|[from] psn","|turn|6","|","|move|p1a: Malamar|Superpower|p2a: Shuckle","|-damage|p2a: Shuckle|19/244","|-boost|p1a: Malamar|atk|1","|-boost|p1a: Malamar|def|1","|move|p2a: Shuckle|Encore|p1a: Malamar","|-start|p1a: Malamar|Encore","|","|-heal|p1a: Malamar|316/375 tox|[from] item: Leftovers","|-heal|p2a: Shuckle|34/244|[from] item: Leftovers","|-damage|p1a: Malamar|247/375 tox|[from] psn","|turn|7","|","|move|p1a: Malamar|Superpower|p2a: Shuckle","|-damage|p2a: Shuckle|0 fnt","|-boost|p1a: Malamar|atk|1","|-boost|p1a: Malamar|def|1","|faint|p2a: Shuckle","|","|-heal|p1a: Malamar|270/375 tox|[from] item: Leftovers","|-damage|p1a: Malamar|178/375 tox|[from] psn","|","|switch|p2a: Golem|Golem, M|301/301","|turn|8","|","|move|p1a: Malamar|Superpower|p2a: Golem","|-supereffective|p2a: Golem","|-ability|p2a: Golem|Sturdy","|-damage|p2a: Golem|1/301","|-enditem|p2a: Golem|Weakness Policy","|-boost|p2a: Golem|atk|2|[from] item: Weakness Policy","|-boost|p2a: Golem|spa|2|[from] item: Weakness Policy","|-boost|p1a: Malamar|atk|1","|-boost|p1a: Malamar|def|1","|move|p2a: Golem|Rock Polish|p2a: Golem","|-boost|p2a: Golem|spe|2","|","|-heal|p1a: Malamar|201/375 tox|[from] item: Leftovers","|-damage|p1a: Malamar|86/375 tox|[from] psn","|turn|9","|","|move|p2a: Golem|Earthquake|p1a: Malamar","|-damage|p1a: Malamar|0 fnt","|faint|p1a: Malamar","|","|","|switch|p1a: Reuniclus|Reuniclus, M|424/424","|-activate|p1a: Reuniclus|move: Sticky Web","|-unboost|p1a: Reuniclus|spe|1","|turn|10","|","|move|p2a: Golem|Earthquake|p1a: Reuniclus","|-damage|p1a: Reuniclus|100/424","|move|p1a: Reuniclus|Psyshock|p2a: Golem","|-damage|p2a: Golem|0 fnt","|faint|p2a: Golem","|","|-heal|p1a: Reuniclus|126/424|[from] item: Leftovers","|","|switch|p2a: Sudowoodo|Sudowoodo, M|253/343","|turn|11","|","|move|p2a: Sudowoodo|Wood Hammer|p1a: Reuniclus","|-damage|p1a: Reuniclus|33/424","|move|p1a: Reuniclus|Psyshock|p2a: Sudowoodo","|-damage|p2a: Sudowoodo|142/343","|","|-heal|p1a: Reuniclus|59/424|[from] item: Leftovers","|turn|12","|","|move|p2a: Sudowoodo|Wood Hammer|p1a: Reuniclus","|-damage|p1a: Reuniclus|0 fnt","|faint|p1a: Reuniclus","|","|","|switch|p1a: Girafarig|Girafarig, F|281/281","|-activate|p1a: Girafarig|move: Sticky Web","|-unboost|p1a: Girafarig|spe|1","|-damage|p1a: Girafarig|246/281|[from] Stealth Rock","|turn|13","|","|move|p2a: Sudowoodo|Sucker Punch|p1a: Girafarig","|-supereffective|p1a: Girafarig","|-damage|p1a: Girafarig|36/281","|move|p1a: Girafarig|Hyper Voice|p2a: Sudowoodo","|-resisted|p2a: Sudowoodo","|-damage|p2a: Sudowoodo|48/343","|-damage|p1a: Girafarig|8/281|[from] item: Life Orb","|","|turn|14","|","|move|p1a: Girafarig|Psychic|p2a: Sudowoodo","|-damage|p2a: Sudowoodo|0 fnt","|-damage|p1a: Girafarig|0 fnt|[from] item: Life Orb","|faint|p2a: Sudowoodo","|faint|p1a: Girafarig","|","|","|switch|p2a: Aerodactyl|Aerodactyl, F|301/301","|switch|p1a: Gothitelle|Gothitelle, M|323/323","|-ability|p2a: Aerodactyl|Pressure","|-damage|p1a: Gothitelle|283/323|[from] Stealth Rock","|-activate|p1a: Gothitelle|move: Sticky Web","|-unboost|p1a: Gothitelle|spe|1","|turn|15","|","|move|p2a: Aerodactyl|Stone Edge|p1a: Gothitelle|[miss]","|-miss|p2a: Aerodactyl|p1a: Gothitelle","|move|p1a: Gothitelle|Thunderbolt|p2a: Aerodactyl","|-supereffective|p2a: Aerodactyl","|-damage|p2a: Aerodactyl|0 fnt","|faint|p2a: Aerodactyl","|","|","|switch|p2a: Diancie|Diancie|241/241","|turn|16","|","|detailschange|p2a: Diancie|Diancie-Mega","|-mega|p2a: Diancie|Diancie|Diancite","|move|p2a: Diancie|Moonblast|p1a: Gothitelle","|-damage|p1a: Gothitelle|109/323","|move|p1a: Gothitelle|Thunderbolt|p2a: Diancie","|-damage|p2a: Diancie|106/241","|","|turn|17","|","|move|p2a: Diancie|Moonblast|p1a: Gothitelle","|-damage|p1a: Gothitelle|0 fnt","|faint|p1a: Gothitelle","|","|","|switch|p1a: Alakazam|Alakazam, M|251/251","|-activate|p1a: Alakazam|move: Sticky Web","|-unboost|p1a: Alakazam|spe|1","|turn|18","|","|move|p2a: Diancie|Diamond Storm|p1a: Alakazam","|-damage|p1a: Alakazam|0 fnt","|-boost|p2a: Diancie|def|1","|faint|p1a: Alakazam","|","|","|switch|p1a: Gardevoir|Gardevoir, M|339/339","|-activate|p1a: Gardevoir|move: Sticky Web","|-unboost|p1a: Gardevoir|spe|1","|-damage|p1a: Gardevoir|297/339|[from] Stealth Rock","|turn|19","|","|move|p2a: Diancie|Moonblast|p1a: Gardevoir","|-damage|p1a: Gardevoir|135/339","|move|p1a: Gardevoir|Moonblast|p2a: Diancie","|-damage|p2a: Diancie|0 fnt","|faint|p2a: Diancie","|","|","|switch|p2a: Cradily|Cradily, F|376/376","|turn|20","|","|detailschange|p1a: Gardevoir|Gardevoir-Mega, M","|-mega|p1a: Gardevoir|Gardevoir|Gardevoirite","|move|p1a: Gardevoir|Psychic|p2a: Cradily","|-damage|p2a: Cradily|232/376","|move|p2a: Cradily|Giga Drain|p1a: Gardevoir","|-damage|p1a: Gardevoir|80/339","|-heal|p2a: Cradily|260/376|[from] drain|[of] p1a: Gardevoir","|","|-heal|p2a: Cradily|283/376|[from] item: Leftovers","|turn|21","|","|move|p1a: Gardevoir|Moonblast|p2a: Cradily","|-damage|p2a: Cradily|129/376","|-unboost|p2a: Cradily|spa|1","|move|p2a: Cradily|Giga Drain|p1a: Gardevoir","|-crit|p1a: Gardevoir","|-damage|p1a: Gardevoir|0 fnt","|-heal|p2a: Cradily|169/376|[from] drain|[of] p1a: Gardevoir","|faint|p1a: Gardevoir","|","|win|Rain Hoot"],"p1rating":{"entryid":"7188337","serverid":"eos","formatid":"monotype","userid":"witchofcaldia","username":"WitchofCaldia","w":"31","l":55,"t":"0","gxe":37.2,"r":"1401.1239712819","rd":"42.868016564337","sigma":"0","rptime":"1439283600","rpr":1401.0849004306,"rprd":42.097349428551,"rpsigma":"0","acre":1051.56395223,"lacre":1051.56395223,"oldacre":"1073.9702439159"},"p2rating":{"entryid":"7558745","serverid":"eos","formatid":"monotype","userid":"rainhoot","username":"Rain Hoot","w":4,"l":"5","t":"0","gxe":47.7,"r":"1500","rd":"130","sigma":"0","rptime":"1439283600","rpr":1482.1201069494,"rprd":88.385435728257,"rpsigma":"0","acre":1086.4989561991,"lacre":1086.4989561991,"oldacre":"1052.3547530241"},"endType":"normal"}