{"seed":[17947,4008,39476,56849],"turns":42,"p1":"Yung draco","p2":"Piiiiichu","p1team":[{"name":"Ampharos","species":"Ampharos","item":"ampharosite","ability":"Static","moves":["voltswitch","dragonpulse","rest","sleeptalk"],"nature":"Modest","evs":{"hp":248,"atk":0,"def":252,"spa":8,"spd":0,"spe":0},"ivs":{"hp":31,"atk":31,"def":31,"spa":31,"spd":31,"spe":31}},{"name":"Rotom-Wash","species":"Rotom-Wash","item":"leftovers","ability":"Levitate","moves":["hydropump","voltswitch","willowisp","painsplit"],"nature":"Bold","evs":{"hp":248,"atk":0,"def":252,"spa":0,"spd":0,"spe":8},"ivs":{"hp":31,"atk":31,"def":31,"spa":31,"spd":31,"spe":31}},{"name":"Electivire","species":"Electivire","item":"choicescarf","ability":"Motor Drive","moves":["earthquake","icepunch","wildcharge","crosschop"],"nature":"Jolly","evs":{"hp":0,"atk":252,"def":0,"spa":0,"spd":4,"spe":252},"ivs":{"hp":31,"atk":31,"def":31,"spa":31,"spd":31,"spe":31}},{"name":"Zapdos","species":"Zapdos","item":"leftovers","ability":"Pressure","moves":["roost","thunderbolt","heatwave","defog"],"nature":"Calm","evs":{"hp":240,"atk":0,"def":0,"spa":16,"spd":252,"spe":0},"ivs":{"hp":31,"atk":31,"def":31,"spa":31,"spd":31,"spe":31}},{"name":"Lanturn","species":"Lanturn","item":"airballoon","ability":"Water Absorb","moves":["scald","voltswitch","toxic","healbell"],"nature":"Modest","evs":{"hp":96,"atk":0,"def":0,"spa":252,"spd":160,"spe":0},"ivs":{"hp":31,"atk":31,"def":31,"spa":31,"spd":31,"spe":31}},{"name":"Raikou","species":"Raikou","item":"leftovers","ability":"Pressure","moves":["calmmind","hiddenpowerice","thunderbolt","substitute"],"nature":"Timid","evs":{"hp":0,"atk":0,"def":0,"spa":252,"spd":4,"spe":252},"ivs":{"hp":31,"atk":30,"def":30,"spa":31,"spd":31,"spe":31}}],"p2team":[{"name":"Diancie","species":"Diancie","item":"diancite","ability":"Clear Body","moves":["rockpolish","moonblast","diamondstorm","earthpower"],"nature":"Rash","evs":{"hp":44,"atk":32,"def":0,"spa":252,"spd":0,"spe":180},"ivs":{"hp":31,"atk":31,"def":31,"spa":31,"spd":31,"spe":31}},{"name":"Gardevoir","species":"Gardevoir","item":"choicescarf","ability":"Trace","moves":["psychic","moonblast","focusblast","trick"],"nature":"Timid","evs":{"hp":0,"atk":0,"def":4,"spa":252,"spd":0,"spe":252},"ivs":{"hp":31,"atk":0,"def":31,"spa":31,"spd":31,"spe":31},"shiny":true},{"name":"Klefki","species":"Klefki","item":"lightclay","ability":"Prankster","moves":["lightscreen","reflect","foulplay","thunderwave"],"nature":"Bold","evs":{"hp":248,"atk":0,"def":252,"spa":0,"spd":8,"spe":0},"ivs":{"hp":31,"atk":31,"def":31,"spa":31,"spd":31,"spe":31}},{"name":"Clefable","species":"Clefable","item":"leftovers","ability":"Unaware","moves":["moonlight","stealthrock","moonblast","fireblast"],"nature":"Bold","evs":{"hp":248,"atk":0,"def":252,"spa":0,"spd":0,"spe":4},"ivs":{"hp":31,"atk":0,"def":31,"spa":31,"spd":31,"spe":31}},{"name":"Azumarill","species":"Azumarill","item":"choiceband","ability":"Huge Power","moves":["playrough","waterfall","aquajet","superpower"],"nature":"Adamant","evs":{"hp":172,"atk":252,"def":0,"spa":0,"spd":0,"spe":84},"shiny":true,"ivs":{"hp":31,"atk":31,"def":31,"spa":31,"spd":31,"spe":31}},{"name":"Togekiss","species":"Togekiss","item":"leftovers","ability":"Serene Grace","moves":["nastyplot","airslash","thunderwave","roost"],"nature":"Timid","evs":{"hp":248,"atk":0,"def":76,"spa":0,"spd":8,"spe":176},"shiny":true,"ivs":{"hp":31,"atk":31,"def":31,"spa":31,"spd":31,"spe":31}}],"log":["|player|p1|Yung draco|24","|player|p2|Piiiiichu|piiiiichu.png","|gametype|singles","|gen|6","|tier|Monotype","|rated","|rule|Baton Pass Clause: Limit one Baton Passer, can't pass Spe and other stats simultaneously","|rule|Swagger Clause: Swagger is banned","|rule|Same Type Clause: Pokémon in a team must share a type","|clearpoke","|poke|p1|Ampharos, M","|poke|p1|Rotom-Wash","|poke|p1|Electivire, M","|poke|p1|Zapdos","|poke|p1|Lanturn, M","|poke|p1|Raikou","|poke|p2|Diancie","|poke|p2|Gardevoir, M, shiny","|poke|p2|Klefki, M","|poke|p2|Clefable, F","|poke|p2|Azumarill, M, shiny","|poke|p2|Togekiss, F, shiny","|rule|Sleep Clause Mod: Limit one foe put to sleep","|rule|Species Clause: Limit one of each Pokémon","|rule|OHKO Clause: OHKO moves are banned","|rule|Moody Clause: Moody is banned","|rule|Evasion Moves Clause: Evasion moves are banned","|rule|Endless Battle Clause: Forcing endless battles is banned","|rule|HP Percentage Mod: HP is shown in percentages","|teampreview","|","|start","|switch|p1a: Rotom-Wash|Rotom-Wash|303/303","|switch|p2a: Clefable|Clefable, F|393/393","|turn|1","|","|move|p1a: Rotom-Wash|Volt Switch|p2a: Clefable","|-damage|p2a: Clefable|296/393","|","|switch|p1a: Electivire|Electivire, M|291/291","|move|p2a: Clefable|Stealth Rock|p1a: Electivire","|-sidestart|p1: Yung draco|move: Stealth Rock","|","|-heal|p2a: Clefable|320/393|[from] item: Leftovers","|turn|2","|","|move|p1a: Electivire|Wild Charge|p2a: Clefable","|-damage|p2a: Clefable|184/393","|-damage|p1a: Electivire|257/291|[from] recoil|[of] p2a: Clefable","|move|p2a: Clefable|Moonlight|p2a: Clefable","|-heal|p2a: Clefable|380/393","|","|-heal|p2a: Clefable|393/393|[from] item: Leftovers","|turn|3","|","|move|p1a: Electivire|Wild Charge|p2a: Clefable","|-damage|p2a: Clefable|258/393","|-damage|p1a: Electivire|223/291|[from] recoil|[of] p2a: Clefable","|move|p2a: Clefable|Moonblast|p1a: Electivire","|-damage|p1a: Electivire|90/291","|","|-heal|p2a: Clefable|282/393|[from] item: Leftovers","|turn|4","|","|move|p1a: Electivire|Wild Charge|p2a: Clefable","|-damage|p2a: Clefable|143/393","|-damage|p1a: Electivire|55/291|[from] recoil|[of] p2a: Clefable","|move|p2a: Clefable|Moonlight|p2a: Clefable","|-heal|p2a: Clefable|339/393","|","|-heal|p2a: Clefable|363/393|[from] item: Leftovers","|turn|5","|","|switch|p2a: Gardevoir|Gardevoir, M, shiny|277/277","|-ability|p2a: Gardevoir|Motor Drive|[from] ability: Trace|[of] p1a: Electivire","|move|p1a: Electivire|Wild Charge|p2a: Gardevoir","|-boost|p2a: Gardevoir|spe|1|[from] ability: Motor Drive","|","|turn|6","|","|switch|p1a: Lanturn|Lanturn, M|415/415","|-damage|p1a: Lanturn|364/415|[from] Stealth Rock","|-item|p1a: Lanturn|Air Balloon","|move|p2a: Gardevoir|Trick|p1a: Lanturn","|-activate|p2a: Gardevoir|move: Trick|[of] p1a: Lanturn","|-item|p1a: Lanturn|Choice Scarf|[from] move: Trick","|-item|p2a: Gardevoir|Air Balloon","|-item|p2a: Gardevoir|Air Balloon|[from] move: Trick","|","|turn|7","|","|move|p2a: Gardevoir|Moonblast|p1a: Lanturn","|-damage|p1a: Lanturn|205/415","|move|p1a: Lanturn|Toxic|p2a: Gardevoir","|-status|p2a: Gardevoir|tox","|","|-damage|p2a: Gardevoir|260/277 tox|[from] psn","|turn|8","|","|switch|p1a: Electivire|Electivire, M|55/291","|-damage|p1a: Electivire|19/291|[from] Stealth Rock","|move|p2a: Gardevoir|Trick|p1a: Electivire","|-activate|p2a: Gardevoir|move: Trick|[of] p1a: Electivire","|-item|p1a: Electivire|Air Balloon","|-item|p1a: Electivire|Air Balloon|[from] move: Trick","|-item|p2a: Gardevoir|Choice Scarf|[from] move: Trick","|","|-damage|p2a: Gardevoir|226/277 tox|[from] psn","|turn|9","|","|move|p2a: Gardevoir|Moonblast|p1a: Electivire","|-damage|p1a: Electivire|0 fnt","|-enditem|p1a: Electivire|Air Balloon","|faint|p1a: Electivire","|","|-damage|p2a: Gardevoir|175/277 tox|[from] psn","|","|switch|p1a: Zapdos|Zapdos|381/381","|-damage|p1a: Zapdos|286/381|[from] Stealth Rock","|-ability|p1a: Zapdos|Pressure","|turn|10","|","|switch|p2a: Togekiss|Togekiss, F, shiny|373/373","|move|p1a: Zapdos|Defog|p2a: Togekiss","|-unboost|p2a: Togekiss|evasion|1","|-sideend|p1: Yung draco|Stealth Rock|[from] move: Defog|[of] p1a: Zapdos","|","|-heal|p1a: Zapdos|309/381|[from] item: Leftovers","|turn|11","|","|move|p2a: Togekiss|Nasty Plot|p2a: Togekiss","|-boost|p2a: Togekiss|spa|2","|move|p1a: Zapdos|Thunderbolt|p2a: Togekiss","|-supereffective|p2a: Togekiss","|-damage|p2a: Togekiss|133/373","|","|-heal|p2a: Togekiss|156/373|[from] item: Leftovers","|-heal|p1a: Zapdos|332/381|[from] item: Leftovers","|turn|12","|","|move|p2a: Togekiss|Roost|p2a: Togekiss","|-heal|p2a: Togekiss|343/373","|move|p1a: Zapdos|Thunderbolt|p2a: Togekiss","|-damage|p2a: Togekiss|228/373","|","|-heal|p2a: Togekiss|251/373|[from] item: Leftovers","|-heal|p1a: Zapdos|355/381|[from] item: Leftovers","|turn|13","|","|move|p2a: Togekiss|Air Slash|p1a: Zapdos","|-resisted|p1a: Zapdos","|-damage|p1a: Zapdos|277/381","|move|p1a: Zapdos|Thunderbolt|p2a: Togekiss","|-supereffective|p2a: Togekiss","|-damage|p2a: Togekiss|35/373","|","|-heal|p2a: Togekiss|58/373|[from] item: Leftovers","|-heal|p1a: Zapdos|300/381|[from] item: Leftovers","|turn|14","|","|move|p2a: Togekiss|Air Slash|p1a: Zapdos","|-resisted|p1a: Zapdos","|-damage|p1a: Zapdos|219/381","|cant|p1a: Zapdos|flinch","|","|-heal|p2a: Togekiss|81/373|[from] item: Leftovers","|-heal|p1a: Zapdos|242/381|[from] item: Leftovers","|turn|15","|","|move|p2a: Togekiss|Air Slash|p1a: Zapdos","|-resisted|p1a: Zapdos","|-damage|p1a: Zapdos|165/381","|cant|p1a: Zapdos|flinch","|","|-heal|p2a: Togekiss|104/373|[from] item: Leftovers","|-heal|p1a: Zapdos|188/381|[from] item: Leftovers","|turn|16","|","|move|p2a: Togekiss|Air Slash|p1a: Zapdos","|-resisted|p1a: Zapdos","|-damage|p1a: Zapdos|113/381","|move|p1a: Zapdos|Thunderbolt|p2a: Togekiss","|-supereffective|p2a: Togekiss","|-damage|p2a: Togekiss|0 fnt","|faint|p2a: Togekiss","|","|-heal|p1a: Zapdos|136/381|[from] item: Leftovers","|","|switch|p2a: Diancie|Diancie|252/252","|turn|17","|","|detailschange|p2a: Diancie|Diancie-Mega","|-mega|p2a: Diancie|Diancie|Diancite","|move|p1a: Zapdos|Thunderbolt|p2a: Diancie","|-damage|p2a: Diancie|116/252","|move|p2a: Diancie|Diamond Storm|p1a: Zapdos","|-supereffective|p1a: Zapdos","|-damage|p1a: Zapdos|0 fnt","|-boost|p2a: Diancie|def|1","|faint|p1a: Zapdos","|","|","|switch|p1a: Raikou|Raikou|321/321","|-ability|p1a: Raikou|Pressure","|turn|18","|","|switch|p2a: Clefable|Clefable, F|363/393","|move|p1a: Raikou|Substitute|p1a: Raikou","|-start|p1a: Raikou|Substitute","|-damage|p1a: Raikou|241/321","|","|-heal|p1a: Raikou|261/321|[from] item: Leftovers","|-heal|p2a: Clefable|387/393|[from] item: Leftovers","|turn|19","|","|move|p1a: Raikou|Thunderbolt|p2a: Clefable","|-damage|p2a: Clefable|239/393","|move|p2a: Clefable|Stealth Rock|p1a: Raikou","|-sidestart|p1: Yung draco|move: Stealth Rock","|","|-heal|p1a: Raikou|281/321|[from] item: Leftovers","|-heal|p2a: Clefable|263/393|[from] item: Leftovers","|turn|20","|","|move|p1a: Raikou|Thunderbolt|p2a: Clefable","|-damage|p2a: Clefable|94/393","|move|p2a: Clefable|Moonlight|p2a: Clefable","|-heal|p2a: Clefable|290/393","|","|-heal|p1a: Raikou|301/321|[from] item: Leftovers","|-heal|p2a: Clefable|314/393|[from] item: Leftovers","|turn|21","|","|move|p1a: Raikou|Thunderbolt|p2a: Clefable","|-damage|p2a: Clefable|163/393","|move|p2a: Clefable|Moonlight|p2a: Clefable","|-heal|p2a: Clefable|359/393","|","|-heal|p1a: Raikou|321/321|[from] item: Leftovers","|-heal|p2a: Clefable|383/393|[from] item: Leftovers","|turn|22","|","|move|p1a: Raikou|Thunderbolt|p2a: Clefable","|-damage|p2a: Clefable|211/393","|move|p2a: Clefable|Moonblast|p1a: Raikou","|-end|p1a: Raikou|Substitute","|","|-heal|p2a: Clefable|235/393|[from] item: Leftovers","|turn|23","|","|switch|p1a: Rotom-Wash|Rotom-Wash|303/303","|-damage|p1a: Rotom-Wash|266/303|[from] Stealth Rock","|move|p2a: Clefable|Moonlight|p2a: Clefable","|-heal|p2a: Clefable|393/393","|","|-heal|p1a: Rotom-Wash|284/303|[from] item: Leftovers","|turn|24","|","|switch|p2a: Diancie|Diancie-Mega|116/252","|move|p1a: Rotom-Wash|Will-O-Wisp|p2a: Diancie","|move|p2a: Diancie|Will-O-Wisp|p1a: Rotom-Wash|[from]Magic Bounce","|-status|p1a: Rotom-Wash|brn","|","|-heal|p1a: Rotom-Wash|302/303 brn|[from] item: Leftovers","|-damage|p1a: Rotom-Wash|265/303 brn|[from] brn","|turn|25","|","|switch|p2a: Klefki|Klefki, M|317/317","|move|p1a: Rotom-Wash|Hydro Pump|p2a: Klefki","|-damage|p2a: Klefki|175/317","|","|-heal|p1a: Rotom-Wash|283/303 brn|[from] item: Leftovers","|-damage|p1a: Rotom-Wash|246/303 brn|[from] brn","|turn|26","|","|move|p2a: Klefki|Light Screen|p2a: Klefki","|-sidestart|p2: Piiiiichu|move: Light Screen","|move|p1a: Rotom-Wash|Will-O-Wisp|p2a: Klefki","|-status|p2a: Klefki|brn","|","|-heal|p1a: Rotom-Wash|264/303 brn|[from] item: Leftovers","|-damage|p1a: Rotom-Wash|227/303 brn|[from] brn","|-damage|p2a: Klefki|136/317 brn|[from] brn","|turn|27","|","|move|p2a: Klefki|Reflect|p2a: Klefki","|-sidestart|p2: Piiiiichu|Reflect","|move|p1a: Rotom-Wash|Volt Switch|p2a: Klefki","|-damage|p2a: Klefki|88/317 brn","|","|switch|p1a: Lanturn|Lanturn, M|205/415","|-damage|p1a: Lanturn|154/415|[from] Stealth Rock","|","|-damage|p2a: Klefki|49/317 brn|[from] brn","|turn|28","|","|switch|p2a: Gardevoir|Gardevoir, M, shiny|175/277 tox","|-ability|p2a: Gardevoir|Water Absorb|[from] ability: Trace|[of] p1a: Lanturn","|move|p1a: Lanturn|Heal Bell|p1a: Lanturn","|-cureteam|p1a: Lanturn|[from] move: HealBell","|","|-damage|p2a: Gardevoir|158/277 tox|[from] psn","|turn|29","|","|move|p2a: Gardevoir|Moonblast|p1a: Lanturn","|-damage|p1a: Lanturn|0 fnt","|faint|p1a: Lanturn","|","|-damage|p2a: Gardevoir|124/277 tox|[from] psn","|","|switch|p1a: Ampharos|Ampharos, M|383/383","|-damage|p1a: Ampharos|336/383|[from] Stealth Rock","|turn|30","|","|switch|p2a: Azumarill|Azumarill, M, shiny|384/384","|move|p1a: Ampharos|Volt Switch|p2a: Azumarill","|-supereffective|p2a: Azumarill","|-damage|p2a: Azumarill|267/384","|","|switch|p1a: Rotom-Wash|Rotom-Wash|227/303","|-damage|p1a: Rotom-Wash|190/303|[from] Stealth Rock","|","|-heal|p1a: Rotom-Wash|208/303|[from] item: Leftovers","|turn|31","|","|move|p1a: Rotom-Wash|Volt Switch|p2a: Azumarill","|-crit|p2a: Azumarill","|-supereffective|p2a: Azumarill","|-damage|p2a: Azumarill|0 fnt","|faint|p2a: Azumarill","|","|switch|p1a: Ampharos|Ampharos, M|336/383","|-damage|p1a: Ampharos|289/383|[from] Stealth Rock","|","|","|switch|p2a: Clefable|Clefable, F|393/393","|turn|32","|","|move|p2a: Clefable|Moonblast|p1a: Ampharos","|-crit|p1a: Ampharos","|-damage|p1a: Ampharos|99/383","|-unboost|p1a: Ampharos|spa|1","|move|p1a: Ampharos|Volt Switch|p2a: Clefable","|-damage|p2a: Clefable|333/393","|","|switch|p1a: Rotom-Wash|Rotom-Wash|208/303","|-damage|p1a: Rotom-Wash|171/303|[from] Stealth Rock","|","|-heal|p1a: Rotom-Wash|189/303|[from] item: Leftovers","|-heal|p2a: Clefable|357/393|[from] item: Leftovers","|turn|33","|","|switch|p2a: Gardevoir|Gardevoir, M, shiny|124/277 tox","|-ability|p2a: Gardevoir|Levitate|[from] ability: Trace|[of] p1a: Rotom-Wash","|move|p1a: Rotom-Wash|Pain Split|p2a: Gardevoir","|-sethp|p2a: Gardevoir|156/277 tox|p1a: Rotom-Wash|156/303|[from] move: Pain Split","|","|-heal|p1a: Rotom-Wash|174/303|[from] item: Leftovers","|-damage|p2a: Gardevoir|139/277 tox|[from] psn","|-sideend|p2: Piiiiichu|move: Light Screen","|turn|34","|","|switch|p1a: Ampharos|Ampharos, M|99/383","|-damage|p1a: Ampharos|52/383|[from] Stealth Rock","|move|p2a: Gardevoir|Moonblast|p1a: Ampharos","|-damage|p1a: Ampharos|0 fnt","|faint|p1a: Ampharos","|","|-damage|p2a: Gardevoir|105/277 tox|[from] psn","|-sideend|p2: Piiiiichu|Reflect","|","|switch|p1a: Raikou|Raikou|321/321","|-damage|p1a: Raikou|281/321|[from] Stealth Rock","|-ability|p1a: Raikou|Pressure","|turn|35","|","|move|p2a: Gardevoir|Moonblast|p1a: Raikou","|-damage|p1a: Raikou|128/321","|-unboost|p1a: Raikou|spa|1","|move|p1a: Raikou|Thunderbolt|p2a: Gardevoir","|-damage|p2a: Gardevoir|15/277 tox","|","|-heal|p1a: Raikou|148/321|[from] item: Leftovers","|-damage|p2a: Gardevoir|0 fnt|[from] psn","|faint|p2a: Gardevoir","|","|switch|p2a: Klefki|Klefki, M|49/317 brn","|turn|36","|","|move|p2a: Klefki|Light Screen|p2a: Klefki","|-sidestart|p2: Piiiiichu|move: Light Screen","|move|p1a: Raikou|Substitute|p1a: Raikou","|-start|p1a: Raikou|Substitute","|-damage|p1a: Raikou|68/321","|","|-heal|p1a: Raikou|88/321|[from] item: Leftovers","|-damage|p2a: Klefki|10/317 brn|[from] brn","|turn|37","|","|switch|p2a: Clefable|Clefable, F|357/393","|move|p1a: Raikou|Calm Mind|p1a: Raikou","|-boost|p1a: Raikou|spa|1","|-boost|p1a: Raikou|spd|1","|","|-heal|p1a: Raikou|108/321|[from] item: Leftovers","|-heal|p2a: Clefable|381/393|[from] item: Leftovers","|turn|38","|","|move|p1a: Raikou|Thunderbolt|p2a: Clefable","|-damage|p2a: Clefable|297/393","|move|p2a: Clefable|Moonblast|p1a: Raikou","|-end|p1a: Raikou|Substitute","|","|-heal|p1a: Raikou|128/321|[from] item: Leftovers","|-heal|p2a: Clefable|321/393|[from] item: Leftovers","|turn|39","|","|move|p1a: Raikou|Thunderbolt|p2a: Clefable","|-damage|p2a: Clefable|237/393","|move|p2a: Clefable|Moonblast|p1a: Raikou","|-damage|p1a: Raikou|16/321","|","|-heal|p1a: Raikou|36/321|[from] item: Leftovers","|-heal|p2a: Clefable|261/393|[from] item: Leftovers","|turn|40","|","|move|p1a: Raikou|Thunderbolt|p2a: Clefable","|-crit|p2a: Clefable","|-damage|p2a: Clefable|12/393","|move|p2a: Clefable|Moonblast|p1a: Raikou","|-damage|p1a: Raikou|0 fnt","|faint|p1a: Raikou","|","|-heal|p2a: Clefable|36/393|[from] item: Leftovers","|","|switch|p1a: Rotom-Wash|Rotom-Wash|174/303","|-damage|p1a: Rotom-Wash|137/303|[from] Stealth Rock","|turn|41","|","|move|p1a: Rotom-Wash|Volt Switch|p2a: Clefable","|-damage|p2a: Clefable|0 fnt","|faint|p2a: Clefable","|","|-heal|p1a: Rotom-Wash|155/303|[from] item: Leftovers","|","|switch|p2a: Diancie|Diancie-Mega|116/252","|turn|42","|","|move|p2a: Diancie|Moonblast|p1a: Rotom-Wash","|-crit|p1a: Rotom-Wash","|-damage|p1a: Rotom-Wash|0 fnt","|faint|p1a: Rotom-Wash","|","|win|Piiiiichu"],"p1rating":{"entryid":"6653831","serverid":"eos","formatid":"monotype","userid":"yungdraco","username":"Yung draco - ⓦⓐⓘⓣ","w":"31","l":16,"t":"0","gxe":64.1,"r":"1644.6801810856","rd":"57.173061027898","sigma":"0","rptime":"1439283600","rpr":1610.358498871,"rprd":54.2273268294,"rpsigma":"0","acre":1174.7544848374,"lacre":1174.7544848374,"oldacre":"1199.9510931572"},"p2rating":{"entryid":"7542212","serverid":"eos","formatid":"monotype","userid":"piiiiichu","username":"piiiiichu","w":8,"l":"0","t":"0","gxe":72.2,"r":"1663.2927784629","rd":"95.076719177093","sigma":"0","rptime":"1439283600","rpr":1685.9094880942,"rprd":91.815599679039,"rpsigma":"0","acre":1222.4152960765,"lacre":1222.4152960765,"oldacre":"1197.2186877567"},"endType":"normal"}