{"seed":[58063,40097,16190,21546],"turns":32,"p1":"Seven Swell","p2":"Topaz~Pikel","p1team":[{"name":"Mew","species":"Mew","item":"leftovers","ability":"Synchronize","moves":["roost","toxic","healbell","aurasphere"],"nature":"Calm","evs":{"hp":252,"atk":0,"def":0,"spa":4,"spd":252,"spe":0},"ivs":{"hp":31,"atk":31,"def":31,"spa":31,"spd":31,"spe":31}},{"name":"Slowbro","species":"Slowbro","item":"rockyhelmet","ability":"Regenerator","moves":["scald","yawn","flamethrower","slackoff"],"nature":"Bold","evs":{"hp":252,"atk":0,"def":252,"spa":4,"spd":0,"spe":0},"ivs":{"hp":31,"atk":31,"def":31,"spa":31,"spd":31,"spe":31}},{"name":"Deoxys-Speed","species":"Deoxys-Speed","item":"focussash","ability":"Pressure","moves":["stealthrock","thunderbolt","thunderwave","icebeam"],"nature":"Timid","evs":{"hp":252,"atk":0,"def":0,"spa":44,"spd":0,"spe":212},"ivs":{"hp":31,"atk":31,"def":31,"spa":31,"spd":31,"spe":31}},{"name":"Gardevoir","species":"Gardevoir","item":"gardevoirite","ability":"Trace","moves":["hypervoice","psyshock","destinybond","thunderbolt"],"nature":"Timid","evs":{"hp":0,"atk":0,"def":4,"spa":252,"spd":0,"spe":252},"ivs":{"hp":31,"atk":0,"def":31,"spa":31,"spd":31,"spe":31}},{"name":"Latias","species":"Latias","item":"leftovers","ability":"Levitate","moves":["dracometeor","psyshock","roost","defog"],"nature":"Timid","evs":{"hp":252,"atk":0,"def":0,"spa":4,"spd":0,"spe":252},"ivs":{"hp":31,"atk":31,"def":31,"spa":31,"spd":31,"spe":31}},{"name":"Hoopa-Unbound","species":"Hoopa-Unbound","item":"focussash","ability":"Magician","moves":["hyperspacefury","drainpunch","firepunch","gunkshot"],"nature":"Adamant","evs":{"hp":0,"atk":252,"def":0,"spa":0,"spd":4,"spe":252},"ivs":{"hp":31,"atk":31,"def":31,"spa":31,"spd":31,"spe":31}}],"p2team":[{"name":"BR34ST L3GZ","species":"medicham","item":"medichamite","ability":"Pure Power","moves":["highjumpkick","zenheadbutt","icepunch","fakeout"],"nature":"Jolly","evs":{"hp":0,"atk":252,"def":0,"spa":0,"spd":4,"spe":252},"ivs":{"hp":31,"atk":31,"def":31,"spa":31,"spd":31,"spe":31}},{"name":"BarsForEons","species":"latios","item":"lifeorb","ability":"Levitate","moves":["defog","dracometeor","psyshock","hiddenpowerfire"],"nature":"Timid","evs":{"hp":0,"atk":0,"def":0,"spa":252,"spd":4,"spe":252},"ivs":{"hp":31,"atk":30,"def":31,"spa":30,"spd":31,"spe":30}},{"name":"Zarel","species":"meloetta","item":"choicespecs","ability":"Serene Grace","moves":["shadowball","thunderbolt","hypervoice","psychic"],"nature":"Timid","evs":{"hp":0,"atk":0,"def":4,"spa":252,"spd":0,"spe":252},"ivs":{"hp":31,"atk":31,"def":31,"spa":31,"spd":31,"spe":31}},{"name":"Wish Maker","species":"jirachi","item":"leftovers","ability":"Serene Grace","moves":["stealthrock","wish","thunderwave","ironhead"],"nature":"Careful","evs":{"hp":252,"atk":0,"def":4,"spa":0,"spd":252,"spe":0},"ivs":{"hp":31,"atk":31,"def":31,"spa":31,"spd":31,"spe":31}},{"name":"V1C70RY","species":"victini","item":"choicescarf","ability":"Victory Star","moves":["boltstrike","zenheadbutt","uturn","vcreate"],"nature":"Jolly","evs":{"hp":0,"atk":252,"def":0,"spa":0,"spd":4,"spe":252},"ivs":{"hp":31,"atk":31,"def":31,"spa":31,"spd":31,"spe":31}},{"name":"Internet Explorer","species":"slowbro","item":"rockyhelmet","ability":"Regenerator","moves":["scald","slackoff","thunderwave","fireblast"],"nature":"Bold","evs":{"hp":248,"atk":0,"def":252,"spa":8,"spd":0,"spe":0},"ivs":{"hp":31,"atk":31,"def":31,"spa":31,"spd":31,"spe":31}}],"log":["|player|p1|Seven Swell|sevenswell.png","|player|p2|Topaz~Pikel|164","|gametype|singles","|gen|6","|tier|Monotype","|rated","|rule|Baton Pass Clause: Limit one Baton Passer, can't pass Spe and other stats simultaneously","|rule|Swagger Clause: Swagger is banned","|rule|Same Type Clause: Pokémon in a team must share a type","|clearpoke","|poke|p1|Mew","|poke|p1|Slowbro, F","|poke|p1|Deoxys-Speed","|poke|p1|Gardevoir, F","|poke|p1|Latias, F","|poke|p1|Hoopa-Unbound","|poke|p2|Medicham, F","|poke|p2|Latios, M","|poke|p2|Meloetta","|poke|p2|Jirachi","|poke|p2|Victini","|poke|p2|Slowbro, M","|rule|Sleep Clause Mod: Limit one foe put to sleep","|rule|Species Clause: Limit one of each Pokémon","|rule|OHKO Clause: OHKO moves are banned","|rule|Moody Clause: Moody is banned","|rule|Evasion Moves Clause: Evasion moves are banned","|rule|Endless Battle Clause: Forcing endless battles is banned","|rule|HP Percentage Mod: HP is shown in percentages","|teampreview","|","|start","|switch|p1a: Hoopa-Unbound|Hoopa-Unbound|301/301","|switch|p2a: V1C70RY|Victini|341/341","|turn|1","|","|move|p2a: V1C70RY|U-turn|p1a: Hoopa-Unbound","|-supereffective|p1a: Hoopa-Unbound","|-enditem|p1a: Hoopa-Unbound|Focus Sash","|-damage|p1a: Hoopa-Unbound|1/301","|","|switch|p2a: Internet Explorer|Slowbro, M|393/393","|move|p1a: Hoopa-Unbound|Hyperspace Fury|p2a: Internet Explorer","|-supereffective|p2a: Internet Explorer","|-damage|p2a: Internet Explorer|63/393","|-item|p1a: Hoopa-Unbound|Rocky Helmet|[from] ability: Magician|[of] p2a: Internet Explorer","|-unboost|p1a: Hoopa-Unbound|def|1","|","|turn|2","|","|move|p1a: Hoopa-Unbound|Hyperspace Fury|p2a: Internet Explorer","|-supereffective|p2a: Internet Explorer","|-damage|p2a: Internet Explorer|0 fnt","|-unboost|p1a: Hoopa-Unbound|def|1","|faint|p2a: Internet Explorer","|","|","|switch|p2a: V1C70RY|Victini|341/341","|turn|3","|","|switch|p1a: Slowbro|Slowbro, F|394/394","|move|p2a: V1C70RY|U-turn|p1a: Slowbro","|-supereffective|p1a: Slowbro","|-damage|p1a: Slowbro|292/394","|-damage|p2a: V1C70RY|285/341|[from] item: Rocky Helmet|[of] p1a: Slowbro","|","|switch|p2a: Zarel|Meloetta|341/341","|","|turn|4","|","|switch|p1a: Mew|Mew|404/404","|move|p2a: Zarel|Shadow Ball|p1a: Mew","|-supereffective|p1a: Mew","|-damage|p1a: Mew|206/404","|","|-heal|p1a: Mew|231/404|[from] item: Leftovers","|turn|5","|","|move|p2a: Zarel|Shadow Ball|p1a: Mew","|-supereffective|p1a: Mew","|-damage|p1a: Mew|41/404","|-unboost|p1a: Mew|spd|1","|move|p1a: Mew|Toxic|p2a: Zarel","|-status|p2a: Zarel|tox","|","|-heal|p1a: Mew|66/404|[from] item: Leftovers","|-damage|p2a: Zarel|320/341 tox|[from] psn","|turn|6","|","|move|p2a: Zarel|Shadow Ball|p1a: Mew","|-supereffective|p1a: Mew","|-damage|p1a: Mew|0 fnt","|faint|p1a: Mew","|","|-damage|p2a: Zarel|278/341 tox|[from] psn","|","|switch|p1a: Gardevoir|Gardevoir, F|277/277","|-ability|p1a: Gardevoir|Serene Grace|[from] ability: Trace|[of] p2a: Zarel","|turn|7","|","|detailschange|p1a: Gardevoir|Gardevoir-Mega, F","|-mega|p1a: Gardevoir|Gardevoir|Gardevoirite","|move|p2a: Zarel|Shadow Ball|p1a: Gardevoir","|-supereffective|p1a: Gardevoir","|-damage|p1a: Gardevoir|61/277","|move|p1a: Gardevoir|Hyper Voice|p2a: Zarel","|-damage|p2a: Zarel|91/341 tox","|","|-damage|p2a: Zarel|28/341 tox|[from] psn","|turn|8","|","|move|p1a: Gardevoir|Hyper Voice|p2a: Zarel","|-damage|p2a: Zarel|0 fnt","|faint|p2a: Zarel","|","|","|switch|p2a: V1C70RY|Victini|285/341","|turn|9","|","|move|p2a: V1C70RY|U-turn|p1a: Gardevoir","|-damage|p1a: Gardevoir|0 fnt","|faint|p1a: Gardevoir","|","|switch|p2a: BarsForEons|Latios, M|301/301","|","|","|switch|p1a: Deoxys-Speed|Deoxys-Speed|304/304","|-ability|p1a: Deoxys-Speed|Pressure","|turn|10","|","|move|p1a: Deoxys-Speed|Stealth Rock|p2a: BarsForEons","|-sidestart|p2: Topaz~Pikel|move: Stealth Rock","|move|p2a: BarsForEons|Draco Meteor|p1a: Deoxys-Speed","|-enditem|p1a: Deoxys-Speed|Focus Sash","|-damage|p1a: Deoxys-Speed|1/304","|-unboost|p2a: BarsForEons|spa|2","|-damage|p2a: BarsForEons|271/301|[from] item: Life Orb","|","|turn|11","|","|move|p1a: Deoxys-Speed|Thunder Wave|p2a: BarsForEons","|-status|p2a: BarsForEons|par","|move|p2a: BarsForEons|Hidden Power|p1a: Deoxys-Speed","|-damage|p1a: Deoxys-Speed|0 fnt","|-damage|p2a: BarsForEons|241/301 par|[from] item: Life Orb","|faint|p1a: Deoxys-Speed","|","|","|switch|p1a: Hoopa-Unbound|Hoopa-Unbound|1/301","|turn|12","|","|move|p1a: Hoopa-Unbound|Hyperspace Fury|p2a: BarsForEons","|-supereffective|p2a: BarsForEons","|-damage|p2a: BarsForEons|0 fnt","|-unboost|p1a: Hoopa-Unbound|def|1","|faint|p2a: BarsForEons","|","|","|switch|p2a: V1C70RY|Victini|285/341","|-damage|p2a: V1C70RY|200/341|[from] Stealth Rock","|turn|13","|","|switch|p1a: Latias|Latias, F|364/364","|move|p2a: V1C70RY|U-turn|p1a: Latias","|-supereffective|p1a: Latias","|-damage|p1a: Latias|208/364","|","|switch|p2a: Wish Maker|Jirachi|404/404","|-damage|p2a: Wish Maker|379/404|[from] Stealth Rock","|","|-heal|p1a: Latias|230/364|[from] item: Leftovers","|-heal|p2a: Wish Maker|404/404|[from] item: Leftovers","|turn|14","|","|switch|p1a: Slowbro|Slowbro, F|394/394","|move|p2a: Wish Maker|Thunder Wave|p1a: Slowbro","|-status|p1a: Slowbro|par","|","|turn|15","|","|move|p2a: Wish Maker|Wish|p2a: Wish Maker","|move|p1a: Slowbro|Scald|p2a: Wish Maker","|-damage|p2a: Wish Maker|337/404","|","|-heal|p2a: Wish Maker|362/404|[from] item: Leftovers","|turn|16","|","|move|p2a: Wish Maker|Iron Head|p1a: Slowbro","|-resisted|p1a: Slowbro","|-damage|p1a: Slowbro|359/394 par","|-damage|p2a: Wish Maker|295/404|[from] item: Rocky Helmet|[of] p1a: Slowbro","|cant|p1a: Slowbro|flinch","|","|-heal|p2a: Wish Maker|404/404|[from] move: Wish|[wisher] Wish Maker","|turn|17","|","|move|p2a: Wish Maker|Iron Head|p1a: Slowbro","|-resisted|p1a: Slowbro","|-damage|p1a: Slowbro|326/394 par","|-damage|p2a: Wish Maker|337/404|[from] item: Rocky Helmet|[of] p1a: Slowbro","|cant|p1a: Slowbro|flinch","|","|-heal|p2a: Wish Maker|362/404|[from] item: Leftovers","|turn|18","|","|move|p2a: Wish Maker|Iron Head|p1a: Slowbro","|-crit|p1a: Slowbro","|-resisted|p1a: Slowbro","|-damage|p1a: Slowbro|277/394 par","|-damage|p2a: Wish Maker|295/404|[from] item: Rocky Helmet|[of] p1a: Slowbro","|cant|p1a: Slowbro|flinch","|","|-heal|p2a: Wish Maker|320/404|[from] item: Leftovers","|turn|19","|","|move|p2a: Wish Maker|Wish|p2a: Wish Maker","|move|p1a: Slowbro|Slack Off|p1a: Slowbro","|-heal|p1a: Slowbro|394/394 par","|","|-heal|p2a: Wish Maker|345/404|[from] item: Leftovers","|turn|20","|","|switch|p2a: V1C70RY|Victini|200/341","|-damage|p2a: V1C70RY|115/341|[from] Stealth Rock","|move|p1a: Slowbro|Yawn|p2a: V1C70RY","|-start|p2a: V1C70RY|move: Yawn|[of] p1a: Slowbro","|","|-heal|p2a: V1C70RY|317/341|[from] move: Wish|[wisher] Wish Maker","|turn|21","|","|switch|p2a: Wish Maker|Jirachi|345/404","|-damage|p2a: Wish Maker|320/404|[from] Stealth Rock","|move|p1a: Slowbro|Scald|p2a: Wish Maker","|-damage|p2a: Wish Maker|245/404","|","|-heal|p2a: Wish Maker|270/404|[from] item: Leftovers","|turn|22","|","|move|p2a: Wish Maker|Wish|p2a: Wish Maker","|move|p1a: Slowbro|Flamethrower|p2a: Wish Maker","|-crit|p2a: Wish Maker","|-supereffective|p2a: Wish Maker","|-damage|p2a: Wish Maker|126/404","|","|-heal|p2a: Wish Maker|151/404|[from] item: Leftovers","|turn|23","|","|move|p2a: Wish Maker|Iron Head|p1a: Slowbro","|-resisted|p1a: Slowbro","|-damage|p1a: Slowbro|361/394 par","|-damage|p2a: Wish Maker|84/404|[from] item: Rocky Helmet|[of] p1a: Slowbro","|move|p1a: Slowbro|Scald|p2a: Wish Maker","|-damage|p2a: Wish Maker|17/404","|-status|p2a: Wish Maker|brn","|","|-heal|p2a: Wish Maker|219/404 brn|[from] move: Wish|[wisher] Wish Maker","|-heal|p2a: Wish Maker|244/404 brn|[from] item: Leftovers","|-damage|p2a: Wish Maker|194/404 brn|[from] brn","|turn|24","|","|switch|p2a: V1C70RY|Victini|317/341","|-damage|p2a: V1C70RY|232/341|[from] Stealth Rock","|move|p1a: Slowbro|Scald|p2a: V1C70RY","|-supereffective|p2a: V1C70RY","|-damage|p2a: V1C70RY|44/341","|","|turn|25","|","|switch|p1a: Hoopa-Unbound|Hoopa-Unbound|1/301","|move|p2a: V1C70RY|Bolt Strike|p1a: Hoopa-Unbound","|-crit|p1a: Hoopa-Unbound","|-damage|p1a: Hoopa-Unbound|0 fnt","|-damage|p2a: V1C70RY|0 fnt|[from] item: Rocky Helmet|[of] p1a: Hoopa-Unbound","|faint|p2a: V1C70RY","|faint|p1a: Hoopa-Unbound","|","|","|switch|p1a: Latias|Latias, F|230/364","|switch|p2a: BR34ST L3GZ|Medicham, F|261/261","|-damage|p2a: BR34ST L3GZ|245/261|[from] Stealth Rock","|turn|26","|","|detailschange|p2a: BR34ST L3GZ|Medicham-Mega, F","|-mega|p2a: BR34ST L3GZ|Medicham|Medichamite","|move|p2a: BR34ST L3GZ|Fake Out|p1a: Latias","|-damage|p1a: Latias|147/364","|cant|p1a: Latias|flinch","|","|-heal|p1a: Latias|169/364|[from] item: Leftovers","|turn|27","|","|move|p1a: Latias|Draco Meteor|p2a: BR34ST L3GZ","|-damage|p2a: BR34ST L3GZ|71/261","|-unboost|p1a: Latias|spa|2","|move|p2a: BR34ST L3GZ|High Jump Kick|p1a: Latias","|-resisted|p1a: Latias","|-damage|p1a: Latias|0 fnt","|faint|p1a: Latias","|","|","|switch|p1a: Slowbro|Slowbro, F|394/394 par","|turn|28","|","|move|p2a: BR34ST L3GZ|High Jump Kick|p1a: Slowbro","|-resisted|p1a: Slowbro","|-damage|p1a: Slowbro|253/394 par","|-damage|p2a: BR34ST L3GZ|28/261|[from] item: Rocky Helmet|[of] p1a: Slowbro","|move|p1a: Slowbro|Yawn|p2a: BR34ST L3GZ","|-start|p2a: BR34ST L3GZ|move: Yawn|[of] p1a: Slowbro","|","|turn|29","|","|switch|p2a: Wish Maker|Jirachi|194/404 brn","|-damage|p2a: Wish Maker|169/404 brn|[from] Stealth Rock","|cant|p1a: Slowbro|par","|","|-heal|p2a: Wish Maker|194/404 brn|[from] item: Leftovers","|-damage|p2a: Wish Maker|144/404 brn|[from] brn","|turn|30","|","|move|p2a: Wish Maker|Wish|p2a: Wish Maker","|move|p1a: Slowbro|Flamethrower|p2a: Wish Maker","|-supereffective|p2a: Wish Maker","|-damage|p2a: Wish Maker|40/404 brn","|","|-heal|p2a: Wish Maker|65/404 brn|[from] item: Leftovers","|-damage|p2a: Wish Maker|15/404 brn|[from] brn","|turn|31","|","|move|p2a: Wish Maker|Iron Head|p1a: Slowbro","|-resisted|p1a: Slowbro","|-damage|p1a: Slowbro|238/394 par","|-damage|p2a: Wish Maker|0 fnt|[from] item: Rocky Helmet|[of] p1a: Slowbro","|faint|p2a: Wish Maker","|cant|p1a: Slowbro|flinch","|","|","|switch|p2a: BR34ST L3GZ|Medicham-Mega, F|28/261","|-damage|p2a: BR34ST L3GZ|12/261|[from] Stealth Rock","|turn|32","|","|move|p2a: BR34ST L3GZ|Fake Out|p1a: Slowbro","|-damage|p1a: Slowbro|182/394 par","|-damage|p2a: BR34ST L3GZ|0 fnt|[from] item: Rocky Helmet|[of] p1a: Slowbro","|faint|p2a: BR34ST L3GZ","|","|win|Seven Swell"],"p1rating":{"entryid":"7267988","serverid":"eos","formatid":"monotype","userid":"sevenswell","username":"Seven Swell","w":50,"l":"27","t":"0","gxe":67.5,"r":"1624.6245106123","rd":"42.988182834483","sigma":"0","rptime":"1439283600","rpr":1638.0038302677,"rprd":41.590718089673,"rpsigma":"0","acre":1358.8349506581,"lacre":1358.8349506581,"oldacre":"1347.6138776771"},"p2rating":{"entryid":"7419563","serverid":"eos","formatid":"monotype","userid":"topazpikel","username":"Topaz~Pikel","w":"16","l":8,"t":"0","gxe":65.2,"r":"1632.6956336965","rd":"67.200218799673","sigma":"0","rptime":"1439283600","rpr":1619.9873349732,"rprd":65.99979625797,"rpsigma":"0","acre":1169.9714521064,"lacre":1169.9714521064,"oldacre":"1183.9977933326"},"endType":"normal"}