{"seed":[47698,38436,5015,30484],"turns":34,"p1":"Sjado","p2":"Rain Hoot","p1team":[{"name":"Sableye","species":"Sableye","item":"sablenite","ability":"Prankster","moves":["recover","willowisp","calmmind","darkpulse"],"nature":"Bold","evs":{"hp":252,"atk":0,"def":252,"spa":0,"spd":4,"spe":0},"ivs":{"hp":31,"atk":31,"def":31,"spa":31,"spd":31,"spe":31}},{"name":"Umbreon","species":"Umbreon","item":"leftovers","ability":"Synchronize","moves":["toxic","wish","protect","darkpulse"],"nature":"Calm","evs":{"hp":252,"atk":0,"def":0,"spa":4,"spd":252,"spe":0},"ivs":{"hp":31,"atk":31,"def":31,"spa":31,"spd":31,"spe":31}},{"name":"Bisharp","species":"Bisharp","item":"lifeorb","ability":"Defiant","moves":["ironhead","suckerpunch","knockoff","swordsdance"],"nature":"Adamant","evs":{"hp":0,"atk":252,"def":0,"spa":0,"spd":4,"spe":252},"shiny":true,"ivs":{"hp":31,"atk":31,"def":31,"spa":31,"spd":31,"spe":31}},{"name":"Mandibuzz","species":"Mandibuzz","item":"rockyhelmet","ability":"Overcoat","moves":["roost","foulplay","defog","toxic"],"nature":"Bold","evs":{"hp":252,"atk":0,"def":252,"spa":0,"spd":4,"spe":0},"ivs":{"hp":31,"atk":31,"def":31,"spa":31,"spd":31,"spe":31}},{"name":"Tyranitar","species":"Tyranitar","item":"leftovers","ability":"Sand Stream","moves":["stoneedge","stealthrock","earthquake","fireblast"],"nature":"Sassy","evs":{"hp":244,"atk":8,"def":0,"spa":4,"spd":252,"spe":0},"ivs":{"hp":31,"atk":31,"def":31,"spa":31,"spd":31,"spe":31}},{"name":"Hydreigon","species":"Hydreigon","item":"lifeorb","ability":"Levitate","moves":["darkpulse","dracometeor","fireblast","earthpower"],"nature":"Timid","evs":{"hp":0,"atk":0,"def":0,"spa":252,"spd":4,"spe":252},"ivs":{"hp":31,"atk":31,"def":31,"spa":31,"spd":31,"spe":31}}],"p2team":[{"name":"Shuckle","species":"Shuckle","item":"leftovers","ability":"Sturdy","moves":["stickyweb","stealthrock","toxic","encore"],"nature":"Calm","evs":{"hp":252,"atk":0,"def":4,"spa":0,"spd":252,"spe":0},"ivs":{"hp":31,"atk":31,"def":31,"spa":31,"spd":31,"spe":31}},{"name":"Diancie","species":"Diancie","item":"diancite","ability":"Clear Body","moves":["moonblast","diamondstorm","earthpower","protect"],"nature":"Hasty","evs":{"hp":0,"atk":0,"def":0,"spa":252,"spd":0,"spe":252},"ivs":{"hp":31,"atk":31,"def":31,"spa":31,"spd":31,"spe":31}},{"name":"Golem","species":"Golem","item":"weaknesspolicy","ability":"Sturdy","moves":["earthquake","rockblast","suckerpunch","rockpolish"],"nature":"Adamant","evs":{"hp":0,"atk":252,"def":0,"spa":0,"spd":4,"spe":252},"ivs":{"hp":31,"atk":31,"def":31,"spa":31,"spd":31,"spe":31}},{"name":"Relicanth","species":"Relicanth","item":"choiceband","ability":"Rock Head","moves":["headsmash","doubleedge","earthquake","waterfall"],"nature":"Adamant","evs":{"hp":248,"atk":252,"def":0,"spa":0,"spd":8,"spe":0},"ivs":{"hp":31,"atk":31,"def":31,"spa":31,"spd":31,"spe":31}},{"name":"Cradily","species":"Cradily","item":"leftovers","ability":"Storm Drain","moves":["gigadrain","toxic","stockpile","recover"],"nature":"Calm","evs":{"hp":252,"atk":0,"def":0,"spa":4,"spd":252,"spe":0},"ivs":{"hp":31,"atk":31,"def":31,"spa":31,"spd":31,"spe":31}},{"name":"Aerodactyl","species":"Aerodactyl","item":"lifeorb","ability":"Pressure","moves":["aerialace","stoneedge","earthquake","fireblast"],"nature":"Hasty","evs":{"hp":0,"atk":252,"def":0,"spa":4,"spd":0,"spe":252},"ivs":{"hp":31,"atk":31,"def":31,"spa":31,"spd":31,"spe":31}}],"log":["|player|p1|Sjado|168","|player|p2|Rain Hoot|266","|gametype|singles","|gen|6","|tier|Monotype","|rated","|rule|Baton Pass Clause: Limit one Baton Passer, can't pass Spe and other stats simultaneously","|rule|Swagger Clause: Swagger is banned","|rule|Same Type Clause: Pokémon in a team must share a type","|clearpoke","|poke|p1|Sableye, F","|poke|p1|Umbreon, F","|poke|p1|Bisharp, M, shiny","|poke|p1|Mandibuzz, F","|poke|p1|Tyranitar, F","|poke|p1|Hydreigon, F","|poke|p2|Shuckle, M","|poke|p2|Diancie","|poke|p2|Golem, M","|poke|p2|Relicanth, F","|poke|p2|Cradily, M","|poke|p2|Aerodactyl, M","|rule|Sleep Clause Mod: Limit one foe put to sleep","|rule|Species Clause: Limit one of each Pokémon","|rule|OHKO Clause: OHKO moves are banned","|rule|Moody Clause: Moody is banned","|rule|Evasion Moves Clause: Evasion moves are banned","|rule|Endless Battle Clause: Forcing endless battles is banned","|rule|HP Percentage Mod: HP is shown in percentages","|teampreview","|","|start","|switch|p1a: Bisharp|Bisharp, M, shiny|271/271","|switch|p2a: Relicanth|Relicanth, F|403/403","|turn|1","|","|switch|p1a: Sableye|Sableye, F|304/304","|move|p2a: Relicanth|Earthquake|p1a: Sableye","|-damage|p1a: Sableye|180/304","|","|turn|2","|","|switch|p2a: Shuckle|Shuckle, M|244/244","|move|p1a: Sableye|Will-O-Wisp|p2a: Shuckle|[miss]","|-miss|p1a: Sableye|p2a: Shuckle","|","|turn|3","|","|switch|p2a: Diancie|Diancie|241/241","|detailschange|p1a: Sableye|Sableye-Mega, F","|-mega|p1a: Sableye|Sableye|Sablenite","|move|p1a: Sableye|Will-O-Wisp|p2a: Diancie|[miss]","|-miss|p1a: Sableye|p2a: Diancie","|","|turn|4","|","|detailschange|p2a: Diancie|Diancie-Mega","|-mega|p2a: Diancie|Diancie|Diancite","|move|p2a: Diancie|Moonblast|p1a: Sableye","|-supereffective|p1a: Sableye","|-damage|p1a: Sableye|0 fnt","|faint|p1a: Sableye","|","|","|switch|p1a: Tyranitar|Tyranitar, F|402/402","|-weather|Sandstorm","|turn|5","|","|switch|p2a: Aerodactyl|Aerodactyl, M|301/301","|-ability|p2a: Aerodactyl|Pressure","|move|p1a: Tyranitar|Earthquake|p2a: Aerodactyl","|-immune|p2a: Aerodactyl|[msg]","|","|-weather|Sandstorm|[upkeep]","|turn|6","|","|move|p2a: Aerodactyl|Earthquake|p1a: Tyranitar","|-supereffective|p1a: Tyranitar","|-damage|p1a: Tyranitar|142/402","|-damage|p2a: Aerodactyl|271/301|[from] item: Life Orb","|move|p1a: Tyranitar|Stealth Rock|p2a: Aerodactyl","|-sidestart|p2: Rain Hoot|move: Stealth Rock","|","|-weather|Sandstorm|[upkeep]","|-heal|p1a: Tyranitar|167/402|[from] item: Leftovers","|turn|7","|","|switch|p1a: Umbreon|Umbreon, F|394/394","|move|p2a: Aerodactyl|Earthquake|p1a: Umbreon","|-damage|p1a: Umbreon|265/394","|-damage|p2a: Aerodactyl|241/301|[from] item: Life Orb","|","|-weather|Sandstorm|[upkeep]","|-damage|p1a: Umbreon|241/394|[from] sandstorm","|-heal|p1a: Umbreon|265/394|[from] item: Leftovers","|turn|8","|","|move|p2a: Aerodactyl|Stone Edge|p1a: Umbreon","|-damage|p1a: Umbreon|93/394","|-damage|p2a: Aerodactyl|211/301|[from] item: Life Orb","|move|p1a: Umbreon|Wish|p1a: Umbreon","|","|-weather|Sandstorm|[upkeep]","|-damage|p1a: Umbreon|69/394|[from] sandstorm","|-heal|p1a: Umbreon|93/394|[from] item: Leftovers","|turn|9","|","|switch|p2a: Diancie|Diancie-Mega|241/241","|-damage|p2a: Diancie|211/241|[from] Stealth Rock","|move|p1a: Umbreon|Toxic|p2a: Diancie","|move|p2a: Diancie|Toxic|p1a: Umbreon|[from]Magic Bounce","|-status|p1a: Umbreon|tox","|-status|p2a: Diancie|tox","|","|-weather|none","|-heal|p1a: Umbreon|290/394 tox|[from] move: Wish|[wisher] Umbreon","|-heal|p1a: Umbreon|314/394 tox|[from] item: Leftovers","|-damage|p2a: Diancie|196/241 tox|[from] psn","|-damage|p1a: Umbreon|290/394 tox|[from] psn","|turn|10","|","|move|p1a: Umbreon|Protect|p1a: Umbreon","|-singleturn|p1a: Umbreon|Protect","|move|p2a: Diancie|Moonblast|p1a: Umbreon","|-activate|p1a: Umbreon|Protect","|","|-heal|p1a: Umbreon|314/394 tox|[from] item: Leftovers","|-damage|p2a: Diancie|166/241 tox|[from] psn","|-damage|p1a: Umbreon|266/394 tox|[from] psn","|turn|11","|","|move|p2a: Diancie|Moonblast|p1a: Umbreon","|-supereffective|p1a: Umbreon","|-damage|p1a: Umbreon|26/394 tox","|move|p1a: Umbreon|Wish|p1a: Umbreon","|","|-heal|p1a: Umbreon|50/394 tox|[from] item: Leftovers","|-damage|p2a: Diancie|121/241 tox|[from] psn","|-damage|p1a: Umbreon|0 fnt|[from] psn","|faint|p1a: Umbreon","|","|switch|p1a: Mandibuzz|Mandibuzz, F|424/424","|turn|12","|","|move|p2a: Diancie|Moonblast|p1a: Mandibuzz","|-supereffective|p1a: Mandibuzz","|-damage|p1a: Mandibuzz|28/424","|move|p1a: Mandibuzz|Foul Play|p2a: Diancie","|-resisted|p2a: Diancie","|-damage|p2a: Diancie|34/241 tox","|","|-heal|p1a: Mandibuzz|225/424|[from] move: Wish|[wisher] Umbreon","|-damage|p2a: Diancie|0 fnt|[from] psn","|faint|p2a: Diancie","|","|switch|p2a: Aerodactyl|Aerodactyl, M|211/301","|-damage|p2a: Aerodactyl|136/301|[from] Stealth Rock","|-ability|p2a: Aerodactyl|Pressure","|turn|13","|","|switch|p1a: Bisharp|Bisharp, M, shiny|271/271","|move|p2a: Aerodactyl|Stone Edge|p1a: Bisharp","|-resisted|p1a: Bisharp","|-damage|p1a: Bisharp|177/271","|-damage|p2a: Aerodactyl|106/301|[from] item: Life Orb","|","|turn|14","|","|move|p1a: Bisharp|Sucker Punch|p2a: Aerodactyl","|-damage|p2a: Aerodactyl|0 fnt","|-damage|p1a: Bisharp|150/271|[from] item: Life Orb","|faint|p2a: Aerodactyl","|","|","|switch|p2a: Golem|Golem, M|301/301","|-damage|p2a: Golem|283/301|[from] Stealth Rock","|turn|15","|","|move|p1a: Bisharp|Iron Head|p2a: Golem","|-supereffective|p2a: Golem","|-damage|p2a: Golem|0 fnt","|-damage|p1a: Bisharp|123/271|[from] item: Life Orb","|faint|p2a: Golem","|","|","|switch|p2a: Relicanth|Relicanth, F|403/403","|-damage|p2a: Relicanth|353/403|[from] Stealth Rock","|turn|16","|","|switch|p1a: Mandibuzz|Mandibuzz, F|225/424","|move|p2a: Relicanth|Waterfall|p1a: Mandibuzz","|-damage|p1a: Mandibuzz|101/424","|-damage|p2a: Relicanth|286/403|[from] item: Rocky Helmet|[of] p1a: Mandibuzz","|","|turn|17","|","|switch|p2a: Shuckle|Shuckle, M|244/244","|-damage|p2a: Shuckle|183/244|[from] Stealth Rock","|move|p1a: Mandibuzz|Roost|p1a: Mandibuzz","|-heal|p1a: Mandibuzz|313/424","|","|-heal|p2a: Shuckle|198/244|[from] item: Leftovers","|turn|18","|","|move|p1a: Mandibuzz|Toxic|p2a: Shuckle","|-status|p2a: Shuckle|tox","|move|p2a: Shuckle|Stealth Rock|p1a: Mandibuzz","|-sidestart|p1: Sjado|move: Stealth Rock","|","|-heal|p2a: Shuckle|213/244 tox|[from] item: Leftovers","|-damage|p2a: Shuckle|198/244 tox|[from] psn","|turn|19","|","|move|p1a: Mandibuzz|Defog|p2a: Shuckle","|-unboost|p2a: Shuckle|evasion|1","|-sideend|p2: Rain Hoot|Stealth Rock|[from] move: Defog|[of] p2a: Shuckle","|-sideend|p1: Sjado|Stealth Rock|[from] move: Defog|[of] p1a: Mandibuzz","|move|p2a: Shuckle|Toxic|p1a: Mandibuzz","|-status|p1a: Mandibuzz|tox","|","|-heal|p2a: Shuckle|213/244 tox|[from] item: Leftovers","|-damage|p1a: Mandibuzz|287/424 tox|[from] psn","|-damage|p2a: Shuckle|183/244 tox|[from] psn","|turn|20","|","|move|p1a: Mandibuzz|Foul Play|p2a: Shuckle","|-damage|p2a: Shuckle|168/244 tox","|move|p2a: Shuckle|Stealth Rock|p1a: Mandibuzz","|-sidestart|p1: Sjado|move: Stealth Rock","|","|-heal|p2a: Shuckle|183/244 tox|[from] item: Leftovers","|-damage|p1a: Mandibuzz|235/424 tox|[from] psn","|-damage|p2a: Shuckle|138/244 tox|[from] psn","|turn|21","|","|switch|p2a: Cradily|Cradily, M|376/376","|move|p1a: Mandibuzz|Defog|p2a: Cradily","|-unboost|p2a: Cradily|evasion|1","|-sideend|p1: Sjado|Stealth Rock|[from] move: Defog|[of] p1a: Mandibuzz","|","|-damage|p1a: Mandibuzz|157/424 tox|[from] psn","|turn|22","|","|switch|p2a: Shuckle|Shuckle, M|138/244 tox","|move|p1a: Mandibuzz|Toxic|p2a: Shuckle","|-fail|p2a: Shuckle|tox","|","|-heal|p2a: Shuckle|153/244 tox|[from] item: Leftovers","|-damage|p1a: Mandibuzz|53/424 tox|[from] psn","|-damage|p2a: Shuckle|138/244 tox|[from] psn","|turn|23","|","|switch|p1a: Bisharp|Bisharp, M, shiny|123/271","|move|p2a: Shuckle|Encore|p1a: Bisharp","|-fail|p1a: Bisharp","|","|-heal|p2a: Shuckle|153/244 tox|[from] item: Leftovers","|-damage|p2a: Shuckle|123/244 tox|[from] psn","|turn|24","|","|move|p1a: Bisharp|Iron Head|p2a: Shuckle","|-supereffective|p2a: Shuckle","|-damage|p2a: Shuckle|0 fnt","|-damage|p1a: Bisharp|96/271|[from] item: Life Orb","|faint|p2a: Shuckle","|","|","|switch|p2a: Relicanth|Relicanth, F|286/403","|turn|25","|","|move|p1a: Bisharp|Iron Head|p2a: Relicanth","|-damage|p2a: Relicanth|117/403","|-damage|p1a: Bisharp|69/271|[from] item: Life Orb","|move|p2a: Relicanth|Head Smash|p1a: Bisharp|[miss]","|-miss|p2a: Relicanth|p1a: Bisharp","|","|turn|26","|","|move|p1a: Bisharp|Iron Head|p2a: Relicanth","|-damage|p2a: Relicanth|0 fnt","|-damage|p1a: Bisharp|42/271|[from] item: Life Orb","|faint|p2a: Relicanth","|","|","|switch|p2a: Cradily|Cradily, M|376/376","|turn|27","|","|move|p1a: Bisharp|Knock Off|p2a: Cradily","|-damage|p2a: Cradily|129/376","|-enditem|p2a: Cradily|Leftovers|[from] move: Knock Off|[of] p1a: Bisharp","|-damage|p1a: Bisharp|15/271|[from] item: Life Orb","|move|p2a: Cradily|Giga Drain|p1a: Bisharp","|-resisted|p1a: Bisharp","|-damage|p1a: Bisharp|0 fnt","|-heal|p2a: Cradily|137/376|[from] drain|[of] p1a: Bisharp","|faint|p1a: Bisharp","|","|","|switch|p1a: Mandibuzz|Mandibuzz, F|53/424 tox","|turn|28","|","|move|p1a: Mandibuzz|Toxic|p2a: Cradily","|-status|p2a: Cradily|tox","|move|p2a: Cradily|Recover|p2a: Cradily","|-heal|p2a: Cradily|325/376 tox","|","|-damage|p1a: Mandibuzz|27/424 tox|[from] psn","|-damage|p2a: Cradily|302/376 tox|[from] psn","|turn|29","|","|move|p1a: Mandibuzz|Roost|p1a: Mandibuzz","|-heal|p1a: Mandibuzz|239/424 tox","|move|p2a: Cradily|Stockpile|p2a: Cradily","|-start|p2a: Cradily|stockpile1","|-boost|p2a: Cradily|def|1","|-boost|p2a: Cradily|spd|1","|","|-damage|p1a: Mandibuzz|187/424 tox|[from] psn","|-damage|p2a: Cradily|256/376 tox|[from] psn","|turn|30","|","|move|p1a: Mandibuzz|Roost|p1a: Mandibuzz","|-heal|p1a: Mandibuzz|399/424 tox","|move|p2a: Cradily|Stockpile|p2a: Cradily","|-start|p2a: Cradily|stockpile2","|-boost|p2a: Cradily|def|1","|-boost|p2a: Cradily|spd|1","|","|-damage|p1a: Mandibuzz|321/424 tox|[from] psn","|-damage|p2a: Cradily|187/376 tox|[from] psn","|turn|31","|","|switch|p1a: Tyranitar|Tyranitar, F|167/402","|-weather|Sandstorm","|move|p2a: Cradily|Recover|p2a: Cradily","|-heal|p2a: Cradily|375/376 tox","|","|-weather|Sandstorm|[upkeep]","|-heal|p1a: Tyranitar|192/402|[from] item: Leftovers","|-damage|p2a: Cradily|283/376 tox|[from] psn","|turn|32","|","|move|p1a: Tyranitar|Stealth Rock|p2a: Cradily","|-sidestart|p2: Rain Hoot|move: Stealth Rock","|move|p2a: Cradily|Giga Drain|p1a: Tyranitar","|-supereffective|p1a: Tyranitar","|-damage|p1a: Tyranitar|120/402","|-heal|p2a: Cradily|319/376 tox|[from] drain|[of] p1a: Tyranitar","|","|-weather|Sandstorm|[upkeep]","|-heal|p1a: Tyranitar|145/402|[from] item: Leftovers","|-damage|p2a: Cradily|204/376 tox|[from] psn","|turn|33","|","|switch|p1a: Hydreigon|Hydreigon, F|325/325","|move|p2a: Cradily|Giga Drain|p1a: Hydreigon","|-resisted|p1a: Hydreigon","|-damage|p1a: Hydreigon|281/325","|-heal|p2a: Cradily|226/376 tox|[from] drain|[of] p1a: Hydreigon","|","|-weather|Sandstorm|[upkeep]","|-damage|p1a: Hydreigon|261/325|[from] sandstorm","|-damage|p2a: Cradily|88/376 tox|[from] psn","|turn|34","|","|move|p1a: Hydreigon|Draco Meteor|p2a: Cradily|[miss]","|-miss|p1a: Hydreigon|p2a: Cradily","|move|p2a: Cradily|Toxic|p1a: Hydreigon","|-status|p1a: Hydreigon|tox","|","|-weather|Sandstorm|[upkeep]","|-damage|p1a: Hydreigon|241/325 tox|[from] sandstorm","|-damage|p1a: Hydreigon|221/325 tox|[from] psn","|-damage|p2a: Cradily|0 fnt|[from] psn","|faint|p2a: Cradily","|","|win|Sjado"],"p1rating":{"entryid":"6705129","serverid":"eos","formatid":"monotype","userid":"sjado","username":"Sjado","w":6,"l":"3","t":"0","gxe":55.9,"r":"1524.7413863313","rd":"95.556289892749","sigma":"0","rptime":"1439283600","rpr":1546.0665157512,"rprd":92.622152921735,"rpsigma":"0","acre":1153.4767494368,"lacre":1153.4767494368,"oldacre":"1135.507017894"},"p2rating":{"entryid":"7558745","serverid":"eos","formatid":"monotype","userid":"rainhoot","username":"Rain Hoot","w":"1","l":2,"t":"0","gxe":45.9,"r":"1500","rd":"130","sigma":"0","rptime":"1439283600","rpr":1467.2348144728,"rprd":110.52084218807,"rpsigma":"0","acre":1024.1271662864,"lacre":1024.1271662864,"oldacre":"1035.0994220532"},"endType":"normal"}