{"seed":[18344,53882,43572,9315],"turns":30,"p1":"samuelwade223","p2":"Etrayu","p1team":[{"name":"Tentacruel","species":"Tentacruel","item":"blacksludge","ability":"Rain Dish","moves":["toxicspikes","rapidspin","raindance","scald"],"nature":"Timid","evs":{"hp":4,"atk":0,"def":0,"spa":0,"spd":252,"spe":252},"gender":"M","shiny":true,"ivs":{"hp":31,"atk":31,"def":31,"spa":31,"spd":31,"spe":31}},{"name":"Suicune","species":"Suicune","item":"leftovers","ability":"Pressure","moves":["calmmind","scald","rest","sleeptalk"],"nature":"Bold","evs":{"hp":252,"atk":0,"def":252,"spa":4,"spd":0,"spe":0},"shiny":true,"ivs":{"hp":31,"atk":31,"def":31,"spa":31,"spd":31,"spe":31}},{"name":"Gyarados","species":"Gyarados","item":"lumberry","ability":"Moxie","moves":["dragondance","waterfall","earthquake","stoneedge"],"nature":"Jolly","evs":{"hp":4,"atk":252,"def":0,"spa":0,"spd":0,"spe":252},"gender":"F","shiny":true,"ivs":{"hp":31,"atk":31,"def":31,"spa":31,"spd":31,"spe":31}},{"name":"Starmie","species":"Starmie","item":"choicescarf","ability":"Natural Cure","moves":["thunderbolt","trick","hydropump","icebeam"],"nature":"Modest","evs":{"hp":4,"atk":0,"def":0,"spa":252,"spd":0,"spe":252},"shiny":true,"ivs":{"hp":31,"atk":31,"def":31,"spa":31,"spd":31,"spe":31}},{"name":"Azumarill","species":"Azumarill","item":"choiceband","ability":"Huge Power","moves":["waterfall","aquajet","superpower","icepunch"],"nature":"Adamant","evs":{"hp":252,"atk":252,"def":0,"spa":0,"spd":0,"spe":4},"gender":"F","shiny":true,"ivs":{"hp":31,"atk":31,"def":31,"spa":31,"spd":31,"spe":31}},{"name":"Lanturn","species":"Lanturn","item":"leftovers","ability":"Volt Absorb","moves":["thunderwave","scald","chargebeam","icebeam"],"nature":"Calm","evs":{"hp":252,"atk":0,"def":4,"spa":0,"spd":252,"spe":0},"shiny":true,"ivs":{"hp":31,"atk":31,"def":31,"spa":31,"spd":31,"spe":31}}],"p2team":[{"name":"Hoopa-Unbound","species":"Hoopa-Unbound","item":"assaultvest","ability":"Magician","moves":["gunkshot","hyperspacefury","drainpunch","psychic"],"nature":"Brave","evs":{"hp":252,"atk":252,"def":0,"spa":4,"spd":0,"spe":0},"ivs":{"hp":31,"atk":31,"def":31,"spa":31,"spd":31,"spe":31}},{"name":"Victini","species":"Victini","item":"choiceband","ability":"Victory Star","moves":["vcreate","boltstrike","brickbreak","uturn"],"nature":"Adamant","evs":{"hp":0,"atk":252,"def":4,"spa":0,"spd":0,"spe":252},"ivs":{"hp":31,"atk":31,"def":31,"spa":31,"spd":31,"spe":31}},{"name":"Mew","species":"Mew","item":"leftovers","ability":"Synchronize","moves":["taunt","softboiled","willowisp","knockoff"],"nature":"","evs":{"hp":0,"atk":0,"def":0,"spa":0,"spd":0,"spe":0},"ivs":{"hp":31,"atk":31,"def":31,"spa":31,"spd":31,"spe":31}},{"name":"Slowbro","species":"Slowbro","item":"leftovers","ability":"Regenerator","moves":["scald","slackoff","thunderwave","fireblast"],"nature":"Bold","evs":{"hp":252,"atk":0,"def":232,"spa":0,"spd":24,"spe":0},"ivs":{"hp":31,"atk":31,"def":31,"spa":31,"spd":31,"spe":31}},{"name":"Celebi","species":"Celebi","item":"leftovers","ability":"Natural Cure","moves":["recover","batonpass","nastyplot","gigadrain"],"nature":"Bold","evs":{"hp":252,"atk":0,"def":148,"spa":0,"spd":0,"spe":108},"ivs":{"hp":31,"atk":31,"def":31,"spa":31,"spd":31,"spe":31}},{"name":"Gardevoir","species":"Gardevoir","item":"gardevoirite","ability":"Synchronize","moves":["hypervoice","psyshock","focusblast","calmmind"],"nature":"Timid","evs":{"hp":0,"atk":0,"def":24,"spa":232,"spd":0,"spe":252},"ivs":{"hp":31,"atk":31,"def":31,"spa":31,"spd":31,"spe":31}}],"log":["|player|p1|samuelwade223|290","|player|p2|Etrayu|etrayu.png","|gametype|singles","|gen|6","|tier|Monotype","|rated","|rule|Baton Pass Clause: Limit one Baton Passer, can't pass Spe and other stats simultaneously","|rule|Swagger Clause: Swagger is banned","|rule|Same Type Clause: Pokémon in a team must share a type","|clearpoke","|poke|p1|Tentacruel, M, shiny","|poke|p1|Suicune, shiny","|poke|p1|Gyarados, F, shiny","|poke|p1|Starmie, shiny","|poke|p1|Azumarill, F, shiny","|poke|p1|Lanturn, M, shiny","|poke|p2|Hoopa-Unbound","|poke|p2|Victini","|poke|p2|Mew","|poke|p2|Slowbro, M","|poke|p2|Celebi","|poke|p2|Gardevoir, F","|rule|Sleep Clause Mod: Limit one foe put to sleep","|rule|Species Clause: Limit one of each Pokémon","|rule|OHKO Clause: OHKO moves are banned","|rule|Moody Clause: Moody is banned","|rule|Evasion Moves Clause: Evasion moves are banned","|rule|Endless Battle Clause: Forcing endless battles is banned","|rule|HP Percentage Mod: HP is shown in percentages","|teampreview","|","|start","|switch|p1a: Tentacruel|Tentacruel, M, shiny|302/302","|switch|p2a: Slowbro|Slowbro, M|394/394","|turn|1","|","|move|p1a: Tentacruel|Toxic Spikes|p2a: Slowbro","|-sidestart|p2: Etrayu|move: Toxic Spikes","|move|p2a: Slowbro|Thunder Wave|p1a: Tentacruel","|-status|p1a: Tentacruel|par","|","|turn|2","|","|switch|p2a: Victini|Victini|341/341","|-status|p2a: Victini|psn","|move|p1a: Tentacruel|Toxic Spikes|p2a: Victini","|-sidestart|p2: Etrayu|move: Toxic Spikes","|","|-damage|p2a: Victini|299/341 psn|[from] psn","|turn|3","|","|move|p2a: Victini|Bolt Strike|p1a: Tentacruel","|-supereffective|p1a: Tentacruel","|-damage|p1a: Tentacruel|0 fnt","|faint|p1a: Tentacruel","|","|-damage|p2a: Victini|257/341 psn|[from] psn","|","|switch|p1a: Suicune|Suicune, shiny|404/404","|-ability|p1a: Suicune|Pressure","|turn|4","|","|move|p2a: Victini|Bolt Strike|p1a: Suicune","|-supereffective|p1a: Suicune","|-damage|p1a: Suicune|104/404","|move|p1a: Suicune|Scald|p2a: Victini","|-supereffective|p2a: Victini","|-damage|p2a: Victini|81/341 psn","|","|-heal|p1a: Suicune|129/404|[from] item: Leftovers","|-damage|p2a: Victini|39/341 psn|[from] psn","|turn|5","|","|move|p2a: Victini|Bolt Strike|p1a: Suicune","|-supereffective|p1a: Suicune","|-damage|p1a: Suicune|0 fnt","|faint|p1a: Suicune","|","|-damage|p2a: Victini|0 fnt|[from] psn","|faint|p2a: Victini","|","|switch|p2a: Mew|Mew|341/341","|switch|p1a: Lanturn|Lanturn, M, shiny|454/454","|-status|p2a: Mew|tox","|turn|6","|","|move|p2a: Mew|Will-O-Wisp|p1a: Lanturn","|-status|p1a: Lanturn|brn","|move|p1a: Lanturn|Charge Beam|p2a: Mew|[miss]","|-miss|p1a: Lanturn|p2a: Mew","|","|-damage|p2a: Mew|320/341 tox|[from] psn","|-damage|p1a: Lanturn|398/454 brn|[from] brn","|turn|7","|","|move|p2a: Mew|Knock Off|p1a: Lanturn","|-damage|p1a: Lanturn|291/454 brn","|-enditem|p1a: Lanturn|Leftovers|[from] move: Knock Off|[of] p2a: Mew","|move|p1a: Lanturn|Charge Beam|p2a: Mew","|-damage|p2a: Mew|269/341 tox","|-boost|p1a: Lanturn|spa|1","|","|-heal|p2a: Mew|290/341 tox|[from] item: Leftovers","|-damage|p2a: Mew|248/341 tox|[from] psn","|-damage|p1a: Lanturn|235/454 brn|[from] brn","|turn|8","|","|switch|p1a: Azumarill|Azumarill, F, shiny|404/404","|move|p2a: Mew|Soft-Boiled|p2a: Mew","|-heal|p2a: Mew|341/341 tox","|","|-damage|p2a: Mew|278/341 tox|[from] psn","|turn|9","|","|move|p2a: Mew|Will-O-Wisp|p1a: Azumarill","|-status|p1a: Azumarill|brn","|move|p1a: Azumarill|Waterfall|p2a: Mew","|-damage|p2a: Mew|145/341 tox","|","|-heal|p2a: Mew|166/341 tox|[from] item: Leftovers","|-damage|p2a: Mew|82/341 tox|[from] psn","|-damage|p1a: Azumarill|354/404 brn|[from] brn","|turn|10","|","|switch|p2a: Slowbro|Slowbro, M|394/394","|-status|p2a: Slowbro|tox","|move|p1a: Azumarill|Waterfall|p2a: Slowbro","|-resisted|p2a: Slowbro","|-damage|p2a: Slowbro|352/394 tox","|","|-heal|p2a: Slowbro|376/394 tox|[from] item: Leftovers","|-damage|p1a: Azumarill|304/404 brn|[from] brn","|-damage|p2a: Slowbro|352/394 tox|[from] psn","|turn|11","|","|move|p1a: Azumarill|Waterfall|p2a: Slowbro","|-resisted|p2a: Slowbro","|-damage|p2a: Slowbro|310/394 tox","|move|p2a: Slowbro|Slack Off|p2a: Slowbro","|-heal|p2a: Slowbro|394/394 tox","|","|-damage|p1a: Azumarill|254/404 brn|[from] brn","|-damage|p2a: Slowbro|346/394 tox|[from] psn","|turn|12","|","|move|p1a: Azumarill|Waterfall|p2a: Slowbro","|-resisted|p2a: Slowbro","|-damage|p2a: Slowbro|299/394 tox","|move|p2a: Slowbro|Thunder Wave|p1a: Azumarill","|-fail|p1a: Azumarill","|","|-heal|p2a: Slowbro|323/394 tox|[from] item: Leftovers","|-damage|p1a: Azumarill|204/404 brn|[from] brn","|-damage|p2a: Slowbro|251/394 tox|[from] psn","|turn|13","|","|switch|p1a: Gyarados|Gyarados, F, shiny|332/332","|move|p2a: Slowbro|Slack Off|p2a: Slowbro","|-heal|p2a: Slowbro|394/394 tox","|","|-damage|p2a: Slowbro|298/394 tox|[from] psn","|turn|14","|","|move|p1a: Gyarados|Earthquake|p2a: Slowbro","|-damage|p2a: Slowbro|225/394 tox","|move|p2a: Slowbro|Thunder Wave|p1a: Gyarados","|-status|p1a: Gyarados|par","|-enditem|p1a: Gyarados|Lum Berry|[eat]","|-curestatus|p1a: Gyarados|par","|","|-heal|p2a: Slowbro|249/394 tox|[from] item: Leftovers","|-damage|p2a: Slowbro|129/394 tox|[from] psn","|turn|15","|","|move|p1a: Gyarados|Dragon Dance|p1a: Gyarados","|-boost|p1a: Gyarados|atk|1","|-boost|p1a: Gyarados|spe|1","|move|p2a: Slowbro|Thunder Wave|p1a: Gyarados","|-status|p1a: Gyarados|par","|","|-heal|p2a: Slowbro|153/394 tox|[from] item: Leftovers","|-damage|p2a: Slowbro|9/394 tox|[from] psn","|turn|16","|","|switch|p2a: Mew|Mew|82/341 tox","|move|p1a: Gyarados|Dragon Dance|p1a: Gyarados","|-boost|p1a: Gyarados|atk|1","|-boost|p1a: Gyarados|spe|1","|","|-heal|p2a: Mew|103/341 tox|[from] item: Leftovers","|-damage|p2a: Mew|82/341 tox|[from] psn","|turn|17","|","|move|p2a: Mew|Soft-Boiled|p2a: Mew","|-heal|p2a: Mew|253/341 tox","|move|p1a: Gyarados|Waterfall|p2a: Mew","|-damage|p2a: Mew|0 fnt","|faint|p2a: Mew","|-boost|p1a: Gyarados|atk|1|[from] ability: Moxie","|","|","|switch|p2a: Slowbro|Slowbro, M|140/394 tox","|turn|18","|","|move|p1a: Gyarados|Waterfall|p2a: Slowbro","|-resisted|p2a: Slowbro","|-damage|p2a: Slowbro|30/394 tox","|move|p2a: Slowbro|Slack Off|p2a: Slowbro","|-heal|p2a: Slowbro|227/394 tox","|","|-heal|p2a: Slowbro|251/394 tox|[from] item: Leftovers","|-damage|p2a: Slowbro|227/394 tox|[from] psn","|turn|19","|","|move|p1a: Gyarados|Dragon Dance|p1a: Gyarados","|-boost|p1a: Gyarados|atk|1","|-boost|p1a: Gyarados|spe|1","|move|p2a: Slowbro|Slack Off|p2a: Slowbro","|-heal|p2a: Slowbro|394/394 tox","|","|-damage|p2a: Slowbro|346/394 tox|[from] psn","|turn|20","|","|move|p1a: Gyarados|Waterfall|p2a: Slowbro","|-resisted|p2a: Slowbro","|-damage|p2a: Slowbro|208/394 tox","|move|p2a: Slowbro|Scald|p1a: Gyarados","|-resisted|p1a: Gyarados","|-damage|p1a: Gyarados|281/332 par","|","|-heal|p2a: Slowbro|232/394 tox|[from] item: Leftovers","|-damage|p2a: Slowbro|160/394 tox|[from] psn","|turn|21","|","|move|p1a: Gyarados|Dragon Dance|p1a: Gyarados","|-boost|p1a: Gyarados|atk|1","|-boost|p1a: Gyarados|spe|1","|move|p2a: Slowbro|Scald|p1a: Gyarados","|-resisted|p1a: Gyarados","|-damage|p1a: Gyarados|236/332 par","|","|-heal|p2a: Slowbro|184/394 tox|[from] item: Leftovers","|-damage|p2a: Slowbro|88/394 tox|[from] psn","|turn|22","|","|move|p1a: Gyarados|Stone Edge|p2a: Slowbro|[miss]","|-miss|p1a: Gyarados|p2a: Slowbro","|move|p2a: Slowbro|Slack Off|p2a: Slowbro","|-heal|p2a: Slowbro|285/394 tox","|","|-heal|p2a: Slowbro|309/394 tox|[from] item: Leftovers","|-damage|p2a: Slowbro|189/394 tox|[from] psn","|turn|23","|","|move|p1a: Gyarados|Stone Edge|p2a: Slowbro|[miss]","|-miss|p1a: Gyarados|p2a: Slowbro","|move|p2a: Slowbro|Scald|p1a: Gyarados","|-resisted|p1a: Gyarados","|-damage|p1a: Gyarados|187/332 par","|","|-heal|p2a: Slowbro|213/394 tox|[from] item: Leftovers","|-damage|p2a: Slowbro|69/394 tox|[from] psn","|turn|24","|","|cant|p1a: Gyarados|par","|move|p2a: Slowbro|Scald|p1a: Gyarados","|-resisted|p1a: Gyarados","|-damage|p1a: Gyarados|137/332 par","|","|-heal|p2a: Slowbro|93/394 tox|[from] item: Leftovers","|-damage|p2a: Slowbro|0 fnt|[from] psn","|faint|p2a: Slowbro","|","|switch|p2a: Gardevoir|Gardevoir, F|277/277","|-status|p2a: Gardevoir|tox","|turn|25","|","|detailschange|p2a: Gardevoir|Gardevoir-Mega, F","|-mega|p2a: Gardevoir|Gardevoir|Gardevoirite","|move|p2a: Gardevoir|Hyper Voice|p1a: Gyarados","|-damage|p1a: Gyarados|0 fnt","|faint|p1a: Gyarados","|","|-damage|p2a: Gardevoir|260/277 tox|[from] psn","|","|switch|p1a: Starmie|Starmie, shiny|262/262","|turn|26","|","|move|p1a: Starmie|Hydro Pump|p2a: Gardevoir","|-damage|p2a: Gardevoir|119/277 tox","|move|p2a: Gardevoir|Calm Mind|p2a: Gardevoir","|-boost|p2a: Gardevoir|spa|1","|-boost|p2a: Gardevoir|spd|1","|","|-damage|p2a: Gardevoir|85/277 tox|[from] psn","|turn|27","|","|move|p1a: Starmie|Hydro Pump|p2a: Gardevoir|[miss]","|-miss|p1a: Starmie|p2a: Gardevoir","|move|p2a: Gardevoir|Hyper Voice|p1a: Starmie","|-damage|p1a: Starmie|0 fnt","|faint|p1a: Starmie","|","|-damage|p2a: Gardevoir|34/277 tox|[from] psn","|","|switch|p1a: Lanturn|Lanturn, M, shiny|235/454 brn","|turn|28","|","|move|p2a: Gardevoir|Psyshock|p1a: Lanturn","|-crit|p1a: Lanturn","|-damage|p1a: Lanturn|0 fnt","|faint|p1a: Lanturn","|","|-damage|p2a: Gardevoir|0 fnt|[from] psn","|faint|p2a: Gardevoir","|","|switch|p2a: Hoopa-Unbound|Hoopa-Unbound|364/364","|switch|p1a: Azumarill|Azumarill, F, shiny|204/404 brn","|-status|p2a: Hoopa-Unbound|tox","|turn|29","|","|move|p2a: Hoopa-Unbound|Hyperspace Fury|p1a: Azumarill","|-resisted|p1a: Azumarill","|-damage|p1a: Azumarill|57/404 brn","|-unboost|p2a: Hoopa-Unbound|def|1","|move|p1a: Azumarill|Superpower|p2a: Hoopa-Unbound","|-damage|p2a: Hoopa-Unbound|95/364 tox","|-unboost|p1a: Azumarill|atk|1","|-unboost|p1a: Azumarill|def|1","|","|-damage|p2a: Hoopa-Unbound|73/364 tox|[from] psn","|-damage|p1a: Azumarill|7/404 brn|[from] brn","|turn|30","|","|move|p2a: Hoopa-Unbound|Psychic|p1a: Azumarill","|-damage|p1a: Azumarill|0 fnt","|faint|p1a: Azumarill","|","|win|Etrayu"],"p1rating":{"entryid":"7061762","serverid":"eos","formatid":"monotype","userid":"samuelwade223","username":"samuelwade223","w":"18","l":34,"t":"0","gxe":38,"r":"1386.253382213","rd":"53.619072865709","sigma":"0","rptime":"1439283600","rpr":1407.3043007495,"rprd":51.568246573173,"rpsigma":"0","acre":1133.1770833743,"lacre":1133.1770833743,"oldacre":"1163.5428566402"},"p2rating":{"entryid":"6733042","serverid":"eos","formatid":"monotype","userid":"etrayu","username":"Etrayu","w":62,"l":"58","t":"1","gxe":52.3,"r":"1518.1954294789","rd":"38.856874974974","sigma":"0","rptime":"1439283600","rpr":1517.3947458959,"rprd":37.435693274919,"rpsigma":"0","acre":1120.3841639572,"lacre":1120.3841639572,"oldacre":"1087.7946394192"},"endType":"normal"}