{"seed":[53586,18930,23823,32845],"turns":30,"p1":"GTX♅RyanRotom12","p2":"Carnie Wight","p1team":[{"name":"Milotic","species":"Milotic","item":"rockyhelmet","ability":"Marvel Scale","moves":["scald","icywind","rest","sleeptalk"],"nature":"Modest","evs":{"hp":248,"atk":0,"def":0,"spa":252,"spd":8,"spe":0},"ivs":{"hp":31,"atk":31,"def":31,"spa":31,"spd":31,"spe":31}},{"name":"Sharpedo","species":"Sharpedo","item":"sharpedonite","ability":"Rough Skin","moves":["hydropump","crunch","zenheadbutt","aquajet"],"nature":"Naive","evs":{"hp":0,"atk":252,"def":0,"spa":4,"spd":0,"spe":252},"ivs":{"hp":31,"atk":31,"def":31,"spa":31,"spd":31,"spe":31}},{"name":"Walrein","species":"Walrein","item":"leftovers","ability":"Thick Fat","moves":["surf","blizzard","yawn","return"],"nature":"Mild","evs":{"hp":248,"atk":8,"def":0,"spa":252,"spd":0,"spe":0},"ivs":{"hp":31,"atk":31,"def":31,"spa":31,"spd":31,"spe":31}},{"name":"Ludicolo","species":"Ludicolo","item":"lifeorb","ability":"Rain Dish","moves":["raindance","surf","focusblast","gigadrain"],"nature":"Timid","evs":{"hp":0,"atk":0,"def":0,"spa":252,"spd":4,"spe":252},"ivs":{"hp":31,"atk":31,"def":31,"spa":31,"spd":31,"spe":31}},{"name":"Swampert","species":"Swampert","item":"rindoberry","ability":"Torrent","moves":["muddywater","earthpower","icebeam","focusblast"],"nature":"Modest","evs":{"hp":248,"atk":0,"def":0,"spa":252,"spd":8,"spe":0},"ivs":{"hp":31,"atk":31,"def":31,"spa":31,"spd":31,"spe":31}},{"name":"Starmie","species":"Starmie","item":"expertbelt","ability":"Natural Cure","moves":["surf","psychic","thunderbolt","signalbeam"],"nature":"Timid","evs":{"hp":0,"atk":0,"def":0,"spa":252,"spd":4,"spe":252},"ivs":{"hp":31,"atk":31,"def":31,"spa":31,"spd":31,"spe":31}}],"p2team":[{"name":"Peace","species":"victini","item":"choicescarf","ability":"Victory Star","moves":["boltstrike","vcreate","uturn","zenheadbutt"],"nature":"Jolly","evs":{"hp":0,"atk":252,"def":0,"spa":0,"spd":4,"spe":252},"ivs":{"hp":31,"atk":31,"def":31,"spa":31,"spd":31,"spe":31}},{"name":"Innocent","species":"jirachi","item":"choicescarf","ability":"Serene Grace","moves":["ironhead","firepunch","icepunch","healingwish"],"nature":"Adamant","evs":{"hp":224,"atk":252,"def":0,"spa":0,"spd":0,"spe":32},"ivs":{"hp":31,"atk":31,"def":31,"spa":31,"spd":31,"spe":31}},{"name":"Marry me","species":"gardevoir","item":"gardevoirite","ability":"Synchronize","moves":["calmmind","hyperbeam","focusblast","thunderbolt"],"nature":"Modest","evs":{"hp":248,"atk":0,"def":0,"spa":252,"spd":8,"spe":0},"gender":"F","shiny":true,"ivs":{"hp":31,"atk":31,"def":31,"spa":31,"spd":31,"spe":31}},{"name":"Celery","species":"celebi","item":"leftovers","ability":"Natural Cure","moves":["gigadrain","rest","leechseed","stealthrock"],"nature":"Calm","evs":{"hp":252,"atk":0,"def":0,"spa":0,"spd":220,"spe":36},"ivs":{"hp":31,"atk":31,"def":31,"spa":31,"spd":31,"spe":31}},{"name":"Latinos","species":"latios","item":"choicescarf","ability":"Levitate","moves":["defog","thunderbolt","dracometeor","psyshock"],"nature":"Modest","evs":{"hp":0,"atk":0,"def":0,"spa":252,"spd":4,"spe":252},"ivs":{"hp":31,"atk":31,"def":31,"spa":31,"spd":31,"spe":31}},{"name":"Kawaii","species":"reuniclus","item":"leftovers","ability":"Magic Guard","moves":["recover","calmmind","psyshock","shadowball"],"nature":"Bold","evs":{"hp":252,"atk":0,"def":252,"spa":4,"spd":0,"spe":0},"gender":"F","ivs":{"hp":31,"atk":31,"def":31,"spa":31,"spd":31,"spe":31}}],"log":["|player|p1|GTX♅RyanRotom12|161","|player|p2|Carnie Wight|106","|gametype|singles","|gen|6","|tier|Monotype","|rated","|rule|Baton Pass Clause: Limit one Baton Passer, can't pass Spe and other stats simultaneously","|rule|Swagger Clause: Swagger is banned","|rule|Same Type Clause: Pokémon in a team must share a type","|clearpoke","|poke|p1|Milotic, M","|poke|p1|Sharpedo, F","|poke|p1|Walrein, M","|poke|p1|Ludicolo, F","|poke|p1|Swampert, F","|poke|p1|Starmie","|poke|p2|Victini","|poke|p2|Jirachi","|poke|p2|Gardevoir, F, shiny","|poke|p2|Celebi","|poke|p2|Latios, M","|poke|p2|Reuniclus, F","|rule|Sleep Clause Mod: Limit one foe put to sleep","|rule|Species Clause: Limit one of each Pokémon","|rule|OHKO Clause: OHKO moves are banned","|rule|Moody Clause: Moody is banned","|rule|Evasion Moves Clause: Evasion moves are banned","|rule|Endless Battle Clause: Forcing endless battles is banned","|rule|HP Percentage Mod: HP is shown in percentages","|teampreview","|","|start","|switch|p1a: Ludicolo|Ludicolo, F|301/301","|switch|p2a: Marry me|Gardevoir, F, shiny|339/339","|turn|1","|","|detailschange|p2a: Marry me|Gardevoir-Mega, F, shiny","|-mega|p2a: Marry me|Gardevoir|Gardevoirite","|move|p1a: Ludicolo|Rain Dance|p1a: Ludicolo","|-weather|RainDance","|move|p2a: Marry me|Calm Mind|p2a: Marry me","|-boost|p2a: Marry me|spa|1","|-boost|p2a: Marry me|spd|1","|","|-weather|RainDance|[upkeep]","|turn|2","|","|move|p1a: Ludicolo|Surf|p2a: Marry me","|-damage|p2a: Marry me|206/339","|-damage|p1a: Ludicolo|271/301|[from] item: Life Orb","|move|p2a: Marry me|Thunderbolt|p1a: Ludicolo","|-damage|p1a: Ludicolo|65/301","|","|-weather|RainDance|[upkeep]","|-heal|p1a: Ludicolo|83/301|[from] ability: Rain Dish","|turn|3","|","|move|p1a: Ludicolo|Giga Drain|p2a: Marry me","|-damage|p2a: Marry me|138/339","|-heal|p1a: Ludicolo|117/301|[from] drain|[of] p2a: Marry me","|-damage|p1a: Ludicolo|87/301|[from] item: Life Orb","|move|p2a: Marry me|Hyper Beam|p1a: Ludicolo|[miss]","|-miss|p2a: Marry me|p1a: Ludicolo","|","|-weather|RainDance|[upkeep]","|-heal|p1a: Ludicolo|105/301|[from] ability: Rain Dish","|turn|4","|","|move|p1a: Ludicolo|Giga Drain|p2a: Marry me","|-damage|p2a: Marry me|63/339","|-heal|p1a: Ludicolo|143/301|[from] drain|[of] p2a: Marry me","|-damage|p1a: Ludicolo|113/301|[from] item: Life Orb","|move|p2a: Marry me|Thunderbolt|p1a: Ludicolo","|-damage|p1a: Ludicolo|0 fnt","|faint|p1a: Ludicolo","|","|-weather|RainDance|[upkeep]","|","|switch|p1a: Starmie|Starmie|261/261","|turn|5","|","|switch|p2a: Celery|Celebi|404/404","|move|p1a: Starmie|Signal Beam|p2a: Celery","|-supereffective|p2a: Celery","|-damage|p2a: Celery|130/404","|","|-weather|none","|-heal|p2a: Celery|155/404|[from] item: Leftovers","|turn|6","|","|switch|p2a: Peace|Victini|341/341","|move|p1a: Starmie|Signal Beam|p2a: Peace","|-damage|p2a: Peace|265/341","|","|turn|7","|","|move|p2a: Peace|V-create|p1a: Starmie","|-resisted|p1a: Starmie","|-damage|p1a: Starmie|96/261","|-unboost|p2a: Peace|spe|1","|-unboost|p2a: Peace|def|1","|-unboost|p2a: Peace|spd|1","|move|p1a: Starmie|Surf|p2a: Peace","|-supereffective|p2a: Peace","|-damage|p2a: Peace|0 fnt","|faint|p2a: Peace","|","|","|switch|p2a: Innocent|Jirachi|397/397","|turn|8","|","|switch|p1a: Swampert|Swampert, F|403/403","|move|p2a: Innocent|Iron Head|p1a: Swampert","|-resisted|p1a: Swampert","|-damage|p1a: Swampert|333/403","|","|turn|9","|","|move|p2a: Innocent|Iron Head|p1a: Swampert","|-resisted|p1a: Swampert","|-damage|p1a: Swampert|263/403","|move|p1a: Swampert|Earth Power|p2a: Innocent","|-supereffective|p2a: Innocent","|-damage|p2a: Innocent|151/397","|","|turn|10","|","|move|p2a: Innocent|Iron Head|p1a: Swampert","|-resisted|p1a: Swampert","|-damage|p1a: Swampert|187/403","|cant|p1a: Swampert|flinch","|","|turn|11","|","|move|p2a: Innocent|Iron Head|p1a: Swampert","|-resisted|p1a: Swampert","|-damage|p1a: Swampert|109/403","|move|p1a: Swampert|Earth Power|p2a: Innocent","|-supereffective|p2a: Innocent","|-damage|p2a: Innocent|0 fnt","|faint|p2a: Innocent","|","|","|switch|p2a: Celery|Celebi|155/404","|turn|12","|","|move|p2a: Celery|Giga Drain|p1a: Swampert","|-supereffective|p1a: Swampert","|-enditem|p1a: Swampert|Rindo Berry|[eat]","|-damage|p1a: Swampert|0 fnt","|-heal|p2a: Celery|210/404|[from] drain|[of] p1a: Swampert","|faint|p1a: Swampert","|","|-heal|p2a: Celery|235/404|[from] item: Leftovers","|","|switch|p1a: Walrein|Walrein, M|423/423","|turn|13","|","|move|p2a: Celery|Stealth Rock|p1a: Walrein","|-sidestart|p1: GTX♅RyanRotom12|move: Stealth Rock","|move|p1a: Walrein|Yawn|p2a: Celery","|-start|p2a: Celery|move: Yawn|[of] p1a: Walrein","|","|-heal|p2a: Celery|260/404|[from] item: Leftovers","|turn|14","|","|move|p2a: Celery|Rest|p2a: Celery","|-status|p2a: Celery|slp","|-heal|p2a: Celery|404/404 slp|[silent]","|-status|p2a: Celery|slp|[from] move: Rest","|move|p1a: Walrein|Blizzard|p2a: Celery","|-miss|p1a: Walrein|p2a: Celery","|","|-end|p2a: Celery|move: Yawn|[silent]","|turn|15","|","|switch|p2a: Kawaii|Reuniclus, F|424/424","|move|p1a: Walrein|Blizzard|p2a: Kawaii","|-damage|p2a: Kawaii|220/424","|","|-heal|p2a: Kawaii|246/424|[from] item: Leftovers","|turn|16","|","|move|p1a: Walrein|Return|p2a: Kawaii","|-damage|p2a: Kawaii|190/424","|move|p2a: Kawaii|Recover|p2a: Kawaii","|-heal|p2a: Kawaii|402/424","|","|-heal|p2a: Kawaii|424/424|[from] item: Leftovers","|turn|17","|","|move|p1a: Walrein|Surf|p2a: Kawaii","|-damage|p2a: Kawaii|262/424","|move|p2a: Kawaii|Calm Mind|p2a: Kawaii","|-boost|p2a: Kawaii|spa|1","|-boost|p2a: Kawaii|spd|1","|","|-heal|p2a: Kawaii|288/424|[from] item: Leftovers","|turn|18","|","|move|p1a: Walrein|Yawn|p2a: Kawaii","|-start|p2a: Kawaii|move: Yawn|[of] p1a: Walrein","|move|p2a: Kawaii|Recover|p2a: Kawaii","|-heal|p2a: Kawaii|424/424","|","|turn|19","|","|switch|p1a: Sharpedo|Sharpedo, F|281/281","|-damage|p1a: Sharpedo|246/281|[from] Stealth Rock","|move|p2a: Kawaii|Calm Mind|p2a: Kawaii","|-boost|p2a: Kawaii|spa|1","|-boost|p2a: Kawaii|spd|1","|","|-end|p2a: Kawaii|move: Yawn|[silent]","|-status|p2a: Kawaii|slp","|turn|20","|","|detailschange|p1a: Sharpedo|Sharpedo-Mega, F","|-mega|p1a: Sharpedo|Sharpedo|Sharpedonite","|move|p1a: Sharpedo|Crunch|p2a: Kawaii","|-supereffective|p2a: Kawaii","|-damage|p2a: Kawaii|16/424 slp","|cant|p2a: Kawaii|slp","|","|-heal|p2a: Kawaii|42/424 slp|[from] item: Leftovers","|turn|21","|","|move|p1a: Sharpedo|Aqua Jet|p2a: Kawaii","|-damage|p2a: Kawaii|0 fnt","|faint|p2a: Kawaii","|","|","|switch|p2a: Latinos|Latios, M|301/301","|turn|22","|","|move|p2a: Latinos|Thunderbolt|p1a: Sharpedo","|-supereffective|p1a: Sharpedo","|-damage|p1a: Sharpedo|0 fnt","|faint|p1a: Sharpedo","|","|","|switch|p1a: Walrein|Walrein, M|423/423","|-damage|p1a: Walrein|318/423|[from] Stealth Rock","|turn|23","|","|move|p2a: Latinos|Thunderbolt|p1a: Walrein","|-supereffective|p1a: Walrein","|-damage|p1a: Walrein|74/423","|move|p1a: Walrein|Blizzard|p2a: Latinos","|-supereffective|p2a: Latinos","|-damage|p2a: Latinos|1/301","|","|-heal|p1a: Walrein|100/423|[from] item: Leftovers","|turn|24","|","|move|p2a: Latinos|Thunderbolt|p1a: Walrein","|-supereffective|p1a: Walrein","|-damage|p1a: Walrein|0 fnt","|faint|p1a: Walrein","|","|","|switch|p1a: Milotic|Milotic, M|393/393","|-damage|p1a: Milotic|344/393|[from] Stealth Rock","|turn|25","|","|move|p2a: Latinos|Thunderbolt|p1a: Milotic","|-supereffective|p1a: Milotic","|-damage|p1a: Milotic|166/393","|move|p1a: Milotic|Icy Wind|p2a: Latinos","|-supereffective|p2a: Latinos","|-damage|p2a: Latinos|0 fnt","|faint|p2a: Latinos","|","|","|switch|p2a: Celery|Celebi|404/404","|turn|26","|","|move|p2a: Celery|Giga Drain|p1a: Milotic","|-supereffective|p1a: Milotic","|-damage|p1a: Milotic|14/393","|move|p1a: Milotic|Rest|p1a: Milotic","|-status|p1a: Milotic|slp","|-heal|p1a: Milotic|393/393 slp|[silent]","|-status|p1a: Milotic|slp|[from] move: Rest","|","|turn|27","|","|move|p2a: Celery|Leech Seed|p1a: Milotic","|-start|p1a: Milotic|move: Leech Seed","|cant|p1a: Milotic|slp","|move|p1a: Milotic|Sleep Talk|p1a: Milotic","|move|p1a: Milotic|Icy Wind|p2a: Celery|[from]Sleep Talk","|-supereffective|p2a: Celery","|-damage|p2a: Celery|310/404","|-unboost|p2a: Celery|spe|1","|","|-heal|p2a: Celery|335/404|[from] item: Leftovers","|-damage|p1a: Milotic|344/393 slp|[from] Leech Seed|[of] p2a: Celery","|-heal|p2a: Celery|384/404|[silent]","|turn|28","|","|cant|p1a: Milotic|slp","|move|p1a: Milotic|Sleep Talk|p1a: Milotic","|move|p1a: Milotic|Scald|p2a: Celery|[from]Sleep Talk","|-resisted|p2a: Celery","|-damage|p2a: Celery|337/404","|move|p2a: Celery|Giga Drain|p1a: Milotic","|-crit|p1a: Milotic","|-supereffective|p1a: Milotic","|-damage|p1a: Milotic|126/393 slp","|-heal|p2a: Celery|404/404|[from] drain|[of] p1a: Milotic","|","|-damage|p1a: Milotic|77/393 slp|[from] Leech Seed|[of] p2a: Celery","|turn|29","|","|-curestatus|p1a: Milotic|slp","|move|p1a: Milotic|Sleep Talk|p1a: Milotic","|-fail|p1a: Milotic","|move|p2a: Celery|Giga Drain|p1a: Milotic","|-supereffective|p1a: Milotic","|-damage|p1a: Milotic|0 fnt","|faint|p1a: Milotic","|","|","|switch|p1a: Starmie|Starmie|96/261","|-damage|p1a: Starmie|64/261|[from] Stealth Rock","|turn|30","|","|move|p1a: Starmie|Signal Beam|p2a: Celery","|-supereffective|p2a: Celery","|-damage|p2a: Celery|121/404","|move|p2a: Celery|Giga Drain|p1a: Starmie","|-supereffective|p1a: Starmie","|-damage|p1a: Starmie|0 fnt","|-heal|p2a: Celery|153/404|[from] drain|[of] p1a: Starmie","|faint|p1a: Starmie","|","|win|Carnie Wight"],"p1rating":{"entryid":"7561676","serverid":"eos","formatid":"monotype","userid":"gtxryanrotom12","username":"GTX♅RyanRotom12","w":"1","l":2,"t":"0","gxe":45,"r":"1500","rd":"130","sigma":"0","rptime":"1439283600","rpr":1460.4667136903,"rprd":110.17363826197,"rpsigma":"0","acre":1030.8461433491,"lacre":1030.8461433491,"oldacre":"1040"},"p2rating":{"entryid":"6265736","serverid":"eos","formatid":"monotype","userid":"carniewight","username":"Carnie Wight","w":56,"l":"45","t":"0","gxe":56.1,"r":"1526.335148725","rd":"44.825413239217","sigma":"0","rptime":"1439283600","rpr":1546.2726161508,"rprd":43.539338907181,"rpsigma":"0","acre":1213.18641716,"lacre":1213.18641716,"oldacre":"1198.8835161429"},"endType":"normal"}