{"seed":[28459,14684,24283,48633],"turns":31,"p1":"Shining Yin","p2":"Crystal Blade64","p1team":[{"name":"Zapdos","species":"Zapdos","item":"leftovers","ability":"Pressure","moves":["roost","defog","heatwave","discharge"],"nature":"Bold","evs":{"hp":248,"atk":0,"def":176,"spa":68,"spd":0,"spe":16},"ivs":{"hp":31,"atk":0,"def":31,"spa":31,"spd":31,"spe":31}},{"name":"Thundurus","species":"Thundurus","item":"lifeorb","ability":"Prankster","moves":["superpower","discharge","knockoff","thunderwave"],"nature":"Naive","evs":{"hp":0,"atk":72,"def":0,"spa":184,"spd":0,"spe":252},"ivs":{"hp":31,"atk":31,"def":31,"spa":31,"spd":31,"spe":31}},{"name":"Rotom-Wash","species":"Rotom-Wash","item":"leftovers","ability":"Levitate","moves":["willowisp","hydropump","voltswitch","painsplit"],"nature":"Calm","evs":{"hp":248,"atk":0,"def":0,"spa":0,"spd":216,"spe":44},"ivs":{"hp":31,"atk":0,"def":31,"spa":31,"spd":31,"spe":31}},{"name":"Magnezone","species":"Magnezone","item":"choicescarf","ability":"Sturdy","moves":["voltswitch","discharge","hiddenpowerice","flashcannon"],"nature":"Timid","evs":{"hp":0,"atk":0,"def":0,"spa":252,"spd":4,"spe":252},"ivs":{"hp":31,"atk":30,"def":30,"spa":31,"spd":31,"spe":31}},{"name":"Ampharos","species":"Ampharos","item":"ampharosite","ability":"Static","moves":["rest","sleeptalk","voltswitch","dragonpulse"],"nature":"Bold","evs":{"hp":248,"atk":0,"def":232,"spa":28,"spd":0,"spe":0},"ivs":{"hp":31,"atk":0,"def":31,"spa":31,"spd":31,"spe":31}},{"name":"Raikou","species":"Raikou","item":"leftovers","ability":"Pressure","moves":["substitute","calmmind","thunderbolt","extrasensory"],"nature":"Timid","evs":{"hp":0,"atk":0,"def":0,"spa":252,"spd":4,"spe":252},"ivs":{"hp":31,"atk":31,"def":31,"spa":31,"spd":31,"spe":31}}],"p2team":[{"name":"Mew","species":"Mew","item":"leftovers","ability":"Synchronize","moves":["roost","willowisp","defog","knockoff"],"nature":"Careful","evs":{"hp":252,"atk":0,"def":4,"spa":0,"spd":252,"spe":0},"ivs":{"hp":31,"atk":31,"def":31,"spa":31,"spd":31,"spe":31}},{"name":"Medicham","species":"Medicham","item":"medichamite","ability":"Pure Power","moves":["fakeout","psychocut","highjumpkick","icepunch"],"nature":"Jolly","evs":{"hp":0,"atk":252,"def":0,"spa":0,"spd":4,"spe":252},"ivs":{"hp":31,"atk":31,"def":31,"spa":31,"spd":31,"spe":31}},{"name":"Hoopa-Unbound","species":"Hoopa-Unbound","item":"choicescarf","ability":"Magician","moves":["drainpunch","hyperspacefury","gunkshot","zenheadbutt"],"nature":"Jolly","evs":{"hp":0,"atk":252,"def":0,"spa":0,"spd":4,"spe":252},"ivs":{"hp":31,"atk":31,"def":31,"spa":31,"spd":31,"spe":31}},{"name":"Latios","species":"Latios","item":"choicescarf","ability":"Levitate","moves":["dracometeor","psyshock","energyball","thunderbolt"],"nature":"Timid","evs":{"hp":0,"atk":0,"def":0,"spa":252,"spd":4,"spe":252},"ivs":{"hp":31,"atk":31,"def":31,"spa":31,"spd":31,"spe":31}},{"name":"Victini","species":"Victini","item":"choicescarf","ability":"Victory Star","moves":["vcreate","boltstrike","zenheadbutt","uturn"],"nature":"Jolly","evs":{"hp":0,"atk":252,"def":0,"spa":0,"spd":4,"spe":252},"ivs":{"hp":31,"atk":31,"def":31,"spa":31,"spd":31,"spe":31}},{"name":"Slowbro","species":"Slowbro","item":"leftovers","ability":"Regenerator","moves":["thunderwave","scald","slackoff","fireblast"],"nature":"Bold","evs":{"hp":252,"atk":0,"def":252,"spa":4,"spd":0,"spe":0},"ivs":{"hp":31,"atk":31,"def":31,"spa":31,"spd":31,"spe":31}}],"log":["|player|p1|Shining Yin|12","|player|p2|Crystal Blade64|165","|gametype|singles","|gen|6","|tier|Monotype","|rated","|rule|Baton Pass Clause: Limit one Baton Passer, can't pass Spe and other stats simultaneously","|rule|Swagger Clause: Swagger is banned","|rule|Same Type Clause: Pokémon in a team must share a type","|clearpoke","|poke|p1|Zapdos","|poke|p1|Thundurus, M","|poke|p1|Rotom-Wash","|poke|p1|Magnezone","|poke|p1|Ampharos, M","|poke|p1|Raikou","|poke|p2|Mew","|poke|p2|Medicham, M","|poke|p2|Hoopa-Unbound","|poke|p2|Latios, M","|poke|p2|Victini","|poke|p2|Slowbro, F","|rule|Sleep Clause Mod: Limit one foe put to sleep","|rule|Species Clause: Limit one of each Pokémon","|rule|OHKO Clause: OHKO moves are banned","|rule|Moody Clause: Moody is banned","|rule|Evasion Moves Clause: Evasion moves are banned","|rule|Endless Battle Clause: Forcing endless battles is banned","|rule|HP Percentage Mod: HP is shown in percentages","|teampreview","|","|start","|switch|p1a: Zapdos|Zapdos|383/383","|switch|p2a: Victini|Victini|341/341","|-ability|p1a: Zapdos|Pressure","|turn|1","|","|move|p2a: Victini|V-create|p1a: Zapdos","|-damage|p1a: Zapdos|164/383","|-unboost|p2a: Victini|spe|1","|-unboost|p2a: Victini|def|1","|-unboost|p2a: Victini|spd|1","|move|p1a: Zapdos|Roost|p1a: Zapdos","|-heal|p1a: Zapdos|356/383","|","|-heal|p1a: Zapdos|379/383|[from] item: Leftovers","|turn|2","|","|switch|p2a: Latios|Latios, M|301/301","|move|p1a: Zapdos|Discharge|p2a: Latios","|-resisted|p2a: Latios","|-damage|p2a: Latios|241/301","|","|-heal|p1a: Zapdos|383/383|[from] item: Leftovers","|turn|3","|","|switch|p1a: Magnezone|Magnezone|281/281","|move|p2a: Latios|Draco Meteor|p1a: Magnezone","|-resisted|p1a: Magnezone","|-damage|p1a: Magnezone|166/281","|-unboost|p2a: Latios|spa|2","|","|turn|4","|","|switch|p2a: Victini|Victini|341/341","|move|p1a: Magnezone|Volt Switch|p2a: Victini","|-damage|p2a: Victini|224/341","|","|switch|p1a: Zapdos|Zapdos|383/383","|-ability|p1a: Zapdos|Pressure","|","|turn|5","|","|move|p2a: Victini|V-create|p1a: Zapdos","|-damage|p1a: Zapdos|164/383","|-unboost|p2a: Victini|spe|1","|-unboost|p2a: Victini|def|1","|-unboost|p2a: Victini|spd|1","|move|p1a: Zapdos|Discharge|p2a: Victini","|-damage|p2a: Victini|40/341","|","|-heal|p1a: Zapdos|187/383|[from] item: Leftovers","|turn|6","|","|switch|p1a: Rotom-Wash|Rotom-Wash|303/303","|move|p2a: Victini|V-create|p1a: Rotom-Wash","|-resisted|p1a: Rotom-Wash","|-damage|p1a: Rotom-Wash|177/303","|-unboost|p2a: Victini|spe|1","|-unboost|p2a: Victini|def|1","|-unboost|p2a: Victini|spd|1","|","|-heal|p1a: Rotom-Wash|195/303|[from] item: Leftovers","|turn|7","|","|switch|p2a: Latios|Latios, M|241/301","|move|p1a: Rotom-Wash|Volt Switch|p2a: Latios","|-resisted|p2a: Latios","|-damage|p2a: Latios|203/301","|","|switch|p1a: Thundurus|Thundurus, M|299/299","|","|turn|8","|","|move|p2a: Latios|Thunderbolt|p1a: Thundurus","|-damage|p1a: Thundurus|148/299","|move|p1a: Thundurus|Knock Off|p2a: Latios","|-supereffective|p2a: Latios","|-damage|p2a: Latios|0 fnt","|-enditem|p2a: Latios|Choice Scarf|[from] move: Knock Off|[of] p1a: Thundurus","|-damage|p1a: Thundurus|119/299|[from] item: Life Orb","|faint|p2a: Latios","|","|","|switch|p2a: Victini|Victini|40/341","|turn|9","|","|switch|p1a: Rotom-Wash|Rotom-Wash|195/303","|move|p2a: Victini|V-create|p1a: Rotom-Wash","|-resisted|p1a: Rotom-Wash","|-damage|p1a: Rotom-Wash|65/303","|-unboost|p2a: Victini|spe|1","|-unboost|p2a: Victini|def|1","|-unboost|p2a: Victini|spd|1","|","|-heal|p1a: Rotom-Wash|83/303|[from] item: Leftovers","|turn|10","|","|switch|p2a: Mew|Mew|404/404","|move|p1a: Rotom-Wash|Volt Switch|p2a: Mew","|-damage|p2a: Mew|341/404","|","|switch|p1a: Thundurus|Thundurus, M|119/299","|","|-heal|p2a: Mew|366/404|[from] item: Leftovers","|turn|11","|","|move|p1a: Thundurus|Knock Off|p2a: Mew","|-supereffective|p2a: Mew","|-damage|p2a: Mew|119/404","|-enditem|p2a: Mew|Leftovers|[from] move: Knock Off|[of] p1a: Thundurus","|-damage|p1a: Thundurus|90/299|[from] item: Life Orb","|move|p2a: Mew|Knock Off|p1a: Thundurus","|-damage|p1a: Thundurus|0 fnt","|-enditem|p1a: Thundurus|Life Orb|[from] move: Knock Off|[of] p2a: Mew","|faint|p1a: Thundurus","|","|","|switch|p1a: Magnezone|Magnezone|166/281","|turn|12","|","|move|p1a: Magnezone|Discharge|p2a: Mew","|-damage|p2a: Mew|11/404","|move|p2a: Mew|Knock Off|p1a: Magnezone","|-damage|p1a: Magnezone|92/281","|-enditem|p1a: Magnezone|Choice Scarf|[from] move: Knock Off|[of] p2a: Mew","|","|turn|13","|","|move|p1a: Magnezone|Volt Switch|p2a: Mew","|-damage|p2a: Mew|0 fnt","|faint|p2a: Mew","|","|switch|p1a: Zapdos|Zapdos|187/383","|-ability|p1a: Zapdos|Pressure","|","|-heal|p1a: Zapdos|210/383|[from] item: Leftovers","|","|switch|p2a: Medicham|Medicham, M|261/261","|turn|14","|","|switch|p1a: Rotom-Wash|Rotom-Wash|83/303","|detailschange|p2a: Medicham|Medicham-Mega, M","|-mega|p2a: Medicham|Medicham|Medichamite","|move|p2a: Medicham|Fake Out|p1a: Rotom-Wash","|-damage|p1a: Rotom-Wash|6/303","|","|-heal|p1a: Rotom-Wash|24/303|[from] item: Leftovers","|turn|15","|","|move|p2a: Medicham|Psycho Cut|p1a: Rotom-Wash","|-crit|p1a: Rotom-Wash","|-damage|p1a: Rotom-Wash|0 fnt","|faint|p1a: Rotom-Wash","|","|","|switch|p1a: Ampharos|Ampharos, M|383/383","|turn|16","|","|detailschange|p1a: Ampharos|Ampharos-Mega, M","|-mega|p1a: Ampharos|Ampharos|Ampharosite","|-ability|p1a: Ampharos|Mold Breaker","|move|p2a: Medicham|High Jump Kick|p1a: Ampharos","|-damage|p1a: Ampharos|88/383","|move|p1a: Ampharos|Volt Switch|p2a: Medicham","|-damage|p2a: Medicham|104/261","|","|switch|p1a: Magnezone|Magnezone|92/281","|","|turn|17","|","|move|p2a: Medicham|High Jump Kick|p1a: Magnezone","|-supereffective|p1a: Magnezone","|-damage|p1a: Magnezone|0 fnt","|faint|p1a: Magnezone","|","|","|switch|p1a: Raikou|Raikou|321/321","|-ability|p1a: Raikou|Pressure","|turn|18","|","|switch|p2a: Hoopa-Unbound|Hoopa-Unbound|301/301","|move|p1a: Raikou|Thunderbolt|p2a: Hoopa-Unbound","|-damage|p2a: Hoopa-Unbound|174/301","|","|turn|19","|","|move|p2a: Hoopa-Unbound|Hyperspace Fury|p1a: Raikou","|-damage|p1a: Raikou|47/321","|-unboost|p2a: Hoopa-Unbound|def|1","|move|p1a: Raikou|Thunderbolt|p2a: Hoopa-Unbound","|-damage|p2a: Hoopa-Unbound|66/301","|","|-heal|p1a: Raikou|67/321|[from] item: Leftovers","|turn|20","|","|move|p2a: Hoopa-Unbound|Hyperspace Fury|p1a: Raikou","|-damage|p1a: Raikou|0 fnt","|-unboost|p2a: Hoopa-Unbound|def|1","|faint|p1a: Raikou","|","|","|switch|p1a: Zapdos|Zapdos|210/383","|-ability|p1a: Zapdos|Pressure","|turn|21","|","|move|p2a: Hoopa-Unbound|Hyperspace Fury|p1a: Zapdos","|-damage|p1a: Zapdos|42/383","|-unboost|p2a: Hoopa-Unbound|def|1","|move|p1a: Zapdos|Roost|p1a: Zapdos","|-heal|p1a: Zapdos|234/383","|","|-heal|p1a: Zapdos|257/383|[from] item: Leftovers","|turn|22","|","|move|p2a: Hoopa-Unbound|Hyperspace Fury|p1a: Zapdos","|-damage|p1a: Zapdos|82/383","|-unboost|p2a: Hoopa-Unbound|def|1","|move|p1a: Zapdos|Roost|p1a: Zapdos","|-heal|p1a: Zapdos|274/383","|","|-heal|p1a: Zapdos|297/383|[from] item: Leftovers","|turn|23","|","|switch|p2a: Slowbro|Slowbro, F|394/394","|move|p1a: Zapdos|Discharge|p2a: Slowbro","|-supereffective|p2a: Slowbro","|-damage|p2a: Slowbro|110/394","|","|-heal|p1a: Zapdos|320/383|[from] item: Leftovers","|-heal|p2a: Slowbro|134/394|[from] item: Leftovers","|turn|24","|","|switch|p1a: Ampharos|Ampharos-Mega, M|88/383","|-ability|p1a: Ampharos|Mold Breaker","|move|p2a: Slowbro|Scald|p1a: Ampharos","|-resisted|p1a: Ampharos","|-damage|p1a: Ampharos|48/383","|","|-heal|p2a: Slowbro|158/394|[from] item: Leftovers","|turn|25","|","|move|p1a: Ampharos|Rest|p1a: Ampharos","|-status|p1a: Ampharos|slp","|-heal|p1a: Ampharos|383/383 slp|[silent]","|-status|p1a: Ampharos|slp|[from] move: Rest","|move|p2a: Slowbro|Scald|p1a: Ampharos","|-resisted|p1a: Ampharos","|-damage|p1a: Ampharos|341/383 slp","|","|-heal|p2a: Slowbro|182/394|[from] item: Leftovers","|turn|26","|","|cant|p1a: Ampharos|slp","|move|p1a: Ampharos|Sleep Talk|p1a: Ampharos","|move|p1a: Ampharos|Rest|p1a: Ampharos|[from]Sleep Talk","|-fail|p1a: Ampharos","|move|p2a: Slowbro|Slack Off|p2a: Slowbro","|-heal|p2a: Slowbro|379/394","|","|-heal|p2a: Slowbro|394/394|[from] item: Leftovers","|turn|27","|","|cant|p1a: Ampharos|slp","|move|p1a: Ampharos|Sleep Talk|p1a: Ampharos","|move|p1a: Ampharos|Dragon Pulse|p2a: Slowbro|[from]Sleep Talk","|-damage|p2a: Slowbro|213/394","|move|p2a: Slowbro|Scald|p1a: Ampharos","|-crit|p1a: Ampharos","|-resisted|p1a: Ampharos","|-damage|p1a: Ampharos|281/383 slp","|","|-heal|p2a: Slowbro|237/394|[from] item: Leftovers","|turn|28","|","|-curestatus|p1a: Ampharos|slp","|move|p1a: Ampharos|Volt Switch|p2a: Slowbro","|-supereffective|p2a: Slowbro","|-damage|p2a: Slowbro|0 fnt","|faint|p2a: Slowbro","|","|switch|p1a: Zapdos|Zapdos|320/383","|-ability|p1a: Zapdos|Pressure","|","|-heal|p1a: Zapdos|343/383|[from] item: Leftovers","|","|switch|p2a: Medicham|Medicham-Mega, M|104/261","|turn|29","|","|move|p2a: Medicham|Fake Out|p1a: Zapdos","|-damage|p1a: Zapdos|269/383","|cant|p1a: Zapdos|flinch","|","|-heal|p1a: Zapdos|292/383|[from] item: Leftovers","|turn|30","|","|move|p2a: Medicham|Ice Punch|p1a: Zapdos","|-supereffective|p1a: Zapdos","|-damage|p1a: Zapdos|20/383","|move|p1a: Zapdos|Roost|p1a: Zapdos","|-heal|p1a: Zapdos|212/383","|","|-heal|p1a: Zapdos|235/383|[from] item: Leftovers","|turn|31","|","|win|Crystal Blade64"],"p1rating":{"entryid":"7208708","serverid":"eos","formatid":"monotype","userid":"shiningyin","username":"Shining Yin","w":"35","l":16,"t":"0","gxe":65.5,"r":"1617.0110270756","rd":"53.345383594389","sigma":"0","rptime":"1439283600","rpr":1621.5729529237,"rprd":51.487211260447,"rpsigma":"0","acre":1271.6014848746,"lacre":1271.6014848746,"oldacre":"1298.4471556777"},"p2rating":{"entryid":"6391332","serverid":"eos","formatid":"monotype","userid":"crystalblade64","username":"Crystal Blade64","w":29,"l":"21","t":"0","gxe":57.7,"r":"1536.2731548091","rd":"51.474105647063","sigma":"0","rptime":"1439283600","rpr":1559.2131480881,"rprd":50.003734512576,"rpsigma":"0","acre":1299.5960037879,"lacre":1299.5960037879,"oldacre":"1272.7503329848"},"endType":"forfeit"}