{"seed":[53740,9797,56749,1080],"turns":19,"p1":"Rain Tyranitar","p2":"Rain TGKoopa","p1team":[{"name":"Aegislash","species":"Aegislash","item":"weaknesspolicy","ability":"Stance Change","moves":["shadowsneak","kingsshield","shadowball","sacredsword"],"nature":"Quiet","evs":{"hp":252,"atk":4,"def":0,"spa":252,"spd":0,"spe":0},"gender":"M","shiny":true,"ivs":{"hp":31,"atk":31,"def":31,"spa":31,"spd":31,"spe":31}},{"name":"Gengar","species":"Gengar","item":"lifeorb","ability":"Levitate","moves":["sludgewave","shadowball","focusblast","destinybond"],"nature":"Timid","evs":{"hp":0,"atk":0,"def":0,"spa":252,"spd":4,"spe":252},"gender":"F","ivs":{"hp":31,"atk":0,"def":31,"spa":31,"spd":31,"spe":31},"shiny":true},{"name":"Jellicent","species":"Jellicent","item":"leftovers","ability":"Cursed Body","moves":["willowisp","shadowball","recover","taunt"],"nature":"Bold","evs":{"hp":252,"atk":0,"def":252,"spa":0,"spd":4,"spe":0},"gender":"F","ivs":{"hp":31,"atk":0,"def":31,"spa":31,"spd":31,"spe":31},"shiny":true},{"name":"Chandelure","species":"Chandelure","item":"choicescarf","ability":"Infiltrator","moves":["fireblast","energyball","shadowball","trick"],"nature":"Timid","evs":{"hp":0,"atk":0,"def":0,"spa":252,"spd":4,"spe":252},"gender":"F","shiny":true,"ivs":{"hp":31,"atk":31,"def":31,"spa":31,"spd":31,"spe":31}},{"name":"Trevenant","species":"Trevenant","item":"sitrusberry","ability":"Harvest","moves":["substitute","willowisp","leechseed","phantomforce"],"nature":"Impish","evs":{"hp":252,"atk":0,"def":180,"spa":0,"spd":0,"spe":76},"gender":"F","shiny":true,"ivs":{"hp":31,"atk":31,"def":31,"spa":31,"spd":31,"spe":31}},{"name":"Sableye","species":"Sableye","item":"sablenite","ability":"Prankster","moves":["willowisp","recover","calmmind","darkpulse"],"nature":"Calm","evs":{"hp":252,"atk":0,"def":88,"spa":0,"spd":168,"spe":0},"gender":"M","ivs":{"hp":31,"atk":0,"def":31,"spa":31,"spd":31,"spe":31},"shiny":true}],"p2team":[{"name":"Kyurem-Black","species":"Kyurem-Black","item":"lifeorb","ability":"Teravolt","moves":["icebeam","fusionbolt","earthpower","roost"],"nature":"Mild","evs":{"hp":0,"atk":20,"def":0,"spa":252,"spd":0,"spe":236},"ivs":{"hp":31,"atk":31,"def":31,"spa":31,"spd":31,"spe":31}},{"name":"Dragonite","species":"Dragonite","item":"lumberry","ability":"Multiscale","moves":["dragondance","earthquake","extremespeed","outrage"],"nature":"Adamant","evs":{"hp":0,"atk":252,"def":0,"spa":0,"spd":4,"spe":252},"ivs":{"hp":31,"atk":31,"def":31,"spa":31,"spd":31,"spe":31}},{"name":"Latios","species":"Latios","item":"choicescarf","ability":"Levitate","moves":["dracometeor","psyshock","trick","icebeam"],"nature":"Timid","evs":{"hp":72,"atk":0,"def":0,"spa":184,"spd":0,"spe":252},"ivs":{"hp":31,"atk":30,"def":31,"spa":30,"spd":31,"spe":30}},{"name":"Altaria","species":"Altaria","item":"altarianite","ability":"Natural Cure","moves":["hypervoice","fireblast","healbell","roost"],"nature":"Modest","evs":{"hp":224,"atk":0,"def":0,"spa":136,"spd":0,"spe":148},"ivs":{"hp":31,"atk":31,"def":31,"spa":31,"spd":31,"spe":31}},{"name":"Latias","species":"Latias","item":"lightclay","ability":"Levitate","moves":["reflect","lightscreen","healingwish","defog"],"nature":"Timid","evs":{"hp":248,"atk":0,"def":0,"spa":0,"spd":8,"spe":252},"ivs":{"hp":31,"atk":31,"def":31,"spa":31,"spd":31,"spe":31}},{"name":"Garchomp","species":"Garchomp","item":"focussash","ability":"Rough Skin","moves":["earthquake","outrage","stealthrock","firefang"],"nature":"Jolly","evs":{"hp":0,"atk":252,"def":4,"spa":0,"spd":0,"spe":252},"ivs":{"hp":31,"atk":31,"def":31,"spa":31,"spd":31,"spe":31}}],"log":["|player|p1|Rain Tyranitar|physicaltyranitar.png","|player|p2|Rain TGKoopa|dusktgkoopa.png","|gametype|singles","|gen|6","|tier|Monotype","|rated","|rule|Baton Pass Clause: Limit one Baton Passer, can't pass Spe and other stats simultaneously","|rule|Swagger Clause: Swagger is banned","|rule|Same Type Clause: Pokémon in a team must share a type","|clearpoke","|poke|p1|Aegislash, M, shiny","|poke|p1|Gengar, F, shiny","|poke|p1|Jellicent, F, shiny","|poke|p1|Chandelure, F, shiny","|poke|p1|Trevenant, F, shiny","|poke|p1|Sableye, M, shiny","|poke|p2|Kyurem-Black","|poke|p2|Dragonite, M","|poke|p2|Latios, M","|poke|p2|Altaria, F","|poke|p2|Latias, F","|poke|p2|Garchomp, M","|rule|Sleep Clause Mod: Limit one foe put to sleep","|rule|Species Clause: Limit one of each Pokémon","|rule|OHKO Clause: OHKO moves are banned","|rule|Moody Clause: Moody is banned","|rule|Evasion Moves Clause: Evasion moves are banned","|rule|Endless Battle Clause: Forcing endless battles is banned","|rule|HP Percentage Mod: HP is shown in percentages","|teampreview","|","|start","|switch|p1a: Gengar|Gengar, F, shiny|261/261","|switch|p2a: Altaria|Altaria, F|347/347","|turn|1","|","|switch|p2a: Latios|Latios, M|319/319","|move|p1a: Gengar|Sludge Wave|p2a: Latios","|-damage|p2a: Latios|111/319","|-damage|p1a: Gengar|235/261|[from] item: Life Orb","|","|turn|2","|","|move|p2a: Latios|Psyshock|p1a: Gengar","|-supereffective|p1a: Gengar","|-damage|p1a: Gengar|0 fnt","|faint|p1a: Gengar","|","|","|switch|p1a: Aegislash|Aegislash, M, shiny|324/324","|turn|3","|","|-formechange|p1a: Aegislash|Aegislash-Blade","|move|p1a: Aegislash|Shadow Sneak|p2a: Latios","|-supereffective|p2a: Latios","|-damage|p2a: Latios|0 fnt","|faint|p2a: Latios","|","|","|switch|p2a: Kyurem-Black|Kyurem-Black|391/391","|-ability|p2a: Kyurem-Black|Teravolt","|turn|4","|","|-formechange|p1a: Aegislash|Aegislash","|move|p1a: Aegislash|King's Shield|p1a: Aegislash","|-singleturn|p1a: Aegislash|Protect","|move|p2a: Kyurem-Black|Earth Power|p1a: Aegislash","|-activate|p1a: Aegislash|Protect","|","|turn|5","|","|switch|p1a: Jellicent|Jellicent, F, shiny|404/404","|move|p2a: Kyurem-Black|Earth Power|p1a: Jellicent","|-damage|p1a: Jellicent|269/404","|-start|p2a: Kyurem-Black|Disable|Earth Power","|-damage|p2a: Kyurem-Black|352/391|[from] item: Life Orb","|","|-heal|p1a: Jellicent|294/404|[from] item: Leftovers","|turn|6","|","|move|p2a: Kyurem-Black|Fusion Bolt|p1a: Jellicent","|-supereffective|p1a: Jellicent","|-damage|p1a: Jellicent|0 fnt","|-damage|p2a: Kyurem-Black|313/391|[from] item: Life Orb","|faint|p1a: Jellicent","|","|","|switch|p1a: Chandelure|Chandelure, F, shiny|261/261","|turn|7","|","|move|p1a: Chandelure|Fire Blast|p2a: Kyurem-Black","|-damage|p2a: Kyurem-Black|72/391","|move|p2a: Kyurem-Black|Fusion Bolt|p1a: Chandelure","|-damage|p1a: Chandelure|84/261","|-damage|p2a: Kyurem-Black|33/391|[from] item: Life Orb","|","|turn|8","|","|switch|p1a: Aegislash|Aegislash, M, shiny|324/324","|move|p2a: Kyurem-Black|Fusion Bolt|p1a: Aegislash","|-damage|p1a: Aegislash|211/324","|-damage|p2a: Kyurem-Black|0 fnt|[from] item: Life Orb","|faint|p2a: Kyurem-Black","|","|","|switch|p2a: Garchomp|Garchomp, M|357/357","|turn|9","|","|move|p1a: Aegislash|King's Shield|p1a: Aegislash","|-singleturn|p1a: Aegislash|Protect","|move|p2a: Garchomp|Stealth Rock|p1a: Aegislash","|-sidestart|p1: Rain Tyranitar|move: Stealth Rock","|","|turn|10","|","|switch|p1a: Trevenant|Trevenant, F, shiny|374/374","|-damage|p1a: Trevenant|328/374|[from] Stealth Rock","|move|p2a: Garchomp|Earthquake|p1a: Trevenant","|-resisted|p1a: Trevenant","|-damage|p1a: Trevenant|247/374","|","|turn|11","|","|move|p2a: Garchomp|Outrage|p1a: Trevenant","|-damage|p1a: Trevenant|33/374","|-enditem|p1a: Trevenant|Sitrus Berry|[eat]","|-heal|p1a: Trevenant|126/374|[from] item: Sitrus Berry","|move|p1a: Trevenant|Will-O-Wisp|p2a: Garchomp","|-status|p2a: Garchomp|brn","|","|-damage|p2a: Garchomp|313/357 brn|[from] brn","|-item|p1a: Trevenant|Sitrus Berry|[from] ability: Harvest","|-enditem|p1a: Trevenant|Sitrus Berry|[eat]","|-heal|p1a: Trevenant|219/374|[from] item: Sitrus Berry","|turn|12","|","|move|p2a: Garchomp|Outrage|p1a: Trevenant|[from]lockedmove","|-damage|p1a: Trevenant|128/374","|move|p1a: Trevenant|Leech Seed|p2a: Garchomp","|-start|p2a: Garchomp|move: Leech Seed","|","|-damage|p2a: Garchomp|269/357 brn|[from] Leech Seed|[of] p1a: Trevenant","|-heal|p1a: Trevenant|172/374|[silent]","|-damage|p2a: Garchomp|225/357 brn|[from] brn","|turn|13","|","|move|p2a: Garchomp|Outrage|p1a: Trevenant|[from]lockedmove","|-damage|p1a: Trevenant|79/374","|-start|p2a: Garchomp|confusion|[fatigue]","|move|p1a: Trevenant|Phantom Force|p2a: Garchomp|[still]","|-prepare|p1a: Trevenant|Phantom Force|p2a: Garchomp","|","|-damage|p2a: Garchomp|181/357 brn|[from] Leech Seed|[of] p1a: Trevenant","|-heal|p1a: Trevenant|123/374|[silent]","|-damage|p2a: Garchomp|137/357 brn|[from] brn","|turn|14","|","|-activate|p2a: Garchomp|confusion","|-damage|p2a: Garchomp|114/357 brn|[from] confusion","|move|p1a: Trevenant|Phantom Force|p2a: Garchomp|[from]lockedmove","|-damage|p2a: Garchomp|5/357 brn","|-damage|p1a: Trevenant|77/374|[from] ability: Rough Skin|[of] p2a: Garchomp","|","|-damage|p2a: Garchomp|0 fnt|[from] Leech Seed|[of] p1a: Trevenant","|-heal|p1a: Trevenant|82/374|[silent]","|-item|p1a: Trevenant|Sitrus Berry|[from] ability: Harvest","|faint|p2a: Garchomp","|-enditem|p1a: Trevenant|Sitrus Berry|[eat]","|-heal|p1a: Trevenant|175/374|[from] item: Sitrus Berry","|","|switch|p2a: Altaria|Altaria, F|347/347","|turn|15","|","|detailschange|p2a: Altaria|Altaria-Mega, F","|-mega|p2a: Altaria|Altaria|Altarianite","|move|p2a: Altaria|Fire Blast|p1a: Trevenant","|-crit|p1a: Trevenant","|-supereffective|p1a: Trevenant","|-damage|p1a: Trevenant|0 fnt","|faint|p1a: Trevenant","|","|","|switch|p1a: Chandelure|Chandelure, F, shiny|84/261","|-damage|p1a: Chandelure|19/261|[from] Stealth Rock","|turn|16","|","|move|p1a: Chandelure|Shadow Ball|p2a: Altaria","|-damage|p2a: Altaria|202/347","|-unboost|p2a: Altaria|spd|1","|move|p2a: Altaria|Hyper Voice|p1a: Chandelure","|-resisted|p1a: Chandelure","|-damage|p1a: Chandelure|0 fnt","|faint|p1a: Chandelure","|","|","|switch|p1a: Sableye|Sableye, M, shiny|304/304","|-damage|p1a: Sableye|266/304|[from] Stealth Rock","|turn|17","|","|detailschange|p1a: Sableye|Sableye-Mega, M, shiny","|-mega|p1a: Sableye|Sableye|Sablenite","|move|p1a: Sableye|Calm Mind|p1a: Sableye","|-boost|p1a: Sableye|spa|1","|-boost|p1a: Sableye|spd|1","|move|p2a: Altaria|Hyper Voice|p1a: Sableye","|-supereffective|p1a: Sableye","|-damage|p1a: Sableye|98/304","|","|turn|18","|","|move|p2a: Altaria|Hyper Voice|p1a: Sableye","|-supereffective|p1a: Sableye","|-damage|p1a: Sableye|0 fnt","|faint|p1a: Sableye","|","|","|switch|p1a: Aegislash|Aegislash, M, shiny|211/324","|-damage|p1a: Aegislash|191/324|[from] Stealth Rock","|turn|19","|","|-formechange|p1a: Aegislash|Aegislash-Blade","|move|p1a: Aegislash|Shadow Sneak|p2a: Altaria","|-damage|p2a: Altaria|142/347","|move|p2a: Altaria|Fire Blast|p1a: Aegislash","|-supereffective|p1a: Aegislash","|-damage|p1a: Aegislash|0 fnt","|faint|p1a: Aegislash","|","|win|Rain TGKoopa"],"p1rating":{"entryid":"7563854","serverid":"eos","formatid":"monotype","userid":"raintyranitar","username":"Rain Tyranitar","w":"0","l":2,"t":"0","gxe":40.8,"r":"1500","rd":"130","sigma":"0","rptime":"1439283600","rpr":1425.7532331926,"rprd":116.61188961482,"rpsigma":"0","acre":1000,"lacre":1000,"oldacre":"1000"},"p2rating":{"entryid":7564203,"formatid":"monotype","userid":"raintgkoopa","username":"Rain TGKoopa","r":1500,"rd":130,"sigma":0,"rpr":1540.1606143388,"rprd":122.8583080769,"rpsigma":0,"rptime":1439283600,"w":1,"l":0,"t":0,"gxe":55,"acre":1040,"lacre":1040,"oldacre":1000},"endType":"normal"}