{"seed":[52997,65312,50392,50426],"turns":30,"p1":"Alliance - Mxy","p2":"DSV","p1team":[{"name":"Beedrill","species":"Beedrill","item":"beedrillite","ability":"Swarm","moves":["uturn","poisonjab","knockoff","protect"],"nature":"Jolly","evs":{"hp":0,"atk":252,"def":0,"spa":0,"spd":4,"spe":252},"ivs":{"hp":31,"atk":31,"def":31,"spa":31,"spd":31,"spe":31}},{"name":"Weezing","species":"Weezing","item":"blacksludge","ability":"Levitate","moves":["fireblast","sludgewave","willowisp","painsplit"],"nature":"Bold","evs":{"hp":248,"atk":0,"def":252,"spa":8,"spd":0,"spe":0},"ivs":{"hp":31,"atk":0,"def":31,"spa":31,"spd":31,"spe":31}},{"name":"Roserade","species":"Roserade","item":"choicescarf","ability":"Natural Cure","moves":["leafstorm","dazzlinggleam","sludgebomb","aromatherapy"],"nature":"Timid","evs":{"hp":0,"atk":0,"def":0,"spa":252,"spd":4,"spe":252},"ivs":{"hp":31,"atk":0,"def":31,"spa":31,"spd":31,"spe":31}},{"name":"Gengar","species":"Gengar","item":"focussash","ability":"Levitate","moves":["shadowball","sludgewave","focusblast","destinybond"],"nature":"Timid","evs":{"hp":0,"atk":0,"def":0,"spa":252,"spd":4,"spe":252},"ivs":{"hp":31,"atk":0,"def":31,"spa":31,"spd":31,"spe":31}},{"name":"Skuntank","species":"Skuntank","item":"blackglasses","ability":"Aftermath","moves":["suckerpunch","pursuit","toxic","defog"],"nature":"Adamant","evs":{"hp":0,"atk":252,"def":0,"spa":0,"spd":0,"spe":252},"ivs":{"hp":31,"atk":31,"def":31,"spa":31,"spd":31,"spe":31}},{"name":"Nidoking","species":"Nidoking","item":"lifeorb","ability":"Sheer Force","moves":["earthpower","flamethrower","icebeam","thunderbolt"],"nature":"Timid","evs":{"hp":0,"atk":0,"def":0,"spa":252,"spd":4,"spe":252},"ivs":{"hp":31,"atk":0,"def":31,"spa":31,"spd":31,"spe":31}}],"p2team":[{"name":"Jolteon","species":"Jolteon","item":"choicespecs","ability":"Quick Feet","moves":["voltswitch","thunderbolt","shadowball","hiddenpowerice"],"nature":"Modest","evs":{"hp":0,"atk":0,"def":0,"spa":252,"spd":0,"spe":252},"ivs":{"hp":31,"atk":30,"def":30,"spa":31,"spd":31,"spe":31}},{"name":"Zapdos","species":"Zapdos","item":"leftovers","ability":"Pressure","moves":["discharge","roost","heatwave","defog"],"nature":"Calm","evs":{"hp":248,"atk":0,"def":64,"spa":0,"spd":180,"spe":16},"ivs":{"hp":31,"atk":31,"def":31,"spa":31,"spd":31,"spe":31}},{"name":"Manectric","species":"Manectric","item":"manectite","ability":"Static","moves":["voltswitch","flamethrower","hiddenpowerice","thunderbolt"],"nature":"Timid","evs":{"hp":0,"atk":0,"def":0,"spa":252,"spd":4,"spe":252},"ivs":{"hp":31,"atk":30,"def":30,"spa":31,"spd":31,"spe":31}},{"name":"Thundurus","species":"Thundurus","item":"lifeorb","ability":"Prankster","moves":["thunderwave","uturn","superpower","knockoff"],"nature":"Jolly","evs":{"hp":0,"atk":252,"def":0,"spa":0,"spd":4,"spe":252},"ivs":{"hp":31,"atk":31,"def":31,"spa":31,"spd":31,"spe":31}},{"name":"Magnezone","species":"Magnezone","item":"weaknesspolicy","ability":"Sturdy","moves":["thunderwave","flashcannon","thunderbolt","hiddenpowerice"],"nature":"Modest","evs":{"hp":0,"atk":0,"def":0,"spa":252,"spd":4,"spe":252},"ivs":{"hp":31,"atk":30,"def":30,"spa":31,"spd":31,"spe":31}},{"name":"Rotom-Wash","species":"Rotom-Wash","item":"leftovers","ability":"Levitate","moves":["willowisp","painsplit","voltswitch","hydropump"],"nature":"Bold","evs":{"hp":248,"atk":0,"def":252,"spa":0,"spd":0,"spe":8},"ivs":{"hp":31,"atk":31,"def":31,"spa":31,"spd":31,"spe":31}}],"log":["|player|p1|Alliance - Mxy|270","|player|p2|DSV|159","|gametype|singles","|gen|6","|tier|Monotype","|rated","|rule|Baton Pass Clause: Limit one Baton Passer, can't pass Spe and other stats simultaneously","|rule|Swagger Clause: Swagger is banned","|rule|Same Type Clause: Pokémon in a team must share a type","|clearpoke","|poke|p1|Beedrill, M","|poke|p1|Weezing, F","|poke|p1|Roserade, F","|poke|p1|Gengar, M","|poke|p1|Skuntank, M","|poke|p1|Nidoking, M","|poke|p2|Jolteon, F","|poke|p2|Zapdos","|poke|p2|Manectric, M","|poke|p2|Thundurus, M","|poke|p2|Magnezone","|poke|p2|Rotom-Wash","|rule|Sleep Clause Mod: Limit one foe put to sleep","|rule|Species Clause: Limit one of each Pokémon","|rule|OHKO Clause: OHKO moves are banned","|rule|Moody Clause: Moody is banned","|rule|Evasion Moves Clause: Evasion moves are banned","|rule|Endless Battle Clause: Forcing endless battles is banned","|rule|HP Percentage Mod: HP is shown in percentages","|teampreview","|","|start","|switch|p1a: Beedrill|Beedrill, M|271/271","|switch|p2a: Manectric|Manectric, M|281/281","|turn|1","|player|p2","|player|p2|DSV|159","|","|detailschange|p2a: Manectric|Manectric-Mega, M","|-mega|p2a: Manectric|Manectric|Manectite","|-ability|p2a: Manectric|Intimidate","|-unboost|p1a: Beedrill|atk|1","|detailschange|p1a: Beedrill|Beedrill-Mega, M","|-mega|p1a: Beedrill|Beedrill|Beedrillite","|move|p1a: Beedrill|Protect|p1a: Beedrill","|-singleturn|p1a: Beedrill|Protect","|move|p2a: Manectric|Flamethrower|p1a: Beedrill","|-activate|p1a: Beedrill|Protect","|","|turn|2","|player|p2","|player|p2|DSV|159","|","|move|p1a: Beedrill|U-turn|p2a: Manectric","|-damage|p2a: Manectric|137/281","|","|switch|p1a: Skuntank|Skuntank, M|347/347","|move|p2a: Manectric|Flamethrower|p1a: Skuntank","|-damage|p1a: Skuntank|189/347","|","|turn|3","|","|switch|p2a: Rotom-Wash|Rotom-Wash|303/303","|move|p1a: Skuntank|Sucker Punch|p2a: Rotom-Wash","|-fail|p1a: Skuntank","|","|turn|4","|","|switch|p1a: Roserade|Roserade, F|261/261","|move|p2a: Rotom-Wash|Will-O-Wisp|p1a: Roserade","|-status|p1a: Roserade|brn","|","|-damage|p1a: Roserade|229/261 brn|[from] brn","|turn|5","|","|switch|p2a: Zapdos|Zapdos|383/383","|-ability|p2a: Zapdos|Pressure","|move|p1a: Roserade|Leaf Storm|p2a: Zapdos","|-resisted|p2a: Zapdos","|-damage|p2a: Zapdos|290/383","|-unboost|p1a: Roserade|spa|2","|","|-heal|p2a: Zapdos|313/383|[from] item: Leftovers","|-damage|p1a: Roserade|197/261 brn|[from] brn","|turn|6","|","|switch|p1a: Weezing|Weezing, F|333/333","|move|p2a: Zapdos|Heat Wave|p1a: Weezing","|-damage|p1a: Weezing|221/333","|","|-heal|p2a: Zapdos|336/383|[from] item: Leftovers","|-heal|p1a: Weezing|241/333|[from] item: Black Sludge","|turn|7","|","|move|p2a: Zapdos|Discharge|p1a: Weezing","|-damage|p1a: Weezing|99/333","|move|p1a: Weezing|Sludge Wave|p2a: Zapdos","|-damage|p2a: Zapdos|257/383","|","|-heal|p2a: Zapdos|280/383|[from] item: Leftovers","|-heal|p1a: Weezing|119/333|[from] item: Black Sludge","|turn|8","|","|move|p2a: Zapdos|Heat Wave|p1a: Weezing","|-damage|p1a: Weezing|6/333","|move|p1a: Weezing|Pain Split|p2a: Zapdos","|-sethp|p2a: Zapdos|143/383|p1a: Weezing|143/333|[from] move: Pain Split","|","|-heal|p2a: Zapdos|166/383|[from] item: Leftovers","|-heal|p1a: Weezing|163/333|[from] item: Black Sludge","|turn|9","|","|switch|p2a: Jolteon|Jolteon, F|271/271","|switch|p1a: Nidoking|Nidoking, M|303/303","|","|turn|10","|","|move|p2a: Jolteon|Hidden Power|p1a: Nidoking","|-supereffective|p1a: Nidoking","|-damage|p1a: Nidoking|33/303","|move|p1a: Nidoking|Ice Beam|p2a: Jolteon","|-damage|p2a: Jolteon|118/271","|","|turn|11","|","|switch|p1a: Skuntank|Skuntank, M|189/347","|move|p2a: Jolteon|Hidden Power|p1a: Skuntank","|-damage|p1a: Skuntank|32/347","|","|turn|12","|","|move|p1a: Skuntank|Pursuit|p2a: Jolteon|[from]Pursuit","|-damage|p2a: Jolteon|0 fnt","|faint|p2a: Jolteon","|","|","|switch|p2a: Zapdos|Zapdos|166/383","|-ability|p2a: Zapdos|Pressure","|turn|13","|","|move|p1a: Skuntank|Sucker Punch|p2a: Zapdos","|-fail|p1a: Skuntank","|move|p2a: Zapdos|Roost|p2a: Zapdos","|-heal|p2a: Zapdos|358/383","|","|-heal|p2a: Zapdos|381/383|[from] item: Leftovers","|turn|14","|","|move|p1a: Skuntank|Sucker Punch|p2a: Zapdos","|-damage|p2a: Zapdos|227/383","|move|p2a: Zapdos|Heat Wave|p1a: Skuntank","|-damage|p1a: Skuntank|0 fnt","|faint|p1a: Skuntank","|","|-heal|p2a: Zapdos|250/383|[from] item: Leftovers","|","|switch|p1a: Beedrill|Beedrill-Mega, M|271/271","|turn|15","|","|switch|p2a: Magnezone|Magnezone|281/281","|move|p1a: Beedrill|Poison Jab|p2a: Magnezone","|-immune|p2a: Magnezone|[msg]","|","|turn|16","|","|move|p1a: Beedrill|U-turn|p2a: Magnezone","|-crit|p2a: Magnezone","|-resisted|p2a: Magnezone","|-damage|p2a: Magnezone|157/281","|","|switch|p1a: Weezing|Weezing, F|163/333","|move|p2a: Magnezone|Flash Cannon|p1a: Weezing","|-damage|p1a: Weezing|0 fnt","|faint|p1a: Weezing","|","|","|switch|p1a: Nidoking|Nidoking, M|33/303","|turn|17","|","|switch|p1a: Gengar|Gengar, M|261/261","|move|p2a: Magnezone|Flash Cannon|p1a: Gengar","|-damage|p1a: Gengar|63/261","|","|turn|18","|","|move|p1a: Gengar|Destiny Bond|p1a: Gengar","|-singlemove|p1a: Gengar|Destiny Bond","|move|p2a: Magnezone|Thunder Wave|p1a: Gengar","|-status|p1a: Gengar|par","|","|turn|19","|","|switch|p2a: Zapdos|Zapdos|250/383","|-ability|p2a: Zapdos|Pressure","|move|p1a: Gengar|Shadow Ball|p2a: Zapdos","|-damage|p2a: Zapdos|129/383","|","|-heal|p2a: Zapdos|152/383|[from] item: Leftovers","|turn|20","|","|move|p2a: Zapdos|Roost|p2a: Zapdos","|-heal|p2a: Zapdos|344/383","|move|p1a: Gengar|Shadow Ball|p2a: Zapdos","|-damage|p2a: Zapdos|218/383","|","|-heal|p2a: Zapdos|241/383|[from] item: Leftovers","|turn|21","|player|p2","|player|p2|DSV|159","|","|move|p2a: Zapdos|Heat Wave|p1a: Gengar","|-damage|p1a: Gengar|0 fnt","|faint|p1a: Gengar","|","|-heal|p2a: Zapdos|264/383|[from] item: Leftovers","|","|switch|p1a: Beedrill|Beedrill-Mega, M|271/271","|turn|22","|","|switch|p2a: Manectric|Manectric-Mega, M|137/281","|-ability|p2a: Manectric|Intimidate","|-unboost|p1a: Beedrill|atk|1","|move|p1a: Beedrill|Knock Off|p2a: Manectric","|-damage|p2a: Manectric|71/281","|","|turn|23","|","|move|p1a: Beedrill|U-turn|p2a: Manectric","|-damage|p2a: Manectric|0 fnt","|faint|p2a: Manectric","|","|switch|p1a: Roserade|Roserade, F|197/261","|","|","|switch|p2a: Magnezone|Magnezone|157/281","|turn|24","|","|move|p1a: Roserade|Leaf Storm|p2a: Magnezone","|-resisted|p2a: Magnezone","|-damage|p2a: Magnezone|26/281","|-unboost|p1a: Roserade|spa|2","|move|p2a: Magnezone|Flash Cannon|p1a: Roserade","|-damage|p1a: Roserade|49/261","|","|turn|25","|","|switch|p2a: Zapdos|Zapdos|264/383","|-ability|p2a: Zapdos|Pressure","|move|p1a: Roserade|Leaf Storm|p2a: Zapdos","|-resisted|p2a: Zapdos","|-damage|p2a: Zapdos|215/383","|-unboost|p1a: Roserade|spa|2","|","|-heal|p2a: Zapdos|238/383|[from] item: Leftovers","|turn|26","|","|switch|p1a: Beedrill|Beedrill-Mega, M|271/271","|move|p2a: Zapdos|Heat Wave|p1a: Beedrill","|-supereffective|p1a: Beedrill","|-damage|p1a: Beedrill|41/271","|-status|p1a: Beedrill|brn","|","|-heal|p2a: Zapdos|261/383|[from] item: Leftovers","|-damage|p1a: Beedrill|8/271 brn|[from] brn","|turn|27","|","|switch|p2a: Magnezone|Magnezone|26/281","|move|p1a: Beedrill|Poison Jab|p2a: Magnezone","|-immune|p2a: Magnezone|[msg]","|","|-damage|p1a: Beedrill|0 fnt|[from] brn","|faint|p1a: Beedrill","|","|switch|p1a: Nidoking|Nidoking, M|33/303","|turn|28","|","|move|p1a: Nidoking|Thunderbolt|p2a: Magnezone","|-resisted|p2a: Magnezone","|-damage|p2a: Magnezone|0 fnt","|faint|p2a: Magnezone","|","|","|switch|p2a: Thundurus|Thundurus, M|299/299","|turn|29","|","|move|p2a: Thundurus|Knock Off|p1a: Nidoking","|-damage|p1a: Nidoking|0 fnt","|-enditem|p1a: Nidoking|Life Orb|[from] move: Knock Off|[of] p2a: Thundurus","|-damage|p2a: Thundurus|270/299|[from] item: Life Orb","|faint|p1a: Nidoking","|","|","|switch|p1a: Roserade|Roserade, F|49/261","|turn|30","|","|move|p1a: Roserade|Sludge Bomb|p2a: Thundurus","|-damage|p2a: Thundurus|96/299","|-status|p2a: Thundurus|psn","|move|p2a: Thundurus|Knock Off|p1a: Roserade","|-damage|p1a: Roserade|0 fnt","|-enditem|p1a: Roserade|Choice Scarf|[from] move: Knock Off|[of] p2a: Thundurus","|-damage|p2a: Thundurus|67/299 psn|[from] item: Life Orb","|faint|p1a: Roserade","|","|win|DSV"],"p1rating":{"entryid":"6690851","serverid":"eos","formatid":"monotype","userid":"alliancemxy","username":"Alliance - Mxy","w":"75","l":47,"t":"0","gxe":60.4,"r":"1578.3010914634","rd":"36.260044301362","sigma":"0","rptime":"1439283600","rpr":1579.4683195154,"rprd":35.435839462802,"rpsigma":"0","acre":1148.8428896178,"lacre":1148.8428896178,"oldacre":"1162.7667653146"},"p2rating":{"entryid":"6124841","serverid":"eos","formatid":"monotype","userid":"dsv","username":"DSV","w":48,"l":"22","t":"0","gxe":72,"r":"1663.1053447903","rd":"48.4015064528","sigma":"0","rptime":"1439283600","rpr":1678.740568425,"rprd":47.139552412462,"rpsigma":"0","acre":1339.2897607191,"lacre":1339.2897607191,"oldacre":"1328.1506601616"},"endType":"normal"}