{"seed":[53926,4043,33703,14254],"turns":37,"p1":"Guard Wanderer","p2":"GTX♅Prolixity","p1team":[{"name":"Weezing","species":"Weezing","item":"sitrusberry","ability":"Levitate","moves":["toxicspikes","willowisp","memento","thief"],"nature":"Careful","evs":{"hp":248,"atk":8,"def":0,"spa":0,"spd":252,"spe":0},"ivs":{"hp":31,"atk":31,"def":31,"spa":31,"spd":31,"spe":31}},{"name":"Tentacruel","species":"Tentacruel","item":"assaultvest","ability":"Liquid Ooze","moves":["scald","acidspray","gigadrain","hex"],"nature":"Timid","evs":{"hp":0,"atk":0,"def":4,"spa":252,"spd":0,"spe":252},"ivs":{"hp":31,"atk":31,"def":31,"spa":31,"spd":31,"spe":31}},{"name":"Skuntank","species":"Skuntank","item":"","ability":"Stench","moves":["snatch","thief","suckerpunch","poisonjab"],"nature":"Adamant","evs":{"hp":248,"atk":252,"def":0,"spa":0,"spd":8,"spe":0},"ivs":{"hp":31,"atk":31,"def":31,"spa":31,"spd":31,"spe":31}},{"name":"Crobat","species":"Crobat","item":"whiteherb","ability":"Infiltrator","moves":["curse","acrobatics","roost","whirlwind"],"nature":"Jolly","evs":{"hp":248,"atk":8,"def":0,"spa":0,"spd":0,"spe":252},"ivs":{"hp":31,"atk":31,"def":31,"spa":31,"spd":31,"spe":31}},{"name":"Gengar","species":"Gengar","item":"choicescarf","ability":"Levitate","moves":["trick","destinybond","venoshock","hex"],"nature":"Timid","evs":{"hp":0,"atk":0,"def":0,"spa":252,"spd":4,"spe":252},"ivs":{"hp":31,"atk":31,"def":31,"spa":31,"spd":31,"spe":31}},{"name":"Amoonguss","species":"Amoonguss","item":"blacksludge","ability":"Regenerator","moves":["spore","gigadrain","gastroacid","stunspore"],"nature":"Calm","evs":{"hp":248,"atk":0,"def":0,"spa":8,"spd":252,"spe":0},"shiny":true,"ivs":{"hp":31,"atk":31,"def":31,"spa":31,"spd":31,"spe":31}}],"p2team":[{"name":"Keldeo","species":"Keldeo","item":"lifeorb","ability":"Justified","moves":["icywind","secretsword","scald","hiddenpowerfire"],"nature":"Timid","evs":{"hp":0,"atk":0,"def":4,"spa":252,"spd":0,"spe":252},"ivs":{"hp":31,"atk":30,"def":31,"spa":30,"spd":31,"spe":30}},{"name":"Sharpedo","species":"Sharpedo","item":"sharpedonite","ability":"Speed Boost","moves":["waterfall","protect","crunch","earthquake"],"nature":"Adamant","evs":{"hp":0,"atk":252,"def":0,"spa":0,"spd":4,"spe":252},"shiny":true,"ivs":{"hp":31,"atk":31,"def":31,"spa":31,"spd":31,"spe":31}},{"name":"Empoleon","species":"Empoleon","item":"assaultvest","ability":"Defiant","moves":["surf","icebeam","flashcannon","grassknot"],"nature":"Sassy","evs":{"hp":252,"atk":0,"def":0,"spa":4,"spd":252,"spe":0},"shiny":true,"ivs":{"hp":31,"atk":31,"def":31,"spa":31,"spd":31,"spe":31}},{"name":"Cloyster","species":"Cloyster","item":"focussash","ability":"Skill Link","moves":["iciclespear","rockblast","shellsmash","razorshell"],"nature":"Adamant","evs":{"hp":0,"atk":252,"def":0,"spa":0,"spd":4,"spe":252},"shiny":true,"ivs":{"hp":31,"atk":31,"def":31,"spa":31,"spd":31,"spe":31}},{"name":"Tentacruel","species":"Tentacruel","item":"leftovers","ability":"Liquid Ooze","moves":["toxicspikes","scald","rapidspin","acidspray"],"nature":"Timid","evs":{"hp":252,"atk":0,"def":0,"spa":0,"spd":244,"spe":12},"shiny":true,"ivs":{"hp":31,"atk":31,"def":31,"spa":31,"spd":31,"spe":31}},{"name":"Blastoise","species":"Blastoise","item":"weaknesspolicy","ability":"Torrent","moves":["earthquake","hydropump","darkpulse","rockslide"],"nature":"Gentle","evs":{"hp":4,"atk":0,"def":0,"spa":252,"spd":252,"spe":0},"ivs":{"hp":31,"atk":31,"def":31,"spa":31,"spd":31,"spe":31}}],"log":["|player|p1|Guard Wanderer|235","|player|p2|GTX♅Prolixity|11","|gametype|singles","|gen|6","|tier|Monotype","|rated","|rule|Baton Pass Clause: Limit one Baton Passer, can't pass Spe and other stats simultaneously","|rule|Swagger Clause: Swagger is banned","|rule|Same Type Clause: Pokémon in a team must share a type","|clearpoke","|poke|p1|Weezing, M","|poke|p1|Tentacruel, F","|poke|p1|Skuntank, M","|poke|p1|Crobat, F","|poke|p1|Gengar, M","|poke|p1|Amoonguss, M, shiny","|poke|p2|Keldeo","|poke|p2|Sharpedo, F, shiny","|poke|p2|Empoleon, M, shiny","|poke|p2|Cloyster, F, shiny","|poke|p2|Tentacruel, F, shiny","|poke|p2|Blastoise, M","|rule|Sleep Clause Mod: Limit one foe put to sleep","|rule|Species Clause: Limit one of each Pokémon","|rule|OHKO Clause: OHKO moves are banned","|rule|Moody Clause: Moody is banned","|rule|Evasion Moves Clause: Evasion moves are banned","|rule|Endless Battle Clause: Forcing endless battles is banned","|rule|HP Percentage Mod: HP is shown in percentages","|teampreview","|","|start","|switch|p1a: Skuntank|Skuntank, M|409/409","|switch|p2a: Empoleon|Empoleon, M, shiny|372/372","|turn|1","|","|move|p1a: Skuntank|Thief|p2a: Empoleon","|-damage|p2a: Empoleon|264/372","|-item|p1a: Skuntank|Assault Vest|[from] move: Thief|[of] p2a: Empoleon","|cant|p2a: Empoleon|flinch","|","|turn|2","|","|switch|p1a: Weezing|Weezing, M|333/333","|move|p2a: Empoleon|Ice Beam|p1a: Weezing","|-damage|p1a: Weezing|260/333","|","|turn|3","|","|move|p1a: Weezing|Will-O-Wisp|p2a: Empoleon","|-status|p2a: Empoleon|brn","|move|p2a: Empoleon|Surf|p1a: Weezing","|-damage|p1a: Weezing|151/333","|-enditem|p1a: Weezing|Sitrus Berry|[eat]","|-heal|p1a: Weezing|234/333|[from] item: Sitrus Berry","|","|-damage|p2a: Empoleon|218/372 brn|[from] brn","|turn|4","|","|switch|p1a: Tentacruel|Tentacruel, F|301/301","|move|p2a: Empoleon|Ice Beam|p1a: Tentacruel","|-resisted|p1a: Tentacruel","|-damage|p1a: Tentacruel|278/301","|","|-damage|p2a: Empoleon|172/372 brn|[from] brn","|turn|5","|","|move|p1a: Tentacruel|Hex|p2a: Empoleon","|-damage|p2a: Empoleon|98/372 brn","|move|p2a: Empoleon|Flash Cannon|p1a: Tentacruel","|-resisted|p1a: Tentacruel","|-damage|p1a: Tentacruel|247/301","|","|-damage|p2a: Empoleon|52/372 brn|[from] brn","|turn|6","|","|move|p1a: Tentacruel|Giga Drain|p2a: Empoleon","|-damage|p2a: Empoleon|4/372 brn","|-heal|p1a: Tentacruel|271/301|[from] drain|[of] p2a: Empoleon","|move|p2a: Empoleon|Surf|p1a: Tentacruel","|-resisted|p1a: Tentacruel","|-damage|p1a: Tentacruel|235/301","|","|-damage|p2a: Empoleon|0 fnt|[from] brn","|faint|p2a: Empoleon","|","|switch|p2a: Blastoise|Blastoise, M|300/300","|turn|7","|","|move|p1a: Tentacruel|Acid Spray|p2a: Blastoise","|-damage|p2a: Blastoise|267/300","|-unboost|p2a: Blastoise|spd|2","|move|p2a: Blastoise|Earthquake|p1a: Tentacruel","|-supereffective|p1a: Tentacruel","|-damage|p1a: Tentacruel|43/301","|","|turn|8","|","|switch|p1a: Amoonguss|Amoonguss, M, shiny|431/431","|move|p2a: Blastoise|Earthquake|p1a: Amoonguss","|-crit|p1a: Amoonguss","|-damage|p1a: Amoonguss|289/431","|","|-heal|p1a: Amoonguss|315/431|[from] item: Black Sludge","|turn|9","|","|move|p2a: Blastoise|Earthquake|p1a: Amoonguss","|-damage|p1a: Amoonguss|222/431","|move|p1a: Amoonguss|Spore|p2a: Blastoise","|-status|p2a: Blastoise|slp","|","|-heal|p1a: Amoonguss|248/431|[from] item: Black Sludge","|turn|10","|","|cant|p2a: Blastoise|slp","|move|p1a: Amoonguss|Stun Spore|p2a: Blastoise","|-fail|p2a: Blastoise","|","|-heal|p1a: Amoonguss|274/431|[from] item: Black Sludge","|turn|11","|","|-curestatus|p2a: Blastoise|slp","|move|p2a: Blastoise|Earthquake|p1a: Amoonguss","|-damage|p1a: Amoonguss|189/431","|move|p1a: Amoonguss|Giga Drain|p2a: Blastoise","|-supereffective|p2a: Blastoise","|-damage|p2a: Blastoise|55/300","|-heal|p1a: Amoonguss|295/431|[from] drain|[of] p2a: Blastoise","|-enditem|p2a: Blastoise|Weakness Policy","|-boost|p2a: Blastoise|atk|2|[from] item: Weakness Policy","|-boost|p2a: Blastoise|spa|2|[from] item: Weakness Policy","|","|-heal|p1a: Amoonguss|321/431|[from] item: Black Sludge","|turn|12","|","|switch|p1a: Gengar|Gengar, M|261/261","|move|p2a: Blastoise|Rock Slide|p1a: Gengar","|-damage|p1a: Gengar|115/261","|","|turn|13","|","|move|p1a: Gengar|Hex|p2a: Blastoise","|-damage|p2a: Blastoise|0 fnt","|faint|p2a: Blastoise","|","|","|switch|p2a: Tentacruel|Tentacruel, F, shiny|364/364","|turn|14","|","|switch|p1a: Weezing|Weezing, M|234/333","|move|p2a: Tentacruel|Scald|p1a: Weezing","|-crit|p1a: Weezing","|-damage|p1a: Weezing|117/333","|","|turn|15","|","|move|p2a: Tentacruel|Scald|p1a: Weezing","|-damage|p1a: Weezing|47/333","|move|p1a: Weezing|Thief|p2a: Tentacruel","|-damage|p2a: Tentacruel|298/364","|-item|p1a: Weezing|Leftovers|[from] move: Thief|[of] p2a: Tentacruel","|","|-heal|p1a: Weezing|67/333|[from] item: Leftovers","|turn|16","|","|switch|p1a: Amoonguss|Amoonguss, M, shiny|431/431","|move|p2a: Tentacruel|Scald|p1a: Amoonguss","|-resisted|p1a: Amoonguss","|-damage|p1a: Amoonguss|400/431","|","|-heal|p1a: Amoonguss|426/431|[from] item: Black Sludge","|turn|17","|","|move|p2a: Tentacruel|Scald|p1a: Amoonguss","|-resisted|p1a: Amoonguss","|-damage|p1a: Amoonguss|392/431","|move|p1a: Amoonguss|Spore|p2a: Tentacruel","|-status|p2a: Tentacruel|slp","|","|-heal|p1a: Amoonguss|418/431|[from] item: Black Sludge","|turn|18","|","|switch|p2a: Keldeo|Keldeo|323/323","|move|p1a: Amoonguss|Gastro Acid|p2a: Keldeo","|-endability|p2a: Keldeo","|","|-heal|p1a: Amoonguss|431/431|[from] item: Black Sludge","|turn|19","|","|move|p2a: Keldeo|Hidden Power|p1a: Amoonguss","|-supereffective|p1a: Amoonguss","|-damage|p1a: Amoonguss|270/431","|-damage|p2a: Keldeo|291/323|[from] item: Life Orb","|move|p1a: Amoonguss|Stun Spore|p2a: Keldeo","|-status|p2a: Keldeo|par","|","|-heal|p1a: Amoonguss|296/431|[from] item: Black Sludge","|turn|20","|","|move|p1a: Amoonguss|Giga Drain|p2a: Keldeo","|-supereffective|p2a: Keldeo","|-damage|p2a: Keldeo|109/323 par","|-heal|p1a: Amoonguss|387/431|[from] drain|[of] p2a: Keldeo","|move|p2a: Keldeo|Secret Sword|p1a: Amoonguss","|-resisted|p1a: Amoonguss","|-damage|p1a: Amoonguss|247/431","|-damage|p2a: Keldeo|77/323 par|[from] item: Life Orb","|","|-heal|p1a: Amoonguss|273/431|[from] item: Black Sludge","|turn|21","|","|move|p1a: Amoonguss|Giga Drain|p2a: Keldeo","|-supereffective|p2a: Keldeo","|-damage|p2a: Keldeo|0 fnt","|-heal|p1a: Amoonguss|312/431|[from] drain|[of] p2a: Keldeo","|faint|p2a: Keldeo","|","|-heal|p1a: Amoonguss|338/431|[from] item: Black Sludge","|","|switch|p2a: Sharpedo|Sharpedo, F, shiny|281/281","|turn|22","|","|move|p2a: Sharpedo|Protect|p2a: Sharpedo","|-singleturn|p2a: Sharpedo|Protect","|move|p1a: Amoonguss|Gastro Acid|p2a: Sharpedo","|-activate|p2a: Sharpedo|Protect","|","|-heal|p1a: Amoonguss|364/431|[from] item: Black Sludge","|-boost|p2a: Sharpedo|spe|1|[from] ability: Speed Boost","|turn|23","|","|detailschange|p2a: Sharpedo|Sharpedo-Mega, F, shiny","|-mega|p2a: Sharpedo|Sharpedo|Sharpedonite","|move|p2a: Sharpedo|Crunch|p1a: Amoonguss","|-damage|p1a: Amoonguss|30/431","|move|p1a: Amoonguss|Stun Spore|p2a: Sharpedo","|-status|p2a: Sharpedo|par","|","|-heal|p1a: Amoonguss|56/431|[from] item: Black Sludge","|turn|24","|","|switch|p1a: Skuntank|Skuntank, M|409/409","|cant|p2a: Sharpedo|par","|","|turn|25","|","|move|p1a: Skuntank|Poison Jab|p2a: Sharpedo","|-damage|p2a: Sharpedo|113/281 par","|move|p2a: Sharpedo|Earthquake|p1a: Skuntank","|-supereffective|p1a: Skuntank","|-damage|p1a: Skuntank|29/409","|","|turn|26","|","|move|p1a: Skuntank|Poison Jab|p2a: Sharpedo","|-damage|p2a: Sharpedo|0 fnt","|faint|p2a: Sharpedo","|","|","|switch|p2a: Tentacruel|Tentacruel, F, shiny|298/364 slp","|turn|27","|","|switch|p1a: Weezing|Weezing, M|67/333","|cant|p2a: Tentacruel|slp","|","|-heal|p1a: Weezing|87/333|[from] item: Leftovers","|turn|28","|","|-curestatus|p2a: Tentacruel|slp","|move|p2a: Tentacruel|Scald|p1a: Weezing","|-damage|p1a: Weezing|20/333","|move|p1a: Weezing|Toxic Spikes|p2a: Tentacruel","|-sidestart|p2: GTX♅Prolixity|move: Toxic Spikes","|","|-heal|p1a: Weezing|40/333|[from] item: Leftovers","|turn|29","|","|switch|p1a: Amoonguss|Amoonguss, M, shiny|199/431","|move|p2a: Tentacruel|Scald|p1a: Amoonguss","|-resisted|p1a: Amoonguss","|-damage|p1a: Amoonguss|164/431","|","|-heal|p1a: Amoonguss|190/431|[from] item: Black Sludge","|turn|30","|","|switch|p1a: Tentacruel|Tentacruel, F|43/301","|move|p2a: Tentacruel|Rapid Spin|p1a: Tentacruel","|-damage|p1a: Tentacruel|28/301","|-sideend|p2: GTX♅Prolixity|Toxic Spikes|[from] move: Rapid Spin|[of] p2a: Tentacruel","|","|turn|31","|","|move|p1a: Tentacruel|Acid Spray|p2a: Tentacruel","|-resisted|p2a: Tentacruel","|-damage|p2a: Tentacruel|279/364","|-unboost|p2a: Tentacruel|spd|2","|move|p2a: Tentacruel|Scald|p1a: Tentacruel","|-resisted|p1a: Tentacruel","|-damage|p1a: Tentacruel|5/301","|","|turn|32","|","|move|p1a: Tentacruel|Scald|p2a: Tentacruel","|-resisted|p2a: Tentacruel","|-damage|p2a: Tentacruel|207/364","|move|p2a: Tentacruel|Rapid Spin|p1a: Tentacruel","|-damage|p1a: Tentacruel|0 fnt","|faint|p1a: Tentacruel","|","|","|switch|p1a: Crobat|Crobat, F|373/373","|turn|33","|","|move|p1a: Crobat|Curse|p1a: Crobat","|-unboost|p1a: Crobat|spe|1","|-boost|p1a: Crobat|atk|1","|-boost|p1a: Crobat|def|1","|-enditem|p1a: Crobat|White Herb","|-restoreboost|p1a: Crobat|[silent]","|move|p2a: Tentacruel|Scald|p1a: Crobat","|-damage|p1a: Crobat|285/373","|","|turn|34","|","|move|p1a: Crobat|Acrobatics|p2a: Tentacruel","|-damage|p2a: Tentacruel|0 fnt","|faint|p2a: Tentacruel","|","|","|switch|p2a: Cloyster|Cloyster, F, shiny|241/241","|turn|35","|","|move|p1a: Crobat|Acrobatics|p2a: Cloyster","|-crit|p2a: Cloyster","|-damage|p2a: Cloyster|69/241","|move|p2a: Cloyster|Shell Smash|p2a: Cloyster","|-unboost|p2a: Cloyster|def|1","|-unboost|p2a: Cloyster|spd|1","|-boost|p2a: Cloyster|atk|2","|-boost|p2a: Cloyster|spa|2","|-boost|p2a: Cloyster|spe|2","|","|turn|36","|","|move|p2a: Cloyster|Rock Blast|p1a: Crobat","|-crit|p1a: Crobat","|-supereffective|p1a: Crobat","|-damage|p1a: Crobat|91/373","|-supereffective|p1a: Crobat","|-damage|p1a: Crobat|7/373","|-supereffective|p1a: Crobat","|-damage|p1a: Crobat|0 fnt","|-hitcount|p1a: Crobat|3","|faint|p1a: Crobat","|","|","|switch|p1a: Gengar|Gengar, M|115/261","|turn|37","|","|move|p1a: Gengar|Hex|p2a: Cloyster","|-damage|p2a: Cloyster|0 fnt","|faint|p2a: Cloyster","|","|win|Guard Wanderer"],"p1rating":{"entryid":"6731189","serverid":"eos","formatid":"monotype","userid":"guardwanderer","username":"Guard Wanderer","w":109,"l":"138","t":"0","gxe":43.9,"r":"1449.4936567142","rd":"25.666816101957","sigma":"0","rptime":"1439283600","rpr":1453.9243654169,"rprd":25.551005589252,"rpsigma":"0","acre":1114.2938833434,"lacre":1114.2938833434,"oldacre":"1092.8681850734"},"p2rating":{"entryid":"7554646","serverid":"eos","formatid":"monotype","userid":"gtxprolixity","username":"GTX♅Prolixity","w":"1","l":5,"t":"0","gxe":39.1,"r":"1500","rd":"130","sigma":"0","rptime":"1439283600","rpr":1413.5748606702,"rprd":97.750487777059,"rpsigma":"0","acre":1018.3534982622,"lacre":1018.3534982622,"oldacre":"1030.3084967921"},"endType":"normal"}