{"seed":[55198,44398,29900,1447],"turns":22,"p1":"Lazulite Leavanny","p2":"Rain Hoot","p1team":[{"name":"Porygon-Z","species":"Porygon-Z","item":"choicespecs","ability":"Adaptability","moves":["triattack","shadowball","discharge","icebeam"],"nature":"Modest","evs":{"hp":248,"atk":0,"def":0,"spa":252,"spd":8,"spe":0},"ivs":{"hp":31,"atk":31,"def":31,"spa":31,"spd":31,"spe":31}},{"name":"Porygon2","species":"Porygon2","item":"eviolite","ability":"Analytic","moves":["thunderbolt","icebeam","recover","triattack"],"nature":"Modest","evs":{"hp":248,"atk":0,"def":0,"spa":252,"spd":8,"spe":0},"ivs":{"hp":31,"atk":31,"def":31,"spa":31,"spd":31,"spe":31}},{"name":"Ditto","species":"Ditto","item":"choicescarf","ability":"Imposter","moves":["transform"],"nature":"","evs":{"hp":0,"atk":0,"def":0,"spa":0,"spd":0,"spe":0},"ivs":{"hp":31,"atk":31,"def":31,"spa":31,"spd":31,"spe":31}},{"name":"Snorlax","species":"Snorlax","item":"leftovers","ability":"Immunity","moves":["rest","sleeptalk","bodyslam","curse"],"nature":"Careful","evs":{"hp":252,"atk":4,"def":0,"spa":0,"spd":252,"spe":0},"ivs":{"hp":31,"atk":31,"def":31,"spa":31,"spd":31,"spe":31}},{"name":"Lopunny","species":"Lopunny","item":"lopunnite","ability":"Cute Charm","moves":["fakeout","return","highjumpkick","thunderpunch"],"nature":"Jolly","evs":{"hp":0,"atk":252,"def":0,"spa":0,"spd":4,"spe":252},"ivs":{"hp":31,"atk":31,"def":31,"spa":31,"spd":31,"spe":31}},{"name":"Chansey","species":"Chansey","item":"eviolite","ability":"Serene Grace","moves":["toxic","seismictoss","psychic","softboiled"],"nature":"Bold","evs":{"hp":248,"atk":0,"def":252,"spa":8,"spd":0,"spe":0},"ivs":{"hp":31,"atk":31,"def":31,"spa":31,"spd":31,"spe":31}}],"p2team":[{"name":"Shuckle","species":"Shuckle","item":"leftovers","ability":"Sturdy","moves":["stickyweb","stealthrock","toxic","encore"],"nature":"Calm","evs":{"hp":252,"atk":0,"def":4,"spa":0,"spd":252,"spe":0},"ivs":{"hp":31,"atk":31,"def":31,"spa":31,"spd":31,"spe":31}},{"name":"Diancie","species":"Diancie","item":"diancite","ability":"Clear Body","moves":["moonblast","diamondstorm","earthpower","protect"],"nature":"Hasty","evs":{"hp":0,"atk":0,"def":0,"spa":252,"spd":0,"spe":252},"ivs":{"hp":31,"atk":31,"def":31,"spa":31,"spd":31,"spe":31}},{"name":"Golem","species":"Golem","item":"weaknesspolicy","ability":"Sturdy","moves":["earthquake","rockblast","suckerpunch","rockpolish"],"nature":"Adamant","evs":{"hp":0,"atk":252,"def":0,"spa":0,"spd":4,"spe":252},"ivs":{"hp":31,"atk":31,"def":31,"spa":31,"spd":31,"spe":31}},{"name":"Carracosta","species":"Carracosta","item":"choicespecs","ability":"Solid Rock","moves":["earthpower","scald","icebeam","focusblast"],"nature":"Modest","evs":{"hp":248,"atk":0,"def":0,"spa":252,"spd":8,"spe":0},"ivs":{"hp":31,"atk":31,"def":31,"spa":31,"spd":31,"spe":31}},{"name":"Cradily","species":"Cradily","item":"leftovers","ability":"Storm Drain","moves":["gigadrain","toxic","stockpile","recover"],"nature":"Calm","evs":{"hp":252,"atk":0,"def":0,"spa":4,"spd":252,"spe":0},"ivs":{"hp":31,"atk":31,"def":31,"spa":31,"spd":31,"spe":31}},{"name":"Aerodactyl","species":"Aerodactyl","item":"lifeorb","ability":"Pressure","moves":["aerialace","stoneedge","earthquake","fireblast"],"nature":"Hasty","evs":{"hp":0,"atk":252,"def":0,"spa":4,"spd":0,"spe":252},"ivs":{"hp":31,"atk":31,"def":31,"spa":31,"spd":31,"spe":31}}],"log":["|player|p1|Lazulite Leavanny|290","|player|p2|Rain Hoot|266","|gametype|singles","|gen|6","|tier|Monotype","|rated","|rule|Baton Pass Clause: Limit one Baton Passer, can't pass Spe and other stats simultaneously","|rule|Swagger Clause: Swagger is banned","|rule|Same Type Clause: Pokémon in a team must share a type","|clearpoke","|poke|p1|Porygon-Z","|poke|p1|Porygon2","|poke|p1|Ditto","|poke|p1|Snorlax, F","|poke|p1|Lopunny, F","|poke|p1|Chansey, F","|poke|p2|Shuckle, F","|poke|p2|Diancie","|poke|p2|Golem, M","|poke|p2|Carracosta, F","|poke|p2|Cradily, M","|poke|p2|Aerodactyl, M","|rule|Sleep Clause Mod: Limit one foe put to sleep","|rule|Species Clause: Limit one of each Pokémon","|rule|OHKO Clause: OHKO moves are banned","|rule|Moody Clause: Moody is banned","|rule|Evasion Moves Clause: Evasion moves are banned","|rule|Endless Battle Clause: Forcing endless battles is banned","|rule|HP Percentage Mod: HP is shown in percentages","|teampreview","|","|start","|switch|p1a: Porygon-Z|Porygon-Z|373/373","|switch|p2a: Carracosta|Carracosta, F|351/351","|turn|1","|","|move|p1a: Porygon-Z|Tri Attack|p2a: Carracosta","|-resisted|p2a: Carracosta","|-damage|p2a: Carracosta|117/351","|move|p2a: Carracosta|Focus Blast|p1a: Porygon-Z|[miss]","|-miss|p2a: Carracosta|p1a: Porygon-Z","|","|turn|2","|","|switch|p2a: Shuckle|Shuckle, F|244/244","|move|p1a: Porygon-Z|Tri Attack|p2a: Shuckle","|-crit|p2a: Shuckle","|-resisted|p2a: Shuckle","|-damage|p2a: Shuckle|157/244","|-status|p2a: Shuckle|par","|","|-heal|p2a: Shuckle|172/244 par|[from] item: Leftovers","|turn|3","|","|move|p1a: Porygon-Z|Tri Attack|p2a: Shuckle","|-resisted|p2a: Shuckle","|-damage|p2a: Shuckle|111/244 par","|move|p2a: Shuckle|Sticky Web|p1a: Porygon-Z","|-sidestart|p1: Lazulite Leavanny|move: Sticky Web","|","|-heal|p2a: Shuckle|126/244 par|[from] item: Leftovers","|turn|4","|","|move|p1a: Porygon-Z|Tri Attack|p2a: Shuckle","|-resisted|p2a: Shuckle","|-damage|p2a: Shuckle|63/244 par","|cant|p2a: Shuckle|par","|","|-heal|p2a: Shuckle|78/244 par|[from] item: Leftovers","|turn|5","|","|move|p1a: Porygon-Z|Tri Attack|p2a: Shuckle","|-resisted|p2a: Shuckle","|-damage|p2a: Shuckle|17/244 par","|move|p2a: Shuckle|Toxic|p1a: Porygon-Z","|-status|p1a: Porygon-Z|tox","|","|-heal|p2a: Shuckle|32/244 par|[from] item: Leftovers","|-damage|p1a: Porygon-Z|350/373 tox|[from] psn","|turn|6","|","|move|p1a: Porygon-Z|Tri Attack|p2a: Shuckle","|-resisted|p2a: Shuckle","|-damage|p2a: Shuckle|0 fnt","|faint|p2a: Shuckle","|","|-damage|p1a: Porygon-Z|304/373 tox|[from] psn","|","|switch|p2a: Diancie|Diancie|241/241","|turn|7","|","|detailschange|p2a: Diancie|Diancie-Mega","|-mega|p2a: Diancie|Diancie|Diancite","|move|p2a: Diancie|Protect|p2a: Diancie","|-singleturn|p2a: Diancie|Protect","|move|p1a: Porygon-Z|Tri Attack|p2a: Diancie","|-activate|p2a: Diancie|Protect","|","|-damage|p1a: Porygon-Z|235/373 tox|[from] psn","|turn|8","|","|move|p2a: Diancie|Moonblast|p1a: Porygon-Z","|-damage|p1a: Porygon-Z|0 fnt","|faint|p1a: Porygon-Z","|","|","|switch|p1a: Snorlax|Snorlax, F|524/524","|-activate|p1a: Snorlax|move: Sticky Web","|-unboost|p1a: Snorlax|spe|1","|turn|9","|","|move|p2a: Diancie|Diamond Storm|p1a: Snorlax","|-damage|p1a: Snorlax|290/524","|-boost|p2a: Diancie|def|1","|move|p1a: Snorlax|Curse|p1a: Snorlax","|-unboost|p1a: Snorlax|spe|1","|-boost|p1a: Snorlax|atk|1","|-boost|p1a: Snorlax|def|1","|","|-heal|p1a: Snorlax|322/524|[from] item: Leftovers","|turn|10","|","|move|p2a: Diancie|Moonblast|p1a: Snorlax","|-damage|p1a: Snorlax|187/524","|move|p1a: Snorlax|Curse|p1a: Snorlax","|-unboost|p1a: Snorlax|spe|1","|-boost|p1a: Snorlax|atk|1","|-boost|p1a: Snorlax|def|1","|","|-heal|p1a: Snorlax|219/524|[from] item: Leftovers","|turn|11","|","|switch|p2a: Carracosta|Carracosta, F|117/351","|move|p1a: Snorlax|Curse|p1a: Snorlax","|-unboost|p1a: Snorlax|spe|1","|-boost|p1a: Snorlax|atk|1","|-boost|p1a: Snorlax|def|1","|","|-heal|p1a: Snorlax|251/524|[from] item: Leftovers","|turn|12","|","|move|p2a: Carracosta|Focus Blast|p1a: Snorlax|[miss]","|-miss|p2a: Carracosta|p1a: Snorlax","|move|p1a: Snorlax|Body Slam|p2a: Carracosta","|-resisted|p2a: Carracosta","|-damage|p2a: Carracosta|9/351","|","|-heal|p1a: Snorlax|283/524|[from] item: Leftovers","|turn|13","|","|move|p2a: Carracosta|Focus Blast|p1a: Snorlax","|-supereffective|p1a: Snorlax","|-damage|p1a: Snorlax|41/524","|move|p1a: Snorlax|Rest|p1a: Snorlax","|-status|p1a: Snorlax|slp","|-heal|p1a: Snorlax|524/524 slp|[silent]","|-status|p1a: Snorlax|slp|[from] move: Rest","|","|turn|14","|","|move|p2a: Carracosta|Focus Blast|p1a: Snorlax","|-supereffective|p1a: Snorlax","|-damage|p1a: Snorlax|302/524 slp","|cant|p1a: Snorlax|slp","|","|-heal|p1a: Snorlax|334/524 slp|[from] item: Leftovers","|turn|15","|","|move|p2a: Carracosta|Focus Blast|p1a: Snorlax","|-supereffective|p1a: Snorlax","|-damage|p1a: Snorlax|106/524 slp","|cant|p1a: Snorlax|slp","|move|p1a: Snorlax|Sleep Talk|p1a: Snorlax","|move|p1a: Snorlax|Body Slam|p2a: Carracosta|[from]Sleep Talk","|-resisted|p2a: Carracosta","|-damage|p2a: Carracosta|0 fnt","|faint|p2a: Carracosta","|","|-heal|p1a: Snorlax|138/524 slp|[from] item: Leftovers","|","|switch|p2a: Diancie|Diancie-Mega|241/241","|turn|16","|","|move|p2a: Diancie|Moonblast|p1a: Snorlax","|-damage|p1a: Snorlax|14/524 slp","|-unboost|p1a: Snorlax|spa|1","|-curestatus|p1a: Snorlax|slp","|move|p1a: Snorlax|Rest|p1a: Snorlax","|-status|p1a: Snorlax|slp","|-heal|p1a: Snorlax|524/524 slp|[silent]","|-status|p1a: Snorlax|slp|[from] move: Rest","|","|turn|17","|","|move|p2a: Diancie|Moonblast|p1a: Snorlax","|-damage|p1a: Snorlax|400/524 slp","|cant|p1a: Snorlax|slp","|move|p1a: Snorlax|Sleep Talk|p1a: Snorlax","|move|p1a: Snorlax|Curse|p1a: Snorlax|[from]Sleep Talk","|-unboost|p1a: Snorlax|spe|1","|-boost|p1a: Snorlax|atk|1","|-boost|p1a: Snorlax|def|1","|","|-heal|p1a: Snorlax|432/524 slp|[from] item: Leftovers","|turn|18","|","|move|p2a: Diancie|Moonblast|p1a: Snorlax","|-damage|p1a: Snorlax|309/524 slp","|cant|p1a: Snorlax|slp","|move|p1a: Snorlax|Sleep Talk|p1a: Snorlax","|move|p1a: Snorlax|Curse|p1a: Snorlax|[from]Sleep Talk","|-unboost|p1a: Snorlax|spe|1","|-boost|p1a: Snorlax|atk|1","|-boost|p1a: Snorlax|def|1","|","|-heal|p1a: Snorlax|341/524 slp|[from] item: Leftovers","|turn|19","|","|move|p2a: Diancie|Moonblast|p1a: Snorlax","|-damage|p1a: Snorlax|196/524 slp","|-unboost|p1a: Snorlax|spa|1","|-curestatus|p1a: Snorlax|slp","|move|p1a: Snorlax|Curse|p1a: Snorlax","|-boost|p1a: Snorlax|atk|1","|-boost|p1a: Snorlax|def|1","|","|-heal|p1a: Snorlax|228/524|[from] item: Leftovers","|turn|20","|","|move|p2a: Diancie|Moonblast|p1a: Snorlax","|-damage|p1a: Snorlax|89/524","|move|p1a: Snorlax|Rest|p1a: Snorlax","|-status|p1a: Snorlax|slp","|-heal|p1a: Snorlax|524/524 slp|[silent]","|-status|p1a: Snorlax|slp|[from] move: Rest","|","|turn|21","|","|switch|p2a: Aerodactyl|Aerodactyl, M|301/301","|-ability|p2a: Aerodactyl|Pressure","|cant|p1a: Snorlax|slp","|move|p1a: Snorlax|Sleep Talk|p1a: Snorlax","|move|p1a: Snorlax|Rest|p1a: Snorlax|[from]Sleep Talk","|-fail|p1a: Snorlax","|","|turn|22","|","|move|p2a: Aerodactyl|Stone Edge|p1a: Snorlax","|-damage|p1a: Snorlax|454/524 slp","|-damage|p2a: Aerodactyl|271/301|[from] item: Life Orb","|cant|p1a: Snorlax|slp","|move|p1a: Snorlax|Sleep Talk|p1a: Snorlax","|move|p1a: Snorlax|Body Slam|p2a: Aerodactyl|[from]Sleep Talk","|-resisted|p2a: Aerodactyl","|-damage|p2a: Aerodactyl|0 fnt","|faint|p2a: Aerodactyl","|","|-heal|p1a: Snorlax|486/524 slp|[from] item: Leftovers","|","|win|Lazulite Leavanny"],"p1rating":{"entryid":"7549999","serverid":"eos","formatid":"monotype","userid":"lazuliteleavanny","username":"Lazulite Leavanny","w":4,"l":"3","t":"0","gxe":54.4,"r":"1551.195063629","rd":"122.13325259017","sigma":"0","rptime":"1439283600","rpr":1534.5205328696,"rprd":95.544110106578,"rpsigma":"0","acre":1091.7255259205,"lacre":1091.7255259205,"oldacre":"1059.6094497905"},"p2rating":{"entryid":"7558745","serverid":"eos","formatid":"monotype","userid":"rainhoot","username":"Rain Hoot","w":"2","l":3,"t":"0","gxe":47.4,"r":"1500","rd":"130","sigma":"0","rptime":"1439283600","rpr":1479.7865081591,"rprd":101.77206890932,"rpsigma":"0","acre":1050.0217245975,"lacre":1050.0217245975,"oldacre":"1071.4436339399"},"endType":"forfeit"}