{"seed":[14574,41361,32464,59868],"turns":29,"p1":"Freelancer Photon","p2":"Tahit","p1team":[{"name":"Sceptile","species":"Sceptile","item":"choiceband","ability":"Unburden","moves":["leafblade","drainpunch","outrage","rockslide"],"nature":"Jolly","evs":{"hp":0,"atk":252,"def":0,"spa":0,"spd":4,"spe":252},"ivs":{"hp":31,"atk":31,"def":31,"spa":31,"spd":31,"spe":31}},{"name":"Venusaur","species":"Venusaur","item":"venusaurite","ability":"Overgrow","moves":["curse","synthesis","earthquake","petalblizzard"],"nature":"Adamant","evs":{"hp":248,"atk":252,"def":0,"spa":0,"spd":8,"spe":0},"ivs":{"hp":31,"atk":31,"def":31,"spa":31,"spd":31,"spe":31}},{"name":"Ludicolo","species":"Ludicolo","item":"choicespecs","ability":"Own Tempo","moves":["energyball","hiddenpowerfire","surf","icebeam"],"nature":"Modest","evs":{"hp":0,"atk":0,"def":0,"spa":252,"spd":4,"spe":252},"ivs":{"hp":31,"atk":30,"def":31,"spa":30,"spd":31,"spe":30}},{"name":"Ferrothorn","species":"Ferrothorn","item":"rockyhelmet","ability":"Iron Barbs","moves":["leechseed","stealthrock","thunderwave","gyroball"],"nature":"Impish","evs":{"hp":248,"atk":8,"def":252,"spa":0,"spd":0,"spe":0},"ivs":{"hp":31,"atk":31,"def":31,"spa":31,"spd":31,"spe":0}},{"name":"Celebi","species":"Celebi","item":"lifeorb","ability":"Natural Cure","moves":["stealthrock","psychic","earthpower","gigadrain"],"nature":"Timid","evs":{"hp":0,"atk":0,"def":0,"spa":252,"spd":4,"spe":252},"ivs":{"hp":31,"atk":31,"def":31,"spa":31,"spd":31,"spe":31}},{"name":"Serperior","species":"Serperior","item":"lifeorb","ability":"Contrary","moves":["leafstorm","glare","taunt","dragonpulse"],"nature":"Timid","evs":{"hp":0,"atk":0,"def":0,"spa":252,"spd":4,"spe":252},"ivs":{"hp":31,"atk":30,"def":31,"spa":30,"spd":31,"spe":30}}],"p2team":[{"name":"Skarmory","species":"Skarmory","item":"rockyhelmet","ability":"Sturdy","moves":["roost","stealthrock","bravebird","defog"],"nature":"Careful","evs":{"hp":4,"atk":0,"def":252,"spa":0,"spd":252,"spe":0},"ivs":{"hp":31,"atk":31,"def":31,"spa":31,"spd":31,"spe":31}},{"name":"Excadrill","species":"Excadrill","item":"airballoon","ability":"Mold Breaker","moves":["earthquake","ironhead","rockslide","rapidspin"],"nature":"Adamant","evs":{"hp":0,"atk":252,"def":4,"spa":0,"spd":0,"spe":252},"gender":"M","ivs":{"hp":29,"atk":31,"def":31,"spa":31,"spd":31,"spe":31}},{"name":"Heatran","species":"Heatran","item":"leftovers","ability":"Flash Fire","moves":["stealthrock","lavaplume","toxic","protect"],"nature":"Calm","evs":{"hp":252,"atk":0,"def":4,"spa":0,"spd":252,"spe":0},"ivs":{"hp":31,"atk":31,"def":31,"spa":31,"spd":31,"spe":31}},{"name":"Ferrothorn","species":"Ferrothorn","item":"rockyhelmet","ability":"Iron Barbs","moves":["leechseed","stealthrock","thunderwave","gyroball"],"nature":"Relaxed","evs":{"hp":252,"atk":0,"def":4,"spa":0,"spd":252,"spe":0},"ivs":{"hp":31,"atk":31,"def":31,"spa":31,"spd":31,"spe":0}},{"name":"Aggron","species":"Aggron","item":"aggronite","ability":"Sturdy","moves":["confide","facade","stoneedge","heavyslam"],"nature":"Careful","evs":{"hp":252,"atk":0,"def":4,"spa":0,"spd":252,"spe":0},"ivs":{"hp":31,"atk":31,"def":31,"spa":31,"spd":31,"spe":31}},{"name":"Jirachi","species":"Jirachi","item":"leftovers","ability":"Serene Grace","moves":["ancientpower","ironhead","zenheadbutt","bodyslam"],"nature":"Relaxed","evs":{"hp":252,"atk":0,"def":124,"spa":0,"spd":132,"spe":0},"ivs":{"hp":31,"atk":31,"def":31,"spa":31,"spd":31,"spe":31}}],"log":["|player|p1|Freelancer Photon|66","|player|p2|Tahit|169","|gametype|singles","|gen|6","|tier|Monotype","|rated","|rule|Baton Pass Clause: Limit one Baton Passer, can't pass Spe and other stats simultaneously","|rule|Swagger Clause: Swagger is banned","|rule|Same Type Clause: Pokémon in a team must share a type","|clearpoke","|poke|p1|Sceptile, F","|poke|p1|Venusaur, M","|poke|p1|Ludicolo, F","|poke|p1|Ferrothorn, F","|poke|p1|Celebi","|poke|p1|Serperior, F","|poke|p2|Skarmory, F","|poke|p2|Excadrill, M","|poke|p2|Heatran, F","|poke|p2|Ferrothorn, F","|poke|p2|Aggron, M","|poke|p2|Jirachi","|rule|Sleep Clause Mod: Limit one foe put to sleep","|rule|Species Clause: Limit one of each Pokémon","|rule|OHKO Clause: OHKO moves are banned","|rule|Moody Clause: Moody is banned","|rule|Evasion Moves Clause: Evasion moves are banned","|rule|Endless Battle Clause: Forcing endless battles is banned","|rule|HP Percentage Mod: HP is shown in percentages","|teampreview","|","|start","|switch|p1a: Celebi|Celebi|341/341","|switch|p2a: Ferrothorn|Ferrothorn, F|352/352","|turn|1","|","|move|p1a: Celebi|Stealth Rock|p2a: Ferrothorn","|-sidestart|p2: Tahit|move: Stealth Rock","|move|p2a: Ferrothorn|Thunder Wave|p1a: Celebi","|-status|p1a: Celebi|par","|","|turn|2","|","|switch|p1a: Ludicolo|Ludicolo, F|301/301","|move|p2a: Ferrothorn|Stealth Rock|p1a: Ludicolo","|-sidestart|p1: Freelancer Photon|move: Stealth Rock","|","|turn|3","|","|move|p1a: Ludicolo|Hidden Power|p2a: Ferrothorn","|-supereffective|p2a: Ferrothorn","|-damage|p2a: Ferrothorn|100/352","|move|p2a: Ferrothorn|Thunder Wave|p1a: Ludicolo","|-status|p1a: Ludicolo|par","|","|turn|4","|","|move|p1a: Ludicolo|Hidden Power|p2a: Ferrothorn","|-supereffective|p2a: Ferrothorn","|-damage|p2a: Ferrothorn|0 fnt","|faint|p2a: Ferrothorn","|","|","|switch|p2a: Heatran|Heatran, F|386/386","|-damage|p2a: Heatran|338/386|[from] Stealth Rock","|turn|5","|","|switch|p1a: Ferrothorn|Ferrothorn, F|351/351","|-damage|p1a: Ferrothorn|330/351|[from] Stealth Rock","|move|p2a: Heatran|Toxic|p1a: Ferrothorn|[miss]","|-miss|p2a: Heatran|p1a: Ferrothorn","|","|-heal|p2a: Heatran|362/386|[from] item: Leftovers","|turn|6","|","|move|p2a: Heatran|Lava Plume|p1a: Ferrothorn","|-supereffective|p1a: Ferrothorn","|-damage|p1a: Ferrothorn|0 fnt","|faint|p1a: Ferrothorn","|","|-heal|p2a: Heatran|386/386|[from] item: Leftovers","|","|switch|p1a: Venusaur|Venusaur, M|363/363","|-damage|p1a: Venusaur|318/363|[from] Stealth Rock","|turn|7","|","|detailschange|p1a: Venusaur|Venusaur-Mega, M","|-mega|p1a: Venusaur|Venusaur|Venusaurite","|move|p2a: Heatran|Protect|p2a: Heatran","|-singleturn|p2a: Heatran|Protect","|move|p1a: Venusaur|Earthquake|p2a: Heatran","|-activate|p2a: Heatran|Protect","|","|turn|8","|","|switch|p1a: Celebi|Celebi|341/341","|-damage|p1a: Celebi|299/341|[from] Stealth Rock","|move|p2a: Heatran|Lava Plume|p1a: Celebi","|-supereffective|p1a: Celebi","|-damage|p1a: Celebi|57/341","|","|turn|9","|","|move|p1a: Celebi|Earth Power|p2a: Heatran","|-supereffective|p2a: Heatran","|-damage|p2a: Heatran|48/386","|-damage|p1a: Celebi|23/341|[from] item: Life Orb","|move|p2a: Heatran|Lava Plume|p1a: Celebi","|-supereffective|p1a: Celebi","|-damage|p1a: Celebi|0 fnt","|faint|p1a: Celebi","|","|-heal|p2a: Heatran|72/386|[from] item: Leftovers","|","|switch|p1a: Serperior|Serperior, F|291/291","|-damage|p1a: Serperior|255/291|[from] Stealth Rock","|turn|10","|","|move|p2a: Heatran|Protect|p2a: Heatran","|-singleturn|p2a: Heatran|Protect","|move|p1a: Serperior|Leaf Storm|p2a: Heatran","|-activate|p2a: Heatran|Protect","|","|-heal|p2a: Heatran|96/386|[from] item: Leftovers","|turn|11","|","|move|p1a: Serperior|Glare|p2a: Heatran","|-status|p2a: Heatran|par","|move|p2a: Heatran|Lava Plume|p1a: Serperior","|-supereffective|p1a: Serperior","|-damage|p1a: Serperior|19/291","|-status|p1a: Serperior|brn","|","|-heal|p2a: Heatran|120/386 par|[from] item: Leftovers","|-damage|p1a: Serperior|0 fnt|[from] brn","|faint|p1a: Serperior","|","|switch|p1a: Sceptile|Sceptile, F|281/281","|-damage|p1a: Sceptile|246/281|[from] Stealth Rock","|turn|12","|","|move|p2a: Heatran|Protect|p2a: Heatran","|-singleturn|p2a: Heatran|Protect","|move|p1a: Sceptile|Drain Punch|p2a: Heatran","|-activate|p2a: Heatran|Protect","|","|-heal|p2a: Heatran|144/386 par|[from] item: Leftovers","|turn|13","|","|move|p1a: Sceptile|Drain Punch|p2a: Heatran","|-supereffective|p2a: Heatran","|-damage|p2a: Heatran|0 fnt","|-heal|p1a: Sceptile|281/281|[from] drain|[of] p2a: Heatran","|faint|p2a: Heatran","|","|","|switch|p2a: Skarmory|Skarmory, F|272/272","|-damage|p2a: Skarmory|238/272|[from] Stealth Rock","|turn|14","|","|move|p1a: Sceptile|Drain Punch|p2a: Skarmory","|-damage|p2a: Skarmory|171/272","|-damage|p1a: Sceptile|235/281|[from] item: Rocky Helmet|[of] p2a: Skarmory","|move|p2a: Skarmory|Roost|p2a: Skarmory","|-heal|p2a: Skarmory|272/272","|","|turn|15","|","|move|p1a: Sceptile|Drain Punch|p2a: Skarmory","|-damage|p2a: Skarmory|213/272","|-heal|p1a: Sceptile|265/281|[from] drain|[of] p2a: Skarmory","|-damage|p1a: Sceptile|219/281|[from] item: Rocky Helmet|[of] p2a: Skarmory","|move|p2a: Skarmory|Brave Bird|p1a: Sceptile","|-supereffective|p1a: Sceptile","|-damage|p1a: Sceptile|0 fnt","|-damage|p2a: Skarmory|141/272|[from] recoil|[of] p1a: Sceptile","|faint|p1a: Sceptile","|","|","|switch|p1a: Ludicolo|Ludicolo, F|301/301 par","|-damage|p1a: Ludicolo|264/301 par|[from] Stealth Rock","|turn|16","|","|move|p2a: Skarmory|Roost|p2a: Skarmory","|-heal|p2a: Skarmory|272/272","|move|p1a: Ludicolo|Surf|p2a: Skarmory","|-damage|p2a: Skarmory|101/272","|","|turn|17","|","|move|p2a: Skarmory|Brave Bird|p1a: Ludicolo","|-supereffective|p1a: Ludicolo","|-damage|p1a: Ludicolo|0 fnt","|-damage|p2a: Skarmory|14/272|[from] recoil|[of] p1a: Ludicolo","|faint|p1a: Ludicolo","|","|","|switch|p1a: Venusaur|Venusaur-Mega, M|318/363","|-damage|p1a: Venusaur|273/363|[from] Stealth Rock","|turn|18","|","|move|p1a: Venusaur|Petal Blizzard|p2a: Skarmory","|-resisted|p2a: Skarmory","|-damage|p2a: Skarmory|0 fnt","|faint|p2a: Skarmory","|","|","|switch|p2a: Aggron|Aggron, M|344/344","|-damage|p2a: Aggron|323/344|[from] Stealth Rock","|turn|19","|","|detailschange|p2a: Aggron|Aggron-Mega, M","|-mega|p2a: Aggron|Aggron|Aggronite","|move|p1a: Venusaur|Curse|p1a: Venusaur","|-unboost|p1a: Venusaur|spe|1","|-boost|p1a: Venusaur|atk|1","|-boost|p1a: Venusaur|def|1","|move|p2a: Aggron|Confide|p1a: Venusaur","|-unboost|p1a: Venusaur|spa|1","|","|turn|20","|","|move|p2a: Aggron|Heavy Slam|p1a: Venusaur","|-damage|p1a: Venusaur|216/363","|move|p1a: Venusaur|Curse|p1a: Venusaur","|-unboost|p1a: Venusaur|spe|1","|-boost|p1a: Venusaur|atk|1","|-boost|p1a: Venusaur|def|1","|","|turn|21","|","|move|p2a: Aggron|Stone Edge|p1a: Venusaur|[miss]","|-miss|p2a: Aggron|p1a: Venusaur","|move|p1a: Venusaur|Curse|p1a: Venusaur","|-unboost|p1a: Venusaur|spe|1","|-boost|p1a: Venusaur|atk|1","|-boost|p1a: Venusaur|def|1","|","|turn|22","|","|move|p2a: Aggron|Confide|p1a: Venusaur","|-unboost|p1a: Venusaur|spa|1","|move|p1a: Venusaur|Curse|p1a: Venusaur","|-unboost|p1a: Venusaur|spe|1","|-boost|p1a: Venusaur|atk|1","|-boost|p1a: Venusaur|def|1","|","|turn|23","|","|move|p2a: Aggron|Stone Edge|p1a: Venusaur|[miss]","|-miss|p2a: Aggron|p1a: Venusaur","|move|p1a: Venusaur|Curse|p1a: Venusaur","|-unboost|p1a: Venusaur|spe|1","|-boost|p1a: Venusaur|atk|1","|-boost|p1a: Venusaur|def|1","|","|turn|24","|","|move|p2a: Aggron|Stone Edge|p1a: Venusaur","|-damage|p1a: Venusaur|190/363","|move|p1a: Venusaur|Synthesis|p1a: Venusaur","|-heal|p1a: Venusaur|363/363","|","|turn|25","|","|move|p2a: Aggron|Confide|p1a: Venusaur","|-unboost|p1a: Venusaur|spa|1","|move|p1a: Venusaur|Earthquake|p2a: Aggron","|-supereffective|p2a: Aggron","|-damage|p2a: Aggron|32/344","|","|turn|26","|","|move|p2a: Aggron|Heavy Slam|p1a: Venusaur","|-damage|p1a: Venusaur|341/363","|move|p1a: Venusaur|Earthquake|p2a: Aggron","|-supereffective|p2a: Aggron","|-damage|p2a: Aggron|0 fnt","|faint|p2a: Aggron","|","|","|switch|p2a: Excadrill|Excadrill, M|359/359","|-damage|p2a: Excadrill|348/359|[from] Stealth Rock","|-ability|p2a: Excadrill|Mold Breaker","|-item|p2a: Excadrill|Air Balloon","|turn|27","|","|move|p2a: Excadrill|Iron Head|p1a: Venusaur","|-crit|p1a: Venusaur","|-damage|p1a: Venusaur|148/363","|move|p1a: Venusaur|Petal Blizzard|p2a: Excadrill","|-damage|p2a: Excadrill|0 fnt","|-enditem|p2a: Excadrill|Air Balloon","|faint|p2a: Excadrill","|","|","|switch|p2a: Jirachi|Jirachi|404/404","|-damage|p2a: Jirachi|379/404|[from] Stealth Rock","|turn|28","|","|move|p2a: Jirachi|Iron Head|p1a: Venusaur","|-damage|p1a: Venusaur|124/363","|move|p1a: Venusaur|Synthesis|p1a: Venusaur","|-heal|p1a: Venusaur|305/363","|","|-heal|p2a: Jirachi|404/404|[from] item: Leftovers","|turn|29","|","|move|p2a: Jirachi|Body Slam|p1a: Venusaur","|-damage|p1a: Venusaur|288/363","|-status|p1a: Venusaur|par","|move|p1a: Venusaur|Earthquake|p2a: Jirachi","|-supereffective|p2a: Jirachi","|-damage|p2a: Jirachi|0 fnt","|faint|p2a: Jirachi","|","|win|Freelancer Photon"],"p1rating":{"entryid":"7529200","serverid":"eos","formatid":"monotype","userid":"freelancerphoton","username":"Freelancer Photon","w":13,"l":"6","t":"0","gxe":61.2,"r":"1582.9756651783","rd":"76.453645691392","sigma":"0","rptime":"1439283600","rpr":1587.8187125757,"rprd":72.297517508178,"rpsigma":"0","acre":1144.1062876281,"lacre":1144.1062876281,"oldacre":"1127.9160830823"},"p2rating":{"entryid":7556594,"formatid":"monotype","userid":"tahit","username":"Tahit","r":1500,"rd":130,"sigma":0,"rpr":1467.5722835831,"rprd":122.54638364804,"rpsigma":0,"rptime":1439283600,"w":0,"l":1,"t":0,"gxe":45.9,"acre":1000,"lacre":1000,"oldacre":1000},"endType":"normal"}