{"seed":[46904,14948,3834,4866],"turns":30,"p1":"Seven Swell","p2":"SL~Kingdra","p1team":[{"name":"Mew","species":"Mew","item":"leftovers","ability":"Synchronize","moves":["roost","toxic","healbell","aurasphere"],"nature":"Calm","evs":{"hp":252,"atk":0,"def":0,"spa":4,"spd":252,"spe":0},"ivs":{"hp":31,"atk":31,"def":31,"spa":31,"spd":31,"spe":31}},{"name":"Slowbro","species":"Slowbro","item":"rockyhelmet","ability":"Regenerator","moves":["scald","yawn","flamethrower","slackoff"],"nature":"Bold","evs":{"hp":252,"atk":0,"def":252,"spa":4,"spd":0,"spe":0},"ivs":{"hp":31,"atk":31,"def":31,"spa":31,"spd":31,"spe":31}},{"name":"Deoxys-Speed","species":"Deoxys-Speed","item":"focussash","ability":"Pressure","moves":["stealthrock","thunderbolt","thunderwave","icebeam"],"nature":"Timid","evs":{"hp":252,"atk":0,"def":0,"spa":44,"spd":0,"spe":212},"ivs":{"hp":31,"atk":31,"def":31,"spa":31,"spd":31,"spe":31}},{"name":"Gardevoir","species":"Gardevoir","item":"gardevoirite","ability":"Trace","moves":["hypervoice","psyshock","destinybond","thunderbolt"],"nature":"Timid","evs":{"hp":0,"atk":0,"def":4,"spa":252,"spd":0,"spe":252},"ivs":{"hp":31,"atk":0,"def":31,"spa":31,"spd":31,"spe":31}},{"name":"Latias","species":"Latias","item":"leftovers","ability":"Levitate","moves":["dracometeor","psyshock","roost","defog"],"nature":"Timid","evs":{"hp":252,"atk":0,"def":0,"spa":4,"spd":0,"spe":252},"ivs":{"hp":31,"atk":31,"def":31,"spa":31,"spd":31,"spe":31}},{"name":"Hoopa-Unbound","species":"Hoopa-Unbound","item":"focussash","ability":"Magician","moves":["hyperspacefury","drainpunch","firepunch","gunkshot"],"nature":"Adamant","evs":{"hp":0,"atk":252,"def":0,"spa":0,"spd":4,"spe":252},"ivs":{"hp":31,"atk":31,"def":31,"spa":31,"spd":31,"spe":31}}],"p2team":[{"name":"Smegle","species":"smeargle","item":"focussash","ability":"Own Tempo","moves":["spore","stickyweb","stealthrock","transform"],"nature":"Timid","evs":{"hp":252,"atk":0,"def":4,"spa":0,"spd":0,"spe":252},"ivs":{"hp":31,"atk":31,"def":31,"spa":31,"spd":31,"spe":31}},{"name":"Pun Pun","species":"lopunny","item":"lopunnite","ability":"Limber","moves":["fakeout","icepunch","highjumpkick","return"],"nature":"Jolly","evs":{"hp":4,"atk":252,"def":0,"spa":0,"spd":0,"spe":252},"ivs":{"hp":31,"atk":31,"def":31,"spa":31,"spd":31,"spe":31}},{"name":"Mel-B","species":"meloetta","item":"leftovers","ability":"Serene Grace","moves":["psychic","shadowball","hypervoice","calmmind"],"nature":"Calm","evs":{"hp":252,"atk":0,"def":0,"spa":4,"spd":252,"spe":0},"ivs":{"hp":31,"atk":31,"def":30,"spa":30,"spd":30,"spe":31}},{"name":"Demolition","species":"diggersby","item":"lifeorb","ability":"Huge Power","moves":["earthquake","quickattack","return","firepunch"],"nature":"Adamant","evs":{"hp":4,"atk":252,"def":0,"spa":0,"spd":0,"spe":252},"ivs":{"hp":31,"atk":31,"def":31,"spa":31,"spd":31,"spe":31}},{"name":"Cute Blob","species":"ditto","item":"choicescarf","ability":"Imposter","moves":["transform"],"nature":"Timid","evs":{"hp":252,"atk":0,"def":4,"spa":0,"spd":0,"spe":252},"ivs":{"hp":31,"atk":31,"def":31,"spa":31,"spd":31,"spe":31}},{"name":"Corey","species":"porygonz","item":"focussash","ability":"Adaptability","moves":["triattack","icebeam","hiddenpowerfire","nastyplot"],"nature":"Timid","evs":{"hp":4,"atk":0,"def":0,"spa":0,"spd":0,"spe":252},"ivs":{"hp":31,"atk":30,"def":31,"spa":30,"spd":31,"spe":30}}],"log":["|player|p1|Seven Swell|sevenswell.png","|player|p2|SL~Kingdra|99","|gametype|singles","|gen|6","|tier|Monotype","|rated","|rule|Baton Pass Clause: Limit one Baton Passer, can't pass Spe and other stats simultaneously","|rule|Swagger Clause: Swagger is banned","|rule|Same Type Clause: Pokémon in a team must share a type","|clearpoke","|poke|p1|Mew","|poke|p1|Slowbro, F","|poke|p1|Deoxys-Speed","|poke|p1|Gardevoir, M","|poke|p1|Latias, F","|poke|p1|Hoopa-Unbound","|poke|p2|Smeargle, M","|poke|p2|Lopunny, M","|poke|p2|Meloetta","|poke|p2|Diggersby, F","|poke|p2|Ditto","|poke|p2|Porygon-Z","|rule|Sleep Clause Mod: Limit one foe put to sleep","|rule|Species Clause: Limit one of each Pokémon","|rule|OHKO Clause: OHKO moves are banned","|rule|Moody Clause: Moody is banned","|rule|Evasion Moves Clause: Evasion moves are banned","|rule|Endless Battle Clause: Forcing endless battles is banned","|rule|HP Percentage Mod: HP is shown in percentages","|teampreview","|","|start","|switch|p1a: Gardevoir|Gardevoir, M|277/277","|switch|p2a: Mel-B|Meloetta|404/404","|-ability|p1a: Gardevoir|Serene Grace|[from] ability: Trace|[of] p2a: Mel-B","|turn|1","|","|detailschange|p1a: Gardevoir|Gardevoir-Mega, M","|-mega|p1a: Gardevoir|Gardevoir|Gardevoirite","|move|p1a: Gardevoir|Hyper Voice|p2a: Mel-B","|-damage|p2a: Mel-B|239/404","|move|p2a: Mel-B|Calm Mind|p2a: Mel-B","|-boost|p2a: Mel-B|spa|1","|-boost|p2a: Mel-B|spd|1","|","|-heal|p2a: Mel-B|264/404|[from] item: Leftovers","|turn|2","|","|move|p1a: Gardevoir|Hyper Voice|p2a: Mel-B","|-damage|p2a: Mel-B|165/404","|move|p2a: Mel-B|Shadow Ball|p1a: Gardevoir","|-supereffective|p1a: Gardevoir","|-damage|p1a: Gardevoir|89/277","|","|-heal|p2a: Mel-B|190/404|[from] item: Leftovers","|turn|3","|","|move|p1a: Gardevoir|Destiny Bond|p1a: Gardevoir","|-singlemove|p1a: Gardevoir|Destiny Bond","|move|p2a: Mel-B|Calm Mind|p2a: Mel-B","|-boost|p2a: Mel-B|spa|1","|-boost|p2a: Mel-B|spd|1","|","|-heal|p2a: Mel-B|215/404|[from] item: Leftovers","|turn|4","|","|move|p1a: Gardevoir|Psyshock|p2a: Mel-B","|-resisted|p2a: Mel-B","|-damage|p2a: Mel-B|110/404","|move|p2a: Mel-B|Calm Mind|p2a: Mel-B","|-boost|p2a: Mel-B|spa|1","|-boost|p2a: Mel-B|spd|1","|","|-heal|p2a: Mel-B|135/404|[from] item: Leftovers","|turn|5","|","|move|p1a: Gardevoir|Destiny Bond|p1a: Gardevoir","|-singlemove|p1a: Gardevoir|Destiny Bond","|move|p2a: Mel-B|Calm Mind|p2a: Mel-B","|-boost|p2a: Mel-B|spa|1","|-boost|p2a: Mel-B|spd|1","|","|-heal|p2a: Mel-B|160/404|[from] item: Leftovers","|turn|6","|","|move|p1a: Gardevoir|Psyshock|p2a: Mel-B","|-resisted|p2a: Mel-B","|-damage|p2a: Mel-B|61/404","|move|p2a: Mel-B|Shadow Ball|p1a: Gardevoir","|-supereffective|p1a: Gardevoir","|-damage|p1a: Gardevoir|0 fnt","|faint|p1a: Gardevoir","|","|-heal|p2a: Mel-B|86/404|[from] item: Leftovers","|","|switch|p1a: Hoopa-Unbound|Hoopa-Unbound|301/301","|turn|7","|","|move|p1a: Hoopa-Unbound|Hyperspace Fury|p2a: Mel-B","|-supereffective|p2a: Mel-B","|-damage|p2a: Mel-B|0 fnt","|-unboost|p1a: Hoopa-Unbound|def|1","|faint|p2a: Mel-B","|","|","|switch|p2a: Pun Pun|Lopunny, M|272/272","|turn|8","|","|switch|p1a: Slowbro|Slowbro, F|394/394","|detailschange|p2a: Pun Pun|Lopunny-Mega, M","|-mega|p2a: Pun Pun|Lopunny|Lopunnite","|move|p2a: Pun Pun|Fake Out|p1a: Slowbro","|-crit|p1a: Slowbro","|-damage|p1a: Slowbro|319/394","|-damage|p2a: Pun Pun|227/272|[from] item: Rocky Helmet|[of] p1a: Slowbro","|","|turn|9","|","|switch|p2a: Smegle|Smeargle, M|314/314","|move|p1a: Slowbro|Scald|p2a: Smegle","|-damage|p2a: Smegle|146/314","|","|turn|10","|","|move|p2a: Smegle|Sticky Web|p1a: Slowbro","|-sidestart|p1: Seven Swell|move: Sticky Web","|move|p1a: Slowbro|Scald|p2a: Smegle","|-damage|p2a: Smegle|0 fnt","|faint|p2a: Smegle","|","|","|switch|p2a: Corey|Porygon-Z|312/312","|turn|11","|","|switch|p1a: Mew|Mew|404/404","|-activate|p1a: Mew|move: Sticky Web","|-unboost|p1a: Mew|spe|1","|move|p2a: Corey|Nasty Plot|p2a: Corey","|-boost|p2a: Corey|spa|2","|","|turn|12","|","|move|p2a: Corey|Tri Attack|p1a: Mew","|-damage|p1a: Mew|152/404","|-status|p1a: Mew|par","|-status|p2a: Corey|par","|cant|p1a: Mew|par","|","|-heal|p1a: Mew|177/404 par|[from] item: Leftovers","|turn|13","|","|cant|p2a: Corey|par","|cant|p1a: Mew|par","|","|-heal|p1a: Mew|202/404 par|[from] item: Leftovers","|turn|14","|","|move|p2a: Corey|Tri Attack|p1a: Mew","|-damage|p1a: Mew|0 fnt","|faint|p1a: Mew","|","|","|switch|p1a: Latias|Latias, F|364/364","|turn|15","|","|move|p1a: Latias|Defog|p2a: Corey","|-unboost|p2a: Corey|evasion|1","|-sideend|p1: Seven Swell|Sticky Web|[from] move: Defog|[of] p1a: Latias","|cant|p2a: Corey|par","|","|turn|16","|","|move|p1a: Latias|Draco Meteor|p2a: Corey","|-damage|p2a: Corey|105/312 par","|-unboost|p1a: Latias|spa|2","|move|p2a: Corey|Ice Beam|p1a: Latias","|-supereffective|p1a: Latias","|-damage|p1a: Latias|82/364","|","|-heal|p1a: Latias|104/364|[from] item: Leftovers","|turn|17","|","|move|p1a: Latias|Draco Meteor|p2a: Corey","|-damage|p2a: Corey|0 fnt","|-unboost|p1a: Latias|spa|2","|faint|p2a: Corey","|","|-heal|p1a: Latias|126/364|[from] item: Leftovers","|","|switch|p2a: Pun Pun|Lopunny-Mega, M|227/272","|turn|18","|","|switch|p1a: Slowbro|Slowbro, F|394/394","|move|p2a: Pun Pun|Return|p1a: Slowbro","|-damage|p1a: Slowbro|268/394","|-damage|p2a: Pun Pun|182/272|[from] item: Rocky Helmet|[of] p1a: Slowbro","|","|turn|19","|","|move|p2a: Pun Pun|Return|p1a: Slowbro","|-damage|p1a: Slowbro|130/394","|-damage|p2a: Pun Pun|137/272|[from] item: Rocky Helmet|[of] p1a: Slowbro","|move|p1a: Slowbro|Yawn|p2a: Pun Pun","|-start|p2a: Pun Pun|move: Yawn|[of] p1a: Slowbro","|","|turn|20","|","|switch|p1a: Deoxys-Speed|Deoxys-Speed|304/304","|-ability|p1a: Deoxys-Speed|Pressure","|move|p2a: Pun Pun|Return|p1a: Deoxys-Speed","|-damage|p1a: Deoxys-Speed|94/304","|","|-end|p2a: Pun Pun|move: Yawn|[silent]","|-status|p2a: Pun Pun|slp","|turn|21","|","|switch|p2a: Cute Blob|Ditto|300/300","|-transform|p2a: Cute Blob|p1a: Deoxys-Speed","|-ability|p2a: Cute Blob|Pressure","|move|p1a: Deoxys-Speed|Stealth Rock|p2a: Cute Blob","|-sidestart|p2: SL~Kingdra|move: Stealth Rock","|","|turn|22","|","|move|p2a: Cute Blob|Thunder Wave|p1a: Deoxys-Speed","|-status|p1a: Deoxys-Speed|par","|cant|p1a: Deoxys-Speed|par","|","|turn|23","|","|switch|p2a: Pun Pun|Lopunny-Mega, M|137/272 slp","|-damage|p2a: Pun Pun|120/272 slp|[from] Stealth Rock","|move|p1a: Deoxys-Speed|Ice Beam|p2a: Pun Pun","|-damage|p2a: Pun Pun|49/272 slp","|","|turn|24","|","|cant|p2a: Pun Pun|slp","|move|p1a: Deoxys-Speed|Ice Beam|p2a: Pun Pun","|-damage|p2a: Pun Pun|0 fnt","|faint|p2a: Pun Pun","|","|","|switch|p2a: Demolition|Diggersby, F|312/312","|-damage|p2a: Demolition|293/312|[from] Stealth Rock","|turn|25","|","|move|p2a: Demolition|Return|p1a: Deoxys-Speed","|-damage|p1a: Deoxys-Speed|0 fnt","|-damage|p2a: Demolition|262/312|[from] item: Life Orb","|faint|p1a: Deoxys-Speed","|","|","|switch|p1a: Latias|Latias, F|126/364","|turn|26","|","|move|p1a: Latias|Roost|p1a: Latias","|-heal|p1a: Latias|308/364","|move|p2a: Demolition|Return|p1a: Latias","|-damage|p1a: Latias|0 fnt","|-damage|p2a: Demolition|231/312|[from] item: Life Orb","|faint|p1a: Latias","|","|","|switch|p1a: Slowbro|Slowbro, F|261/394","|turn|27","|","|move|p2a: Demolition|Return|p1a: Slowbro","|-damage|p1a: Slowbro|47/394","|-damage|p2a: Demolition|179/312|[from] item: Rocky Helmet|[of] p1a: Slowbro","|-damage|p2a: Demolition|148/312|[from] item: Life Orb","|move|p1a: Slowbro|Slack Off|p1a: Slowbro","|-heal|p1a: Slowbro|244/394","|","|turn|28","|","|move|p2a: Demolition|Return|p1a: Slowbro","|-damage|p1a: Slowbro|40/394","|-damage|p2a: Demolition|96/312|[from] item: Rocky Helmet|[of] p1a: Slowbro","|-damage|p2a: Demolition|65/312|[from] item: Life Orb","|move|p1a: Slowbro|Scald|p2a: Demolition","|-supereffective|p2a: Demolition","|-damage|p2a: Demolition|0 fnt","|faint|p2a: Demolition","|","|","|switch|p2a: Cute Blob|Ditto|300/300","|-damage|p2a: Cute Blob|263/300|[from] Stealth Rock","|-transform|p2a: Cute Blob|p1a: Slowbro","|turn|29","|","|move|p2a: Cute Blob|Scald|p1a: Slowbro","|-resisted|p1a: Slowbro","|-damage|p1a: Slowbro|0 fnt","|faint|p1a: Slowbro","|","|","|switch|p1a: Hoopa-Unbound|Hoopa-Unbound|301/301","|turn|30","|","|move|p1a: Hoopa-Unbound|Hyperspace Fury|p2a: Cute Blob","|-supereffective|p2a: Cute Blob","|-damage|p2a: Cute Blob|0 fnt","|-unboost|p1a: Hoopa-Unbound|def|1","|faint|p2a: Cute Blob","|","|win|Seven Swell"],"p1rating":{"entryid":"7267988","serverid":"eos","formatid":"monotype","userid":"sevenswell","username":"Seven Swell","w":47,"l":"26","t":"0","gxe":66.3,"r":"1624.6245106123","rd":"42.988182834483","sigma":"0","rptime":"1439283600","rpr":1628.3261482401,"rprd":42.716762818824,"rpsigma":"0","acre":1337.1771356772,"lacre":1337.1771356772,"oldacre":"1324.6029172934"},"p2rating":{"entryid":"7548471","serverid":"eos","formatid":"monotype","userid":"slkingdra","username":"SL~Kingdra","w":"7","l":3,"t":"0","gxe":61.6,"r":"1529.4716422691","rd":"111.03844248626","sigma":"0","rptime":"1439283600","rpr":1591.3323676177,"rprd":86.596187422112,"rpsigma":"0","acre":1173.413938395,"lacre":1173.413938395,"oldacre":"1189.1317113747"},"endType":"normal"}