{"seed":[40498,517,21249,47857],"turns":60,"p1":"Intern Twizz🔴🔺🔴","p2":"GTX Lynxice","p1team":[{"name":"Magnezone","species":"Magnezone","item":"leftovers","ability":"Sturdy","moves":["flashcannon","thunderbolt","protect","hiddenpowerice"],"nature":"Modest","evs":{"hp":76,"atk":0,"def":180,"spa":252,"spd":0,"spe":0},"ivs":{"hp":31,"atk":30,"def":30,"spa":31,"spd":31,"spe":31}},{"name":"Zapdos","species":"Zapdos","item":"leftovers","ability":"Pressure","moves":["discharge","heatwave","toxic","roost"],"nature":"Bold","evs":{"hp":4,"atk":0,"def":252,"spa":56,"spd":196,"spe":0},"ivs":{"hp":31,"atk":31,"def":31,"spa":31,"spd":31,"spe":31}},{"name":"Ampharos","species":"Ampharos","item":"ampharosite","ability":"Static","moves":["cottonguard","rest","sleeptalk","dragonpulse"],"nature":"Bold","evs":{"hp":0,"atk":0,"def":252,"spa":136,"spd":120,"spe":0},"ivs":{"hp":31,"atk":31,"def":31,"spa":31,"spd":31,"spe":31}},{"name":"Raikou","species":"Raikou","item":"leftovers","ability":"Pressure","moves":["calmmind","substitute","thunderbolt","extrasensory"],"nature":"Timid","evs":{"hp":0,"atk":0,"def":0,"spa":252,"spd":4,"spe":252},"ivs":{"hp":31,"atk":31,"def":31,"spa":31,"spd":31,"spe":31}},{"name":"Rotom-Wash","species":"Rotom-Wash","item":"choicescarf","ability":"Levitate","moves":["voltswitch","hydropump","willowisp","trick"],"nature":"Timid","evs":{"hp":0,"atk":0,"def":0,"spa":252,"spd":4,"spe":252},"ivs":{"hp":31,"atk":31,"def":31,"spa":31,"spd":31,"spe":31}},{"name":"Condom","species":"eelektross","item":"assaultvest","ability":"Levitate","moves":["gigadrain","thunderbolt","drainpunch","knockoff"],"nature":"Quiet","evs":{"hp":3,"atk":136,"def":0,"spa":108,"spd":252,"spe":0},"ivs":{"hp":31,"atk":31,"def":31,"spa":31,"spd":31,"spe":31}}],"p2team":[{"name":"W5 Swampert","species":"swampert","item":"focussash","ability":"Torrent","moves":["protect","counter","mirrorcoat","waterfall"],"nature":"Jolly","evs":{"hp":0,"atk":252,"def":0,"spa":0,"spd":0,"spe":248},"ivs":{"hp":31,"atk":31,"def":31,"spa":31,"spd":31,"spe":31}},{"name":"W3 Cloyster","species":"cloyster","item":"focussash","ability":"Skill Link","moves":["rockblast","iciclespear","rapidspin","shellsmash"],"nature":"Naive","evs":{"hp":0,"atk":252,"def":0,"spa":0,"spd":0,"spe":252},"ivs":{"hp":31,"atk":31,"def":31,"spa":31,"spd":31,"spe":31}},{"name":"W4 Lapras","species":"lapras","item":"chestoberry","ability":"Shell Armor","moves":["whirlpool","freezedry","rest","thunderbolt"],"nature":"Timid","evs":{"hp":252,"atk":0,"def":40,"spa":0,"spd":0,"spe":216},"ivs":{"hp":31,"atk":31,"def":31,"spa":31,"spd":31,"spe":31}},{"name":"W1 Milotic","species":"milotic","item":"wacanberry","ability":"Marvel Scale","moves":["recover","hypnosis","surf","icebeam"],"nature":"Timid","evs":{"hp":252,"atk":0,"def":252,"spa":0,"spd":0,"spe":4},"ivs":{"hp":31,"atk":31,"def":31,"spa":31,"spd":31,"spe":31}},{"name":"W2 Lanturn","species":"lanturn","item":"leftovers","ability":"Volt Absorb","moves":["thunderbolt","toxic","healbell","scald"],"nature":"","evs":{"hp":252,"atk":0,"def":0,"spa":252,"spd":0,"spe":4},"ivs":{"hp":31,"atk":31,"def":31,"spa":31,"spd":31,"spe":31}},{"name":"W5 Azumarill","species":"azumarill","item":"leftovers","ability":"Sap Sipper","moves":["icepunch","waterfall","aquajet","playrough"],"nature":"Adamant","evs":{"hp":252,"atk":252,"def":0,"spa":0,"spd":0,"spe":0},"ivs":{"hp":31,"atk":31,"def":31,"spa":31,"spd":31,"spe":31}}],"log":["|player|p1|Intern Twizz🔴🔺🔴|122","|player|p2|GTX Lynxice|281","|gametype|singles","|gen|6","|tier|Monotype","|rated","|rule|Baton Pass Clause: Limit one Baton Passer, can't pass Spe and other stats simultaneously","|rule|Swagger Clause: Swagger is banned","|rule|Same Type Clause: Pokémon in a team must share a type","|clearpoke","|poke|p1|Magnezone","|poke|p1|Zapdos","|poke|p1|Ampharos, F","|poke|p1|Raikou","|poke|p1|Rotom-Wash","|poke|p1|Eelektross, F","|poke|p2|Swampert, F","|poke|p2|Cloyster, M","|poke|p2|Lapras, F","|poke|p2|Milotic, F","|poke|p2|Lanturn, F","|poke|p2|Azumarill, F","|rule|Sleep Clause Mod: Limit one foe put to sleep","|rule|Species Clause: Limit one of each Pokémon","|rule|OHKO Clause: OHKO moves are banned","|rule|Moody Clause: Moody is banned","|rule|Evasion Moves Clause: Evasion moves are banned","|rule|Endless Battle Clause: Forcing endless battles is banned","|rule|HP Percentage Mod: HP is shown in percentages","|teampreview","|","|start","|switch|p1a: Rotom-Wash|Rotom-Wash|241/241","|switch|p2a: W1 Milotic|Milotic, F|394/394","|turn|1","|","|move|p1a: Rotom-Wash|Trick|p2a: W1 Milotic","|-activate|p1a: Rotom-Wash|move: Trick|[of] p2a: W1 Milotic","|-item|p2a: W1 Milotic|Choice Scarf|[from] move: Trick","|-item|p1a: Rotom-Wash|Wacan Berry|[from] move: Trick","|move|p2a: W1 Milotic|Hypnosis|p1a: Rotom-Wash","|-status|p1a: Rotom-Wash|slp","|","|turn|2","|","|switch|p2a: W3 Cloyster|Cloyster, M|241/241","|switch|p1a: Condom|Eelektross, F|311/311","|","|turn|3","|","|move|p2a: W3 Cloyster|Shell Smash|p2a: W3 Cloyster","|-unboost|p2a: W3 Cloyster|def|1","|-unboost|p2a: W3 Cloyster|spd|1","|-boost|p2a: W3 Cloyster|atk|2","|-boost|p2a: W3 Cloyster|spa|2","|-boost|p2a: W3 Cloyster|spe|2","|move|p1a: Condom|Knock Off|p2a: W3 Cloyster","|-damage|p2a: W3 Cloyster|157/241","|-enditem|p2a: W3 Cloyster|Focus Sash|[from] move: Knock Off|[of] p1a: Condom","|","|turn|4","|","|move|p2a: W3 Cloyster|Rock Blast|p1a: Condom","|-damage|p1a: Condom|255/311","|-damage|p1a: Condom|198/311","|-damage|p1a: Condom|143/311","|-damage|p1a: Condom|89/311","|-damage|p1a: Condom|32/311","|-hitcount|p1a: Condom|5","|move|p1a: Condom|Drain Punch|p2a: W3 Cloyster","|-supereffective|p2a: W3 Cloyster","|-damage|p2a: W3 Cloyster|27/241","|-heal|p1a: Condom|97/311|[from] drain|[of] p2a: W3 Cloyster","|","|turn|5","|","|move|p2a: W3 Cloyster|Icicle Spear|p1a: Condom","|-damage|p1a: Condom|9/311","|-damage|p1a: Condom|0 fnt","|-hitcount|p1a: Condom|2","|faint|p1a: Condom","|","|","|switch|p1a: Magnezone|Magnezone|300/300","|turn|6","|","|switch|p2a: W2 Lanturn|Lanturn, F|454/454","|move|p1a: Magnezone|Flash Cannon|p2a: W2 Lanturn","|-resisted|p2a: W2 Lanturn","|-damage|p2a: W2 Lanturn|409/454","|","|-heal|p2a: W2 Lanturn|437/454|[from] item: Leftovers","|turn|7","|","|switch|p1a: Raikou|Raikou|321/321","|-ability|p1a: Raikou|Pressure","|move|p2a: W2 Lanturn|Scald|p1a: Raikou","|-damage|p1a: Raikou|228/321","|-status|p1a: Raikou|brn","|","|-heal|p1a: Raikou|248/321 brn|[from] item: Leftovers","|-heal|p2a: W2 Lanturn|454/454|[from] item: Leftovers","|-damage|p1a: Raikou|208/321 brn|[from] brn","|turn|8","|","|switch|p2a: W5 Swampert|Swampert, F|341/341","|move|p1a: Raikou|Calm Mind|p1a: Raikou","|-boost|p1a: Raikou|spa|1","|-boost|p1a: Raikou|spd|1","|","|-heal|p1a: Raikou|228/321 brn|[from] item: Leftovers","|-damage|p1a: Raikou|188/321 brn|[from] brn","|turn|9","|","|move|p2a: W5 Swampert|Protect|p2a: W5 Swampert","|-singleturn|p2a: W5 Swampert|Protect","|move|p1a: Raikou|Extrasensory|p2a: W5 Swampert","|-activate|p2a: W5 Swampert|Protect","|","|-heal|p1a: Raikou|208/321 brn|[from] item: Leftovers","|-damage|p1a: Raikou|168/321 brn|[from] brn","|turn|10","|","|move|p1a: Raikou|Extrasensory|p2a: W5 Swampert","|-damage|p2a: W5 Swampert|196/341","|move|p2a: W5 Swampert|Mirror Coat|p1a: Raikou","|-damage|p1a: Raikou|0 fnt","|faint|p1a: Raikou","|","|","|switch|p1a: Zapdos|Zapdos|322/322","|-ability|p1a: Zapdos|Pressure","|turn|11","|","|move|p2a: W5 Swampert|Protect|p2a: W5 Swampert","|-singleturn|p2a: W5 Swampert|Protect","|move|p1a: Zapdos|Toxic|p2a: W5 Swampert","|-activate|p2a: W5 Swampert|Protect","|","|turn|12","|","|move|p2a: W5 Swampert|Waterfall|p1a: Zapdos","|-damage|p1a: Zapdos|225/322","|move|p1a: Zapdos|Toxic|p2a: W5 Swampert","|-status|p2a: W5 Swampert|tox","|","|-heal|p1a: Zapdos|245/322|[from] item: Leftovers","|-damage|p2a: W5 Swampert|175/341 tox|[from] psn","|turn|13","|","|move|p2a: W5 Swampert|Waterfall|p1a: Zapdos","|-damage|p1a: Zapdos|142/322","|move|p1a: Zapdos|Roost|p1a: Zapdos","|-heal|p1a: Zapdos|303/322","|","|-heal|p1a: Zapdos|322/322|[from] item: Leftovers","|-damage|p2a: W5 Swampert|133/341 tox|[from] psn","|turn|14","|","|switch|p2a: W1 Milotic|Milotic, F|394/394","|switch|p1a: Ampharos|Ampharos, F|321/321","|","|turn|15","|","|switch|p1a: Magnezone|Magnezone|300/300","|move|p2a: W1 Milotic|Hypnosis|p1a: Magnezone","|-message|Sleep Clause Mod activated.","|-immune|p1a: Magnezone|[msg]","|","|turn|16","|","|switch|p2a: W2 Lanturn|Lanturn, F|454/454","|move|p1a: Magnezone|Flash Cannon|p2a: W2 Lanturn","|-resisted|p2a: W2 Lanturn","|-damage|p2a: W2 Lanturn|406/454","|-unboost|p2a: W2 Lanturn|spd|1","|","|-heal|p2a: W2 Lanturn|434/454|[from] item: Leftovers","|turn|17","|","|move|p1a: Magnezone|Protect|p1a: Magnezone","|-singleturn|p1a: Magnezone|Protect","|move|p2a: W2 Lanturn|Scald|p1a: Magnezone","|-activate|p1a: Magnezone|Protect","|","|-heal|p2a: W2 Lanturn|454/454|[from] item: Leftovers","|turn|18","|","|move|p2a: W2 Lanturn|Scald|p1a: Magnezone","|-damage|p1a: Magnezone|186/300","|move|p1a: Magnezone|Flash Cannon|p2a: W2 Lanturn","|-resisted|p2a: W2 Lanturn","|-damage|p2a: W2 Lanturn|384/454","|","|-heal|p2a: W2 Lanturn|412/454|[from] item: Leftovers","|-heal|p1a: Magnezone|204/300|[from] item: Leftovers","|turn|19","|","|move|p1a: Magnezone|Protect|p1a: Magnezone","|-singleturn|p1a: Magnezone|Protect","|move|p2a: W2 Lanturn|Scald|p1a: Magnezone","|-activate|p1a: Magnezone|Protect","|","|-heal|p2a: W2 Lanturn|440/454|[from] item: Leftovers","|-heal|p1a: Magnezone|222/300|[from] item: Leftovers","|turn|20","|","|switch|p1a: Zapdos|Zapdos|322/322","|-ability|p1a: Zapdos|Pressure","|move|p2a: W2 Lanturn|Scald|p1a: Zapdos","|-damage|p1a: Zapdos|232/322","|","|-heal|p1a: Zapdos|252/322|[from] item: Leftovers","|-heal|p2a: W2 Lanturn|454/454|[from] item: Leftovers","|turn|21","|","|move|p1a: Zapdos|Toxic|p2a: W2 Lanturn","|-status|p2a: W2 Lanturn|tox","|move|p2a: W2 Lanturn|Toxic|p1a: Zapdos","|-status|p1a: Zapdos|tox","|","|-heal|p1a: Zapdos|272/322 tox|[from] item: Leftovers","|-damage|p1a: Zapdos|252/322 tox|[from] psn","|-damage|p2a: W2 Lanturn|426/454 tox|[from] psn","|turn|22","|","|switch|p1a: Magnezone|Magnezone|222/300","|move|p2a: W2 Lanturn|Heal Bell|p2a: W2 Lanturn","|-cureteam|p2a: W2 Lanturn|[from] move: HealBell","|","|-heal|p2a: W2 Lanturn|454/454|[from] item: Leftovers","|-heal|p1a: Magnezone|240/300|[from] item: Leftovers","|turn|23","|","|switch|p1a: Ampharos|Ampharos, F|321/321","|move|p2a: W2 Lanturn|Scald|p1a: Ampharos","|-damage|p1a: Ampharos|233/321","|","|turn|24","|","|switch|p2a: W5 Swampert|Swampert, F|133/341","|detailschange|p1a: Ampharos|Ampharos-Mega, F","|-mega|p1a: Ampharos|Ampharos|Ampharosite","|-ability|p1a: Ampharos|Mold Breaker","|move|p1a: Ampharos|Cotton Guard|p1a: Ampharos","|-boost|p1a: Ampharos|def|3","|","|turn|25","|","|move|p2a: W5 Swampert|Waterfall|p1a: Ampharos","|-resisted|p1a: Ampharos","|-damage|p1a: Ampharos|215/321","|move|p1a: Ampharos|Dragon Pulse|p2a: W5 Swampert","|-damage|p2a: W5 Swampert|0 fnt","|faint|p2a: W5 Swampert","|","|","|switch|p2a: W3 Cloyster|Cloyster, M|27/241","|turn|26","|","|move|p2a: W3 Cloyster|Icicle Spear|p1a: Ampharos","|-supereffective|p1a: Ampharos","|-damage|p1a: Ampharos|195/321","|-supereffective|p1a: Ampharos","|-damage|p1a: Ampharos|171/321","|-supereffective|p1a: Ampharos","|-damage|p1a: Ampharos|147/321","|-supereffective|p1a: Ampharos","|-damage|p1a: Ampharos|123/321","|-supereffective|p1a: Ampharos","|-damage|p1a: Ampharos|99/321","|-hitcount|p1a: Ampharos|5","|move|p1a: Ampharos|Dragon Pulse|p2a: W3 Cloyster","|-damage|p2a: W3 Cloyster|0 fnt","|faint|p2a: W3 Cloyster","|","|","|switch|p2a: W5 Azumarill|Azumarill, F|404/404","|turn|27","|","|move|p2a: W5 Azumarill|Play Rough|p1a: Ampharos","|-supereffective|p1a: Ampharos","|-damage|p1a: Ampharos|45/321","|move|p1a: Ampharos|Rest|p1a: Ampharos","|-status|p1a: Ampharos|slp","|-heal|p1a: Ampharos|321/321 slp|[silent]","|-status|p1a: Ampharos|slp|[from] move: Rest","|","|turn|28","|","|switch|p2a: W2 Lanturn|Lanturn, F|454/454","|switch|p1a: Magnezone|Magnezone|240/300","|","|-heal|p1a: Magnezone|258/300|[from] item: Leftovers","|turn|29","|","|move|p1a: Magnezone|Protect|p1a: Magnezone","|-singleturn|p1a: Magnezone|Protect","|move|p2a: W2 Lanturn|Scald|p1a: Magnezone","|-activate|p1a: Magnezone|Protect","|","|-heal|p1a: Magnezone|276/300|[from] item: Leftovers","|turn|30","|","|switch|p1a: Ampharos|Ampharos-Mega, F|321/321 slp","|-ability|p1a: Ampharos|Mold Breaker","|move|p2a: W2 Lanturn|Scald|p1a: Ampharos","|-resisted|p1a: Ampharos","|-damage|p1a: Ampharos|276/321 slp","|","|turn|31","|","|move|p2a: W2 Lanturn|Toxic|p1a: Ampharos","|-fail|p1a: Ampharos","|cant|p1a: Ampharos|slp","|move|p1a: Ampharos|Sleep Talk|p1a: Ampharos","|move|p1a: Ampharos|Cotton Guard|p1a: Ampharos|[from]Sleep Talk","|-boost|p1a: Ampharos|def|3","|","|turn|32","|","|move|p2a: W2 Lanturn|Thunderbolt|p1a: Ampharos","|-resisted|p1a: Ampharos","|-damage|p1a: Ampharos|254/321 slp","|cant|p1a: Ampharos|slp","|move|p1a: Ampharos|Sleep Talk|p1a: Ampharos","|move|p1a: Ampharos|Rest|p1a: Ampharos|[from]Sleep Talk","|-fail|p1a: Ampharos","|","|turn|33","|","|switch|p2a: W4 Lapras|Lapras, F|464/464","|-curestatus|p1a: Ampharos|slp","|move|p1a: Ampharos|Cotton Guard|p1a: Ampharos","|-boost|p1a: Ampharos|def|3","|","|turn|34","|","|switch|p1a: Rotom-Wash|Rotom-Wash|241/241 slp","|move|p2a: W4 Lapras|Whirlpool|p1a: Rotom-Wash|[miss]","|-miss|p2a: W4 Lapras|p1a: Rotom-Wash","|","|turn|35","|","|cant|p1a: Rotom-Wash|slp","|move|p2a: W4 Lapras|Whirlpool|p1a: Rotom-Wash","|-resisted|p1a: Rotom-Wash","|-damage|p1a: Rotom-Wash|224/241 slp","|-activate|p1a: Rotom-Wash|move: Whirlpool|[of] p2a: W4 Lapras","|","|-damage|p1a: Rotom-Wash|194/241 slp|[from] move: Whirlpool|[partiallytrapped]","|turn|36","|","|cant|p1a: Rotom-Wash|slp","|move|p2a: W4 Lapras|Freeze-Dry|p1a: Rotom-Wash","|-supereffective|p1a: Rotom-Wash","|-damage|p1a: Rotom-Wash|56/241 slp","|","|-damage|p1a: Rotom-Wash|26/241 slp|[from] move: Whirlpool|[partiallytrapped]","|turn|37","|","|-curestatus|p1a: Rotom-Wash|slp","|move|p1a: Rotom-Wash|Will-O-Wisp|p2a: W4 Lapras","|-status|p2a: W4 Lapras|brn","|move|p2a: W4 Lapras|Freeze-Dry|p1a: Rotom-Wash","|-supereffective|p1a: Rotom-Wash","|-damage|p1a: Rotom-Wash|0 fnt","|faint|p1a: Rotom-Wash","|","|-damage|p2a: W4 Lapras|406/464 brn|[from] brn","|","|switch|p1a: Magnezone|Magnezone|276/300","|turn|38","|","|switch|p2a: W2 Lanturn|Lanturn, F|454/454","|move|p1a: Magnezone|Protect|p1a: Magnezone","|-fail|p1a: Magnezone","|","|-heal|p1a: Magnezone|294/300|[from] item: Leftovers","|turn|39","|","|move|p1a: Magnezone|Protect|p1a: Magnezone","|-singleturn|p1a: Magnezone|Protect","|move|p2a: W2 Lanturn|Scald|p1a: Magnezone","|-activate|p1a: Magnezone|Protect","|","|-heal|p1a: Magnezone|300/300|[from] item: Leftovers","|turn|40","|","|switch|p1a: Ampharos|Ampharos-Mega, F|254/321","|-ability|p1a: Ampharos|Mold Breaker","|move|p2a: W2 Lanturn|Scald|p1a: Ampharos","|-resisted|p1a: Ampharos","|-damage|p1a: Ampharos|213/321","|","|turn|41","|","|move|p2a: W2 Lanturn|Scald|p1a: Ampharos","|-resisted|p1a: Ampharos","|-damage|p1a: Ampharos|172/321","|move|p1a: Ampharos|Cotton Guard|p1a: Ampharos","|-boost|p1a: Ampharos|def|3","|","|turn|42","|","|move|p2a: W2 Lanturn|Scald|p1a: Ampharos","|-crit|p1a: Ampharos","|-resisted|p1a: Ampharos","|-damage|p1a: Ampharos|114/321","|move|p1a: Ampharos|Dragon Pulse|p2a: W2 Lanturn","|-crit|p2a: W2 Lanturn","|-damage|p2a: W2 Lanturn|163/454","|","|-heal|p2a: W2 Lanturn|191/454|[from] item: Leftovers","|turn|43","|","|switch|p2a: W5 Azumarill|Azumarill, F|404/404","|move|p1a: Ampharos|Rest|p1a: Ampharos","|-status|p1a: Ampharos|slp","|-heal|p1a: Ampharos|321/321 slp|[silent]","|-status|p1a: Ampharos|slp|[from] move: Rest","|","|turn|44","|","|switch|p2a: W4 Lapras|Lapras, F|406/464 brn","|cant|p1a: Ampharos|slp","|move|p1a: Ampharos|Sleep Talk|p1a: Ampharos","|move|p1a: Ampharos|Cotton Guard|p1a: Ampharos|[from]Sleep Talk","|-boost|p1a: Ampharos|def|3","|","|-damage|p2a: W4 Lapras|348/464 brn|[from] brn","|turn|45","|","|switch|p1a: Magnezone|Magnezone|300/300","|move|p2a: W4 Lapras|Freeze-Dry|p1a: Magnezone","|-resisted|p1a: Magnezone","|-damage|p1a: Magnezone|258/300","|","|-heal|p1a: Magnezone|276/300|[from] item: Leftovers","|-damage|p2a: W4 Lapras|290/464 brn|[from] brn","|turn|46","|","|move|p1a: Magnezone|Protect|p1a: Magnezone","|-singleturn|p1a: Magnezone|Protect","|move|p2a: W4 Lapras|Whirlpool|p1a: Magnezone","|-activate|p1a: Magnezone|Protect","|","|-heal|p1a: Magnezone|294/300|[from] item: Leftovers","|-damage|p2a: W4 Lapras|232/464 brn|[from] brn","|turn|47","|","|move|p2a: W4 Lapras|Rest|p2a: W4 Lapras","|-status|p2a: W4 Lapras|slp","|-heal|p2a: W4 Lapras|464/464 slp|[silent]","|-status|p2a: W4 Lapras|slp|[from] move: Rest","|-enditem|p2a: W4 Lapras|Chesto Berry|[eat]","|-curestatus|p2a: W4 Lapras|slp","|move|p1a: Magnezone|Thunderbolt|p2a: W4 Lapras","|-supereffective|p2a: W4 Lapras","|-damage|p2a: W4 Lapras|96/464","|","|-heal|p1a: Magnezone|300/300|[from] item: Leftovers","|turn|48","|","|move|p1a: Magnezone|Protect|p1a: Magnezone","|-singleturn|p1a: Magnezone|Protect","|move|p2a: W4 Lapras|Whirlpool|p1a: Magnezone","|-activate|p1a: Magnezone|Protect","|","|turn|49","|","|switch|p2a: W2 Lanturn|Lanturn, F|191/454","|move|p1a: Magnezone|Flash Cannon|p2a: W2 Lanturn","|-resisted|p2a: W2 Lanturn","|-damage|p2a: W2 Lanturn|145/454","|","|-heal|p2a: W2 Lanturn|173/454|[from] item: Leftovers","|turn|50","|","|move|p1a: Magnezone|Protect|p1a: Magnezone","|-singleturn|p1a: Magnezone|Protect","|move|p2a: W2 Lanturn|Scald|p1a: Magnezone","|-activate|p1a: Magnezone|Protect","|","|-heal|p2a: W2 Lanturn|201/454|[from] item: Leftovers","|turn|51","|","|switch|p1a: Ampharos|Ampharos-Mega, F|321/321 slp","|-ability|p1a: Ampharos|Mold Breaker","|move|p2a: W2 Lanturn|Scald|p1a: Ampharos","|-resisted|p1a: Ampharos","|-damage|p1a: Ampharos|278/321 slp","|","|-heal|p2a: W2 Lanturn|229/454|[from] item: Leftovers","|turn|52","|","|move|p2a: W2 Lanturn|Scald|p1a: Ampharos","|-resisted|p1a: Ampharos","|-damage|p1a: Ampharos|239/321 slp","|cant|p1a: Ampharos|slp","|move|p1a: Ampharos|Sleep Talk|p1a: Ampharos","|move|p1a: Ampharos|Dragon Pulse|p2a: W2 Lanturn|[from]Sleep Talk","|-damage|p2a: W2 Lanturn|30/454","|","|-heal|p2a: W2 Lanturn|58/454|[from] item: Leftovers","|turn|53","|","|switch|p2a: W5 Azumarill|Azumarill, F|404/404","|-curestatus|p1a: Ampharos|slp","|move|p1a: Ampharos|Dragon Pulse|p2a: W5 Azumarill","|-immune|p2a: W5 Azumarill|[msg]","|","|turn|54","|","|switch|p1a: Magnezone|Magnezone|300/300","|move|p2a: W5 Azumarill|Play Rough|p1a: Magnezone","|-resisted|p1a: Magnezone","|-damage|p1a: Magnezone|261/300","|","|-heal|p1a: Magnezone|279/300|[from] item: Leftovers","|turn|55","|","|move|p1a: Magnezone|Protect|p1a: Magnezone","|-singleturn|p1a: Magnezone|Protect","|move|p2a: W5 Azumarill|Waterfall|p1a: Magnezone","|-activate|p1a: Magnezone|Protect","|","|-heal|p1a: Magnezone|297/300|[from] item: Leftovers","|turn|56","|","|switch|p2a: W1 Milotic|Milotic, F|394/394","|move|p1a: Magnezone|Thunderbolt|p2a: W1 Milotic","|-supereffective|p2a: W1 Milotic","|-damage|p2a: W1 Milotic|122/394","|","|-heal|p1a: Magnezone|300/300|[from] item: Leftovers","|turn|57","|","|move|p1a: Magnezone|Protect|p1a: Magnezone","|-singleturn|p1a: Magnezone|Protect","|move|p2a: W1 Milotic|Hypnosis|p1a: Magnezone","|-activate|p1a: Magnezone|Protect","|","|turn|58","|","|switch|p1a: Zapdos|Zapdos|252/322 tox","|-ability|p1a: Zapdos|Pressure","|move|p2a: W1 Milotic|Hypnosis|p1a: Zapdos","|-fail|p1a: Zapdos","|","|-heal|p1a: Zapdos|272/322 tox|[from] item: Leftovers","|-damage|p1a: Zapdos|252/322 tox|[from] psn","|turn|59","|","|switch|p2a: W2 Lanturn|Lanturn, F|58/454","|move|p1a: Zapdos|Toxic|p2a: W2 Lanturn","|-status|p2a: W2 Lanturn|tox","|","|-heal|p1a: Zapdos|272/322 tox|[from] item: Leftovers","|-heal|p2a: W2 Lanturn|86/454 tox|[from] item: Leftovers","|-damage|p1a: Zapdos|232/322 tox|[from] psn","|-damage|p2a: W2 Lanturn|58/454 tox|[from] psn","|turn|60","|","|win|Intern Twizz🔴🔺🔴"],"p1rating":{"entryid":"7448162","serverid":"eos","formatid":"monotype","userid":"interntwizz","username":"Intern Twizz","w":28,"l":"27","t":"0","gxe":51.1,"r":"1543.3992484387","rd":"51.111942211206","sigma":"0","rptime":"1439283600","rpr":1508.0090323319,"rprd":46.61453746278,"rpsigma":"0","acre":1090.5066700411,"lacre":1090.5066700411,"oldacre":"1058.4232632516"},"p2rating":{"entryid":"7503497","serverid":"eos","formatid":"monotype","userid":"gtxlynxice","username":"GTX Lynxice","w":"4","l":7,"t":"0","gxe":40.3,"r":"1431.5251347207","rd":"99.109470069719","sigma":"0","rptime":"1439283600","rpr":1423.9459972092,"rprd":84.898166918421,"rpsigma":"0","acre":1047.1215312258,"lacre":1047.1215312258,"oldacre":"1067.845379493"},"endType":"forfeit"}