{"seed":[43204,33271,61093,21441],"turns":35,"p1":"Metalyte","p2":"emforbes","p1team":[{"name":"Scizor","species":"Scizor","item":"scizorite","ability":"Technician","moves":["roost","swordsdance","bulletpunch","bugbite"],"nature":"Adamant","evs":{"hp":248,"atk":252,"def":0,"spa":0,"spd":8,"spe":0},"ivs":{"hp":31,"atk":31,"def":31,"spa":31,"spd":31,"spe":31}},{"name":"Bisharp","species":"Bisharp","item":"lifeorb","ability":"Defiant","moves":["swordsdance","suckerpunch","knockoff","ironhead"],"nature":"Jolly","evs":{"hp":0,"atk":252,"def":0,"spa":0,"spd":4,"spe":252},"ivs":{"hp":31,"atk":31,"def":31,"spa":31,"spd":31,"spe":31}},{"name":"Excadrill","species":"Excadrill","item":"choicescarf","ability":"Mold Breaker","moves":["earthquake","ironhead","rockslide","aerialace"],"nature":"Jolly","evs":{"hp":0,"atk":252,"def":0,"spa":0,"spd":4,"spe":252},"ivs":{"hp":31,"atk":31,"def":31,"spa":31,"spd":31,"spe":31}},{"name":"Heatran","species":"Heatran","item":"airballoon","ability":"Flash Fire","moves":["fireblast","flashcannon","earthpower","ancientpower"],"nature":"Timid","evs":{"hp":4,"atk":0,"def":0,"spa":252,"spd":0,"spe":252},"ivs":{"hp":31,"atk":31,"def":31,"spa":31,"spd":31,"spe":31}},{"name":"Skarmory","species":"Skarmory","item":"leftovers","ability":"Sturdy","moves":["roost","defog","whirlwind","drillpeck"],"nature":"Impish","evs":{"hp":252,"atk":0,"def":252,"spa":0,"spd":4,"spe":0},"ivs":{"hp":31,"atk":31,"def":31,"spa":31,"spd":31,"spe":31}},{"name":"Klefki","species":"Klefki","item":"leftovers","ability":"Prankster","moves":["thunderwave","spikes","reflect","lightscreen"],"nature":"Bold","evs":{"hp":252,"atk":0,"def":128,"spa":0,"spd":128,"spe":0},"ivs":{"hp":31,"atk":31,"def":31,"spa":31,"spd":31,"spe":31}}],"p2team":[{"name":"Aegislash","species":"Aegislash","item":"weaknesspolicy","ability":"Stance Change","moves":["shadowsneak","swordsdance","kingsshield","sacredsword"],"nature":"Adamant","evs":{"hp":248,"atk":252,"def":0,"spa":0,"spd":8,"spe":0},"shiny":true,"ivs":{"hp":31,"atk":31,"def":31,"spa":31,"spd":31,"spe":31}},{"name":"Sableye","species":"Sableye","item":"sablenite","ability":"Prankster","moves":["recover","calmmind","shadowball","darkpulse"],"nature":"Bold","evs":{"hp":248,"atk":0,"def":252,"spa":8,"spd":0,"spe":0},"shiny":true,"ivs":{"hp":31,"atk":31,"def":31,"spa":31,"spd":31,"spe":31}},{"name":"Golurk","species":"Golurk","item":"focussash","ability":"No Guard","moves":["stealthrock","earthquake","dynamicpunch","shadowpunch"],"nature":"Adamant","evs":{"hp":248,"atk":252,"def":0,"spa":0,"spd":8,"spe":0},"shiny":true,"ivs":{"hp":31,"atk":31,"def":31,"spa":31,"spd":31,"spe":31}},{"name":"Chandelure","species":"Chandelure","item":"choicescarf","ability":"Infiltrator","moves":["shadowball","fireblast","energyball","hiddenpowerground"],"nature":"Timid","evs":{"hp":0,"atk":0,"def":0,"spa":252,"spd":4,"spe":252},"ivs":{"hp":31,"atk":31,"def":31,"spa":30,"spd":30,"spe":31},"shiny":true},{"name":"Gengar","species":"Gengar","item":"focussash","ability":"Levitate","moves":["sludgewave","destinybond","shadowball","willowisp"],"nature":"Timid","evs":{"hp":0,"atk":0,"def":0,"spa":252,"spd":4,"spe":252},"ivs":{"hp":31,"atk":31,"def":31,"spa":31,"spd":31,"spe":31}},{"name":"Hoopa","species":"Hoopa","item":"lifeorb","ability":"Magician","moves":["psychic","thunderbolt","focusblast","grassknot"],"nature":"Timid","evs":{"hp":0,"atk":0,"def":0,"spa":252,"spd":4,"spe":252},"ivs":{"hp":31,"atk":31,"def":31,"spa":31,"spd":31,"spe":31}}],"log":["|player|p1|Metalyte|165","|player|p2|emforbes|246","|gametype|singles","|gen|6","|tier|Monotype","|rated","|rule|Baton Pass Clause: Limit one Baton Passer, can't pass Spe and other stats simultaneously","|rule|Swagger Clause: Swagger is banned","|rule|Same Type Clause: Pokémon in a team must share a type","|clearpoke","|poke|p1|Scizor, F","|poke|p1|Bisharp, M","|poke|p1|Excadrill, M","|poke|p1|Heatran, M","|poke|p1|Skarmory, M","|poke|p1|Klefki, F","|poke|p2|Aegislash, M, shiny","|poke|p2|Sableye, F, shiny","|poke|p2|Golurk, shiny","|poke|p2|Chandelure, M, shiny","|poke|p2|Gengar, F","|poke|p2|Hoopa","|rule|Sleep Clause Mod: Limit one foe put to sleep","|rule|Species Clause: Limit one of each Pokémon","|rule|OHKO Clause: OHKO moves are banned","|rule|Moody Clause: Moody is banned","|rule|Evasion Moves Clause: Evasion moves are banned","|rule|Endless Battle Clause: Forcing endless battles is banned","|rule|HP Percentage Mod: HP is shown in percentages","|teampreview","|","|start","|switch|p1a: Klefki|Klefki, F|318/318","|switch|p2a: Hoopa|Hoopa|301/301","|turn|1","|","|switch|p2a: Golurk|Golurk, shiny|381/381","|move|p1a: Klefki|Thunder Wave|p2a: Golurk","|-immune|p2a: Golurk|[msg]","|","|turn|2","|","|move|p1a: Klefki|Reflect|p1a: Klefki","|-sidestart|p1: Metalyte|Reflect","|move|p2a: Golurk|Stealth Rock|p1a: Klefki","|-sidestart|p1: Metalyte|move: Stealth Rock","|","|turn|3","|","|move|p1a: Klefki|Spikes|p2a: Golurk","|-sidestart|p2: emforbes|Spikes","|move|p2a: Golurk|Earthquake|p1a: Klefki","|-supereffective|p1a: Klefki","|-damage|p1a: Klefki|147/318","|","|-heal|p1a: Klefki|166/318|[from] item: Leftovers","|turn|4","|","|switch|p1a: Skarmory|Skarmory, M|334/334","|-damage|p1a: Skarmory|293/334|[from] Stealth Rock","|move|p2a: Golurk|Earthquake|p1a: Skarmory","|-immune|p1a: Skarmory|[msg]","|","|-heal|p1a: Skarmory|313/334|[from] item: Leftovers","|turn|5","|","|move|p1a: Skarmory|Defog|p2a: Golurk","|-unboost|p2a: Golurk|evasion|1","|-sideend|p2: emforbes|Spikes|[from] move: Defog|[of] p2a: Golurk","|-sideend|p1: Metalyte|Stealth Rock|[from] move: Defog|[of] p1a: Skarmory","|move|p2a: Golurk|Dynamic Punch|p1a: Skarmory","|-damage|p1a: Skarmory|276/334","|-start|p1a: Skarmory|confusion","|","|-heal|p1a: Skarmory|296/334|[from] item: Leftovers","|turn|6","|","|switch|p2a: Hoopa|Hoopa|301/301","|-activate|p1a: Skarmory|confusion","|move|p1a: Skarmory|Drill Peck|p2a: Hoopa","|-damage|p2a: Hoopa|174/301","|","|-heal|p1a: Skarmory|316/334|[from] item: Leftovers","|-sideend|p1: Metalyte|Reflect","|turn|7","|","|switch|p1a: Klefki|Klefki, F|166/318","|move|p2a: Hoopa|Thunderbolt|p1a: Klefki","|-damage|p1a: Klefki|27/318","|-damage|p2a: Hoopa|144/301|[from] item: Life Orb","|","|-heal|p1a: Klefki|46/318|[from] item: Leftovers","|turn|8","|","|move|p1a: Klefki|Light Screen|p1a: Klefki","|-sidestart|p1: Metalyte|move: Light Screen","|move|p2a: Hoopa|Thunderbolt|p1a: Klefki","|-damage|p1a: Klefki|0 fnt","|-damage|p2a: Hoopa|114/301|[from] item: Life Orb","|faint|p1a: Klefki","|","|","|switch|p1a: Scizor|Scizor, F|343/343","|turn|9","|","|detailschange|p1a: Scizor|Scizor-Mega, F","|-mega|p1a: Scizor|Scizor|Scizorite","|move|p2a: Hoopa|Thunderbolt|p1a: Scizor","|-damage|p1a: Scizor|271/343","|-status|p1a: Scizor|par","|-damage|p2a: Hoopa|84/301|[from] item: Life Orb","|cant|p1a: Scizor|par","|","|turn|10","|","|move|p2a: Hoopa|Thunderbolt|p1a: Scizor","|-damage|p1a: Scizor|193/343 par","|-damage|p2a: Hoopa|54/301|[from] item: Life Orb","|cant|p1a: Scizor|par","|","|turn|11","|","|move|p2a: Hoopa|Thunderbolt|p1a: Scizor","|-damage|p1a: Scizor|116/343 par","|-damage|p2a: Hoopa|24/301|[from] item: Life Orb","|move|p1a: Scizor|Roost|p1a: Scizor","|-heal|p1a: Scizor|288/343 par","|","|turn|12","|","|move|p2a: Hoopa|Thunderbolt|p1a: Scizor","|-damage|p1a: Scizor|210/343 par","|-damage|p2a: Hoopa|0 fnt|[from] item: Life Orb","|faint|p2a: Hoopa","|move|p1a: Scizor|Swords Dance|p1a: Scizor","|-boost|p1a: Scizor|atk|2","|","|-sideend|p1: Metalyte|move: Light Screen","|","|switch|p2a: Chandelure|Chandelure, M, shiny|261/261","|turn|13","|","|switch|p1a: Heatran|Heatran, M|324/324","|-item|p1a: Heatran|Air Balloon","|move|p2a: Chandelure|Hidden Power|p1a: Heatran","|-immune|p1a: Heatran|[msg]","|","|turn|14","|","|switch|p2a: Golurk|Golurk, shiny|381/381","|move|p1a: Heatran|Fire Blast|p2a: Golurk","|-crit|p2a: Golurk","|-damage|p2a: Golurk|44/381","|","|turn|15","|","|move|p1a: Heatran|Flash Cannon|p2a: Golurk","|-damage|p2a: Golurk|0 fnt","|faint|p2a: Golurk","|","|","|switch|p2a: Gengar|Gengar, F|261/261","|turn|16","|","|move|p2a: Gengar|Shadow Ball|p1a: Heatran","|-damage|p1a: Heatran|176/324","|-enditem|p1a: Heatran|Air Balloon","|move|p1a: Heatran|Fire Blast|p2a: Gengar","|-damage|p2a: Gengar|5/261","|","|turn|17","|","|switch|p1a: Bisharp|Bisharp, M|271/271","|move|p2a: Gengar|Destiny Bond|p2a: Gengar","|-singlemove|p2a: Gengar|Destiny Bond","|","|turn|18","|","|move|p2a: Gengar|Will-O-Wisp|p1a: Bisharp","|-status|p1a: Bisharp|brn","|move|p1a: Bisharp|Swords Dance|p1a: Bisharp","|-boost|p1a: Bisharp|atk|2","|","|-damage|p1a: Bisharp|238/271 brn|[from] brn","|turn|19","|","|move|p2a: Gengar|Destiny Bond|p2a: Gengar","|-singlemove|p2a: Gengar|Destiny Bond","|move|p1a: Bisharp|Swords Dance|p1a: Bisharp","|-boost|p1a: Bisharp|atk|2","|","|-damage|p1a: Bisharp|205/271 brn|[from] brn","|turn|20","|","|move|p1a: Bisharp|Sucker Punch|p2a: Gengar","|-supereffective|p2a: Gengar","|-damage|p2a: Gengar|0 fnt","|-damage|p1a: Bisharp|178/271 brn|[from] item: Life Orb","|faint|p2a: Gengar","|-activate|p2a: Gengar|Destiny Bond","|faint|p1a: Bisharp","|","|","|switch|p2a: Sableye|Sableye, F, shiny|303/303","|switch|p1a: Scizor|Scizor-Mega, F|210/343 par","|turn|21","|","|detailschange|p2a: Sableye|Sableye-Mega, F, shiny","|-mega|p2a: Sableye|Sableye|Sablenite","|move|p2a: Sableye|Calm Mind|p2a: Sableye","|-boost|p2a: Sableye|spa|1","|-boost|p2a: Sableye|spd|1","|move|p1a: Scizor|Roost|p1a: Scizor","|-heal|p1a: Scizor|343/343 par","|","|turn|22","|","|move|p2a: Sableye|Calm Mind|p2a: Sableye","|-boost|p2a: Sableye|spa|1","|-boost|p2a: Sableye|spd|1","|move|p1a: Scizor|Swords Dance|p1a: Scizor","|-boost|p1a: Scizor|atk|2","|","|turn|23","|","|move|p2a: Sableye|Shadow Ball|p1a: Scizor","|-damage|p1a: Scizor|168/343 par","|cant|p1a: Scizor|par","|","|turn|24","|","|move|p2a: Sableye|Shadow Ball|p1a: Scizor","|-damage|p1a: Scizor|11/343 par","|move|p1a: Scizor|Bug Bite|p2a: Sableye","|-damage|p2a: Sableye|69/303","|","|turn|25","|","|move|p1a: Scizor|Bullet Punch|p2a: Sableye","|-damage|p2a: Sableye|0 fnt","|faint|p2a: Sableye","|","|","|switch|p2a: Chandelure|Chandelure, M, shiny|261/261","|turn|26","|","|move|p1a: Scizor|Bullet Punch|p2a: Chandelure","|-resisted|p2a: Chandelure","|-damage|p2a: Chandelure|118/261","|move|p2a: Chandelure|Shadow Ball|p1a: Scizor","|-damage|p1a: Scizor|0 fnt","|faint|p1a: Scizor","|","|","|switch|p1a: Excadrill|Excadrill, M|361/361","|-ability|p1a: Excadrill|Mold Breaker","|turn|27","|","|move|p1a: Excadrill|Earthquake|p2a: Chandelure","|-supereffective|p2a: Chandelure","|-damage|p2a: Chandelure|0 fnt","|faint|p2a: Chandelure","|","|","|switch|p2a: Aegislash|Aegislash, M, shiny|323/323","|turn|28","|","|move|p1a: Excadrill|Earthquake|p2a: Aegislash","|-supereffective|p2a: Aegislash","|-damage|p2a: Aegislash|53/323","|-enditem|p2a: Aegislash|Weakness Policy","|-boost|p2a: Aegislash|atk|2|[from] item: Weakness Policy","|-boost|p2a: Aegislash|spa|2|[from] item: Weakness Policy","|move|p2a: Aegislash|Swords Dance|p2a: Aegislash","|-boost|p2a: Aegislash|atk|2","|","|turn|29","|","|-formechange|p2a: Aegislash|Aegislash-Blade","|move|p2a: Aegislash|Shadow Sneak|p1a: Excadrill","|-damage|p1a: Excadrill|0 fnt","|faint|p1a: Excadrill","|","|","|switch|p1a: Heatran|Heatran, M|176/324","|turn|30","|","|move|p2a: Aegislash|Shadow Sneak|p1a: Heatran","|-damage|p1a: Heatran|0 fnt","|faint|p1a: Heatran","|","|","|switch|p1a: Skarmory|Skarmory, M|316/334","|turn|31","|","|-formechange|p2a: Aegislash|Aegislash","|move|p2a: Aegislash|King's Shield|p2a: Aegislash","|-singleturn|p2a: Aegislash|Protect","|move|p1a: Skarmory|Drill Peck|p2a: Aegislash","|-activate|p2a: Aegislash|Protect","|-unboost|p1a: Skarmory|atk|2","|","|-heal|p1a: Skarmory|334/334|[from] item: Leftovers","|turn|32","|","|move|p1a: Skarmory|Drill Peck|p2a: Aegislash","|-resisted|p2a: Aegislash","|-damage|p2a: Aegislash|38/323","|-formechange|p2a: Aegislash|Aegislash-Blade","|move|p2a: Aegislash|Sacred Sword|p1a: Skarmory","|-damage|p1a: Skarmory|128/334","|","|-heal|p1a: Skarmory|148/334|[from] item: Leftovers","|turn|33","|","|-formechange|p2a: Aegislash|Aegislash","|move|p2a: Aegislash|King's Shield|p2a: Aegislash","|-singleturn|p2a: Aegislash|Protect","|move|p1a: Skarmory|Roost|p1a: Skarmory","|-heal|p1a: Skarmory|315/334","|","|-heal|p1a: Skarmory|334/334|[from] item: Leftovers","|turn|34","|","|move|p1a: Skarmory|Drill Peck|p2a: Aegislash","|-resisted|p2a: Aegislash","|-damage|p2a: Aegislash|23/323","|-formechange|p2a: Aegislash|Aegislash-Blade","|move|p2a: Aegislash|Sacred Sword|p1a: Skarmory","|-damage|p1a: Skarmory|118/334","|","|-heal|p1a: Skarmory|138/334|[from] item: Leftovers","|turn|35","|","|move|p2a: Aegislash|Shadow Sneak|p1a: Skarmory","|-damage|p1a: Skarmory|0 fnt","|faint|p1a: Skarmory","|","|win|emforbes"],"p1rating":{"entryid":"6571486","serverid":"eos","formatid":"monotype","userid":"metalyte","username":"Metalyte","w":"46","l":38,"t":"0","gxe":54.3,"r":"1541.5868491955","rd":"43.392095764563","sigma":"0","rptime":"1439283600","rpr":1532.3353358356,"rprd":42.777062108821,"rpsigma":"0","acre":1154.0318303336,"lacre":1154.0318303336,"oldacre":"1171.349335711"},"p2rating":{"entryid":"7537626","serverid":"eos","formatid":"monotype","userid":"emforbes","username":"emforbes","w":19,"l":"7","t":"0","gxe":64.4,"r":"1535.9290492592","rd":"87.722280073308","sigma":"0","rptime":"1439283600","rpr":1613.3094623719,"rprd":63.545796217762,"rpsigma":"0","acre":1298.9987879797,"lacre":1298.9987879797,"oldacre":"1281.6812826023"},"endType":"normal"}