{"seed":[24519,33269,19337,49701],"turns":28,"p1":"Pastor Jeff","p2":"Br★nzor","p1team":[{"name":"Azumarill","species":"Azumarill","item":"sitrusberry","ability":"Huge Power","moves":["aquajet","bellydrum","knockoff","icepunch"],"nature":"Adamant","evs":{"hp":248,"atk":252,"def":0,"spa":0,"spd":8,"spe":0},"gender":"M","shiny":true,"ivs":{"hp":31,"atk":31,"def":31,"spa":31,"spd":31,"spe":31}},{"name":"Gardevoir","species":"Gardevoir","item":"gardevoirite","ability":"Trace","moves":["hypervoice","psyshock","focusblast","willowisp"],"nature":"Timid","evs":{"hp":0,"atk":0,"def":24,"spa":232,"spd":0,"spe":252},"gender":"F","shiny":true,"ivs":{"hp":31,"atk":31,"def":31,"spa":31,"spd":31,"spe":31}},{"name":"Sylveon","species":"Sylveon","item":"choicespecs","ability":"Pixilate","moves":["hypervoice","psyshock","hiddenpowerfire","quickattack"],"nature":"Modest","evs":{"hp":240,"atk":0,"def":0,"spa":252,"spd":0,"spe":16},"gender":"M","shiny":true,"ivs":{"atk":30,"spa":30,"spe":30,"hp":31,"def":31,"spd":31}},{"name":"Togekiss","species":"Togekiss","item":"leftovers","ability":"Serene Grace","moves":["nastyplot","airslash","thunderwave","roost"],"nature":"Timid","evs":{"hp":248,"atk":0,"def":76,"spa":0,"spd":8,"spe":176},"gender":"M","shiny":true,"ivs":{"hp":31,"atk":31,"def":31,"spa":31,"spd":31,"spe":31}},{"name":"Florges","species":"Florges","item":"leftovers","ability":"Flower Veil","moves":["calmmind","moonblast","synthesis","aromatherapy"],"nature":"Bold","evs":{"hp":252,"atk":0,"def":252,"spa":4,"spd":0,"spe":0},"shiny":true,"ivs":{"hp":31,"atk":31,"def":31,"spa":31,"spd":31,"spe":31}},{"name":"Klefki","species":"Klefki","item":"leftovers","ability":"Prankster","moves":["spikes","thunderwave","magnetrise","playrough"],"nature":"Careful","evs":{"hp":252,"atk":0,"def":4,"spa":0,"spd":252,"spe":0},"gender":"M","shiny":true,"ivs":{"hp":31,"atk":31,"def":31,"spa":31,"spd":31,"spe":31}}],"p2team":[{"name":"Ampharos","species":"Ampharos","item":"ampharosite","ability":"Static","moves":["toxic","healbell","powergem","dragonpulse"],"nature":"Calm","evs":{"hp":248,"atk":0,"def":0,"spa":8,"spd":252,"spe":0},"gender":"M","shiny":true,"ivs":{"hp":31,"atk":31,"def":31,"spa":31,"spd":31,"spe":31}},{"name":"Rotom-Wash","species":"Rotom-Wash","item":"leftovers","ability":"Levitate","moves":["willowisp","voltswitch","hydropump","painsplit"],"nature":"Bold","evs":{"hp":252,"atk":0,"def":252,"spa":4,"spd":0,"spe":0},"ivs":{"hp":31,"atk":31,"def":31,"spa":31,"spd":31,"spe":31}},{"name":"Magnezone","species":"Magnezone","item":"choicespecs","ability":"Sturdy","moves":["hiddenpowergrass","flashcannon","signalbeam","thunderbolt"],"nature":"Modest","evs":{"hp":248,"atk":0,"def":0,"spa":252,"spd":8,"spe":0},"ivs":{"hp":31,"atk":30,"def":31,"spa":30,"spd":31,"spe":31}},{"name":"Thundurus","species":"Thundurus","item":"lifeorb","ability":"Prankster","moves":["thunderwave","knockoff","superpower","taunt"],"nature":"Jolly","evs":{"hp":0,"atk":252,"def":0,"spa":0,"spd":4,"spe":252},"ivs":{"hp":31,"atk":31,"def":31,"spa":31,"spd":31,"spe":31}},{"name":"Raikou","species":"Raikou","item":"leftovers","ability":"Pressure","moves":["calmmind","extrasensory","thunderbolt","hiddenpowerice"],"nature":"Timid","evs":{"hp":0,"atk":0,"def":0,"spa":252,"spd":4,"spe":252},"ivs":{"hp":31,"atk":30,"def":30,"spa":31,"spd":31,"spe":31}},{"name":"Zapdos","species":"Zapdos","item":"leftovers","ability":"Pressure","moves":["heatwave","roost","defog","discharge"],"nature":"Calm","evs":{"hp":252,"atk":0,"def":0,"spa":4,"spd":252,"spe":0},"ivs":{"hp":31,"atk":31,"def":31,"spa":31,"spd":31,"spe":31}}],"log":["|player|p1|Pastor Jeff|165","|player|p2|Br★nzor|23","|gametype|singles","|gen|6","|tier|Monotype","|rated","|rule|Baton Pass Clause: Limit one Baton Passer, can't pass Spe and other stats simultaneously","|rule|Swagger Clause: Swagger is banned","|rule|Same Type Clause: Pokémon in a team must share a type","|clearpoke","|poke|p1|Azumarill, M, shiny","|poke|p1|Gardevoir, F, shiny","|poke|p1|Sylveon, M, shiny","|poke|p1|Togekiss, M, shiny","|poke|p1|Florges, F, shiny","|poke|p1|Klefki, M, shiny","|poke|p2|Ampharos, M, shiny","|poke|p2|Rotom-Wash","|poke|p2|Magnezone","|poke|p2|Thundurus, M","|poke|p2|Raikou","|poke|p2|Zapdos","|rule|Sleep Clause Mod: Limit one foe put to sleep","|rule|Species Clause: Limit one of each Pokémon","|rule|OHKO Clause: OHKO moves are banned","|rule|Moody Clause: Moody is banned","|rule|Evasion Moves Clause: Evasion moves are banned","|rule|Endless Battle Clause: Forcing endless battles is banned","|rule|HP Percentage Mod: HP is shown in percentages","|teampreview","|","|start","|switch|p1a: Azumarill|Azumarill, M, shiny|403/403","|switch|p2a: Thundurus|Thundurus, M|299/299","|turn|1","|","|move|p2a: Thundurus|Thunder Wave|p1a: Azumarill","|-status|p1a: Azumarill|par","|move|p1a: Azumarill|Ice Punch|p2a: Thundurus","|-supereffective|p2a: Thundurus","|-damage|p2a: Thundurus|0 fnt","|faint|p2a: Thundurus","|","|","|switch|p2a: Rotom-Wash|Rotom-Wash|304/304","|turn|2","|","|move|p1a: Azumarill|Aqua Jet|p2a: Rotom-Wash","|-resisted|p2a: Rotom-Wash","|-damage|p2a: Rotom-Wash|272/304","|move|p2a: Rotom-Wash|Volt Switch|p1a: Azumarill","|-supereffective|p1a: Azumarill","|-damage|p1a: Azumarill|209/403 par","|","|switch|p2a: Raikou|Raikou|321/321","|-ability|p2a: Raikou|Pressure","|","|turn|3","|","|move|p2a: Raikou|Thunderbolt|p1a: Azumarill","|-supereffective|p1a: Azumarill","|-damage|p1a: Azumarill|0 fnt","|faint|p1a: Azumarill","|","|","|switch|p1a: Gardevoir|Gardevoir, F, shiny|277/277","|-ability|p1a: Gardevoir|Pressure|[from] ability: Trace|[of] p2a: Raikou","|-ability|p1a: Gardevoir|Pressure","|turn|4","|","|switch|p2a: Zapdos|Zapdos|384/384","|-ability|p2a: Zapdos|Pressure","|detailschange|p1a: Gardevoir|Gardevoir-Mega, F, shiny","|-mega|p1a: Gardevoir|Gardevoir|Gardevoirite","|move|p1a: Gardevoir|Focus Blast|p2a: Zapdos","|-resisted|p2a: Zapdos","|-damage|p2a: Zapdos|323/384","|","|-heal|p2a: Zapdos|347/384|[from] item: Leftovers","|turn|5","|","|move|p1a: Gardevoir|Hyper Voice|p2a: Zapdos","|-damage|p2a: Zapdos|160/384","|move|p2a: Zapdos|Discharge|p1a: Gardevoir","|-crit|p1a: Gardevoir","|-damage|p1a: Gardevoir|139/277","|","|-heal|p2a: Zapdos|184/384|[from] item: Leftovers","|turn|6","|","|switch|p2a: Ampharos|Ampharos, M, shiny|383/383","|move|p1a: Gardevoir|Hyper Voice|p2a: Ampharos","|-damage|p2a: Ampharos|179/383","|","|turn|7","|","|move|p1a: Gardevoir|Hyper Voice|p2a: Ampharos","|-damage|p2a: Ampharos|0 fnt","|faint|p2a: Ampharos","|","|","|switch|p2a: Magnezone|Magnezone|343/343","|turn|8","|","|move|p1a: Gardevoir|Hyper Voice|p2a: Magnezone","|-resisted|p2a: Magnezone","|-damage|p2a: Magnezone|220/343","|move|p2a: Magnezone|Flash Cannon|p1a: Gardevoir","|-supereffective|p1a: Gardevoir","|-damage|p1a: Gardevoir|0 fnt","|faint|p1a: Gardevoir","|","|","|switch|p1a: Sylveon|Sylveon, M, shiny|391/391","|turn|9","|","|switch|p2a: Zapdos|Zapdos|184/384","|-ability|p2a: Zapdos|Pressure","|move|p1a: Sylveon|Hidden Power|p2a: Zapdos","|-damage|p2a: Zapdos|97/384","|","|-heal|p2a: Zapdos|121/384|[from] item: Leftovers","|turn|10","|","|move|p2a: Zapdos|Roost|p2a: Zapdos","|-heal|p2a: Zapdos|313/384","|move|p1a: Sylveon|Hidden Power|p2a: Zapdos","|-damage|p2a: Zapdos|225/384","|","|-heal|p2a: Zapdos|249/384|[from] item: Leftovers","|turn|11","|","|switch|p1a: Klefki|Klefki, M, shiny|318/318","|move|p2a: Zapdos|Discharge|p1a: Klefki","|-damage|p1a: Klefki|222/318","|","|-heal|p2a: Zapdos|273/384|[from] item: Leftovers","|-heal|p1a: Klefki|241/318|[from] item: Leftovers","|turn|12","|","|move|p1a: Klefki|Thunder Wave|p2a: Zapdos","|-immune|p2a: Zapdos|[msg]","|move|p2a: Zapdos|Defog|p1a: Klefki","|-unboost|p1a: Klefki|evasion|1","|","|-heal|p2a: Zapdos|297/384|[from] item: Leftovers","|-heal|p1a: Klefki|260/318|[from] item: Leftovers","|turn|13","|","|move|p2a: Zapdos|Heat Wave|p1a: Klefki","|-supereffective|p1a: Klefki","|-damage|p1a: Klefki|110/318","|move|p1a: Klefki|Play Rough|p2a: Zapdos","|-damage|p2a: Zapdos|192/384","|","|-heal|p2a: Zapdos|216/384|[from] item: Leftovers","|-heal|p1a: Klefki|129/318|[from] item: Leftovers","|turn|14","|","|move|p2a: Zapdos|Roost|p2a: Zapdos","|-heal|p2a: Zapdos|384/384","|move|p1a: Klefki|Play Rough|p2a: Zapdos","|-damage|p2a: Zapdos|284/384","|","|-heal|p2a: Zapdos|308/384|[from] item: Leftovers","|-heal|p1a: Klefki|148/318|[from] item: Leftovers","|turn|15","|","|move|p2a: Zapdos|Heat Wave|p1a: Klefki","|-supereffective|p1a: Klefki","|-damage|p1a: Klefki|0 fnt","|faint|p1a: Klefki","|","|-heal|p2a: Zapdos|332/384|[from] item: Leftovers","|","|switch|p1a: Togekiss|Togekiss, M, shiny|373/373","|turn|16","|","|move|p1a: Togekiss|Air Slash|p2a: Zapdos","|-resisted|p2a: Zapdos","|-damage|p2a: Zapdos|291/384","|cant|p2a: Zapdos|flinch","|","|-heal|p2a: Zapdos|315/384|[from] item: Leftovers","|turn|17","|","|switch|p1a: Sylveon|Sylveon, M, shiny|391/391","|move|p2a: Zapdos|Discharge|p1a: Sylveon","|-damage|p1a: Sylveon|304/391","|","|-heal|p2a: Zapdos|339/384|[from] item: Leftovers","|turn|18","|","|move|p2a: Zapdos|Discharge|p1a: Sylveon","|-damage|p1a: Sylveon|217/391","|move|p1a: Sylveon|Hyper Voice|p2a: Zapdos","|-damage|p2a: Zapdos|89/384","|","|-heal|p2a: Zapdos|113/384|[from] item: Leftovers","|turn|19","|","|switch|p2a: Rotom-Wash|Rotom-Wash|272/304","|move|p1a: Sylveon|Hyper Voice|p2a: Rotom-Wash","|-damage|p2a: Rotom-Wash|5/304","|","|-heal|p2a: Rotom-Wash|24/304|[from] item: Leftovers","|turn|20","|","|move|p2a: Rotom-Wash|Will-O-Wisp|p1a: Sylveon","|-status|p1a: Sylveon|brn","|move|p1a: Sylveon|Hyper Voice|p2a: Rotom-Wash","|-damage|p2a: Rotom-Wash|0 fnt","|faint|p2a: Rotom-Wash","|","|-damage|p1a: Sylveon|169/391 brn|[from] brn","|","|switch|p2a: Raikou|Raikou|321/321","|-ability|p2a: Raikou|Pressure","|turn|21","|","|move|p2a: Raikou|Calm Mind|p2a: Raikou","|-boost|p2a: Raikou|spa|1","|-boost|p2a: Raikou|spd|1","|move|p1a: Sylveon|Hyper Voice|p2a: Raikou","|-crit|p2a: Raikou","|-damage|p2a: Raikou|0 fnt","|faint|p2a: Raikou","|","|-damage|p1a: Sylveon|121/391 brn|[from] brn","|","|switch|p2a: Magnezone|Magnezone|220/343","|turn|22","|","|move|p1a: Sylveon|Hyper Voice|p2a: Magnezone","|-resisted|p2a: Magnezone","|-damage|p2a: Magnezone|61/343","|move|p2a: Magnezone|Flash Cannon|p1a: Sylveon","|-supereffective|p1a: Sylveon","|-damage|p1a: Sylveon|0 fnt","|faint|p1a: Sylveon","|","|","|switch|p1a: Florges|Florges, F, shiny|360/360","|turn|23","|","|move|p1a: Florges|Moonblast|p2a: Magnezone","|-crit|p2a: Magnezone","|-resisted|p2a: Magnezone","|-damage|p2a: Magnezone|0 fnt","|faint|p2a: Magnezone","|","|","|switch|p2a: Zapdos|Zapdos|113/384","|-ability|p2a: Zapdos|Pressure","|turn|24","|","|move|p2a: Zapdos|Roost|p2a: Zapdos","|-heal|p2a: Zapdos|305/384","|move|p1a: Florges|Moonblast|p2a: Zapdos","|-damage|p2a: Zapdos|208/384","|","|-heal|p2a: Zapdos|232/384|[from] item: Leftovers","|turn|25","|","|move|p2a: Zapdos|Roost|p2a: Zapdos","|-heal|p2a: Zapdos|384/384","|move|p1a: Florges|Moonblast|p2a: Zapdos","|-damage|p2a: Zapdos|284/384","|-unboost|p2a: Zapdos|spa|1","|","|-heal|p2a: Zapdos|308/384|[from] item: Leftovers","|turn|26","|","|move|p2a: Zapdos|Discharge|p1a: Florges","|-damage|p1a: Florges|311/360","|-status|p1a: Florges|par","|move|p1a: Florges|Moonblast|p2a: Zapdos","|-damage|p2a: Zapdos|218/384","|","|-heal|p2a: Zapdos|242/384|[from] item: Leftovers","|-heal|p1a: Florges|333/360 par|[from] item: Leftovers","|turn|27","|","|move|p2a: Zapdos|Discharge|p1a: Florges","|-damage|p1a: Florges|282/360 par","|move|p1a: Florges|Calm Mind|p1a: Florges","|-boost|p1a: Florges|spa|1","|-boost|p1a: Florges|spd|1","|","|-heal|p2a: Zapdos|266/384|[from] item: Leftovers","|-heal|p1a: Florges|304/360 par|[from] item: Leftovers","|turn|28","|","|win|Pastor Jeff"],"p1rating":{"entryid":"7544816","serverid":"eos","formatid":"monotype","userid":"pastorjeff","username":"Pastor Jeff","w":2,"l":"1","t":"0","gxe":54,"r":"1452.6466101426","rd":"121.93605339156","sigma":"0","rptime":"1439283600","rpr":1531.8641506033,"rprd":111.00484644633,"rpsigma":"0","acre":1077.0691759168,"lacre":1077.0691759168,"oldacre":"1042.7592938697"},"p2rating":{"entryid":"7307613","serverid":"eos","formatid":"monotype","userid":"brnzor","username":"Brnzor","w":"2","l":3,"t":"0","gxe":48.1,"r":1518.2811900127,"rd":107.15150195752,"sigma":"0","rptime":1439283600,"rpr":1484.7755081418,"rprd":103.09654847443,"rpsigma":"0","acre":1032.3325742036,"lacre":1032.3325742036,"oldacre":"1050.2476439842"},"endType":"forfeit"}