{"seed":[3930,64506,54273,57762],"turns":24,"p1":"Imp Got Cookies?","p2":"Alliance - Mxy","p1team":[{"name":"Lopunny","species":"Lopunny","item":"lopunnite","ability":"Cute Charm","moves":["fakeout","highjumpkick","frustration","icepunch"],"nature":"Jolly","evs":{"hp":0,"atk":252,"def":0,"spa":0,"spd":4,"spe":252},"shiny":true,"happiness":0,"ivs":{"hp":31,"atk":31,"def":31,"spa":31,"spd":31,"spe":31}},{"name":"Diggersby","species":"Diggersby","item":"choiceband","ability":"Huge Power","moves":["quickattack","earthquake","return","wildcharge"],"nature":"Adamant","evs":{"hp":248,"atk":252,"def":0,"spa":0,"spd":8,"spe":0},"ivs":{"hp":31,"atk":31,"def":31,"spa":31,"spd":31,"spe":31}},{"name":"Chansey","species":"Chansey","item":"eviolite","ability":"Natural Cure","moves":["softboiled","healbell","stealthrock","seismictoss"],"nature":"Bold","evs":{"hp":248,"atk":0,"def":252,"spa":0,"spd":8,"spe":0},"ivs":{"hp":31,"atk":31,"def":31,"spa":31,"spd":31,"spe":31}},{"name":"Porygon2","species":"Porygon2","item":"eviolite","ability":"Trace","moves":["discharge","recover","thunderwave","icebeam"],"nature":"Calm","evs":{"hp":248,"atk":0,"def":0,"spa":8,"spd":252,"spe":0},"ivs":{"hp":31,"atk":31,"def":31,"spa":31,"spd":31,"spe":31}},{"name":"Staraptor","species":"Staraptor","item":"choicescarf","ability":"Reckless","moves":["bravebird","closecombat","doubleedge","uturn"],"nature":"Jolly","evs":{"hp":0,"atk":252,"def":0,"spa":0,"spd":4,"spe":252},"ivs":{"hp":31,"atk":31,"def":31,"spa":31,"spd":31,"spe":31}},{"name":"Meloetta","species":"Meloetta","item":"choicespecs","ability":"Serene Grace","moves":["focusblast","shadowball","psyshock","hypervoice"],"nature":"Modest","evs":{"hp":248,"atk":0,"def":0,"spa":252,"spd":8,"spe":0},"ivs":{"hp":31,"atk":31,"def":31,"spa":31,"spd":31,"spe":31}}],"p2team":[{"name":"Beedrill","species":"Beedrill","item":"beedrillite","ability":"Swarm","moves":["uturn","poisonjab","drillrun","protect"],"nature":"Jolly","evs":{"hp":0,"atk":252,"def":0,"spa":0,"spd":4,"spe":252},"ivs":{"hp":31,"atk":31,"def":31,"spa":31,"spd":31,"spe":31}},{"name":"Weezing","species":"Weezing","item":"blacksludge","ability":"Levitate","moves":["fireblast","sludgewave","willowisp","painsplit"],"nature":"Bold","evs":{"hp":248,"atk":0,"def":252,"spa":8,"spd":0,"spe":0},"ivs":{"hp":31,"atk":31,"def":31,"spa":31,"spd":31,"spe":31}},{"name":"Roserade","species":"Roserade","item":"choicescarf","ability":"Natural Cure","moves":["leafstorm","dazzlinggleam","sludgebomb","shadowball"],"nature":"Timid","evs":{"hp":0,"atk":0,"def":0,"spa":252,"spd":4,"spe":252},"ivs":{"hp":31,"atk":31,"def":31,"spa":31,"spd":31,"spe":31}},{"name":"Gengar","species":"Gengar","item":"focussash","ability":"Levitate","moves":["shadowball","sludgewave","focusblast","destinybond"],"nature":"Timid","evs":{"hp":0,"atk":0,"def":0,"spa":252,"spd":4,"spe":252},"ivs":{"hp":31,"atk":31,"def":31,"spa":31,"spd":31,"spe":31}},{"name":"Skuntank","species":"Skuntank","item":"blackglasses","ability":"Aftermath","moves":["suckerpunch","pursuit","poisonjab","defog"],"nature":"Adamant","evs":{"hp":0,"atk":252,"def":0,"spa":0,"spd":0,"spe":252},"ivs":{"hp":31,"atk":31,"def":31,"spa":31,"spd":31,"spe":31}},{"name":"Nidoking","species":"Nidoking","item":"lifeorb","ability":"Sheer Force","moves":["earthpower","flamethrower","icebeam","shadowball"],"nature":"Timid","evs":{"hp":0,"atk":0,"def":0,"spa":252,"spd":4,"spe":252},"ivs":{"hp":31,"atk":31,"def":31,"spa":31,"spd":31,"spe":31}}],"log":["|player|p1|Imp Got Cookies?|2","|player|p2|Alliance - Mxy|270","|gametype|singles","|gen|6","|tier|Monotype","|rated","|rule|Baton Pass Clause: Limit one Baton Passer, can't pass Spe and other stats simultaneously","|rule|Swagger Clause: Swagger is banned","|rule|Same Type Clause: Pokémon in a team must share a type","|clearpoke","|poke|p1|Lopunny, F, shiny","|poke|p1|Diggersby, F","|poke|p1|Chansey, F","|poke|p1|Porygon2","|poke|p1|Staraptor, M","|poke|p1|Meloetta","|poke|p2|Beedrill, F","|poke|p2|Weezing, F","|poke|p2|Roserade, F","|poke|p2|Gengar, M","|poke|p2|Skuntank, F","|poke|p2|Nidoking, M","|rule|Sleep Clause Mod: Limit one foe put to sleep","|rule|Species Clause: Limit one of each Pokémon","|rule|OHKO Clause: OHKO moves are banned","|rule|Moody Clause: Moody is banned","|rule|Evasion Moves Clause: Evasion moves are banned","|rule|Endless Battle Clause: Forcing endless battles is banned","|rule|HP Percentage Mod: HP is shown in percentages","|teampreview","|","|start","|switch|p1a: Chansey|Chansey, F|703/703","|switch|p2a: Beedrill|Beedrill, F|271/271","|turn|1","|","|detailschange|p2a: Beedrill|Beedrill-Mega, F","|-mega|p2a: Beedrill|Beedrill|Beedrillite","|move|p2a: Beedrill|U-turn|p1a: Chansey","|-crit|p1a: Chansey","|-damage|p1a: Chansey|333/703","|","|switch|p2a: Weezing|Weezing, F|333/333","|move|p1a: Chansey|Stealth Rock|p2a: Weezing","|-sidestart|p2: Alliance - Mxy|move: Stealth Rock","|","|turn|2","|","|move|p2a: Weezing|Will-O-Wisp|p1a: Chansey","|-status|p1a: Chansey|brn","|move|p1a: Chansey|Soft-Boiled|p1a: Chansey","|-heal|p1a: Chansey|685/703 brn","|","|-damage|p1a: Chansey|598/703 brn|[from] brn","|turn|3","|","|switch|p2a: Skuntank|Skuntank, F|347/347","|-damage|p2a: Skuntank|304/347|[from] Stealth Rock","|switch|p1a: Meloetta|Meloetta|403/403","|","|turn|4","|","|move|p2a: Skuntank|Sucker Punch|p1a: Meloetta","|-supereffective|p1a: Meloetta","|-damage|p1a: Meloetta|17/403","|move|p1a: Meloetta|Hyper Voice|p2a: Skuntank","|-damage|p2a: Skuntank|0 fnt","|faint|p2a: Skuntank","|","|","|switch|p2a: Beedrill|Beedrill-Mega, F|271/271","|-damage|p2a: Beedrill|204/271|[from] Stealth Rock","|turn|5","|","|switch|p1a: Chansey|Chansey, F|598/703","|move|p2a: Beedrill|Poison Jab|p1a: Chansey","|-damage|p1a: Chansey|322/703","|","|turn|6","|","|move|p2a: Beedrill|Poison Jab|p1a: Chansey","|-crit|p1a: Chansey","|-damage|p1a: Chansey|0 fnt","|faint|p1a: Chansey","|","|","|switch|p1a: Staraptor|Staraptor, M|311/311","|turn|7","|","|move|p2a: Beedrill|Protect|p2a: Beedrill","|-singleturn|p2a: Beedrill|Protect","|move|p1a: Staraptor|Brave Bird|p2a: Beedrill","|-activate|p2a: Beedrill|Protect","|","|turn|8","|","|switch|p2a: Weezing|Weezing, F|333/333","|-damage|p2a: Weezing|292/333|[from] Stealth Rock","|move|p1a: Staraptor|Brave Bird|p2a: Weezing","|-damage|p2a: Weezing|141/333","|-damage|p1a: Staraptor|261/311|[from] recoil|[of] p2a: Weezing","|","|-heal|p2a: Weezing|161/333|[from] item: Black Sludge","|turn|9","|","|move|p1a: Staraptor|Brave Bird|p2a: Weezing","|-damage|p2a: Weezing|7/333","|-damage|p1a: Staraptor|210/311|[from] recoil|[of] p2a: Weezing","|move|p2a: Weezing|Pain Split|p1a: Staraptor","|-sethp|p1a: Staraptor|108/311|p2a: Weezing|108/333|[from] move: Pain Split","|","|-heal|p2a: Weezing|128/333|[from] item: Black Sludge","|turn|10","|","|switch|p1a: Porygon2|Porygon2|373/373","|-ability|p1a: Porygon2|Levitate|[from] ability: Trace|[of] p2a: Weezing","|switch|p2a: Roserade|Roserade, F|261/261","|-damage|p2a: Roserade|229/261|[from] Stealth Rock","|","|turn|11","|","|switch|p2a: Weezing|Weezing, F|128/333","|-damage|p2a: Weezing|87/333|[from] Stealth Rock","|move|p1a: Porygon2|Thunder Wave|p2a: Weezing","|-status|p2a: Weezing|par","|","|-heal|p2a: Weezing|107/333 par|[from] item: Black Sludge","|turn|12","|","|move|p1a: Porygon2|Discharge|p2a: Weezing","|-damage|p2a: Weezing|17/333 par","|move|p2a: Weezing|Pain Split|p1a: Porygon2","|-sethp|p1a: Porygon2|195/373|p2a: Weezing|195/333 par|[from] move: Pain Split","|","|-heal|p2a: Weezing|215/333 par|[from] item: Black Sludge","|turn|13","|","|move|p1a: Porygon2|Discharge|p2a: Weezing","|-damage|p2a: Weezing|128/333 par","|move|p2a: Weezing|Will-O-Wisp|p1a: Porygon2|[miss]","|-miss|p2a: Weezing|p1a: Porygon2","|","|-heal|p2a: Weezing|148/333 par|[from] item: Black Sludge","|turn|14","|","|move|p1a: Porygon2|Discharge|p2a: Weezing","|-damage|p2a: Weezing|57/333 par","|move|p2a: Weezing|Sludge Wave|p1a: Porygon2","|-damage|p1a: Porygon2|150/373","|","|-heal|p2a: Weezing|77/333 par|[from] item: Black Sludge","|turn|15","|","|switch|p2a: Roserade|Roserade, F|229/261","|-damage|p2a: Roserade|197/261|[from] Stealth Rock","|move|p1a: Porygon2|Ice Beam|p2a: Roserade","|-supereffective|p2a: Roserade","|-damage|p2a: Roserade|57/261","|","|turn|16","|","|move|p2a: Roserade|Leaf Storm|p1a: Porygon2","|-damage|p1a: Porygon2|39/373","|-unboost|p2a: Roserade|spa|2","|move|p1a: Porygon2|Recover|p1a: Porygon2","|-heal|p1a: Porygon2|226/373","|","|turn|17","|","|move|p2a: Roserade|Leaf Storm|p1a: Porygon2","|-damage|p1a: Porygon2|172/373","|-unboost|p2a: Roserade|spa|2","|move|p1a: Porygon2|Ice Beam|p2a: Roserade","|-supereffective|p2a: Roserade","|-damage|p2a: Roserade|0 fnt","|faint|p2a: Roserade","|","|","|switch|p2a: Beedrill|Beedrill-Mega, F|204/271","|-damage|p2a: Beedrill|137/271|[from] Stealth Rock","|turn|18","|","|move|p2a: Beedrill|U-turn|p1a: Porygon2","|-damage|p1a: Porygon2|44/373","|","|switch|p2a: Nidoking|Nidoking, M|303/303","|-damage|p2a: Nidoking|285/303|[from] Stealth Rock","|move|p1a: Porygon2|Recover|p1a: Porygon2","|-heal|p1a: Porygon2|231/373","|","|turn|19","|","|move|p2a: Nidoking|Earth Power|p1a: Porygon2","|-immune|p1a: Porygon2|[msg]","|move|p1a: Porygon2|Ice Beam|p2a: Nidoking","|-supereffective|p2a: Nidoking","|-damage|p2a: Nidoking|113/303","|","|turn|20","|","|move|p2a: Nidoking|Flamethrower|p1a: Porygon2","|-damage|p1a: Porygon2|161/373","|move|p1a: Porygon2|Ice Beam|p2a: Nidoking","|-supereffective|p2a: Nidoking","|-damage|p2a: Nidoking|0 fnt","|faint|p2a: Nidoking","|","|","|switch|p2a: Beedrill|Beedrill-Mega, F|137/271","|-damage|p2a: Beedrill|70/271|[from] Stealth Rock","|turn|21","|","|move|p2a: Beedrill|Poison Jab|p1a: Porygon2","|-damage|p1a: Porygon2|0 fnt","|faint|p1a: Porygon2","|","|","|switch|p1a: Staraptor|Staraptor, M|108/311","|turn|22","|","|switch|p2a: Gengar|Gengar, M|261/261","|-damage|p2a: Gengar|229/261|[from] Stealth Rock","|move|p1a: Staraptor|Brave Bird|p2a: Gengar","|-damage|p2a: Gengar|0 fnt","|-damage|p1a: Staraptor|32/311|[from] recoil|[of] p2a: Gengar","|faint|p2a: Gengar","|","|","|switch|p2a: Weezing|Weezing, F|77/333 par","|-damage|p2a: Weezing|36/333 par|[from] Stealth Rock","|turn|23","|","|move|p1a: Staraptor|Brave Bird|p2a: Weezing","|-damage|p2a: Weezing|0 fnt","|-damage|p1a: Staraptor|20/311|[from] recoil|[of] p2a: Weezing","|faint|p2a: Weezing","|","|","|switch|p2a: Beedrill|Beedrill-Mega, F|70/271","|-damage|p2a: Beedrill|3/271|[from] Stealth Rock","|turn|24","|","|move|p1a: Staraptor|Brave Bird|p2a: Beedrill","|-supereffective|p2a: Beedrill","|-damage|p2a: Beedrill|0 fnt","|-damage|p1a: Staraptor|19/311|[from] recoil|[of] p2a: Beedrill","|faint|p2a: Beedrill","|","|win|Imp Got Cookies?"],"p1rating":{"entryid":"7548871","serverid":"eos","formatid":"monotype","userid":"impgotcookies","username":"Imp Got Cookies","w":1,"l":"1","t":"0","gxe":50.4,"r":1451.73443168,"rd":121.93616769109,"sigma":"0","rptime":1439283600,"rpr":1503.4644325918,"rprd":115.89677483765,"rpsigma":"0","acre":1053.3007369918,"lacre":1053.3007369918,"oldacre":"1000"},"p2rating":{"entryid":"6690851","serverid":"eos","formatid":"monotype","userid":"alliancemxy","username":"Alliance - Mxy","w":"72","l":46,"t":"0","gxe":59.7,"r":"1578.3010914634","rd":"36.260044301362","sigma":"0","rptime":"1439283600","rpr":1574.1216906771,"rprd":36.099486753562,"rpsigma":"0","acre":1086.7806156097,"lacre":1086.7806156097,"oldacre":"1120.0935762296"},"endType":"normal"}