{"seed":[53520,50825,29491,686],"turns":28,"p1":"Intern Twizz","p2":"Rain Hoot","p1team":[{"name":"Magnezone","species":"Magnezone","item":"leftovers","ability":"Sturdy","moves":["flashcannon","thunderbolt","protect","hiddenpowerice"],"nature":"Modest","evs":{"hp":76,"atk":0,"def":180,"spa":252,"spd":0,"spe":0},"ivs":{"hp":31,"atk":30,"def":30,"spa":31,"spd":31,"spe":31}},{"name":"Zapdos","species":"Zapdos","item":"leftovers","ability":"Pressure","moves":["discharge","heatwave","toxic","roost"],"nature":"Bold","evs":{"hp":4,"atk":0,"def":252,"spa":56,"spd":196,"spe":0},"ivs":{"hp":31,"atk":31,"def":31,"spa":31,"spd":31,"spe":31}},{"name":"Ampharos","species":"Ampharos","item":"ampharosite","ability":"Static","moves":["cottonguard","rest","sleeptalk","dragonpulse"],"nature":"Bold","evs":{"hp":0,"atk":0,"def":252,"spa":136,"spd":120,"spe":0},"ivs":{"hp":31,"atk":31,"def":31,"spa":31,"spd":31,"spe":31}},{"name":"Raikou","species":"Raikou","item":"leftovers","ability":"Pressure","moves":["calmmind","substitute","thunderbolt","extrasensory"],"nature":"Timid","evs":{"hp":0,"atk":0,"def":0,"spa":252,"spd":4,"spe":252},"ivs":{"hp":31,"atk":31,"def":31,"spa":31,"spd":31,"spe":31}},{"name":"Rotom-Wash","species":"Rotom-Wash","item":"choicescarf","ability":"Levitate","moves":["voltswitch","hydropump","willowisp","trick"],"nature":"Timid","evs":{"hp":0,"atk":0,"def":0,"spa":252,"spd":4,"spe":252},"ivs":{"hp":31,"atk":31,"def":31,"spa":31,"spd":31,"spe":31}},{"name":"Condom","species":"eelektross","item":"assaultvest","ability":"Levitate","moves":["gigadrain","thunderbolt","drainpunch","knockoff"],"nature":"Quiet","evs":{"hp":3,"atk":136,"def":0,"spa":108,"spd":252,"spe":0},"ivs":{"hp":31,"atk":31,"def":31,"spa":31,"spd":31,"spe":31}}],"p2team":[{"name":"Shuckle","species":"Shuckle","item":"leftovers","ability":"Sturdy","moves":["stickyweb","stealthrock","toxic","encore"],"nature":"Calm","evs":{"hp":252,"atk":0,"def":4,"spa":0,"spd":252,"spe":0},"ivs":{"hp":31,"atk":31,"def":31,"spa":31,"spd":31,"spe":31}},{"name":"Diancie","species":"Diancie","item":"diancite","ability":"Clear Body","moves":["moonblast","diamondstorm","earthpower","protect"],"nature":"Hasty","evs":{"hp":0,"atk":0,"def":0,"spa":252,"spd":0,"spe":252},"ivs":{"hp":31,"atk":31,"def":31,"spa":31,"spd":31,"spe":31}},{"name":"Golem","species":"Golem","item":"weaknesspolicy","ability":"Sturdy","moves":["earthquake","rockblast","suckerpunch","rockpolish"],"nature":"Adamant","evs":{"hp":0,"atk":252,"def":0,"spa":0,"spd":4,"spe":252},"ivs":{"hp":31,"atk":31,"def":31,"spa":31,"spd":31,"spe":31}},{"name":"Regirock","species":"Regirock","item":"leftovers","ability":"Clear Body","moves":["curse","drainpunch","rest","sleeptalk"],"nature":"Impish","evs":{"hp":248,"atk":8,"def":252,"spa":0,"spd":0,"spe":0},"ivs":{"hp":31,"atk":31,"def":31,"spa":31,"spd":31,"spe":31}},{"name":"Cradily","species":"Cradily","item":"leftovers","ability":"Storm Drain","moves":["gigadrain","toxic","stockpile","recover"],"nature":"Calm","evs":{"hp":252,"atk":0,"def":0,"spa":4,"spd":252,"spe":0},"ivs":{"hp":31,"atk":31,"def":31,"spa":31,"spd":31,"spe":31}},{"name":"Aerodactyl","species":"Aerodactyl","item":"lifeorb","ability":"Pressure","moves":["aerialace","stoneedge","earthquake","fireblast"],"nature":"Hasty","evs":{"hp":0,"atk":252,"def":0,"spa":4,"spd":0,"spe":252},"ivs":{"hp":31,"atk":31,"def":31,"spa":31,"spd":31,"spe":31}}],"log":["|player|p1|Intern Twizz|122","|player|p2|Rain Hoot|266","|gametype|singles","|gen|6","|tier|Monotype","|rated","|rule|Baton Pass Clause: Limit one Baton Passer, can't pass Spe and other stats simultaneously","|rule|Swagger Clause: Swagger is banned","|rule|Same Type Clause: Pokémon in a team must share a type","|clearpoke","|poke|p1|Magnezone","|poke|p1|Zapdos","|poke|p1|Ampharos, M","|poke|p1|Raikou","|poke|p1|Rotom-Wash","|poke|p1|Eelektross, M","|poke|p2|Shuckle, F","|poke|p2|Diancie","|poke|p2|Golem, F","|poke|p2|Regirock","|poke|p2|Cradily, M","|poke|p2|Aerodactyl, M","|rule|Sleep Clause Mod: Limit one foe put to sleep","|rule|Species Clause: Limit one of each Pokémon","|rule|OHKO Clause: OHKO moves are banned","|rule|Moody Clause: Moody is banned","|rule|Evasion Moves Clause: Evasion moves are banned","|rule|Endless Battle Clause: Forcing endless battles is banned","|rule|HP Percentage Mod: HP is shown in percentages","|teampreview","|","|start","|switch|p1a: Rotom-Wash|Rotom-Wash|241/241","|switch|p2a: Shuckle|Shuckle, F|244/244","|turn|1","|","|move|p1a: Rotom-Wash|Trick|p2a: Shuckle","|-activate|p1a: Rotom-Wash|move: Trick|[of] p2a: Shuckle","|-item|p2a: Shuckle|Choice Scarf|[from] move: Trick","|-item|p1a: Rotom-Wash|Leftovers|[from] move: Trick","|move|p2a: Shuckle|Toxic|p1a: Rotom-Wash","|-status|p1a: Rotom-Wash|tox","|","|-damage|p1a: Rotom-Wash|226/241 tox|[from] psn","|turn|2","|","|switch|p2a: Regirock|Regirock|363/363","|move|p1a: Rotom-Wash|Will-O-Wisp|p2a: Regirock","|-status|p2a: Regirock|brn","|","|-heal|p1a: Rotom-Wash|241/241 tox|[from] item: Leftovers","|-damage|p1a: Rotom-Wash|211/241 tox|[from] psn","|-damage|p2a: Regirock|318/363 brn|[from] brn","|turn|3","|","|move|p1a: Rotom-Wash|Hydro Pump|p2a: Regirock","|-supereffective|p2a: Regirock","|-damage|p2a: Regirock|0 fnt","|faint|p2a: Regirock","|","|-heal|p1a: Rotom-Wash|226/241 tox|[from] item: Leftovers","|-damage|p1a: Rotom-Wash|181/241 tox|[from] psn","|","|switch|p2a: Shuckle|Shuckle, F|244/244","|turn|4","|","|move|p1a: Rotom-Wash|Hydro Pump|p2a: Shuckle","|-crit|p2a: Shuckle","|-supereffective|p2a: Shuckle","|-damage|p2a: Shuckle|34/244","|move|p2a: Shuckle|Stealth Rock|p1a: Rotom-Wash","|-sidestart|p1: Intern Twizz|move: Stealth Rock","|","|-heal|p1a: Rotom-Wash|196/241 tox|[from] item: Leftovers","|-damage|p1a: Rotom-Wash|136/241 tox|[from] psn","|turn|5","|","|move|p1a: Rotom-Wash|Volt Switch|p2a: Shuckle","|-damage|p2a: Shuckle|0 fnt","|faint|p2a: Shuckle","|","|switch|p1a: Condom|Eelektross, M|311/311","|-damage|p1a: Condom|273/311|[from] Stealth Rock","|","|","|switch|p2a: Diancie|Diancie|241/241","|turn|6","|","|detailschange|p2a: Diancie|Diancie-Mega","|-mega|p2a: Diancie|Diancie|Diancite","|move|p2a: Diancie|Diamond Storm|p1a: Condom","|-damage|p1a: Condom|75/311","|-boost|p2a: Diancie|def|1","|move|p1a: Condom|Knock Off|p2a: Diancie","|-resisted|p2a: Diancie","|-damage|p2a: Diancie|217/241","|","|turn|7","|","|move|p2a: Diancie|Moonblast|p1a: Condom","|-damage|p1a: Condom|0 fnt","|faint|p1a: Condom","|","|","|switch|p1a: Raikou|Raikou|321/321","|-damage|p1a: Raikou|281/321|[from] Stealth Rock","|-ability|p1a: Raikou|Pressure","|turn|8","|","|move|p1a: Raikou|Thunderbolt|p2a: Diancie","|-damage|p2a: Diancie|88/241","|move|p2a: Diancie|Earth Power|p1a: Raikou","|-supereffective|p1a: Raikou","|-damage|p1a: Raikou|21/321","|","|-heal|p1a: Raikou|41/321|[from] item: Leftovers","|turn|9","|","|switch|p2a: Golem|Golem, F|301/301","|move|p1a: Raikou|Thunderbolt|p2a: Golem","|-immune|p2a: Golem|[msg]","|","|-heal|p1a: Raikou|61/321|[from] item: Leftovers","|turn|10","|","|switch|p1a: Rotom-Wash|Rotom-Wash|136/241 tox","|-damage|p1a: Rotom-Wash|106/241 tox|[from] Stealth Rock","|move|p2a: Golem|Rock Blast|p1a: Rotom-Wash|[miss]","|-miss|p2a: Golem|p1a: Rotom-Wash","|","|-heal|p1a: Rotom-Wash|121/241 tox|[from] item: Leftovers","|-damage|p1a: Rotom-Wash|106/241 tox|[from] psn","|turn|11","|","|switch|p2a: Cradily|Cradily, M|376/376","|move|p1a: Rotom-Wash|Will-O-Wisp|p2a: Cradily","|-status|p2a: Cradily|brn","|","|-heal|p1a: Rotom-Wash|121/241 tox|[from] item: Leftovers","|-damage|p1a: Rotom-Wash|91/241 tox|[from] psn","|-damage|p2a: Cradily|329/376 brn|[from] brn","|turn|12","|","|switch|p2a: Golem|Golem, F|301/301","|move|p1a: Rotom-Wash|Volt Switch|p2a: Golem","|-immune|p2a: Golem|[msg]","|","|-heal|p1a: Rotom-Wash|106/241 tox|[from] item: Leftovers","|-damage|p1a: Rotom-Wash|61/241 tox|[from] psn","|turn|13","|","|switch|p2a: Cradily|Cradily, M|329/376 brn","|move|p1a: Rotom-Wash|Hydro Pump|p2a: Cradily","|-boost|p2a: Cradily|spa|1|[from] ability: Storm Drain","|","|-heal|p1a: Rotom-Wash|76/241 tox|[from] item: Leftovers","|-heal|p2a: Cradily|352/376 brn|[from] item: Leftovers","|-damage|p1a: Rotom-Wash|16/241 tox|[from] psn","|-damage|p2a: Cradily|305/376 brn|[from] brn","|turn|14","|","|move|p1a: Rotom-Wash|Hydro Pump|p2a: Cradily","|-boost|p2a: Cradily|spa|1|[from] ability: Storm Drain","|move|p2a: Cradily|Giga Drain|p1a: Rotom-Wash","|-supereffective|p1a: Rotom-Wash","|-damage|p1a: Rotom-Wash|0 fnt","|-heal|p2a: Cradily|313/376 brn|[from] drain|[of] p1a: Rotom-Wash","|faint|p1a: Rotom-Wash","|","|-heal|p2a: Cradily|336/376 brn|[from] item: Leftovers","|-damage|p2a: Cradily|289/376 brn|[from] brn","|","|switch|p1a: Zapdos|Zapdos|322/322","|-damage|p1a: Zapdos|242/322|[from] Stealth Rock","|-ability|p1a: Zapdos|Pressure","|turn|15","|","|move|p1a: Zapdos|Roost|p1a: Zapdos","|-heal|p1a: Zapdos|322/322","|move|p2a: Cradily|Toxic|p1a: Zapdos","|-status|p1a: Zapdos|tox","|","|-heal|p2a: Cradily|312/376 brn|[from] item: Leftovers","|-damage|p1a: Zapdos|302/322 tox|[from] psn","|-damage|p2a: Cradily|265/376 brn|[from] brn","|turn|16","|","|switch|p1a: Raikou|Raikou|61/321","|-damage|p1a: Raikou|21/321|[from] Stealth Rock","|-ability|p1a: Raikou|Pressure","|move|p2a: Cradily|Stockpile|p2a: Cradily","|-start|p2a: Cradily|stockpile1","|-boost|p2a: Cradily|def|1","|-boost|p2a: Cradily|spd|1","|","|-heal|p1a: Raikou|41/321|[from] item: Leftovers","|-heal|p2a: Cradily|288/376 brn|[from] item: Leftovers","|-damage|p2a: Cradily|241/376 brn|[from] brn","|turn|17","|","|move|p1a: Raikou|Substitute|p1a: Raikou","|-fail|p1a: Raikou|move: Substitute|[weak]","|move|p2a: Cradily|Giga Drain|p1a: Raikou","|-damage|p1a: Raikou|0 fnt","|-heal|p2a: Cradily|262/376 brn|[from] drain|[of] p1a: Raikou","|faint|p1a: Raikou","|","|-heal|p2a: Cradily|285/376 brn|[from] item: Leftovers","|-damage|p2a: Cradily|238/376 brn|[from] brn","|","|switch|p1a: Magnezone|Magnezone|300/300","|-damage|p1a: Magnezone|282/300|[from] Stealth Rock","|turn|18","|","|move|p1a: Magnezone|Protect|p1a: Magnezone","|-singleturn|p1a: Magnezone|Protect","|move|p2a: Cradily|Giga Drain|p1a: Magnezone","|-activate|p1a: Magnezone|Protect","|","|-heal|p1a: Magnezone|300/300|[from] item: Leftovers","|-heal|p2a: Cradily|261/376 brn|[from] item: Leftovers","|-damage|p2a: Cradily|214/376 brn|[from] brn","|turn|19","|","|move|p1a: Magnezone|Flash Cannon|p2a: Cradily","|-supereffective|p2a: Cradily","|-damage|p2a: Cradily|74/376 brn","|move|p2a: Cradily|Giga Drain|p1a: Magnezone","|-resisted|p1a: Magnezone","|-damage|p1a: Magnezone|222/300","|-heal|p2a: Cradily|113/376 brn|[from] drain|[of] p1a: Magnezone","|","|-heal|p1a: Magnezone|240/300|[from] item: Leftovers","|-heal|p2a: Cradily|136/376 brn|[from] item: Leftovers","|-damage|p2a: Cradily|89/376 brn|[from] brn","|turn|20","|","|move|p1a: Magnezone|Protect|p1a: Magnezone","|-singleturn|p1a: Magnezone|Protect","|move|p2a: Cradily|Giga Drain|p1a: Magnezone","|-activate|p1a: Magnezone|Protect","|","|-heal|p1a: Magnezone|258/300|[from] item: Leftovers","|-heal|p2a: Cradily|112/376 brn|[from] item: Leftovers","|-damage|p2a: Cradily|65/376 brn|[from] brn","|turn|21","|","|move|p1a: Magnezone|Flash Cannon|p2a: Cradily","|-supereffective|p2a: Cradily","|-damage|p2a: Cradily|0 fnt","|faint|p2a: Cradily","|","|-heal|p1a: Magnezone|276/300|[from] item: Leftovers","|","|switch|p2a: Golem|Golem, F|301/301","|turn|22","|","|move|p1a: Magnezone|Protect|p1a: Magnezone","|-singleturn|p1a: Magnezone|Protect","|move|p2a: Golem|Rock Polish|p2a: Golem","|-boost|p2a: Golem|spe|2","|","|-heal|p1a: Magnezone|294/300|[from] item: Leftovers","|turn|23","|","|switch|p1a: Zapdos|Zapdos|302/322 tox","|-damage|p1a: Zapdos|222/322 tox|[from] Stealth Rock","|-ability|p1a: Zapdos|Pressure","|move|p2a: Golem|Earthquake|p1a: Zapdos","|-immune|p1a: Zapdos|[msg]","|","|-heal|p1a: Zapdos|242/322 tox|[from] item: Leftovers","|-damage|p1a: Zapdos|222/322 tox|[from] psn","|turn|24","|","|move|p2a: Golem|Rock Blast|p1a: Zapdos","|-supereffective|p1a: Zapdos","|-damage|p1a: Zapdos|154/322 tox","|-supereffective|p1a: Zapdos","|-damage|p1a: Zapdos|80/322 tox","|-crit|p1a: Zapdos","|-supereffective|p1a: Zapdos","|-damage|p1a: Zapdos|0 fnt","|-hitcount|p1a: Zapdos|3","|faint|p1a: Zapdos","|","|","|switch|p1a: Ampharos|Ampharos, M|321/321","|-damage|p1a: Ampharos|281/321|[from] Stealth Rock","|turn|25","|","|detailschange|p1a: Ampharos|Ampharos-Mega, M","|-mega|p1a: Ampharos|Ampharos|Ampharosite","|-ability|p1a: Ampharos|Mold Breaker","|move|p2a: Golem|Earthquake|p1a: Ampharos","|-supereffective|p1a: Ampharos","|-damage|p1a: Ampharos|15/321","|move|p1a: Ampharos|Cotton Guard|p1a: Ampharos","|-boost|p1a: Ampharos|def|3","|","|turn|26","|","|move|p2a: Golem|Earthquake|p1a: Ampharos","|-supereffective|p1a: Ampharos","|-damage|p1a: Ampharos|0 fnt","|faint|p1a: Ampharos","|","|","|switch|p1a: Magnezone|Magnezone|294/300","|-damage|p1a: Magnezone|276/300|[from] Stealth Rock","|turn|27","|","|move|p1a: Magnezone|Protect|p1a: Magnezone","|-singleturn|p1a: Magnezone|Protect","|move|p2a: Golem|Earthquake|p1a: Magnezone","|-activate|p1a: Magnezone|Protect","|","|-heal|p1a: Magnezone|294/300|[from] item: Leftovers","|turn|28","|","|move|p2a: Golem|Earthquake|p1a: Magnezone","|-crit|p1a: Magnezone","|-supereffective|p1a: Magnezone","|-damage|p1a: Magnezone|0 fnt","|faint|p1a: Magnezone","|","|win|Rain Hoot"],"p1rating":{"entryid":"7448162","serverid":"eos","formatid":"monotype","userid":"interntwizz","username":"Intern Twizz","w":"26","l":24,"t":"0","gxe":52.6,"r":"1543.3992484387","rd":"51.111942211206","sigma":"0","rptime":"1439283600","rpr":1519.725918438,"rprd":48.526141839602,"rpsigma":"0","acre":1104.6075091739,"lacre":1104.6075091739,"oldacre":"1135.6469591809"},"p2rating":{"entryid":"7558745","serverid":"eos","formatid":"monotype","userid":"rainhoot","username":"Rain Hoot","w":3,"l":"3","t":"0","gxe":51.5,"r":"1500","rd":"130","sigma":"0","rptime":"1439283600","rpr":1511.8477693541,"rprd":97.824028245679,"rpsigma":"0","acre":1090.3689636893,"lacre":1090.3689636893,"oldacre":"1050.0217245975"},"endType":"normal"}