{"seed":[53097,51529,48509,44924],"turns":43,"p1":"SL_Camaro","p2":"Freelancer Photon","p1team":[{"name":"Draco","species":"drapion","item":"blacksludge","ability":"Sniper","moves":["acupressure","rest","sleeptalk","nightslash"],"nature":"Impish","evs":{"hp":0,"atk":4,"def":252,"spa":0,"spd":0,"spe":252},"ivs":{"hp":31,"atk":31,"def":31,"spa":31,"spd":31,"spe":31}},{"name":"Blackie","species":"umbreon","item":"leftovers","ability":"Synchronize","moves":["wish","healbell","toxic","foulplay"],"nature":"Calm","evs":{"hp":252,"atk":0,"def":4,"spa":0,"spd":252,"spe":0},"gender":"M","ivs":{"hp":31,"atk":31,"def":31,"spa":31,"spd":31,"spe":31}},{"name":"Worst","species":"mandibuzz","item":"rockyhelmet","ability":"Overcoat","moves":["defog","taunt","roost","foulplay"],"nature":"Impish","evs":{"hp":252,"atk":4,"def":252,"spa":0,"spd":0,"spe":0},"ivs":{"hp":31,"atk":31,"def":31,"spa":31,"spd":31,"spe":31}},{"name":"Rocky","species":"bisharp","item":"lifeorb","ability":"Defiant","moves":["swordsdance","suckerpunch","knockoff","ironhead"],"nature":"Adamant","evs":{"hp":4,"atk":252,"def":0,"spa":0,"spd":0,"spe":252},"ivs":{"hp":31,"atk":31,"def":31,"spa":31,"spd":31,"spe":31}},{"name":"Emerald","species":"sableye","item":"sablenite","ability":"Prankster","moves":["willowisp","calmmind","darkpulse","recover"],"nature":"Bold","evs":{"hp":252,"atk":0,"def":252,"spa":4,"spd":0,"spe":0},"ivs":{"hp":31,"atk":0,"def":31,"spa":31,"spd":31,"spe":31},"shiny":true},{"name":"NAZI","species":"hydreigon","item":"lifeorb","ability":"Levitate","moves":["dracometeor","darkpulse","superpower","flashcannon"],"nature":"Naive","evs":{"hp":0,"atk":56,"def":0,"spa":200,"spd":0,"spe":252},"ivs":{"hp":31,"atk":31,"def":31,"spa":31,"spd":31,"spe":31}}],"p2team":[{"name":"Sceptile","species":"Sceptile","item":"choiceband","ability":"Unburden","moves":["leafblade","earthquake","outrage","thunderpunch"],"nature":"Jolly","evs":{"hp":0,"atk":252,"def":0,"spa":0,"spd":4,"spe":252},"ivs":{"hp":31,"atk":31,"def":31,"spa":31,"spd":31,"spe":31}},{"name":"Venusaur","species":"Venusaur","item":"venusaurite","ability":"Overgrow","moves":["curse","synthesis","earthquake","petalblizzard"],"nature":"Adamant","evs":{"hp":248,"atk":252,"def":0,"spa":0,"spd":8,"spe":0},"ivs":{"hp":31,"atk":31,"def":31,"spa":31,"spd":31,"spe":31}},{"name":"Ludicolo","species":"Ludicolo","item":"choicespecs","ability":"Own Tempo","moves":["energyball","hiddenpowerfire","surf","icebeam"],"nature":"Modest","evs":{"hp":0,"atk":0,"def":0,"spa":252,"spd":4,"spe":252},"ivs":{"hp":31,"atk":30,"def":31,"spa":30,"spd":31,"spe":30}},{"name":"Ferrothorn","species":"Ferrothorn","item":"rockyhelmet","ability":"Iron Barbs","moves":["leechseed","stealthrock","thunderwave","gyroball"],"nature":"Impish","evs":{"hp":248,"atk":8,"def":252,"spa":0,"spd":0,"spe":0},"ivs":{"hp":31,"atk":31,"def":31,"spa":31,"spd":31,"spe":0}},{"name":"Celebi","species":"Celebi","item":"lifeorb","ability":"Natural Cure","moves":["stealthrock","psychic","earthpower","gigadrain"],"nature":"Timid","evs":{"hp":0,"atk":0,"def":0,"spa":252,"spd":4,"spe":252},"ivs":{"hp":31,"atk":31,"def":31,"spa":31,"spd":31,"spe":31}},{"name":"Serperior","species":"Serperior","item":"lifeorb","ability":"Contrary","moves":["leafstorm","gigadrain","hiddenpowerfire","dragonpulse"],"nature":"Timid","evs":{"hp":0,"atk":0,"def":0,"spa":252,"spd":4,"spe":252},"ivs":{"hp":31,"atk":30,"def":31,"spa":30,"spd":31,"spe":30}}],"log":["|player|p1|SL_Camaro|200","|player|p2|Freelancer Photon|66","|gametype|singles","|gen|6","|tier|Monotype","|rated","|rule|Baton Pass Clause: Limit one Baton Passer, can't pass Spe and other stats simultaneously","|rule|Swagger Clause: Swagger is banned","|rule|Same Type Clause: Pokémon in a team must share a type","|clearpoke","|poke|p1|Drapion, M","|poke|p1|Umbreon, M","|poke|p1|Mandibuzz, F","|poke|p1|Bisharp, F","|poke|p1|Sableye, M, shiny","|poke|p1|Hydreigon, M","|poke|p2|Sceptile, M","|poke|p2|Venusaur, M","|poke|p2|Ludicolo, F","|poke|p2|Ferrothorn, M","|poke|p2|Celebi","|poke|p2|Serperior, M","|rule|Sleep Clause Mod: Limit one foe put to sleep","|rule|Species Clause: Limit one of each Pokémon","|rule|OHKO Clause: OHKO moves are banned","|rule|Moody Clause: Moody is banned","|rule|Evasion Moves Clause: Evasion moves are banned","|rule|Endless Battle Clause: Forcing endless battles is banned","|rule|HP Percentage Mod: HP is shown in percentages","|teampreview","|","|start","|switch|p1a: Draco|Drapion, M|281/281","|switch|p2a: Serperior|Serperior, M|291/291","|turn|1","|","|switch|p2a: Ferrothorn|Ferrothorn, M|351/351","|move|p1a: Draco|Acupressure|p1a: Draco","|-boost|p1a: Draco|spd|2","|","|turn|2","|","|move|p1a: Draco|Acupressure|p1a: Draco","|-boost|p1a: Draco|evasion|2","|move|p2a: Ferrothorn|Leech Seed|p1a: Draco|[miss]","|-miss|p2a: Ferrothorn|p1a: Draco","|","|turn|3","|","|move|p1a: Draco|Acupressure|p1a: Draco","|-boost|p1a: Draco|spa|2","|move|p2a: Ferrothorn|Leech Seed|p1a: Draco|[miss]","|-miss|p2a: Ferrothorn|p1a: Draco","|","|turn|4","|","|move|p1a: Draco|Acupressure|p1a: Draco","|-boost|p1a: Draco|accuracy|2","|move|p2a: Ferrothorn|Leech Seed|p1a: Draco|[miss]","|-miss|p2a: Ferrothorn|p1a: Draco","|","|turn|5","|","|move|p1a: Draco|Acupressure|p1a: Draco","|-boost|p1a: Draco|atk|2","|move|p2a: Ferrothorn|Leech Seed|p1a: Draco|[miss]","|-miss|p2a: Ferrothorn|p1a: Draco","|","|turn|6","|","|move|p1a: Draco|Acupressure|p1a: Draco","|-boost|p1a: Draco|evasion|2","|move|p2a: Ferrothorn|Leech Seed|p1a: Draco|[miss]","|-miss|p2a: Ferrothorn|p1a: Draco","|","|turn|7","|","|move|p1a: Draco|Acupressure|p1a: Draco","|-boost|p1a: Draco|def|2","|move|p2a: Ferrothorn|Leech Seed|p1a: Draco|[miss]","|-miss|p2a: Ferrothorn|p1a: Draco","|","|turn|8","|","|move|p1a: Draco|Night Slash|p2a: Ferrothorn","|-damage|p2a: Ferrothorn|267/351","|-damage|p1a: Draco|246/281|[from] ability: Iron Barbs|[of] p2a: Ferrothorn","|-damage|p1a: Draco|200/281|[from] item: Rocky Helmet|[of] p2a: Ferrothorn","|move|p2a: Ferrothorn|Leech Seed|p1a: Draco|[miss]","|-miss|p2a: Ferrothorn|p1a: Draco","|","|-heal|p1a: Draco|217/281|[from] item: Black Sludge","|turn|9","|","|move|p1a: Draco|Acupressure|p1a: Draco","|-boost|p1a: Draco|atk|2","|move|p2a: Ferrothorn|Leech Seed|p1a: Draco","|-start|p1a: Draco|move: Leech Seed","|","|-heal|p1a: Draco|234/281|[from] item: Black Sludge","|-damage|p1a: Draco|199/281|[from] Leech Seed|[of] p2a: Ferrothorn","|-heal|p2a: Ferrothorn|302/351|[silent]","|turn|10","|","|move|p1a: Draco|Acupressure|p1a: Draco","|-boost|p1a: Draco|spd|2","|move|p2a: Ferrothorn|Stealth Rock|p1a: Draco","|-sidestart|p1: SL_Camaro|move: Stealth Rock","|","|-heal|p1a: Draco|216/281|[from] item: Black Sludge","|-damage|p1a: Draco|181/281|[from] Leech Seed|[of] p2a: Ferrothorn","|-heal|p2a: Ferrothorn|337/351|[silent]","|turn|11","|","|move|p1a: Draco|Acupressure|p1a: Draco","|-boost|p1a: Draco|spa|2","|move|p2a: Ferrothorn|Gyro Ball|p1a: Draco","|-damage|p1a: Draco|120/281","|","|-heal|p1a: Draco|137/281|[from] item: Black Sludge","|-damage|p1a: Draco|102/281|[from] Leech Seed|[of] p2a: Ferrothorn","|-heal|p2a: Ferrothorn|351/351|[silent]","|turn|12","|","|move|p1a: Draco|Rest|p1a: Draco","|-status|p1a: Draco|slp","|-heal|p1a: Draco|281/281 slp|[silent]","|-status|p1a: Draco|slp|[from] move: Rest","|move|p2a: Ferrothorn|Thunder Wave|p1a: Draco|[miss]","|-miss|p2a: Ferrothorn|p1a: Draco","|","|-damage|p1a: Draco|246/281 slp|[from] Leech Seed|[of] p2a: Ferrothorn","|turn|13","|","|switch|p2a: Celebi|Celebi|341/341","|cant|p1a: Draco|slp","|move|p1a: Draco|Sleep Talk|p1a: Draco","|move|p1a: Draco|Acupressure|p1a: Draco|[from]Sleep Talk","|-boost|p1a: Draco|evasion|2","|","|-heal|p1a: Draco|263/281 slp|[from] item: Black Sludge","|-damage|p1a: Draco|228/281 slp|[from] Leech Seed|[of] p2a: Celebi","|turn|14","|","|move|p2a: Celebi|Earth Power|p1a: Draco","|-supereffective|p1a: Draco","|-damage|p1a: Draco|121/281 slp","|-damage|p2a: Celebi|307/341|[from] item: Life Orb","|cant|p1a: Draco|slp","|move|p1a: Draco|Sleep Talk|p1a: Draco","|move|p1a: Draco|Rest|p1a: Draco|[from]Sleep Talk","|-fail|p1a: Draco","|","|-heal|p1a: Draco|138/281 slp|[from] item: Black Sludge","|-damage|p1a: Draco|103/281 slp|[from] Leech Seed|[of] p2a: Celebi","|-heal|p2a: Celebi|341/341|[silent]","|turn|15","|","|move|p2a: Celebi|Earth Power|p1a: Draco|[miss]","|-miss|p2a: Celebi|p1a: Draco","|-curestatus|p1a: Draco|slp","|move|p1a: Draco|Rest|p1a: Draco","|-status|p1a: Draco|slp","|-heal|p1a: Draco|281/281 slp|[silent]","|-status|p1a: Draco|slp|[from] move: Rest","|","|-damage|p1a: Draco|246/281 slp|[from] Leech Seed|[of] p2a: Celebi","|turn|16","|","|move|p2a: Celebi|Earth Power|p1a: Draco","|-supereffective|p1a: Draco","|-damage|p1a: Draco|150/281 slp","|-damage|p2a: Celebi|307/341|[from] item: Life Orb","|cant|p1a: Draco|slp","|move|p1a: Draco|Sleep Talk|p1a: Draco","|move|p1a: Draco|Night Slash|p2a: Celebi|[from]Sleep Talk","|-supereffective|p2a: Celebi","|-damage|p2a: Celebi|0 fnt","|faint|p2a: Celebi","|","|-heal|p1a: Draco|167/281 slp|[from] item: Black Sludge","|","|switch|p2a: Sceptile|Sceptile, M|281/281","|turn|17","|","|move|p2a: Sceptile|Earthquake|p1a: Draco","|-miss|p2a: Sceptile|p1a: Draco","|cant|p1a: Draco|slp","|move|p1a: Draco|Sleep Talk|p1a: Draco","|move|p1a: Draco|Night Slash|p2a: Sceptile|[from]Sleep Talk","|-damage|p2a: Sceptile|0 fnt","|faint|p2a: Sceptile","|","|-heal|p1a: Draco|184/281 slp|[from] item: Black Sludge","|","|switch|p2a: Ferrothorn|Ferrothorn, M|351/351","|turn|18","|","|switch|p2a: Venusaur|Venusaur, M|363/363","|-curestatus|p1a: Draco|slp","|move|p1a: Draco|Acupressure|p1a: Draco","|-boost|p1a: Draco|spd|2","|","|-heal|p1a: Draco|201/281|[from] item: Black Sludge","|-damage|p1a: Draco|166/281|[from] Leech Seed|[of] p2a: Venusaur","|turn|19","|","|detailschange|p2a: Venusaur|Venusaur-Mega, M","|-mega|p2a: Venusaur|Venusaur|Venusaurite","|move|p1a: Draco|Rest|p1a: Draco","|-status|p1a: Draco|slp","|-heal|p1a: Draco|281/281 slp|[silent]","|-status|p1a: Draco|slp|[from] move: Rest","|move|p2a: Venusaur|Earthquake|p1a: Draco","|-miss|p2a: Venusaur|p1a: Draco","|","|-damage|p1a: Draco|246/281 slp|[from] Leech Seed|[of] p2a: Venusaur","|turn|20","|","|cant|p1a: Draco|slp","|move|p1a: Draco|Sleep Talk|p1a: Draco","|move|p1a: Draco|Night Slash|p2a: Venusaur|[from]Sleep Talk","|-damage|p2a: Venusaur|185/363","|move|p2a: Venusaur|Curse|p2a: Venusaur","|-unboost|p2a: Venusaur|spe|1","|-boost|p2a: Venusaur|atk|1","|-boost|p2a: Venusaur|def|1","|","|-heal|p1a: Draco|263/281 slp|[from] item: Black Sludge","|-damage|p1a: Draco|228/281 slp|[from] Leech Seed|[of] p2a: Venusaur","|-heal|p2a: Venusaur|220/363|[silent]","|turn|21","|","|cant|p1a: Draco|slp","|move|p1a: Draco|Sleep Talk|p1a: Draco","|move|p1a: Draco|Acupressure|p1a: Draco|[from]Sleep Talk","|-boost|p1a: Draco|spa|2","|move|p2a: Venusaur|Curse|p2a: Venusaur","|-unboost|p2a: Venusaur|spe|1","|-boost|p2a: Venusaur|atk|1","|-boost|p2a: Venusaur|def|1","|","|-heal|p1a: Draco|245/281 slp|[from] item: Black Sludge","|-damage|p1a: Draco|210/281 slp|[from] Leech Seed|[of] p2a: Venusaur","|-heal|p2a: Venusaur|255/363|[silent]","|turn|22","|","|-curestatus|p1a: Draco|slp","|move|p1a: Draco|Acupressure|p1a: Draco","|-boost|p1a: Draco|spe|2","|move|p2a: Venusaur|Curse|p2a: Venusaur","|-unboost|p2a: Venusaur|spe|1","|-boost|p2a: Venusaur|atk|1","|-boost|p2a: Venusaur|def|1","|","|-heal|p1a: Draco|227/281|[from] item: Black Sludge","|-damage|p1a: Draco|192/281|[from] Leech Seed|[of] p2a: Venusaur","|-heal|p2a: Venusaur|290/363|[silent]","|turn|23","|","|move|p1a: Draco|Night Slash|p2a: Venusaur","|-damage|p2a: Venusaur|217/363","|move|p2a: Venusaur|Curse|p2a: Venusaur","|-unboost|p2a: Venusaur|spe|1","|-boost|p2a: Venusaur|atk|1","|-boost|p2a: Venusaur|def|1","|","|-heal|p1a: Draco|209/281|[from] item: Black Sludge","|-damage|p1a: Draco|174/281|[from] Leech Seed|[of] p2a: Venusaur","|-heal|p2a: Venusaur|252/363|[silent]","|turn|24","|","|move|p1a: Draco|Acupressure|p1a: Draco","|-boost|p1a: Draco|accuracy|2","|move|p2a: Venusaur|Earthquake|p1a: Draco","|-miss|p2a: Venusaur|p1a: Draco","|","|-heal|p1a: Draco|191/281|[from] item: Black Sludge","|-damage|p1a: Draco|156/281|[from] Leech Seed|[of] p2a: Venusaur","|-heal|p2a: Venusaur|287/363|[silent]","|turn|25","|","|move|p1a: Draco|Acupressure|p1a: Draco","|-boost|p1a: Draco|accuracy|2","|move|p2a: Venusaur|Earthquake|p1a: Draco","|-supereffective|p1a: Draco","|-damage|p1a: Draco|0 fnt","|faint|p1a: Draco","|","|","|switch|p1a: Worst|Mandibuzz, F|424/424","|-damage|p1a: Worst|318/424|[from] Stealth Rock","|turn|26","|","|move|p1a: Worst|Foul Play|p2a: Venusaur","|-damage|p2a: Venusaur|166/363","|move|p2a: Venusaur|Petal Blizzard|p1a: Worst","|-crit|p1a: Worst","|-resisted|p1a: Worst","|-damage|p1a: Worst|108/424","|","|turn|27","|","|move|p1a: Worst|Foul Play|p2a: Venusaur","|-damage|p2a: Venusaur|34/363","|move|p2a: Venusaur|Synthesis|p2a: Venusaur","|-heal|p2a: Venusaur|215/363","|","|turn|28","|","|move|p1a: Worst|Taunt|p2a: Venusaur","|-start|p2a: Venusaur|move: Taunt","|cant|p2a: Venusaur|move: Taunt|Synthesis","|","|turn|29","|","|switch|p2a: Ferrothorn|Ferrothorn, M|351/351","|move|p1a: Worst|Foul Play|p2a: Ferrothorn","|-damage|p2a: Ferrothorn|284/351","|-damage|p1a: Worst|55/424|[from] ability: Iron Barbs|[of] p2a: Ferrothorn","|-damage|p1a: Worst|0 fnt|[from] item: Rocky Helmet|[of] p2a: Ferrothorn","|faint|p1a: Worst","|","|","|switch|p1a: Emerald|Sableye, M, shiny|304/304","|-damage|p1a: Emerald|266/304|[from] Stealth Rock","|turn|30","|","|switch|p2a: Serperior|Serperior, M|291/291","|detailschange|p1a: Emerald|Sableye-Mega, M, shiny","|-mega|p1a: Emerald|Sableye|Sablenite","|move|p1a: Emerald|Will-O-Wisp|p2a: Serperior","|-status|p2a: Serperior|brn","|","|-damage|p2a: Serperior|255/291 brn|[from] brn","|turn|31","|","|move|p2a: Serperior|Leaf Storm|p1a: Emerald","|-damage|p1a: Emerald|87/304","|-boost|p2a: Serperior|spa|2","|-damage|p2a: Serperior|226/291 brn|[from] item: Life Orb","|move|p1a: Emerald|Calm Mind|p1a: Emerald","|-boost|p1a: Emerald|spa|1","|-boost|p1a: Emerald|spd|1","|","|-damage|p2a: Serperior|190/291 brn|[from] brn","|turn|32","|","|move|p2a: Serperior|Giga Drain|p1a: Emerald","|-damage|p1a: Emerald|0 fnt","|-heal|p2a: Serperior|234/291 brn|[from] drain|[of] p1a: Emerald","|-damage|p2a: Serperior|205/291 brn|[from] item: Life Orb","|faint|p1a: Emerald","|","|-damage|p2a: Serperior|169/291 brn|[from] brn","|","|switch|p1a: Rocky|Bisharp, F|272/272","|-damage|p1a: Rocky|255/272|[from] Stealth Rock","|turn|33","|","|move|p1a: Rocky|Sucker Punch|p2a: Serperior","|-crit|p2a: Serperior","|-damage|p2a: Serperior|0 fnt","|-damage|p1a: Rocky|228/272|[from] item: Life Orb","|faint|p2a: Serperior","|","|","|switch|p2a: Venusaur|Venusaur-Mega, M|215/363","|turn|34","|","|move|p1a: Rocky|Swords Dance|p1a: Rocky","|-boost|p1a: Rocky|atk|2","|move|p2a: Venusaur|Earthquake|p1a: Rocky","|-supereffective|p1a: Rocky","|-damage|p1a: Rocky|14/272","|","|turn|35","|","|switch|p2a: Ferrothorn|Ferrothorn, M|284/351","|move|p1a: Rocky|Sucker Punch|p2a: Ferrothorn","|-fail|p1a: Rocky","|","|turn|36","|","|move|p1a: Rocky|Knock Off|p2a: Ferrothorn","|-damage|p2a: Ferrothorn|3/351","|-damage|p1a: Rocky|0 fnt|[from] ability: Iron Barbs|[of] p2a: Ferrothorn","|faint|p1a: Rocky","|move|p2a: Ferrothorn|Leech Seed|p1: Rocky|[notarget]","|-notarget","|","|","|switch|p1a: NAZI|Hydreigon, M|325/325","|-damage|p1a: NAZI|285/325|[from] Stealth Rock","|turn|37","|","|move|p1a: NAZI|Dark Pulse|p2a: Ferrothorn","|-crit|p2a: Ferrothorn","|-damage|p2a: Ferrothorn|0 fnt","|-damage|p1a: NAZI|253/325|[from] item: Life Orb","|faint|p2a: Ferrothorn","|","|","|switch|p2a: Ludicolo|Ludicolo, F|301/301","|turn|38","|","|move|p1a: NAZI|Draco Meteor|p2a: Ludicolo","|-damage|p2a: Ludicolo|7/301","|-unboost|p1a: NAZI|spa|2","|-damage|p1a: NAZI|221/325|[from] item: Life Orb","|move|p2a: Ludicolo|Ice Beam|p1a: NAZI","|-supereffective|p1a: NAZI","|-damage|p1a: NAZI|0 fnt","|faint|p1a: NAZI","|","|","|switch|p1a: Blackie|Umbreon, M|394/394","|-damage|p1a: Blackie|345/394|[from] Stealth Rock","|turn|39","|","|move|p2a: Ludicolo|Ice Beam|p1a: Blackie","|-damage|p1a: Blackie|262/394","|move|p1a: Blackie|Foul Play|p2a: Ludicolo","|-damage|p2a: Ludicolo|0 fnt","|faint|p2a: Ludicolo","|","|-heal|p1a: Blackie|286/394|[from] item: Leftovers","|","|switch|p2a: Venusaur|Venusaur-Mega, M|215/363","|turn|40","|","|move|p2a: Venusaur|Synthesis|p2a: Venusaur","|-heal|p2a: Venusaur|363/363","|move|p1a: Blackie|Foul Play|p2a: Venusaur","|-damage|p2a: Venusaur|222/363","|","|-heal|p1a: Blackie|310/394|[from] item: Leftovers","|turn|41","|","|move|p2a: Venusaur|Curse|p2a: Venusaur","|-unboost|p2a: Venusaur|spe|1","|-boost|p2a: Venusaur|atk|1","|-boost|p2a: Venusaur|def|1","|move|p1a: Blackie|Wish|p1a: Blackie","|","|-heal|p1a: Blackie|334/394|[from] item: Leftovers","|turn|42","|","|move|p1a: Blackie|Foul Play|p2a: Venusaur","|-damage|p2a: Venusaur|93/363","|move|p2a: Venusaur|Curse|p2a: Venusaur","|-unboost|p2a: Venusaur|spe|1","|-boost|p2a: Venusaur|atk|1","|-boost|p2a: Venusaur|def|1","|","|-heal|p1a: Blackie|394/394|[from] move: Wish|[wisher] Blackie","|turn|43","|","|move|p1a: Blackie|Foul Play|p2a: Venusaur","|-damage|p2a: Venusaur|0 fnt","|faint|p2a: Venusaur","|","|win|SL_Camaro"],"p1rating":{"entryid":7554536,"formatid":"monotype","userid":"slcamaro","username":"SL_Camaro","r":1500,"rd":130,"sigma":0,"rpr":1546.1044505294,"rprd":122.71812643589,"rpsigma":0,"rptime":1439283600,"w":1,"l":0,"t":0,"gxe":55.7,"acre":1055.8377021229,"lacre":1055.8377021229,"oldacre":1000},"p2rating":{"entryid":"7529200","serverid":"eos","formatid":"monotype","userid":"freelancerphoton","username":"Freelancer Photon","w":"11","l":6,"t":"0","gxe":58.3,"r":1582.9756651783,"rd":76.453645691392,"sigma":"0","rptime":1439283600,"rpr":1564.7629395135,"rprd":74.989669380978,"rpsigma":"0","acre":1110.6171575612,"lacre":1110.6171575612,"oldacre":"1145.515721388"},"endType":"normal"}