{"seed":[19720,36951,59249,12559],"turns":21,"p1":"WitchOfCaldia","p2":"Intern Twizz🔴🔺🔴","p1team":[{"name":"Alakazam","species":"Alakazam","item":"lifeorb","ability":"Magic Guard","moves":["psychic","focusblast","shadowball","hiddenpowerice"],"nature":"Timid","evs":{"hp":0,"atk":0,"def":4,"spa":252,"spd":0,"spe":252},"ivs":{"atk":30,"def":30,"hp":31,"spe":31,"spa":31,"spd":31}},{"name":"Girafarig","species":"Girafarig","item":"lifeorb","ability":"Sap Sipper","moves":["nastyplot","batonpass","psychic","hypervoice"],"nature":"Timid","evs":{"hp":0,"atk":0,"def":0,"spa":252,"spd":4,"spe":252},"ivs":{"hp":31,"atk":31,"def":31,"spa":31,"spd":31,"spe":31}},{"name":"Reuniclus","species":"Reuniclus","item":"leftovers","ability":"Magic Guard","moves":["calmmind","psyshock","focusblast","recover"],"nature":"Bold","evs":{"hp":252,"atk":0,"def":200,"spa":0,"spd":56,"spe":0},"ivs":{"hp":31,"atk":31,"def":31,"spa":31,"spd":31,"spe":31}},{"name":"Malamar","species":"Malamar","item":"leftovers","ability":"Contrary","moves":["superpower","knockoff","psychocut","substitute"],"nature":"Careful","evs":{"hp":248,"atk":0,"def":0,"spa":0,"spd":148,"spe":112},"ivs":{"hp":31,"atk":31,"def":31,"spa":31,"spd":31,"spe":31}},{"name":"Gothitelle","species":"Gothitelle","item":"choicespecs","ability":"Shadow Tag","moves":["psychic","trick","thunderbolt","hiddenpowerfire"],"nature":"Modest","evs":{"hp":168,"atk":0,"def":0,"spa":252,"spd":0,"spe":88},"ivs":{"atk":30,"spa":30,"spe":30,"hp":31,"def":31,"spd":31}},{"name":"Gardevoir","species":"Gardevoir","item":"gardevoirite","ability":"Telepathy","moves":["moonblast","psyshock","willowisp","psychic"],"nature":"Modest","evs":{"hp":248,"atk":0,"def":0,"spa":252,"spd":8,"spe":0},"ivs":{"hp":31,"atk":31,"def":31,"spa":31,"spd":31,"spe":31}}],"p2team":[{"name":"Magnezone","species":"Magnezone","item":"leftovers","ability":"Sturdy","moves":["flashcannon","thunderbolt","protect","hiddenpowerice"],"nature":"Modest","evs":{"hp":76,"atk":0,"def":180,"spa":252,"spd":0,"spe":0},"ivs":{"hp":31,"atk":30,"def":30,"spa":31,"spd":31,"spe":31}},{"name":"Zapdos","species":"Zapdos","item":"leftovers","ability":"Pressure","moves":["discharge","heatwave","toxic","roost"],"nature":"Bold","evs":{"hp":4,"atk":0,"def":252,"spa":56,"spd":196,"spe":0},"ivs":{"hp":31,"atk":31,"def":31,"spa":31,"spd":31,"spe":31}},{"name":"Ampharos","species":"Ampharos","item":"ampharosite","ability":"Static","moves":["cottonguard","rest","sleeptalk","dragonpulse"],"nature":"Bold","evs":{"hp":0,"atk":0,"def":252,"spa":136,"spd":120,"spe":0},"ivs":{"hp":31,"atk":31,"def":31,"spa":31,"spd":31,"spe":31}},{"name":"Raikou","species":"Raikou","item":"leftovers","ability":"Pressure","moves":["calmmind","substitute","thunderbolt","extrasensory"],"nature":"Timid","evs":{"hp":0,"atk":0,"def":0,"spa":252,"spd":4,"spe":252},"ivs":{"hp":31,"atk":31,"def":31,"spa":31,"spd":31,"spe":31}},{"name":"Rotom-Wash","species":"Rotom-Wash","item":"choicescarf","ability":"Levitate","moves":["voltswitch","hydropump","willowisp","trick"],"nature":"Timid","evs":{"hp":0,"atk":0,"def":0,"spa":252,"spd":4,"spe":252},"ivs":{"hp":31,"atk":31,"def":31,"spa":31,"spd":31,"spe":31}},{"name":"Condom","species":"eelektross","item":"assaultvest","ability":"Levitate","moves":["gigadrain","thunderbolt","drainpunch","knockoff"],"nature":"Quiet","evs":{"hp":3,"atk":136,"def":0,"spa":108,"spd":252,"spe":0},"ivs":{"hp":31,"atk":31,"def":31,"spa":31,"spd":31,"spe":31}}],"log":["|player|p1|WitchOfCaldia|260","|player|p2|Intern Twizz🔴🔺🔴|122","|gametype|singles","|gen|6","|tier|Monotype","|rated","|rule|Baton Pass Clause: Limit one Baton Passer, can't pass Spe and other stats simultaneously","|rule|Swagger Clause: Swagger is banned","|rule|Same Type Clause: Pokémon in a team must share a type","|clearpoke","|poke|p1|Alakazam, M","|poke|p1|Girafarig, M","|poke|p1|Reuniclus, F","|poke|p1|Malamar, M","|poke|p1|Gothitelle, M","|poke|p1|Gardevoir, M","|poke|p2|Magnezone","|poke|p2|Zapdos","|poke|p2|Ampharos, M","|poke|p2|Raikou","|poke|p2|Rotom-Wash","|poke|p2|Eelektross, F","|rule|Sleep Clause Mod: Limit one foe put to sleep","|rule|Species Clause: Limit one of each Pokémon","|rule|OHKO Clause: OHKO moves are banned","|rule|Moody Clause: Moody is banned","|rule|Evasion Moves Clause: Evasion moves are banned","|rule|Endless Battle Clause: Forcing endless battles is banned","|rule|HP Percentage Mod: HP is shown in percentages","|teampreview","|","|start","|switch|p1a: Gardevoir|Gardevoir, M|339/339","|switch|p2a: Rotom-Wash|Rotom-Wash|241/241","|turn|1","|","|move|p2a: Rotom-Wash|Volt Switch|p1a: Gardevoir","|-damage|p1a: Gardevoir|243/339","|","|switch|p2a: Condom|Eelektross, F|311/311","|move|p1a: Gardevoir|Psychic|p2a: Condom","|-damage|p2a: Condom|209/311","|","|turn|2","|","|move|p1a: Gardevoir|Psychic|p2a: Condom","|-damage|p2a: Condom|103/311","|move|p2a: Condom|Knock Off|p1a: Gardevoir","|-damage|p1a: Gardevoir|151/339","|","|turn|3","|","|move|p1a: Gardevoir|Psyshock|p2a: Condom","|-damage|p2a: Condom|0 fnt","|faint|p2a: Condom","|","|","|switch|p2a: Raikou|Raikou|321/321","|-ability|p2a: Raikou|Pressure","|turn|4","|","|detailschange|p1a: Gardevoir|Gardevoir-Mega, M","|-mega|p1a: Gardevoir|Gardevoir|Gardevoirite","|move|p2a: Raikou|Substitute|p2a: Raikou","|-start|p2a: Raikou|Substitute","|-damage|p2a: Raikou|241/321","|move|p1a: Gardevoir|Moonblast|p2a: Raikou","|-end|p2a: Raikou|Substitute","|","|-heal|p2a: Raikou|261/321|[from] item: Leftovers","|turn|5","|","|move|p2a: Raikou|Calm Mind|p2a: Raikou","|-boost|p2a: Raikou|spa|1","|-boost|p2a: Raikou|spd|1","|move|p1a: Gardevoir|Psyshock|p2a: Raikou","|-crit|p2a: Raikou","|-damage|p2a: Raikou|0 fnt","|faint|p2a: Raikou","|","|","|switch|p2a: Zapdos|Zapdos|322/322","|-ability|p2a: Zapdos|Pressure","|turn|6","|","|move|p1a: Gardevoir|Moonblast|p2a: Zapdos","|-damage|p2a: Zapdos|124/322","|move|p2a: Zapdos|Toxic|p1a: Gardevoir","|-status|p1a: Gardevoir|tox","|","|-heal|p2a: Zapdos|144/322|[from] item: Leftovers","|-damage|p1a: Gardevoir|130/339 tox|[from] psn","|turn|7","|","|switch|p2a: Magnezone|Magnezone|300/300","|move|p1a: Gardevoir|Psychic|p2a: Magnezone","|-resisted|p2a: Magnezone","|-damage|p2a: Magnezone|187/300","|","|-heal|p2a: Magnezone|205/300|[from] item: Leftovers","|-damage|p1a: Gardevoir|88/339 tox|[from] psn","|turn|8","|","|move|p2a: Magnezone|Protect|p2a: Magnezone","|-singleturn|p2a: Magnezone|Protect","|move|p1a: Gardevoir|Will-O-Wisp|p2a: Magnezone","|-activate|p2a: Magnezone|Protect","|","|-heal|p2a: Magnezone|223/300|[from] item: Leftovers","|-damage|p1a: Gardevoir|25/339 tox|[from] psn","|turn|9","|","|switch|p2a: Zapdos|Zapdos|144/322","|-ability|p2a: Zapdos|Pressure","|move|p1a: Gardevoir|Moonblast|p2a: Zapdos","|-damage|p2a: Zapdos|0 fnt","|faint|p2a: Zapdos","|","|-damage|p1a: Gardevoir|0 fnt|[from] psn","|faint|p1a: Gardevoir","|","|switch|p2a: Rotom-Wash|Rotom-Wash|241/241","|switch|p1a: Malamar|Malamar, M|375/375","|turn|10","|","|move|p2a: Rotom-Wash|Will-O-Wisp|p1a: Malamar","|-status|p1a: Malamar|brn","|move|p1a: Malamar|Knock Off|p2a: Rotom-Wash","|-damage|p2a: Rotom-Wash|195/241","|-enditem|p2a: Rotom-Wash|Choice Scarf|[from] move: Knock Off|[of] p1a: Malamar","|","|-damage|p1a: Malamar|329/375 brn|[from] brn","|turn|11","|","|move|p2a: Rotom-Wash|Trick|p1a: Malamar","|-activate|p2a: Rotom-Wash|move: Trick|[of] p1a: Malamar","|-item|p2a: Rotom-Wash|Leftovers|[from] move: Trick","|move|p1a: Malamar|Psycho Cut|p2a: Rotom-Wash","|-damage|p2a: Rotom-Wash|161/241","|","|-heal|p2a: Rotom-Wash|176/241|[from] item: Leftovers","|-damage|p1a: Malamar|283/375 brn|[from] brn","|turn|12","|","|move|p2a: Rotom-Wash|Volt Switch|p1a: Malamar","|-damage|p1a: Malamar|175/375 brn","|","|switch|p2a: Magnezone|Magnezone|223/300","|move|p1a: Malamar|Superpower|p2a: Magnezone","|-supereffective|p2a: Magnezone","|-damage|p2a: Magnezone|159/300","|-boost|p1a: Malamar|atk|1","|-boost|p1a: Malamar|def|1","|","|-heal|p2a: Magnezone|177/300|[from] item: Leftovers","|-damage|p1a: Malamar|129/375 brn|[from] brn","|turn|13","|","|move|p1a: Malamar|Substitute|p1a: Malamar","|-start|p1a: Malamar|Substitute","|-damage|p1a: Malamar|36/375 brn","|move|p2a: Magnezone|Thunderbolt|p1a: Malamar","|-end|p1a: Malamar|Substitute","|","|-heal|p2a: Magnezone|195/300|[from] item: Leftovers","|-damage|p1a: Malamar|0 fnt|[from] brn","|faint|p1a: Malamar","|","|switch|p1a: Gothitelle|Gothitelle, M|323/323","|turn|14","|","|move|p2a: Magnezone|Protect|p2a: Magnezone","|-singleturn|p2a: Magnezone|Protect","|move|p1a: Gothitelle|Hidden Power|p2a: Magnezone","|-activate|p2a: Magnezone|Protect","|","|-heal|p2a: Magnezone|213/300|[from] item: Leftovers","|turn|15","|","|move|p1a: Gothitelle|Hidden Power|p2a: Magnezone","|-supereffective|p2a: Magnezone","|-damage|p2a: Magnezone|0 fnt","|faint|p2a: Magnezone","|","|","|switch|p2a: Rotom-Wash|Rotom-Wash|176/241","|turn|16","|","|move|p2a: Rotom-Wash|Will-O-Wisp|p1a: Gothitelle","|-status|p1a: Gothitelle|brn","|move|p1a: Gothitelle|Hidden Power|p2a: Rotom-Wash","|-resisted|p2a: Rotom-Wash","|-damage|p2a: Rotom-Wash|131/241","|","|-heal|p2a: Rotom-Wash|146/241|[from] item: Leftovers","|-damage|p1a: Gothitelle|283/323 brn|[from] brn","|turn|17","|","|move|p2a: Rotom-Wash|Volt Switch|p1a: Gothitelle","|-damage|p1a: Gothitelle|177/323 brn","|","|switch|p2a: Ampharos|Ampharos, M|321/321","|move|p1a: Gothitelle|Hidden Power|p2a: Ampharos","|-damage|p2a: Ampharos|230/321","|","|-damage|p1a: Gothitelle|137/323 brn|[from] brn","|turn|18","|","|detailschange|p2a: Ampharos|Ampharos-Mega, M","|-mega|p2a: Ampharos|Ampharos|Ampharosite","|-ability|p2a: Ampharos|Mold Breaker","|move|p1a: Gothitelle|Hidden Power|p2a: Ampharos","|-resisted|p2a: Ampharos","|-damage|p2a: Ampharos|191/321","|move|p2a: Ampharos|Dragon Pulse|p1a: Gothitelle","|-damage|p1a: Gothitelle|0 fnt","|faint|p1a: Gothitelle","|","|","|switch|p1a: Alakazam|Alakazam, M|251/251","|turn|19","|","|move|p1a: Alakazam|Hidden Power|p2a: Ampharos","|-supereffective|p2a: Ampharos","|-damage|p2a: Ampharos|38/321","|move|p2a: Ampharos|Dragon Pulse|p1a: Alakazam","|-damage|p1a: Alakazam|77/251","|","|turn|20","|","|switch|p2a: Rotom-Wash|Rotom-Wash|146/241","|move|p1a: Alakazam|Psychic|p2a: Rotom-Wash","|-damage|p2a: Rotom-Wash|0 fnt","|faint|p2a: Rotom-Wash","|","|","|switch|p2a: Ampharos|Ampharos-Mega, M|38/321","|-ability|p2a: Ampharos|Mold Breaker","|turn|21","|","|move|p1a: Alakazam|Hidden Power|p2a: Ampharos","|-supereffective|p2a: Ampharos","|-damage|p2a: Ampharos|0 fnt","|faint|p2a: Ampharos","|","|win|WitchOfCaldia"],"p1rating":{"entryid":"7188337","serverid":"eos","formatid":"monotype","userid":"witchofcaldia","username":"WitchofCaldia","w":31,"l":"54","t":"0","gxe":37.7,"r":"1401.1239712819","rd":"42.868016564337","sigma":"0","rptime":"1439283600","rpr":1404.6285526003,"rprd":42.346141653043,"rpsigma":"0","acre":1073.9702439159,"lacre":1073.9702439159,"oldacre":"1035.1115076373"},"p2rating":{"entryid":"7448162","serverid":"eos","formatid":"monotype","userid":"interntwizz","username":"Intern Twizz","w":"26","l":26,"t":"0","gxe":50.5,"r":"1543.3992484387","rd":"51.111942211206","sigma":"0","rptime":"1439283600","rpr":1503.4344878449,"rprd":47.739334802228,"rpsigma":"0","acre":1052.535932326,"lacre":1052.535932326,"oldacre":"1076.574065945"},"endType":"normal"}