{"seed":[40666,60665,1443,39382],"turns":29,"p1":"Void KGBeast","p2":"Etrayu","p1team":[{"name":"Charizard","species":"Charizard","item":"charizarditey","ability":"Blaze","moves":["defog","focusblast","fireblast","solarbeam"],"nature":"Timid","evs":{"hp":0,"atk":0,"def":0,"spa":252,"spd":4,"spe":252},"ivs":{"hp":31,"atk":31,"def":31,"spa":31,"spd":31,"spe":31}},{"name":"Infernape","species":"Infernape","item":"focussash","ability":"Blaze","moves":["stealthrock","taunt","closecombat","fireblast"],"nature":"Naive","evs":{"hp":0,"atk":252,"def":0,"spa":4,"spd":0,"spe":252},"ivs":{"hp":31,"atk":31,"def":31,"spa":31,"spd":31,"spe":31}},{"name":"Darmanitan","species":"Darmanitan","item":"choicescarf","ability":"Sheer Force","moves":["flareblitz","uturn","rockslide","superpower"],"nature":"Jolly","evs":{"hp":0,"atk":252,"def":0,"spa":0,"spd":4,"spe":252},"ivs":{"hp":31,"atk":31,"def":31,"spa":31,"spd":31,"spe":31}},{"name":"Heatran","species":"Heatran","item":"leftovers","ability":"Flash Fire","moves":["solarbeam","toxic","earthpower","flashcannon"],"nature":"Calm","evs":{"hp":248,"atk":0,"def":0,"spa":0,"spd":252,"spe":8},"ivs":{"hp":31,"atk":0,"def":31,"spa":31,"spd":31,"spe":31}},{"name":"Rotom-Heat","species":"Rotom-Heat","item":"choicescarf","ability":"Levitate","moves":["voltswitch","thunderbolt","hiddenpowerice","overheat"],"nature":"Modest","evs":{"hp":0,"atk":0,"def":0,"spa":252,"spd":4,"spe":252},"ivs":{"hp":31,"atk":30,"def":30,"spa":31,"spd":31,"spe":31}},{"name":"Arcanine","species":"Arcanine","item":"leftovers","ability":"Intimidate","moves":["willowisp","flareblitz","extremespeed","morningsun"],"nature":"Impish","evs":{"hp":252,"atk":0,"def":252,"spa":0,"spd":0,"spe":4},"ivs":{"hp":31,"atk":31,"def":31,"spa":31,"spd":31,"spe":31}}],"p2team":[{"name":"Tek","species":"shedinja","item":"focussash","ability":"Wonder Guard","moves":["swordsdance","suckerpunch","protect","toxic"],"nature":"Jolly","evs":{"hp":0,"atk":252,"def":4,"spa":0,"spd":0,"spe":252},"shiny":true,"ivs":{"hp":31,"atk":31,"def":31,"spa":31,"spd":31,"spe":31}},{"name":"Kou","species":"chandelure","item":"choicescarf","ability":"Flash Fire","moves":["energyball","darkpulse","fireblast","hex"],"nature":"Timid","evs":{"hp":0,"atk":0,"def":0,"spa":252,"spd":4,"spe":252},"gender":"F","ivs":{"hp":31,"atk":31,"def":31,"spa":31,"spd":31,"spe":31}},{"name":"Veh","species":"aegislash","item":"weaknesspolicy","ability":"Stance Change","moves":["shadowball","shadowsneak","sacredsword","kingsshield"],"nature":"Sassy","evs":{"hp":252,"atk":0,"def":4,"spa":0,"spd":252,"spe":0},"gender":"F","ivs":{"hp":31,"atk":31,"def":31,"spa":31,"spd":31,"spe":31}},{"name":"Oru","species":"jellicent","item":"leftovers","ability":"Water Absorb","moves":["scald","taunt","recover","toxic"],"nature":"Bold","evs":{"hp":252,"atk":0,"def":252,"spa":0,"spd":0,"spe":4},"gender":"F","shiny":true,"ivs":{"hp":31,"atk":31,"def":31,"spa":31,"spd":31,"spe":31}},{"name":"Sen","species":"sableye","item":"sablenite","ability":"Prankster","moves":["knockoff","toxic","recover","willowisp"],"nature":"Careful","evs":{"hp":252,"atk":0,"def":112,"spa":0,"spd":144,"spe":0},"gender":"M","ivs":{"hp":31,"atk":31,"def":31,"spa":31,"spd":31,"spe":31}},{"name":"Vos","species":"gengar","item":"lifeorb","ability":"Levitate","moves":["sludgewave","dazzlinggleam","gigadrain","shadowball"],"nature":"Timid","evs":{"hp":0,"atk":0,"def":0,"spa":252,"spd":4,"spe":252},"gender":"M","shiny":true,"ivs":{"hp":31,"atk":31,"def":31,"spa":31,"spd":31,"spe":31}}],"log":["|player|p1|Void KGBeast|167","|player|p2|Etrayu|etrayu.png","|gametype|singles","|gen|6","|tier|Monotype","|rated","|rule|Baton Pass Clause: Limit one Baton Passer, can't pass Spe and other stats simultaneously","|rule|Swagger Clause: Swagger is banned","|rule|Same Type Clause: Pokémon in a team must share a type","|clearpoke","|poke|p1|Charizard, F","|poke|p1|Infernape, F","|poke|p1|Darmanitan, M","|poke|p1|Heatran, M","|poke|p1|Rotom-Heat","|poke|p1|Arcanine, M","|poke|p2|Shedinja, shiny","|poke|p2|Chandelure, F","|poke|p2|Aegislash, F","|poke|p2|Jellicent, F, shiny","|poke|p2|Sableye, M","|poke|p2|Gengar, M, shiny","|rule|Sleep Clause Mod: Limit one foe put to sleep","|rule|Species Clause: Limit one of each Pokémon","|rule|OHKO Clause: OHKO moves are banned","|rule|Moody Clause: Moody is banned","|rule|Evasion Moves Clause: Evasion moves are banned","|rule|Endless Battle Clause: Forcing endless battles is banned","|rule|HP Percentage Mod: HP is shown in percentages","|teampreview","|","|start","|switch|p1a: Infernape|Infernape, F|293/293","|switch|p2a: Sen|Sableye, M|304/304","|turn|1","|","|switch|p1a: Charizard|Charizard, F|297/297","|move|p2a: Sen|Toxic|p1a: Charizard","|-status|p1a: Charizard|tox","|","|-damage|p1a: Charizard|279/297 tox|[from] psn","|turn|2","|","|switch|p1a: Infernape|Infernape, F|293/293","|move|p2a: Sen|Knock Off|p1a: Infernape","|-resisted|p1a: Infernape","|-damage|p1a: Infernape|237/293","|-enditem|p1a: Infernape|Focus Sash|[from] move: Knock Off|[of] p2a: Sen","|","|turn|3","|","|move|p2a: Sen|Toxic|p1a: Infernape","|-status|p1a: Infernape|tox","|move|p1a: Infernape|Stealth Rock|p2a: Sen","|-sidestart|p2: Etrayu|move: Stealth Rock","|","|-damage|p1a: Infernape|219/293 tox|[from] psn","|turn|4","|","|detailschange|p2a: Sen|Sableye-Mega, M","|-mega|p2a: Sen|Sableye|Sablenite","|move|p1a: Infernape|Taunt|p2a: Sen","|move|p2a: Sen|Taunt|p1a: Infernape|[from]Magic Bounce","|-start|p1a: Infernape|move: Taunt","|move|p2a: Sen|Knock Off|p1a: Infernape","|-resisted|p1a: Infernape","|-damage|p1a: Infernape|175/293 tox","|","|-damage|p1a: Infernape|139/293 tox|[from] psn","|turn|5","|","|move|p1a: Infernape|Fire Blast|p2a: Sen","|-damage|p2a: Sen|201/304","|move|p2a: Sen|Toxic|p1a: Infernape","|-fail|p1a: Infernape|tox","|","|-damage|p1a: Infernape|85/293 tox|[from] psn","|turn|6","|","|move|p1a: Infernape|Fire Blast|p2a: Sen","|-damage|p2a: Sen|59/304","|move|p2a: Sen|Recover|p2a: Sen","|-heal|p2a: Sen|211/304","|","|-damage|p1a: Infernape|13/293 tox|[from] psn","|turn|7","|","|switch|p2a: Kou|Chandelure, F|261/261","|-damage|p2a: Kou|196/261|[from] Stealth Rock","|move|p1a: Infernape|Fire Blast|p2a: Kou","|-start|p2a: Kou|ability: Flash Fire","|","|-damage|p1a: Infernape|0 fnt|[from] psn","|faint|p1a: Infernape","|","|switch|p1a: Heatran|Heatran, M|385/385","|turn|8","|","|-end|p2a: Kou|ability: Flash Fire|[silent]","|switch|p2a: Tek|Shedinja, shiny|1/1","|-damage|p2a: Tek|0 fnt|[from] Stealth Rock","|faint|p2a: Tek","|move|p1a: Heatran|Earth Power|p2: Tek|[notarget]","|-notarget","|","|","|switch|p2a: Veh|Aegislash, F|324/324","|-damage|p2a: Veh|304/324|[from] Stealth Rock","|turn|9","|","|switch|p1a: Arcanine|Arcanine, M|384/384","|-ability|p1a: Arcanine|Intimidate","|-unboost|p2a: Veh|atk|1","|-formechange|p2a: Veh|Aegislash-Blade","|move|p2a: Veh|Sacred Sword|p1a: Arcanine","|-damage|p1a: Arcanine|325/384","|","|-heal|p1a: Arcanine|349/384|[from] item: Leftovers","|turn|10","|","|switch|p2a: Kou|Chandelure, F|196/261","|-damage|p2a: Kou|131/261|[from] Stealth Rock","|move|p1a: Arcanine|Will-O-Wisp|p2a: Kou","|-start|p2a: Kou|ability: Flash Fire","|","|-heal|p1a: Arcanine|373/384|[from] item: Leftovers","|turn|11","|","|switch|p1a: Heatran|Heatran, M|385/385","|move|p2a: Kou|Dark Pulse|p1a: Heatran","|-damage|p1a: Heatran|318/385","|","|-heal|p1a: Heatran|342/385|[from] item: Leftovers","|turn|12","|","|-end|p2a: Kou|ability: Flash Fire|[silent]","|switch|p2a: Vos|Gengar, M, shiny|261/261","|-damage|p2a: Vos|229/261|[from] Stealth Rock","|move|p1a: Heatran|Earth Power|p2a: Vos","|-immune|p2a: Vos|[msg]","|","|-heal|p1a: Heatran|366/385|[from] item: Leftovers","|turn|13","|","|move|p2a: Vos|Shadow Ball|p1a: Heatran","|-crit|p1a: Heatran","|-damage|p1a: Heatran|167/385","|-damage|p2a: Vos|203/261|[from] item: Life Orb","|move|p1a: Heatran|Flash Cannon|p2a: Vos","|-damage|p2a: Vos|55/261","|","|-heal|p1a: Heatran|191/385|[from] item: Leftovers","|turn|14","|","|move|p2a: Vos|Shadow Ball|p1a: Heatran","|-damage|p1a: Heatran|73/385","|-damage|p2a: Vos|29/261|[from] item: Life Orb","|move|p1a: Heatran|Flash Cannon|p2a: Vos","|-damage|p2a: Vos|0 fnt","|faint|p2a: Vos","|","|-heal|p1a: Heatran|97/385|[from] item: Leftovers","|","|switch|p2a: Oru|Jellicent, F, shiny|404/404","|-damage|p2a: Oru|354/404|[from] Stealth Rock","|turn|15","|","|move|p1a: Heatran|Toxic|p2a: Oru","|-status|p2a: Oru|tox","|move|p2a: Oru|Scald|p1a: Heatran","|-supereffective|p1a: Heatran","|-damage|p1a: Heatran|0 fnt","|faint|p1a: Heatran","|","|-heal|p2a: Oru|379/404 tox|[from] item: Leftovers","|-damage|p2a: Oru|354/404 tox|[from] psn","|","|switch|p1a: Charizard|Charizard, F|279/297 tox","|turn|16","|","|detailschange|p1a: Charizard|Charizard-Mega-Y, F","|-mega|p1a: Charizard|Charizard|Charizardite Y","|-weather|SunnyDay","|move|p1a: Charizard|Solar Beam|p2a: Oru|[still]","|-prepare|p1a: Charizard|Solar Beam|p2a: Oru","|-anim|p1a: Charizard|Solar Beam|p2a: Oru","|-supereffective|p2a: Oru","|-damage|p2a: Oru|18/404 tox","|move|p2a: Oru|Taunt|p1a: Charizard","|-start|p1a: Charizard|move: Taunt","|","|-weather|SunnyDay|[upkeep]","|-heal|p2a: Oru|43/404 tox|[from] item: Leftovers","|-damage|p1a: Charizard|261/297 tox|[from] psn","|-damage|p2a: Oru|0 fnt|[from] psn","|faint|p2a: Oru","|","|switch|p2a: Kou|Chandelure, F|131/261","|-damage|p2a: Kou|66/261|[from] Stealth Rock","|turn|17","|","|switch|p1a: Rotom-Heat|Rotom-Heat|241/241","|move|p2a: Kou|Hex|p1a: Rotom-Heat","|-damage|p1a: Rotom-Heat|117/241","|","|-weather|SunnyDay|[upkeep]","|turn|18","|","|move|p2a: Kou|Hex|p1a: Rotom-Heat","|-damage|p1a: Rotom-Heat|0 fnt","|faint|p1a: Rotom-Heat","|","|-weather|SunnyDay|[upkeep]","|","|switch|p1a: Darmanitan|Darmanitan, M|351/351","|turn|19","|","|move|p1a: Darmanitan|Flare Blitz|p2a: Kou","|-start|p2a: Kou|ability: Flash Fire","|move|p2a: Kou|Hex|p1a: Darmanitan","|-damage|p1a: Darmanitan|141/351","|","|-weather|SunnyDay|[upkeep]","|turn|20","|","|switch|p1a: Arcanine|Arcanine, M|373/384","|-ability|p1a: Arcanine|Intimidate","|-unboost|p2a: Kou|atk|1","|move|p2a: Kou|Hex|p1a: Arcanine","|-damage|p1a: Arcanine|229/384","|","|-weather|none","|-heal|p1a: Arcanine|253/384|[from] item: Leftovers","|turn|21","|","|move|p2a: Kou|Hex|p1a: Arcanine","|-damage|p1a: Arcanine|102/384","|move|p1a: Arcanine|Morning Sun|p1a: Arcanine","|-heal|p1a: Arcanine|294/384","|","|-heal|p1a: Arcanine|318/384|[from] item: Leftovers","|turn|22","|","|-end|p2a: Kou|ability: Flash Fire|[silent]","|switch|p2a: Veh|Aegislash, F|304/324","|-damage|p2a: Veh|284/324|[from] Stealth Rock","|move|p1a: Arcanine|Morning Sun|p1a: Arcanine","|-heal|p1a: Arcanine|384/384","|","|turn|23","|","|move|p2a: Veh|King's Shield|p2a: Veh","|-singleturn|p2a: Veh|Protect","|move|p1a: Arcanine|Will-O-Wisp|p2a: Veh","|-status|p2a: Veh|brn","|","|-damage|p2a: Veh|244/324 brn|[from] brn","|turn|24","|","|move|p1a: Arcanine|Flare Blitz|p2a: Veh","|-supereffective|p2a: Veh","|-damage|p2a: Veh|38/324 brn","|-enditem|p2a: Veh|Weakness Policy","|-boost|p2a: Veh|atk|2|[from] item: Weakness Policy","|-boost|p2a: Veh|spa|2|[from] item: Weakness Policy","|-damage|p1a: Arcanine|316/384|[from] recoil|[of] p2a: Veh","|-formechange|p2a: Veh|Aegislash-Blade","|move|p2a: Veh|Shadow Ball|p1a: Arcanine","|-damage|p1a: Arcanine|7/384","|","|-heal|p1a: Arcanine|31/384|[from] item: Leftovers","|-damage|p2a: Veh|0 fnt|[from] brn","|faint|p2a: Veh","|","|switch|p2a: Kou|Chandelure, F|66/261","|-damage|p2a: Kou|1/261|[from] Stealth Rock","|turn|25","|","|move|p2a: Kou|Hex|p1a: Arcanine","|-damage|p1a: Arcanine|0 fnt","|faint|p1a: Arcanine","|","|","|switch|p1a: Darmanitan|Darmanitan, M|141/351","|turn|26","|","|move|p1a: Darmanitan|Rock Slide|p2a: Kou","|-supereffective|p2a: Kou","|-damage|p2a: Kou|0 fnt","|faint|p2a: Kou","|","|","|switch|p2a: Sen|Sableye-Mega, M|211/304","|-damage|p2a: Sen|173/304|[from] Stealth Rock","|turn|27","|","|switch|p1a: Charizard|Charizard-Mega-Y, F|261/297 tox","|-weather|SunnyDay","|move|p2a: Sen|Recover|p2a: Sen","|-heal|p2a: Sen|304/304","|","|-weather|SunnyDay|[upkeep]","|-damage|p1a: Charizard|243/297 tox|[from] psn","|turn|28","|","|move|p1a: Charizard|Fire Blast|p2a: Sen","|-damage|p2a: Sen|75/304","|move|p2a: Sen|Knock Off|p1a: Charizard","|-crit|p1a: Charizard","|-damage|p1a: Charizard|108/297 tox","|","|-weather|SunnyDay|[upkeep]","|-damage|p1a: Charizard|72/297 tox|[from] psn","|turn|29","|","|move|p1a: Charizard|Fire Blast|p2a: Sen","|-damage|p2a: Sen|0 fnt","|faint|p2a: Sen","|","|win|Void KGBeast"],"p1rating":{"entryid":"6841698","serverid":"eos","formatid":"monotype","userid":"voidkgbeast","username":"Void KGBeast","w":13,"l":"8","t":"0","gxe":56.6,"r":"1580.556868314","rd":"78.852745035736","sigma":"0","rptime":"1439283600","rpr":1551.2112708077,"rprd":73.900284101464,"rpsigma":"0","acre":1160.6046247299,"lacre":1160.6046247299,"oldacre":"1137.5174696228"},"p2rating":{"entryid":"6733042","serverid":"eos","formatid":"monotype","userid":"etrayu","username":"Etrayu","w":"61","l":58,"t":"1","gxe":52,"r":"1518.1954294789","rd":"38.856874974974","sigma":"0","rptime":"1439283600","rpr":1514.8077819562,"rprd":37.621217753174,"rpsigma":"0","acre":1087.7946394192,"lacre":1087.7946394192,"oldacre":"1110.8817945263"},"endType":"normal"}