{"seed":[39919,40086,6736,21497],"turns":22,"p1":"Intern Twizz🔴🔺🔴","p2":"Desolate Nightmare","p1team":[{"name":"Magnezone","species":"Magnezone","item":"leftovers","ability":"Sturdy","moves":["flashcannon","thunderbolt","protect","hiddenpowerice"],"nature":"Modest","evs":{"hp":76,"atk":0,"def":180,"spa":252,"spd":0,"spe":0},"ivs":{"hp":31,"atk":30,"def":30,"spa":31,"spd":31,"spe":31}},{"name":"Zapdos","species":"Zapdos","item":"leftovers","ability":"Pressure","moves":["discharge","heatwave","toxic","roost"],"nature":"Bold","evs":{"hp":4,"atk":0,"def":252,"spa":56,"spd":196,"spe":0},"ivs":{"hp":31,"atk":31,"def":31,"spa":31,"spd":31,"spe":31}},{"name":"Ampharos","species":"Ampharos","item":"ampharosite","ability":"Static","moves":["cottonguard","rest","sleeptalk","dragonpulse"],"nature":"Bold","evs":{"hp":0,"atk":0,"def":252,"spa":136,"spd":120,"spe":0},"ivs":{"hp":31,"atk":31,"def":31,"spa":31,"spd":31,"spe":31}},{"name":"Raikou","species":"Raikou","item":"leftovers","ability":"Pressure","moves":["calmmind","substitute","thunderbolt","extrasensory"],"nature":"Timid","evs":{"hp":0,"atk":0,"def":0,"spa":252,"spd":4,"spe":252},"ivs":{"hp":31,"atk":31,"def":31,"spa":31,"spd":31,"spe":31}},{"name":"Rotom-Wash","species":"Rotom-Wash","item":"choicescarf","ability":"Levitate","moves":["voltswitch","hydropump","willowisp","trick"],"nature":"Timid","evs":{"hp":0,"atk":0,"def":0,"spa":252,"spd":4,"spe":252},"ivs":{"hp":31,"atk":31,"def":31,"spa":31,"spd":31,"spe":31}},{"name":"Condom","species":"eelektross","item":"assaultvest","ability":"Levitate","moves":["gigadrain","thunderbolt","drainpunch","knockoff"],"nature":"Quiet","evs":{"hp":3,"atk":136,"def":0,"spa":108,"spd":252,"spe":0},"ivs":{"hp":31,"atk":31,"def":31,"spa":31,"spd":31,"spe":31}}],"p2team":[{"name":"Zeus","species":"thundurus","item":"lifeorb","ability":"Prankster","moves":["grassknot","thunderwave","knockoff","thunderbolt"],"nature":"Hasty","evs":{"hp":104,"atk":0,"def":0,"spa":152,"spd":0,"spe":252},"ivs":{"hp":31,"atk":30,"def":31,"spa":30,"spd":31,"spe":31},"shiny":true},{"name":"Washing Machine","species":"rotomwash","item":"leftovers","ability":"Levitate","moves":["painsplit","willowisp","hiddenpowergrass","hydropump"],"nature":"Bold","evs":{"hp":252,"atk":0,"def":252,"spa":4,"spd":0,"spe":0},"ivs":{"hp":31,"atk":30,"def":31,"spa":30,"spd":31,"spe":31}},{"name":"Trans-Ampharos","species":"ampharos","item":"ampharosite","ability":"Static","moves":["voltswitch","dragonpulse","rest","sleeptalk"],"nature":"Calm","evs":{"hp":248,"atk":0,"def":120,"spa":0,"spd":140,"spe":0},"ivs":{"hp":31,"atk":31,"def":31,"spa":31,"spd":31,"spe":31}},{"name":"Shoes in Spanish","species":"zapdos","item":"leftovers","ability":"Pressure","moves":["thunderbolt","heatwave","roost","toxic"],"nature":"Calm","evs":{"hp":252,"atk":0,"def":0,"spa":4,"spd":252,"spe":0},"shiny":true,"ivs":{"hp":31,"atk":31,"def":31,"spa":31,"spd":31,"spe":31}},{"name":"Static Popeye","species":"electivire","item":"expertbelt","ability":"Motor Drive","moves":["thunderbolt","crosschop","flamethrower","earthquake"],"nature":"Hasty","evs":{"hp":0,"atk":20,"def":0,"spa":232,"spd":4,"spe":252},"shiny":true,"ivs":{"hp":31,"atk":31,"def":31,"spa":31,"spd":31,"spe":31}},{"name":"Sputnik","species":"magnezone","item":"choicescarf","ability":"Magnet Pull","moves":["thunderbolt","voltswitch","flashcannon","hiddenpowerice"],"nature":"Timid","evs":{"hp":4,"atk":0,"def":0,"spa":252,"spd":0,"spe":252},"ivs":{"hp":31,"atk":30,"def":30,"spa":31,"spd":31,"spe":31}}],"log":["|player|p1|Intern Twizz🔴🔺🔴|122","|player|p2|Desolate Nightmare|profnightmare.png","|gametype|singles","|gen|6","|tier|Monotype","|rated","|rule|Baton Pass Clause: Limit one Baton Passer, can't pass Spe and other stats simultaneously","|rule|Swagger Clause: Swagger is banned","|rule|Same Type Clause: Pokémon in a team must share a type","|clearpoke","|poke|p1|Magnezone","|poke|p1|Zapdos","|poke|p1|Ampharos, F","|poke|p1|Raikou","|poke|p1|Rotom-Wash","|poke|p1|Eelektross, M","|poke|p2|Thundurus, M, shiny","|poke|p2|Rotom-Wash","|poke|p2|Ampharos, M","|poke|p2|Zapdos, shiny","|poke|p2|Electivire, F, shiny","|poke|p2|Magnezone","|rule|Sleep Clause Mod: Limit one foe put to sleep","|rule|Species Clause: Limit one of each Pokémon","|rule|OHKO Clause: OHKO moves are banned","|rule|Moody Clause: Moody is banned","|rule|Evasion Moves Clause: Evasion moves are banned","|rule|Endless Battle Clause: Forcing endless battles is banned","|rule|HP Percentage Mod: HP is shown in percentages","|teampreview","|","|start","|switch|p1a: Rotom-Wash|Rotom-Wash|241/241","|switch|p2a: Sputnik|Magnezone|282/282","|turn|1","|","|move|p1a: Rotom-Wash|Volt Switch|p2a: Sputnik","|-resisted|p2a: Sputnik","|-damage|p2a: Sputnik|222/282","|","|switch|p1a: Condom|Eelektross, M|311/311","|move|p2a: Sputnik|Volt Switch|p1a: Condom","|-resisted|p1a: Condom","|-damage|p1a: Condom|274/311","|","|switch|p2a: Zeus|Thundurus, M, shiny|325/325","|","|turn|2","|","|move|p2a: Zeus|Knock Off|p1a: Condom","|-damage|p1a: Condom|136/311","|-enditem|p1a: Condom|Assault Vest|[from] move: Knock Off|[of] p2a: Zeus","|-damage|p2a: Zeus|293/325|[from] item: Life Orb","|move|p1a: Condom|Knock Off|p2a: Zeus","|-damage|p2a: Zeus|145/325","|-enditem|p2a: Zeus|Life Orb|[from] move: Knock Off|[of] p1a: Condom","|","|turn|3","|","|switch|p2a: Trans-Ampharos|Ampharos, M|383/383","|move|p1a: Condom|Thunderbolt|p2a: Trans-Ampharos","|-resisted|p2a: Trans-Ampharos","|-damage|p2a: Trans-Ampharos|327/383","|","|turn|4","|","|detailschange|p2a: Trans-Ampharos|Ampharos-Mega, M","|-mega|p2a: Trans-Ampharos|Ampharos|Ampharosite","|-ability|p2a: Trans-Ampharos|Mold Breaker","|move|p2a: Trans-Ampharos|Dragon Pulse|p1a: Condom","|-crit|p1a: Condom","|-damage|p1a: Condom|0 fnt","|faint|p1a: Condom","|","|","|switch|p1a: Raikou|Raikou|321/321","|-ability|p1a: Raikou|Pressure","|turn|5","|","|switch|p2a: Sputnik|Magnezone|222/282","|move|p1a: Raikou|Calm Mind|p1a: Raikou","|-boost|p1a: Raikou|spa|1","|-boost|p1a: Raikou|spd|1","|","|turn|6","|","|move|p1a: Raikou|Substitute|p1a: Raikou","|-start|p1a: Raikou|Substitute","|-damage|p1a: Raikou|241/321","|move|p2a: Sputnik|Flash Cannon|p1a: Raikou","|-resisted|p1a: Raikou","|-activate|p1a: Raikou|Substitute|[damage]","|","|-heal|p1a: Raikou|261/321|[from] item: Leftovers","|turn|7","|","|move|p1a: Raikou|Calm Mind|p1a: Raikou","|-boost|p1a: Raikou|spa|1","|-boost|p1a: Raikou|spd|1","|move|p2a: Sputnik|Flash Cannon|p1a: Raikou","|-resisted|p1a: Raikou","|-end|p1a: Raikou|Substitute","|","|-heal|p1a: Raikou|281/321|[from] item: Leftovers","|turn|8","|","|move|p1a: Raikou|Substitute|p1a: Raikou","|-start|p1a: Raikou|Substitute","|-damage|p1a: Raikou|201/321","|move|p2a: Sputnik|Flash Cannon|p1a: Raikou","|-resisted|p1a: Raikou","|-activate|p1a: Raikou|Substitute|[damage]","|","|-heal|p1a: Raikou|221/321|[from] item: Leftovers","|turn|9","|","|move|p1a: Raikou|Calm Mind|p1a: Raikou","|-boost|p1a: Raikou|spa|1","|-boost|p1a: Raikou|spd|1","|move|p2a: Sputnik|Flash Cannon|p1a: Raikou","|-resisted|p1a: Raikou","|-activate|p1a: Raikou|Substitute|[damage]","|","|-heal|p1a: Raikou|241/321|[from] item: Leftovers","|turn|10","|","|move|p1a: Raikou|Calm Mind|p1a: Raikou","|-boost|p1a: Raikou|spa|1","|-boost|p1a: Raikou|spd|1","|move|p2a: Sputnik|Flash Cannon|p1a: Raikou","|-resisted|p1a: Raikou","|-end|p1a: Raikou|Substitute","|","|-heal|p1a: Raikou|261/321|[from] item: Leftovers","|turn|11","|","|move|p1a: Raikou|Substitute|p1a: Raikou","|-start|p1a: Raikou|Substitute","|-damage|p1a: Raikou|181/321","|move|p2a: Sputnik|Flash Cannon|p1a: Raikou","|-resisted|p1a: Raikou","|-activate|p1a: Raikou|Substitute|[damage]","|","|-heal|p1a: Raikou|201/321|[from] item: Leftovers","|turn|12","|","|move|p1a: Raikou|Calm Mind|p1a: Raikou","|-boost|p1a: Raikou|spa|1","|-boost|p1a: Raikou|spd|1","|move|p2a: Sputnik|Flash Cannon|p1a: Raikou","|-resisted|p1a: Raikou","|-activate|p1a: Raikou|Substitute|[damage]","|","|-heal|p1a: Raikou|221/321|[from] item: Leftovers","|turn|13","|","|move|p1a: Raikou|Calm Mind|p1a: Raikou","|-boost|p1a: Raikou|spa|1","|-boost|p1a: Raikou|spd|1","|move|p2a: Sputnik|Flash Cannon|p1a: Raikou","|-resisted|p1a: Raikou","|-activate|p1a: Raikou|Substitute|[damage]","|","|-heal|p1a: Raikou|241/321|[from] item: Leftovers","|turn|14","|","|move|p1a: Raikou|Extrasensory|p2a: Sputnik","|-resisted|p2a: Sputnik","|-damage|p2a: Sputnik|48/282","|cant|p2a: Sputnik|flinch","|","|-heal|p1a: Raikou|261/321|[from] item: Leftovers","|turn|15","|","|move|p1a: Raikou|Thunderbolt|p2a: Sputnik","|-resisted|p2a: Sputnik","|-damage|p2a: Sputnik|0 fnt","|faint|p2a: Sputnik","|","|-heal|p1a: Raikou|281/321|[from] item: Leftovers","|","|switch|p2a: Zeus|Thundurus, M, shiny|145/325","|turn|16","|","|move|p1a: Raikou|Extrasensory|p2a: Zeus","|-crit|p2a: Zeus","|-damage|p2a: Zeus|0 fnt","|faint|p2a: Zeus","|","|-heal|p1a: Raikou|301/321|[from] item: Leftovers","|","|switch|p2a: Washing Machine|Rotom-Wash|304/304","|turn|17","|","|move|p1a: Raikou|Thunderbolt|p2a: Washing Machine","|-damage|p2a: Washing Machine|0 fnt","|faint|p2a: Washing Machine","|","|-heal|p1a: Raikou|321/321|[from] item: Leftovers","|","|switch|p2a: Shoes in Spanish|Zapdos, shiny|384/384","|-ability|p2a: Shoes in Spanish|Pressure","|turn|18","|","|switch|p2a: Static Popeye|Electivire, F, shiny|291/291","|move|p1a: Raikou|Thunderbolt|p2a: Static Popeye","|-boost|p2a: Static Popeye|spe|1|[from] ability: Motor Drive","|","|turn|19","|","|move|p2a: Static Popeye|Earthquake|p1a: Raikou","|-supereffective|p1a: Raikou","|-end|p1a: Raikou|Substitute","|move|p1a: Raikou|Extrasensory|p2a: Static Popeye","|-damage|p2a: Static Popeye|0 fnt","|faint|p2a: Static Popeye","|","|","|switch|p2a: Trans-Ampharos|Ampharos-Mega, M|327/383","|-ability|p2a: Trans-Ampharos|Mold Breaker","|turn|20","|","|move|p1a: Raikou|Extrasensory|p2a: Trans-Ampharos","|-damage|p2a: Trans-Ampharos|61/383","|move|p2a: Trans-Ampharos|Dragon Pulse|p1a: Raikou","|-crit|p1a: Raikou","|-damage|p1a: Raikou|95/321","|","|-heal|p1a: Raikou|115/321|[from] item: Leftovers","|turn|21","|","|move|p1a: Raikou|Extrasensory|p2a: Trans-Ampharos","|-damage|p2a: Trans-Ampharos|0 fnt","|faint|p2a: Trans-Ampharos","|","|-heal|p1a: Raikou|135/321|[from] item: Leftovers","|","|switch|p2a: Shoes in Spanish|Zapdos, shiny|384/384","|-ability|p2a: Shoes in Spanish|Pressure","|turn|22","|","|move|p1a: Raikou|Thunderbolt|p2a: Shoes in Spanish","|-damage|p2a: Shoes in Spanish|0 fnt","|faint|p2a: Shoes in Spanish","|","|win|Intern Twizz🔴🔺🔴"],"p1rating":{"entryid":"7448162","serverid":"eos","formatid":"monotype","userid":"interntwizz","username":"Intern Twizz","w":27,"l":"26","t":"0","gxe":51.2,"r":"1543.3992484387","rd":"51.111942211206","sigma":"0","rptime":"1439283600","rpr":1509.2376132704,"rprd":47.332483247799,"rpsigma":"0","acre":1087.1697370495,"lacre":1087.1697370495,"oldacre":"1052.535932326"},"p2rating":{"entryid":"6455140","serverid":"eos","formatid":"monotype","userid":"desolatenightmare","username":"Desolate Nightmare","w":"13","l":17,"t":"0","gxe":45.1,"r":"1477.3171134385","rd":"75.193596193057","sigma":"0","rptime":"1439283600","rpr":1462.1024711309,"rprd":69.719528942405,"rpsigma":"0","acre":1056.0998393049,"lacre":1056.0998393049,"oldacre":"1079.787549192"},"endType":"normal"}