{"seed":[41740,9143,30413,59554],"turns":25,"p1":"Desolate Nightmare","p2":"Rustic Espeon","p1team":[{"name":"Zeus","species":"thundurus","item":"lifeorb","ability":"Prankster","moves":["grassknot","thunderwave","knockoff","thunderbolt"],"nature":"Hasty","evs":{"hp":104,"atk":0,"def":0,"spa":152,"spd":0,"spe":252},"ivs":{"hp":31,"atk":30,"def":31,"spa":30,"spd":31,"spe":31},"shiny":true},{"name":"Washing Machine","species":"rotomwash","item":"leftovers","ability":"Levitate","moves":["painsplit","willowisp","hiddenpowergrass","hydropump"],"nature":"Bold","evs":{"hp":252,"atk":0,"def":252,"spa":4,"spd":0,"spe":0},"ivs":{"hp":31,"atk":30,"def":31,"spa":30,"spd":31,"spe":31}},{"name":"Trans-Ampharos","species":"ampharos","item":"ampharosite","ability":"Static","moves":["voltswitch","dragonpulse","rest","sleeptalk"],"nature":"Calm","evs":{"hp":248,"atk":0,"def":120,"spa":0,"spd":140,"spe":0},"ivs":{"hp":31,"atk":31,"def":31,"spa":31,"spd":31,"spe":31}},{"name":"Shoes in Spanish","species":"zapdos","item":"leftovers","ability":"Pressure","moves":["thunderbolt","heatwave","roost","toxic"],"nature":"Calm","evs":{"hp":252,"atk":0,"def":0,"spa":4,"spd":252,"spe":0},"shiny":true,"ivs":{"hp":31,"atk":31,"def":31,"spa":31,"spd":31,"spe":31}},{"name":"Static Popeye","species":"electivire","item":"expertbelt","ability":"Motor Drive","moves":["thunderbolt","crosschop","flamethrower","earthquake"],"nature":"Hasty","evs":{"hp":0,"atk":20,"def":0,"spa":232,"spd":4,"spe":252},"shiny":true,"ivs":{"hp":31,"atk":31,"def":31,"spa":31,"spd":31,"spe":31}},{"name":"Sputnik","species":"magnezone","item":"choicescarf","ability":"Magnet Pull","moves":["thunderbolt","voltswitch","flashcannon","hiddenpowerice"],"nature":"Timid","evs":{"hp":4,"atk":0,"def":0,"spa":252,"spd":0,"spe":252},"ivs":{"hp":31,"atk":30,"def":30,"spa":31,"spd":31,"spe":31}}],"p2team":[{"name":"Torkoal","species":"Torkoal","item":"leftovers","ability":"White Smoke","moves":["rapidspin","lavaplume","stealthrock","yawn"],"nature":"Bold","evs":{"hp":252,"atk":0,"def":252,"spa":4,"spd":0,"spe":0},"ivs":{"hp":31,"atk":31,"def":31,"spa":31,"spd":31,"spe":31}},{"name":"Entei","species":"Entei","item":"choiceband","ability":"Pressure","moves":["stoneedge","sacredfire","extremespeed","ironhead"],"nature":"Adamant","evs":{"hp":4,"atk":252,"def":0,"spa":0,"spd":0,"spe":252},"shiny":true,"ivs":{"hp":31,"atk":31,"def":31,"spa":31,"spd":31,"spe":31}},{"name":"Victini","species":"Victini","item":"choicescarf","ability":"Victory Star","moves":["boltstrike","blueflare","vcreate","uturn"],"nature":"Hasty","evs":{"hp":0,"atk":252,"def":0,"spa":4,"spd":0,"spe":252},"ivs":{"hp":31,"atk":31,"def":31,"spa":31,"spd":31,"spe":31}},{"name":"Charizard","species":"Charizard","item":"charizarditex","ability":"Blaze","moves":["dragondance","firepunch","earthquake","dragonclaw"],"nature":"Adamant","evs":{"hp":0,"atk":252,"def":0,"spa":0,"spd":4,"spe":252},"ivs":{"hp":31,"atk":31,"def":31,"spa":31,"spd":31,"spe":31}},{"name":"Ninetales","species":"Ninetales","item":"choicespecs","ability":"Drought","moves":["overheat","solarbeam","darkpulse","hiddenpowerice"],"nature":"Timid","evs":{"hp":0,"atk":0,"def":0,"spa":252,"spd":4,"spe":252},"ivs":{"hp":31,"atk":30,"def":30,"spa":31,"spd":31,"spe":31}},{"name":"Arcanine","species":"Arcanine","item":"rockyhelmet","ability":"Intimidate","moves":["flareblitz","extremespeed","wildcharge","closecombat"],"nature":"Lonely","evs":{"hp":248,"atk":252,"def":0,"spa":8,"spd":0,"spe":0},"ivs":{"hp":31,"atk":31,"def":31,"spa":31,"spd":31,"spe":31}}],"log":["|player|p1|Desolate Nightmare|profnightmare.png","|player|p2|Rustic Espeon|70","|gametype|singles","|gen|6","|tier|Monotype","|rated","|rule|Baton Pass Clause: Limit one Baton Passer, can't pass Spe and other stats simultaneously","|rule|Swagger Clause: Swagger is banned","|rule|Same Type Clause: Pokémon in a team must share a type","|clearpoke","|poke|p1|Thundurus, M, shiny","|poke|p1|Rotom-Wash","|poke|p1|Ampharos, M","|poke|p1|Zapdos, shiny","|poke|p1|Electivire, F, shiny","|poke|p1|Magnezone","|poke|p2|Torkoal, M","|poke|p2|Entei, shiny","|poke|p2|Victini","|poke|p2|Charizard, M","|poke|p2|Ninetales, F","|poke|p2|Arcanine, F","|rule|Sleep Clause Mod: Limit one foe put to sleep","|rule|Species Clause: Limit one of each Pokémon","|rule|OHKO Clause: OHKO moves are banned","|rule|Moody Clause: Moody is banned","|rule|Evasion Moves Clause: Evasion moves are banned","|rule|Endless Battle Clause: Forcing endless battles is banned","|rule|HP Percentage Mod: HP is shown in percentages","|teampreview","|","|start","|switch|p1a: Sputnik|Magnezone|282/282","|switch|p2a: Victini|Victini|341/341","|turn|1","|","|switch|p1a: Washing Machine|Rotom-Wash|304/304","|move|p2a: Victini|U-turn|p1a: Washing Machine","|-damage|p1a: Washing Machine|256/304","|","|switch|p2a: Ninetales|Ninetales, F|287/287","|-weather|SunnyDay","|","|-weather|SunnyDay|[upkeep]","|-heal|p1a: Washing Machine|275/304|[from] item: Leftovers","|turn|2","|","|switch|p1a: Shoes in Spanish|Zapdos, shiny|384/384","|-ability|p1a: Shoes in Spanish|Pressure","|move|p2a: Ninetales|Solar Beam|p1a: Shoes in Spanish|[still]","|-prepare|p2a: Ninetales|Solar Beam|p1a: Shoes in Spanish","|-anim|p2a: Ninetales|Solar Beam|p1a: Shoes in Spanish","|-resisted|p1a: Shoes in Spanish","|-damage|p1a: Shoes in Spanish|328/384","|","|-weather|SunnyDay|[upkeep]","|-heal|p1a: Shoes in Spanish|352/384|[from] item: Leftovers","|turn|3","|","|switch|p2a: Victini|Victini|341/341","|move|p1a: Shoes in Spanish|Toxic|p2a: Victini","|-status|p2a: Victini|tox","|","|-weather|SunnyDay|[upkeep]","|-heal|p1a: Shoes in Spanish|376/384|[from] item: Leftovers","|-damage|p2a: Victini|320/341 tox|[from] psn","|turn|4","|","|switch|p1a: Washing Machine|Rotom-Wash|275/304","|move|p2a: Victini|V-create|p1a: Washing Machine","|-resisted|p1a: Washing Machine","|-damage|p1a: Washing Machine|134/304","|-unboost|p2a: Victini|spe|1","|-unboost|p2a: Victini|def|1","|-unboost|p2a: Victini|spd|1","|","|-weather|SunnyDay|[upkeep]","|-heal|p1a: Washing Machine|153/304|[from] item: Leftovers","|-damage|p2a: Victini|278/341 tox|[from] psn","|turn|5","|","|move|p2a: Victini|V-create|p1a: Washing Machine","|-resisted|p1a: Washing Machine","|-damage|p1a: Washing Machine|16/304","|-unboost|p2a: Victini|spe|1","|-unboost|p2a: Victini|def|1","|-unboost|p2a: Victini|spd|1","|move|p1a: Washing Machine|Pain Split|p2a: Victini","|-sethp|p2a: Victini|147/341 tox|p1a: Washing Machine|147/304|[from] move: Pain Split","|","|-weather|none","|-heal|p1a: Washing Machine|166/304|[from] item: Leftovers","|-damage|p2a: Victini|84/341 tox|[from] psn","|turn|6","|","|switch|p2a: Ninetales|Ninetales, F|287/287","|-weather|SunnyDay","|move|p1a: Washing Machine|Hydro Pump|p2a: Ninetales|[miss]","|-miss|p1a: Washing Machine|p2a: Ninetales","|","|-weather|SunnyDay|[upkeep]","|-heal|p1a: Washing Machine|185/304|[from] item: Leftovers","|turn|7","|","|switch|p1a: Shoes in Spanish|Zapdos, shiny|376/384","|-ability|p1a: Shoes in Spanish|Pressure","|move|p2a: Ninetales|Overheat|p1a: Shoes in Spanish","|-damage|p1a: Shoes in Spanish|105/384","|-unboost|p2a: Ninetales|spa|2","|","|-weather|SunnyDay|[upkeep]","|-heal|p1a: Shoes in Spanish|129/384|[from] item: Leftovers","|turn|8","|","|switch|p1a: Washing Machine|Rotom-Wash|185/304","|move|p2a: Ninetales|Overheat|p1a: Washing Machine","|-resisted|p1a: Washing Machine","|-damage|p1a: Washing Machine|101/304","|-unboost|p2a: Ninetales|spa|2","|","|-weather|SunnyDay|[upkeep]","|-heal|p1a: Washing Machine|120/304|[from] item: Leftovers","|turn|9","|","|switch|p2a: Victini|Victini|84/341 tox","|move|p1a: Washing Machine|Hydro Pump|p2a: Victini","|-supereffective|p2a: Victini","|-damage|p2a: Victini|0 fnt","|faint|p2a: Victini","|","|-weather|SunnyDay|[upkeep]","|-heal|p1a: Washing Machine|139/304|[from] item: Leftovers","|","|switch|p2a: Charizard|Charizard, M|297/297","|turn|10","|","|detailschange|p2a: Charizard|Charizard-Mega-X, M","|-mega|p2a: Charizard|Charizard|Charizardite X","|move|p2a: Charizard|Dragon Dance|p2a: Charizard","|-boost|p2a: Charizard|atk|1","|-boost|p2a: Charizard|spe|1","|move|p1a: Washing Machine|Hydro Pump|p2a: Charizard|[miss]","|-miss|p1a: Washing Machine|p2a: Charizard","|","|-weather|none","|-heal|p1a: Washing Machine|158/304|[from] item: Leftovers","|turn|11","|","|move|p2a: Charizard|Dragon Claw|p1a: Washing Machine","|-damage|p1a: Washing Machine|0 fnt","|faint|p1a: Washing Machine","|","|","|switch|p1a: Zeus|Thundurus, M, shiny|325/325","|turn|12","|","|move|p1a: Zeus|Thunder Wave|p2a: Charizard","|-status|p2a: Charizard|par","|cant|p2a: Charizard|par","|","|turn|13","|","|move|p1a: Zeus|Thunderbolt|p2a: Charizard","|-resisted|p2a: Charizard","|-damage|p2a: Charizard|185/297 par","|-damage|p1a: Zeus|293/325|[from] item: Life Orb","|move|p2a: Charizard|Dragon Claw|p1a: Zeus","|-damage|p1a: Zeus|0 fnt","|faint|p1a: Zeus","|","|","|switch|p1a: Static Popeye|Electivire, F, shiny|291/291","|turn|14","|","|switch|p2a: Arcanine|Arcanine, F|383/383","|-ability|p2a: Arcanine|Intimidate","|-unboost|p1a: Static Popeye|atk|1","|move|p1a: Static Popeye|Earthquake|p2a: Arcanine","|-supereffective|p2a: Arcanine","|-damage|p2a: Arcanine|184/383","|","|turn|15","|","|switch|p1a: Trans-Ampharos|Ampharos, M|383/383","|move|p2a: Arcanine|Extreme Speed|p1a: Trans-Ampharos","|-damage|p1a: Trans-Ampharos|291/383","|","|turn|16","|","|detailschange|p1a: Trans-Ampharos|Ampharos-Mega, M","|-mega|p1a: Trans-Ampharos|Ampharos|Ampharosite","|-ability|p1a: Trans-Ampharos|Mold Breaker","|move|p2a: Arcanine|Close Combat|p1a: Trans-Ampharos","|-damage|p1a: Trans-Ampharos|179/383","|-unboost|p2a: Arcanine|def|1","|-unboost|p2a: Arcanine|spd|1","|move|p1a: Trans-Ampharos|Dragon Pulse|p2a: Arcanine","|-damage|p2a: Arcanine|0 fnt","|faint|p2a: Arcanine","|","|","|switch|p2a: Entei|Entei, shiny|372/372","|-ability|p2a: Entei|Pressure","|turn|17","|","|move|p2a: Entei|Sacred Fire|p1a: Trans-Ampharos","|-resisted|p1a: Trans-Ampharos","|-damage|p1a: Trans-Ampharos|59/383","|move|p1a: Trans-Ampharos|Volt Switch|p2a: Entei","|-damage|p2a: Entei|224/372","|","|switch|p1a: Shoes in Spanish|Zapdos, shiny|129/384","|-ability|p1a: Shoes in Spanish|Pressure","|","|-heal|p1a: Shoes in Spanish|153/384|[from] item: Leftovers","|turn|18","|","|move|p2a: Entei|Sacred Fire|p1a: Shoes in Spanish","|-damage|p1a: Shoes in Spanish|0 fnt","|faint|p1a: Shoes in Spanish","|","|","|switch|p1a: Sputnik|Magnezone|282/282","|turn|19","|","|move|p1a: Sputnik|Thunderbolt|p2a: Entei","|-damage|p2a: Entei|13/372","|move|p2a: Entei|Sacred Fire|p1a: Sputnik","|-supereffective|p1a: Sputnik","|-damage|p1a: Sputnik|0 fnt","|faint|p1a: Sputnik","|","|","|switch|p1a: Trans-Ampharos|Ampharos-Mega, M|59/383","|-ability|p1a: Trans-Ampharos|Mold Breaker","|turn|20","|","|move|p2a: Entei|Sacred Fire|p1a: Trans-Ampharos","|-resisted|p1a: Trans-Ampharos","|-damage|p1a: Trans-Ampharos|0 fnt","|faint|p1a: Trans-Ampharos","|","|","|switch|p1a: Static Popeye|Electivire, F, shiny|291/291","|turn|21","|","|move|p1a: Static Popeye|Earthquake|p2a: Entei","|-supereffective|p2a: Entei","|-damage|p2a: Entei|0 fnt","|faint|p2a: Entei","|","|","|switch|p2a: Torkoal|Torkoal, M|344/344","|turn|22","|","|move|p1a: Static Popeye|Earthquake|p2a: Torkoal","|-supereffective|p2a: Torkoal","|-damage|p2a: Torkoal|217/344","|move|p2a: Torkoal|Yawn|p1a: Static Popeye","|-start|p1a: Static Popeye|move: Yawn|[of] p2a: Torkoal","|","|-heal|p2a: Torkoal|238/344|[from] item: Leftovers","|turn|23","|","|move|p1a: Static Popeye|Thunderbolt|p2a: Torkoal","|-damage|p2a: Torkoal|82/344","|-status|p2a: Torkoal|par","|move|p2a: Torkoal|Lava Plume|p1a: Static Popeye","|-damage|p1a: Static Popeye|191/291","|","|-end|p1a: Static Popeye|move: Yawn|[silent]","|-status|p1a: Static Popeye|slp","|-heal|p2a: Torkoal|103/344 par|[from] item: Leftovers","|turn|24","|","|switch|p2a: Ninetales|Ninetales, F|287/287","|-weather|SunnyDay","|cant|p1a: Static Popeye|slp","|","|-weather|SunnyDay|[upkeep]","|turn|25","|","|move|p2a: Ninetales|Overheat|p1a: Static Popeye","|-damage|p1a: Static Popeye|0 fnt","|-unboost|p2a: Ninetales|spa|2","|faint|p1a: Static Popeye","|","|win|Rustic Espeon"],"p1rating":{"entryid":"6455140","serverid":"eos","formatid":"monotype","userid":"desolatenightmare","username":"Desolate Nightmare","w":"13","l":16,"t":"0","gxe":46.5,"r":"1477.3171134385","rd":"75.193596193057","sigma":"0","rptime":"1439283600","rpr":1473.1935489369,"rprd":71.078921743647,"rpsigma":"0","acre":1079.787549192,"lacre":1079.787549192,"oldacre":"1098.3858782562"},"p2rating":{"entryid":"7202561","serverid":"eos","formatid":"monotype","userid":"rusticespeon","username":"Rustic Espeon","w":22,"l":"12","t":"0","gxe":61.9,"r":"1595.2936732826","rd":"60.235212385619","sigma":"0","rptime":"1439283600","rpr":1592.8629955443,"rprd":58.648234227127,"rpsigma":"0","acre":1205.4578968575,"lacre":1205.4578968575,"oldacre":"1186.6776865182"},"endType":"normal"}