{"seed":[40878,52335,27540,2068],"turns":49,"p1":"Seven Swell","p2":"GLReshiram","p1team":[{"name":"Mew","species":"Mew","item":"leftovers","ability":"Synchronize","moves":["roost","toxic","healbell","aurasphere"],"nature":"Calm","evs":{"hp":252,"atk":0,"def":0,"spa":4,"spd":252,"spe":0},"ivs":{"hp":31,"atk":31,"def":31,"spa":31,"spd":31,"spe":31}},{"name":"Slowbro","species":"Slowbro","item":"rockyhelmet","ability":"Regenerator","moves":["scald","yawn","flamethrower","slackoff"],"nature":"Bold","evs":{"hp":252,"atk":0,"def":252,"spa":4,"spd":0,"spe":0},"ivs":{"hp":31,"atk":31,"def":31,"spa":31,"spd":31,"spe":31}},{"name":"Deoxys-Speed","species":"Deoxys-Speed","item":"focussash","ability":"Pressure","moves":["stealthrock","thunderbolt","thunderwave","icebeam"],"nature":"Timid","evs":{"hp":252,"atk":0,"def":0,"spa":44,"spd":0,"spe":212},"ivs":{"hp":31,"atk":31,"def":31,"spa":31,"spd":31,"spe":31}},{"name":"Gardevoir","species":"Gardevoir","item":"gardevoirite","ability":"Trace","moves":["hypervoice","psyshock","destinybond","thunderbolt"],"nature":"Timid","evs":{"hp":0,"atk":0,"def":4,"spa":252,"spd":0,"spe":252},"ivs":{"hp":31,"atk":0,"def":31,"spa":31,"spd":31,"spe":31}},{"name":"Latias","species":"Latias","item":"leftovers","ability":"Levitate","moves":["dracometeor","psyshock","roost","defog"],"nature":"Timid","evs":{"hp":252,"atk":0,"def":0,"spa":4,"spd":0,"spe":252},"ivs":{"hp":31,"atk":31,"def":31,"spa":31,"spd":31,"spe":31}},{"name":"Hoopa-Unbound","species":"Hoopa-Unbound","item":"focussash","ability":"Magician","moves":["hyperspacefury","drainpunch","firepunch","gunkshot"],"nature":"Adamant","evs":{"hp":0,"atk":252,"def":0,"spa":0,"spd":4,"spe":252},"ivs":{"hp":31,"atk":31,"def":31,"spa":31,"spd":31,"spe":31}}],"p2team":[{"name":"Heatran","species":"Heatran","item":"assaultvest","ability":"Flash Fire","moves":["firespin","earthpower","dragonpulse","flashcannon"],"nature":"Modest","evs":{"hp":148,"atk":0,"def":0,"spa":200,"spd":160,"spe":0},"ivs":{"hp":31,"atk":31,"def":31,"spa":31,"spd":31,"spe":31}},{"name":"Ninetales","species":"Ninetales","item":"focussash","ability":"Drought","moves":["flamethrower","solarbeam","hiddenpowerelectric","nastyplot"],"nature":"Timid","evs":{"hp":236,"atk":0,"def":8,"spa":4,"spd":0,"spe":0},"ivs":{"hp":31,"atk":31,"def":31,"spa":30,"spd":31,"spe":31}},{"name":"Torkoal","species":"Torkoal","item":"leftovers","ability":"Shell Armor","moves":["protect","toxic","lavaplume","rapidspin"],"nature":"Bold","evs":{"hp":252,"atk":0,"def":252,"spa":4,"spd":0,"spe":0},"ivs":{"hp":31,"atk":31,"def":31,"spa":31,"spd":31,"spe":31}},{"name":"Rotom-Heat","species":"Rotom-Heat","item":"lightclay","ability":"Levitate","moves":["voltswitch","willowisp","reflect","lightscreen"],"nature":"Timid","evs":{"hp":248,"atk":0,"def":8,"spa":0,"spd":0,"spe":252},"ivs":{"hp":31,"atk":31,"def":31,"spa":31,"spd":31,"spe":31}},{"name":"Entei","species":"Entei","item":"choiceband","ability":"Pressure","moves":["sacredfire","flareblitz","extremespeed","stoneedge"],"nature":"Adamant","evs":{"hp":0,"atk":252,"def":4,"spa":0,"spd":0,"spe":252},"shiny":true,"ivs":{"hp":31,"atk":31,"def":31,"spa":31,"spd":31,"spe":31}},{"name":"Charizard","species":"Charizard","item":"charizarditex","ability":"Blaze","moves":["dragondance","roost","dragonclaw","thunderpunch"],"nature":"Adamant","evs":{"hp":144,"atk":252,"def":0,"spa":0,"spd":0,"spe":112},"ivs":{"hp":31,"atk":31,"def":31,"spa":31,"spd":31,"spe":31}}],"log":["|player|p1|Seven Swell|sevenswell.png","|player|p2|GLReshiram|68","|gametype|singles","|gen|6","|tier|Monotype","|rated","|rule|Baton Pass Clause: Limit one Baton Passer, can't pass Spe and other stats simultaneously","|rule|Swagger Clause: Swagger is banned","|rule|Same Type Clause: Pokémon in a team must share a type","|clearpoke","|poke|p1|Mew","|poke|p1|Slowbro, F","|poke|p1|Deoxys-Speed","|poke|p1|Gardevoir, M","|poke|p1|Latias, F","|poke|p1|Hoopa-Unbound","|poke|p2|Heatran, F","|poke|p2|Ninetales, M","|poke|p2|Torkoal, F","|poke|p2|Rotom-Heat","|poke|p2|Entei, shiny","|poke|p2|Charizard, M","|rule|Sleep Clause Mod: Limit one foe put to sleep","|rule|Species Clause: Limit one of each Pokémon","|rule|OHKO Clause: OHKO moves are banned","|rule|Moody Clause: Moody is banned","|rule|Evasion Moves Clause: Evasion moves are banned","|rule|Endless Battle Clause: Forcing endless battles is banned","|rule|HP Percentage Mod: HP is shown in percentages","|teampreview","|","|start","|switch|p1a: Deoxys-Speed|Deoxys-Speed|304/304","|switch|p2a: Rotom-Heat|Rotom-Heat|303/303","|-ability|p1a: Deoxys-Speed|Pressure","|turn|1","|","|move|p1a: Deoxys-Speed|Stealth Rock|p2a: Rotom-Heat","|-sidestart|p2: GLReshiram|move: Stealth Rock","|move|p2a: Rotom-Heat|Light Screen|p2a: Rotom-Heat","|-sidestart|p2: GLReshiram|move: Light Screen","|","|turn|2","|","|switch|p1a: Slowbro|Slowbro, F|394/394","|move|p2a: Rotom-Heat|Reflect|p2a: Rotom-Heat","|-sidestart|p2: GLReshiram|Reflect","|","|turn|3","|","|switch|p1a: Mew|Mew|404/404","|move|p2a: Rotom-Heat|Will-O-Wisp|p1a: Mew","|-status|p1a: Mew|brn","|","|-damage|p1a: Mew|354/404 brn|[from] brn","|turn|4","|","|move|p2a: Rotom-Heat|Volt Switch|p1a: Mew","|-damage|p1a: Mew|288/404 brn","|","|switch|p2a: Heatran|Heatran, F|360/360","|-damage|p2a: Heatran|315/360|[from] Stealth Rock","|move|p1a: Mew|Toxic|p2a: Heatran","|-immune|p2a: Heatran|[msg]","|","|-heal|p1a: Mew|313/404 brn|[from] item: Leftovers","|-damage|p1a: Mew|263/404 brn|[from] brn","|turn|5","|","|move|p1a: Mew|Roost|p1a: Mew","|-heal|p1a: Mew|404/404 brn","|move|p2a: Heatran|Fire Spin|p1a: Mew","|-damage|p1a: Mew|356/404 brn","|-activate|p1a: Mew|move: Fire Spin|[of] p2a: Heatran","|","|-heal|p1a: Mew|381/404 brn|[from] item: Leftovers","|-damage|p1a: Mew|331/404 brn|[from] brn","|-damage|p1a: Mew|281/404 brn|[from] move: Fire Spin|[partiallytrapped]","|turn|6","|","|move|p1a: Mew|Heal Bell|p1a: Mew","|-cureteam|p1a: Mew|[from] move: HealBell","|move|p2a: Heatran|Flash Cannon|p1a: Mew","|-crit|p1a: Mew","|-damage|p1a: Mew|118/404","|-unboost|p1a: Mew|spd|1","|","|-heal|p1a: Mew|143/404|[from] item: Leftovers","|-damage|p1a: Mew|93/404|[from] move: Fire Spin|[partiallytrapped]","|turn|7","|","|move|p1a: Mew|Roost|p1a: Mew","|-heal|p1a: Mew|295/404","|move|p2a: Heatran|Flash Cannon|p1a: Mew","|-damage|p1a: Mew|126/404","|","|-heal|p1a: Mew|151/404|[from] item: Leftovers","|-damage|p1a: Mew|101/404|[from] move: Fire Spin|[partiallytrapped]","|turn|8","|","|move|p1a: Mew|Roost|p1a: Mew","|-heal|p1a: Mew|303/404","|move|p2a: Heatran|Flash Cannon|p1a: Mew","|-damage|p1a: Mew|132/404","|","|-heal|p1a: Mew|157/404|[from] item: Leftovers","|-damage|p1a: Mew|107/404|[from] move: Fire Spin|[partiallytrapped]","|-sideend|p2: GLReshiram|move: Light Screen","|turn|9","|","|move|p1a: Mew|Roost|p1a: Mew","|-heal|p1a: Mew|309/404","|move|p2a: Heatran|Flash Cannon|p1a: Mew","|-damage|p1a: Mew|144/404","|","|-heal|p1a: Mew|169/404|[from] item: Leftovers","|-end|p1a: Mew|Fire Spin|[partiallytrapped]","|-sideend|p2: GLReshiram|Reflect","|turn|10","|","|switch|p1a: Latias|Latias, F|364/364","|switch|p2a: Torkoal|Torkoal, F|344/344","|-damage|p2a: Torkoal|258/344|[from] Stealth Rock","|","|-heal|p2a: Torkoal|279/344|[from] item: Leftovers","|turn|11","|","|move|p1a: Latias|Draco Meteor|p2a: Torkoal","|-damage|p2a: Torkoal|63/344","|-unboost|p1a: Latias|spa|2","|move|p2a: Torkoal|Rapid Spin|p1a: Latias","|-damage|p1a: Latias|350/364","|-sideend|p2: GLReshiram|Stealth Rock|[from] move: Rapid Spin|[of] p2a: Torkoal","|","|-heal|p1a: Latias|364/364|[from] item: Leftovers","|-heal|p2a: Torkoal|84/344|[from] item: Leftovers","|turn|12","|","|move|p2a: Torkoal|Protect|p2a: Torkoal","|-singleturn|p2a: Torkoal|Protect","|move|p1a: Latias|Draco Meteor|p2a: Torkoal","|-activate|p2a: Torkoal|Protect","|","|-heal|p2a: Torkoal|105/344|[from] item: Leftovers","|turn|13","|","|switch|p2a: Heatran|Heatran, F|315/360","|move|p1a: Latias|Draco Meteor|p2a: Heatran","|-resisted|p2a: Heatran","|-damage|p2a: Heatran|292/360","|-unboost|p1a: Latias|spa|2","|","|turn|14","|","|switch|p1a: Mew|Mew|169/404","|move|p2a: Heatran|Flash Cannon|p1a: Mew","|-damage|p1a: Mew|69/404","|","|-heal|p1a: Mew|94/404|[from] item: Leftovers","|turn|15","|","|move|p1a: Mew|Roost|p1a: Mew","|-heal|p1a: Mew|296/404","|move|p2a: Heatran|Flash Cannon|p1a: Mew","|-crit|p1a: Mew","|-damage|p1a: Mew|134/404","|","|-heal|p1a: Mew|159/404|[from] item: Leftovers","|turn|16","|","|switch|p2a: Rotom-Heat|Rotom-Heat|303/303","|move|p1a: Mew|Roost|p1a: Mew","|-heal|p1a: Mew|361/404","|","|-heal|p1a: Mew|386/404|[from] item: Leftovers","|turn|17","|","|switch|p2a: Heatran|Heatran, F|292/360","|move|p1a: Mew|Toxic|p2a: Heatran","|-immune|p2a: Heatran|[msg]","|","|-heal|p1a: Mew|404/404|[from] item: Leftovers","|turn|18","|","|move|p1a: Mew|Aura Sphere|p2a: Heatran","|-supereffective|p2a: Heatran","|-damage|p2a: Heatran|226/360","|move|p2a: Heatran|Flash Cannon|p1a: Mew","|-damage|p1a: Mew|286/404","|","|-heal|p1a: Mew|311/404|[from] item: Leftovers","|turn|19","|","|switch|p2a: Ninetales|Ninetales, M|346/346","|-weather|SunnyDay","|move|p1a: Mew|Aura Sphere|p2a: Ninetales","|-damage|p2a: Ninetales|284/346","|","|-weather|SunnyDay|[upkeep]","|-heal|p1a: Mew|336/404|[from] item: Leftovers","|turn|20","|","|move|p2a: Ninetales|Nasty Plot|p2a: Ninetales","|-boost|p2a: Ninetales|spa|2","|move|p1a: Mew|Toxic|p2a: Ninetales","|-status|p2a: Ninetales|tox","|","|-weather|SunnyDay|[upkeep]","|-heal|p1a: Mew|361/404|[from] item: Leftovers","|-damage|p2a: Ninetales|263/346 tox|[from] psn","|turn|21","|","|switch|p1a: Latias|Latias, F|364/364","|move|p2a: Ninetales|Flamethrower|p1a: Latias","|-resisted|p1a: Latias","|-damage|p1a: Latias|265/364","|","|-weather|SunnyDay|[upkeep]","|-heal|p1a: Latias|287/364|[from] item: Leftovers","|-damage|p2a: Ninetales|221/346 tox|[from] psn","|turn|22","|","|switch|p2a: Heatran|Heatran, F|226/360","|move|p1a: Latias|Psyshock|p2a: Heatran","|-resisted|p2a: Heatran","|-damage|p2a: Heatran|177/360","|","|-weather|SunnyDay|[upkeep]","|-heal|p1a: Latias|309/364|[from] item: Leftovers","|turn|23","|","|switch|p1a: Mew|Mew|361/404","|switch|p2a: Torkoal|Torkoal, F|105/344","|","|-weather|none","|-heal|p1a: Mew|386/404|[from] item: Leftovers","|-heal|p2a: Torkoal|126/344|[from] item: Leftovers","|turn|24","|","|move|p2a: Torkoal|Protect|p2a: Torkoal","|-singleturn|p2a: Torkoal|Protect","|move|p1a: Mew|Toxic|p2a: Torkoal","|-activate|p2a: Torkoal|Protect","|","|-heal|p1a: Mew|404/404|[from] item: Leftovers","|-heal|p2a: Torkoal|147/344|[from] item: Leftovers","|turn|25","|","|move|p1a: Mew|Toxic|p2a: Torkoal","|-status|p2a: Torkoal|tox","|move|p2a: Torkoal|Toxic|p1a: Mew|[miss]","|-miss|p2a: Torkoal|p1a: Mew","|","|-heal|p2a: Torkoal|168/344 tox|[from] item: Leftovers","|-damage|p2a: Torkoal|147/344 tox|[from] psn","|turn|26","|","|move|p1a: Mew|Aura Sphere|p2a: Torkoal","|-damage|p2a: Torkoal|69/344 tox","|move|p2a: Torkoal|Toxic|p1a: Mew","|-status|p1a: Mew|tox","|","|-heal|p2a: Torkoal|90/344 tox|[from] item: Leftovers","|-damage|p1a: Mew|379/404 tox|[from] psn","|-damage|p2a: Torkoal|48/344 tox|[from] psn","|turn|27","|","|switch|p2a: Heatran|Heatran, F|177/360","|move|p1a: Mew|Heal Bell|p1a: Mew","|-cureteam|p1a: Mew|[from] move: HealBell","|","|-heal|p1a: Mew|404/404|[from] item: Leftovers","|turn|28","|","|move|p1a: Mew|Aura Sphere|p2a: Heatran","|-supereffective|p2a: Heatran","|-damage|p2a: Heatran|113/360","|move|p2a: Heatran|Fire Spin|p1a: Mew|[miss]","|-miss|p2a: Heatran|p1a: Mew","|","|turn|29","|","|move|p1a: Mew|Aura Sphere|p2a: Heatran","|-supereffective|p2a: Heatran","|-damage|p2a: Heatran|47/360","|move|p2a: Heatran|Flash Cannon|p1a: Mew","|-damage|p1a: Mew|298/404","|","|-heal|p1a: Mew|323/404|[from] item: Leftovers","|turn|30","|","|move|p1a: Mew|Aura Sphere|p2a: Heatran","|-supereffective|p2a: Heatran","|-damage|p2a: Heatran|0 fnt","|faint|p2a: Heatran","|","|-heal|p1a: Mew|348/404|[from] item: Leftovers","|","|switch|p2a: Entei|Entei, shiny|371/371","|-ability|p2a: Entei|Pressure","|turn|31","|","|switch|p1a: Slowbro|Slowbro, F|394/394","|move|p2a: Entei|Sacred Fire|p1a: Slowbro","|-resisted|p1a: Slowbro","|-damage|p1a: Slowbro|299/394","|-status|p1a: Slowbro|brn","|","|-damage|p1a: Slowbro|250/394 brn|[from] brn","|turn|32","|","|switch|p2a: Rotom-Heat|Rotom-Heat|303/303","|move|p1a: Slowbro|Scald|p2a: Rotom-Heat","|-supereffective|p2a: Rotom-Heat","|-damage|p2a: Rotom-Heat|139/303","|","|-damage|p1a: Slowbro|201/394 brn|[from] brn","|turn|33","|","|switch|p1a: Deoxys-Speed|Deoxys-Speed|304/304","|-ability|p1a: Deoxys-Speed|Pressure","|move|p2a: Rotom-Heat|Light Screen|p2a: Rotom-Heat","|-sidestart|p2: GLReshiram|move: Light Screen","|","|turn|34","|","|move|p1a: Deoxys-Speed|Stealth Rock|p2a: Rotom-Heat","|-sidestart|p2: GLReshiram|move: Stealth Rock","|move|p2a: Rotom-Heat|Volt Switch|p1a: Deoxys-Speed","|-damage|p1a: Deoxys-Speed|211/304","|","|switch|p2a: Charizard|Charizard, M|333/333","|-damage|p2a: Charizard|167/333|[from] Stealth Rock","|","|turn|35","|","|detailschange|p2a: Charizard|Charizard-Mega-X, M","|-mega|p2a: Charizard|Charizard|Charizardite X","|move|p1a: Deoxys-Speed|Thunder Wave|p2a: Charizard","|-status|p2a: Charizard|par","|move|p2a: Charizard|Roost|p2a: Charizard","|-heal|p2a: Charizard|333/333 par","|","|turn|36","|","|switch|p1a: Slowbro|Slowbro, F|332/394 brn","|cant|p2a: Charizard|par","|","|-damage|p1a: Slowbro|283/394 brn|[from] brn","|turn|37","|","|move|p1a: Slowbro|Slack Off|p1a: Slowbro","|-heal|p1a: Slowbro|394/394 brn","|move|p2a: Charizard|Thunder Punch|p1a: Slowbro","|-supereffective|p1a: Slowbro","|-damage|p1a: Slowbro|236/394 brn","|-damage|p2a: Charizard|278/333 par|[from] item: Rocky Helmet|[of] p1a: Slowbro","|","|-damage|p1a: Slowbro|187/394 brn|[from] brn","|turn|38","|","|move|p1a: Slowbro|Slack Off|p1a: Slowbro","|-heal|p1a: Slowbro|384/394 brn","|move|p2a: Charizard|Dragon Dance|p2a: Charizard","|-boost|p2a: Charizard|atk|1","|-boost|p2a: Charizard|spe|1","|","|-damage|p1a: Slowbro|335/394 brn|[from] brn","|turn|39","|","|switch|p1a: Hoopa-Unbound|Hoopa-Unbound|301/301","|cant|p2a: Charizard|par","|","|turn|40","|","|switch|p2a: Torkoal|Torkoal, F|48/344 tox","|-damage|p2a: Torkoal|0 fnt|[from] Stealth Rock","|faint|p2a: Torkoal","|move|p1a: Hoopa-Unbound|Hyperspace Fury|p2: Torkoal|[notarget]","|-notarget","|","|-sideend|p2: GLReshiram|move: Light Screen","|","|switch|p2a: Rotom-Heat|Rotom-Heat|139/303","|-damage|p2a: Rotom-Heat|64/303|[from] Stealth Rock","|turn|41","|","|switch|p1a: Latias|Latias, F|309/364","|move|p2a: Rotom-Heat|Reflect|p2a: Rotom-Heat","|-sidestart|p2: GLReshiram|Reflect","|","|-heal|p1a: Latias|331/364|[from] item: Leftovers","|turn|42","|","|move|p1a: Latias|Psyshock|p2a: Rotom-Heat","|-damage|p2a: Rotom-Heat|0 fnt","|faint|p2a: Rotom-Heat","|","|-heal|p1a: Latias|353/364|[from] item: Leftovers","|","|switch|p2a: Charizard|Charizard-Mega-X, M|278/333 par","|-damage|p2a: Charizard|195/333 par|[from] Stealth Rock","|turn|43","|","|move|p1a: Latias|Draco Meteor|p2a: Charizard","|-supereffective|p2a: Charizard","|-damage|p2a: Charizard|0 fnt","|-unboost|p1a: Latias|spa|2","|faint|p2a: Charizard","|","|-heal|p1a: Latias|364/364|[from] item: Leftovers","|","|switch|p2a: Entei|Entei, shiny|371/371","|-damage|p2a: Entei|279/371|[from] Stealth Rock","|-ability|p2a: Entei|Pressure","|turn|44","|","|move|p1a: Latias|Draco Meteor|p2a: Entei","|-damage|p2a: Entei|182/371","|-unboost|p1a: Latias|spa|2","|move|p2a: Entei|Stone Edge|p1a: Latias","|-damage|p1a: Latias|167/364","|","|-heal|p1a: Latias|189/364|[from] item: Leftovers","|turn|45","|","|switch|p1a: Deoxys-Speed|Deoxys-Speed|211/304","|-ability|p1a: Deoxys-Speed|Pressure","|move|p2a: Entei|Stone Edge|p1a: Deoxys-Speed","|-damage|p1a: Deoxys-Speed|8/304","|","|turn|46","|","|switch|p2a: Ninetales|Ninetales, M|221/346 tox","|-damage|p2a: Ninetales|135/346 tox|[from] Stealth Rock","|-weather|SunnyDay","|move|p1a: Deoxys-Speed|Thunder Wave|p2a: Ninetales","|-fail|p2a: Ninetales","|","|-weather|SunnyDay|[upkeep]","|-damage|p2a: Ninetales|114/346 tox|[from] psn","|turn|47","|","|move|p1a: Deoxys-Speed|Thunderbolt|p2a: Ninetales","|-damage|p2a: Ninetales|47/346 tox","|move|p2a: Ninetales|Hidden Power|p1a: Deoxys-Speed","|-damage|p1a: Deoxys-Speed|0 fnt","|faint|p1a: Deoxys-Speed","|","|-weather|SunnyDay|[upkeep]","|-damage|p2a: Ninetales|5/346 tox|[from] psn","|","|switch|p1a: Gardevoir|Gardevoir, M|277/277","|-ability|p1a: Gardevoir|Drought|[from] ability: Trace|[of] p2a: Ninetales","|turn|48","|","|detailschange|p1a: Gardevoir|Gardevoir-Mega, M","|-mega|p1a: Gardevoir|Gardevoir|Gardevoirite","|move|p1a: Gardevoir|Psyshock|p2a: Ninetales","|-damage|p2a: Ninetales|0 fnt","|faint|p2a: Ninetales","|","|-weather|SunnyDay|[upkeep]","|-sideend|p2: GLReshiram|Reflect","|","|switch|p2a: Entei|Entei, shiny|182/371","|-damage|p2a: Entei|90/371|[from] Stealth Rock","|-ability|p2a: Entei|Pressure","|turn|49","|","|move|p1a: Gardevoir|Psyshock|p2a: Entei","|-damage|p2a: Entei|0 fnt","|faint|p2a: Entei","|","|win|Seven Swell"],"p1rating":{"entryid":"7267988","serverid":"eos","formatid":"monotype","userid":"sevenswell","username":"Seven Swell","w":54,"l":"30","t":"0","gxe":67.5,"r":"1624.6245106123","rd":"42.988182834483","sigma":"0","rptime":"1439283600","rpr":1638.1590896462,"rprd":39.859328566909,"rpsigma":"0","acre":1336.5779275754,"lacre":1336.5779275754,"oldacre":"1327.7196155307"},"p2rating":{"entryid":"6886801","serverid":"eos","formatid":"monotype","userid":"glreshiram","username":"GL♅Reshiram","w":"22","l":24,"t":"0","gxe":48.5,"r":1493.526349221,"rd":52.022317078337,"sigma":"0","rptime":1439283600,"rpr":1488.6600093725,"rprd":51.530004277456,"rpsigma":"0","acre":1098.2502559051,"lacre":1098.2502559051,"oldacre":"1109.323145961"},"endType":"normal"}