{"seed":[9912,57880,24035,50957],"turns":31,"p1":"Rain ☆ Suichika","p2":"Guard Wanderer","p1team":[{"name":"Bellossom","species":"Bellossom","item":"choicespecs","ability":"Chlorophyll","moves":["leafstorm","gigadrain","hiddenpowerfire","moonblast"],"nature":"Modest","evs":{"hp":116,"atk":0,"def":0,"spa":252,"spd":0,"spe":140},"ivs":{"hp":31,"atk":30,"def":31,"spa":30,"spd":31,"spe":30}},{"name":"Ferrothorn","species":"Ferrothorn","item":"occaberry","ability":"Iron Barbs","moves":["thunderwave","knockoff","stealthrock","gyroball"],"nature":"Relaxed","evs":{"hp":248,"atk":0,"def":92,"spa":0,"spd":168,"spe":0},"ivs":{"hp":31,"atk":31,"def":31,"spa":31,"spd":31,"spe":31}},{"name":"Venusaur","species":"Venusaur","item":"venusaurite","ability":"Chlorophyll","moves":["synthesis","gigadrain","hiddenpowerrock","earthquake"],"nature":"Quiet","evs":{"hp":252,"atk":4,"def":0,"spa":252,"spd":0,"spe":0},"ivs":{"hp":31,"atk":31,"def":30,"spa":31,"spd":30,"spe":30}},{"name":"Roserade","species":"Roserade","item":"choicescarf","ability":"Technician","moves":["extrasensory","sludgebomb","hiddenpowerground","magicalleaf"],"nature":"Timid","evs":{"hp":0,"atk":0,"def":0,"spa":252,"spd":4,"spe":252},"ivs":{"hp":31,"atk":31,"def":31,"spa":30,"spd":30,"spe":31}},{"name":"Celebi","species":"Celebi","item":"weaknesspolicy","ability":"Natural Cure","moves":["suckerpunch","gigadrain","earthpower","zenheadbutt"],"nature":"Hasty","evs":{"hp":0,"atk":196,"def":0,"spa":60,"spd":0,"spe":252},"ivs":{"hp":31,"atk":31,"def":31,"spa":31,"spd":31,"spe":31}},{"name":"Breloom","species":"Breloom","item":"focussash","ability":"Technician","moves":["spore","machpunch","rocktomb","bulletseed"],"nature":"Jolly","evs":{"hp":0,"atk":252,"def":0,"spa":0,"spd":4,"spe":252},"ivs":{"hp":31,"atk":31,"def":31,"spa":31,"spd":31,"spe":31}}],"p2team":[{"name":"Weezing","species":"Weezing","item":"sitrusberry","ability":"Levitate","moves":["toxicspikes","willowisp","memento","thief"],"nature":"Careful","evs":{"hp":248,"atk":8,"def":0,"spa":0,"spd":252,"spe":0},"ivs":{"hp":31,"atk":31,"def":31,"spa":31,"spd":31,"spe":31}},{"name":"Tentacruel","species":"Tentacruel","item":"assaultvest","ability":"Liquid Ooze","moves":["scald","acidspray","gigadrain","hex"],"nature":"Timid","evs":{"hp":0,"atk":0,"def":4,"spa":252,"spd":0,"spe":252},"ivs":{"hp":31,"atk":31,"def":31,"spa":31,"spd":31,"spe":31}},{"name":"Skuntank","species":"Skuntank","item":"","ability":"Stench","moves":["snatch","thief","suckerpunch","poisonjab"],"nature":"Adamant","evs":{"hp":248,"atk":252,"def":0,"spa":0,"spd":8,"spe":0},"ivs":{"hp":31,"atk":31,"def":31,"spa":31,"spd":31,"spe":31}},{"name":"Crobat","species":"Crobat","item":"whiteherb","ability":"Infiltrator","moves":["curse","acrobatics","roost","whirlwind"],"nature":"Jolly","evs":{"hp":248,"atk":8,"def":0,"spa":0,"spd":0,"spe":252},"ivs":{"hp":31,"atk":31,"def":31,"spa":31,"spd":31,"spe":31}},{"name":"Gengar","species":"Gengar","item":"choicescarf","ability":"Levitate","moves":["trick","destinybond","venoshock","hex"],"nature":"Timid","evs":{"hp":0,"atk":0,"def":0,"spa":252,"spd":4,"spe":252},"ivs":{"hp":31,"atk":31,"def":31,"spa":31,"spd":31,"spe":31}},{"name":"Amoonguss","species":"Amoonguss","item":"blacksludge","ability":"Regenerator","moves":["spore","gigadrain","gastroacid","stunspore"],"nature":"Calm","evs":{"hp":248,"atk":0,"def":0,"spa":8,"spd":252,"spe":0},"shiny":true,"ivs":{"hp":31,"atk":31,"def":31,"spa":31,"spd":31,"spe":31}}],"log":["|player|p1|Rain ☆ Suichika|rainsuichika.png","|player|p2|Guard Wanderer|235","|gametype|singles","|gen|6","|tier|Monotype","|rated","|rule|Baton Pass Clause: Limit one Baton Passer, can't pass Spe and other stats simultaneously","|rule|Swagger Clause: Swagger is banned","|rule|Same Type Clause: Pokémon in a team must share a type","|clearpoke","|poke|p1|Bellossom, M","|poke|p1|Ferrothorn, F","|poke|p1|Venusaur, M","|poke|p1|Roserade, M","|poke|p1|Celebi","|poke|p1|Breloom, M","|poke|p2|Weezing, F","|poke|p2|Tentacruel, F","|poke|p2|Skuntank, F","|poke|p2|Crobat, M","|poke|p2|Gengar, F","|poke|p2|Amoonguss, F, shiny","|rule|Sleep Clause Mod: Limit one foe put to sleep","|rule|Species Clause: Limit one of each Pokémon","|rule|OHKO Clause: OHKO moves are banned","|rule|Moody Clause: Moody is banned","|rule|Evasion Moves Clause: Evasion moves are banned","|rule|Endless Battle Clause: Forcing endless battles is banned","|rule|HP Percentage Mod: HP is shown in percentages","|teampreview","|","|start","|switch|p1a: Ferrothorn|Ferrothorn, F|351/351","|switch|p2a: Tentacruel|Tentacruel, F|301/301","|turn|1","|","|move|p2a: Tentacruel|Scald|p1a: Ferrothorn","|-resisted|p1a: Ferrothorn","|-damage|p1a: Ferrothorn|315/351","|move|p1a: Ferrothorn|Knock Off|p2a: Tentacruel","|-damage|p2a: Tentacruel|200/301","|-enditem|p2a: Tentacruel|Assault Vest|[from] move: Knock Off|[of] p1a: Ferrothorn","|","|turn|2","|","|move|p2a: Tentacruel|Scald|p1a: Ferrothorn","|-resisted|p1a: Ferrothorn","|-damage|p1a: Ferrothorn|274/351","|move|p1a: Ferrothorn|Stealth Rock|p2a: Tentacruel","|-sidestart|p2: Guard Wanderer|move: Stealth Rock","|","|turn|3","|","|move|p2a: Tentacruel|Scald|p1a: Ferrothorn","|-resisted|p1a: Ferrothorn","|-damage|p1a: Ferrothorn|236/351","|-status|p1a: Ferrothorn|brn","|move|p1a: Ferrothorn|Thunder Wave|p2a: Tentacruel","|-status|p2a: Tentacruel|par","|","|-damage|p1a: Ferrothorn|193/351 brn|[from] brn","|turn|4","|","|switch|p1a: Celebi|Celebi|341/341","|move|p2a: Tentacruel|Hex|p1a: Celebi","|-supereffective|p1a: Celebi","|-damage|p1a: Celebi|227/341","|-enditem|p1a: Celebi|Weakness Policy","|-boost|p1a: Celebi|atk|2|[from] item: Weakness Policy","|-boost|p1a: Celebi|spa|2|[from] item: Weakness Policy","|","|turn|5","|","|move|p1a: Celebi|Zen Headbutt|p2a: Tentacruel","|-supereffective|p2a: Tentacruel","|-damage|p2a: Tentacruel|0 fnt","|faint|p2a: Tentacruel","|","|","|switch|p2a: Skuntank|Skuntank, F|409/409","|-damage|p2a: Skuntank|358/409|[from] Stealth Rock","|turn|6","|","|move|p2a: Skuntank|Sucker Punch|p1a: Celebi","|-supereffective|p1a: Celebi","|-damage|p1a: Celebi|0 fnt","|faint|p1a: Celebi","|","|","|switch|p1a: Roserade|Roserade, M|261/261","|turn|7","|","|move|p1a: Roserade|Hidden Power|p2a: Skuntank","|-supereffective|p2a: Skuntank","|-damage|p2a: Skuntank|66/409","|move|p2a: Skuntank|Thief|p1a: Roserade","|-damage|p1a: Roserade|134/261","|-item|p2a: Skuntank|Choice Scarf|[from] move: Thief|[of] p1a: Roserade","|","|turn|8","|","|switch|p1a: Ferrothorn|Ferrothorn, F|193/351 brn","|move|p2a: Skuntank|Sucker Punch|p1a: Ferrothorn","|-fail|p2a: Skuntank","|","|-damage|p1a: Ferrothorn|150/351 brn|[from] brn","|turn|9","|","|move|p2a: Skuntank|Sucker Punch|p1a: Ferrothorn","|-damage|p1a: Ferrothorn|65/351 brn","|-damage|p2a: Skuntank|15/409|[from] ability: Iron Barbs|[of] p1a: Ferrothorn","|move|p1a: Ferrothorn|Knock Off|p2a: Skuntank","|-resisted|p2a: Skuntank","|-damage|p2a: Skuntank|0 fnt","|-enditem|p2a: Skuntank|Choice Scarf|[from] move: Knock Off|[of] p1a: Ferrothorn","|faint|p2a: Skuntank","|","|-damage|p1a: Ferrothorn|22/351 brn|[from] brn","|","|switch|p2a: Crobat|Crobat, M|373/373","|-damage|p2a: Crobat|280/373|[from] Stealth Rock","|turn|10","|","|move|p2a: Crobat|Acrobatics|p1a: Ferrothorn","|-damage|p1a: Ferrothorn|0 fnt","|-damage|p2a: Crobat|234/373|[from] ability: Iron Barbs|[of] p1a: Ferrothorn","|faint|p1a: Ferrothorn","|","|","|switch|p1a: Breloom|Breloom, M|261/261","|turn|11","|","|move|p2a: Crobat|Curse|p2a: Crobat","|-unboost|p2a: Crobat|spe|1","|-boost|p2a: Crobat|atk|1","|-boost|p2a: Crobat|def|1","|-enditem|p2a: Crobat|White Herb","|-restoreboost|p2a: Crobat|[silent]","|move|p1a: Breloom|Rock Tomb|p2a: Crobat","|-supereffective|p2a: Crobat","|-damage|p2a: Crobat|48/373","|-unboost|p2a: Crobat|spe|1","|","|turn|12","|","|move|p2a: Crobat|Roost|p2a: Crobat","|-heal|p2a: Crobat|235/373","|move|p1a: Breloom|Rock Tomb|p2a: Crobat","|-damage|p2a: Crobat|146/373","|-unboost|p2a: Crobat|spe|1","|","|turn|13","|","|switch|p2a: Weezing|Weezing, F|333/333","|-damage|p2a: Weezing|292/333|[from] Stealth Rock","|move|p1a: Breloom|Spore|p2a: Weezing","|-status|p2a: Weezing|slp","|","|turn|14","|","|switch|p1a: Roserade|Roserade, M|134/261","|cant|p2a: Weezing|slp","|","|turn|15","|","|move|p1a: Roserade|Extrasensory|p2a: Weezing","|-supereffective|p2a: Weezing","|-damage|p2a: Weezing|118/333 slp","|-enditem|p2a: Weezing|Sitrus Berry|[eat]","|-heal|p2a: Weezing|201/333 slp|[from] item: Sitrus Berry","|-curestatus|p2a: Weezing|slp","|move|p2a: Weezing|Will-O-Wisp|p1a: Roserade","|-status|p1a: Roserade|brn","|","|-damage|p1a: Roserade|102/261 brn|[from] brn","|turn|16","|","|switch|p1a: Venusaur|Venusaur, M|364/364","|move|p2a: Weezing|Toxic Spikes|p1a: Venusaur","|-sidestart|p1: Rain ☆ Suichika|move: Toxic Spikes","|","|turn|17","|","|detailschange|p1a: Venusaur|Venusaur-Mega, M","|-mega|p1a: Venusaur|Venusaur|Venusaurite","|move|p1a: Venusaur|Hidden Power|p2a: Weezing","|-damage|p2a: Weezing|133/333","|move|p2a: Weezing|Will-O-Wisp|p1a: Venusaur","|-status|p1a: Venusaur|brn","|","|-damage|p1a: Venusaur|319/364 brn|[from] brn","|turn|18","|","|switch|p2a: Crobat|Crobat, M|146/373","|-damage|p2a: Crobat|53/373|[from] Stealth Rock","|move|p1a: Venusaur|Giga Drain|p2a: Crobat","|-resisted|p2a: Crobat","|-damage|p2a: Crobat|13/373","|-heal|p1a: Venusaur|339/364 brn|[from] drain|[of] p2a: Crobat","|","|-damage|p1a: Venusaur|294/364 brn|[from] brn","|turn|19","|","|move|p2a: Crobat|Roost|p2a: Crobat","|-heal|p2a: Crobat|200/373","|move|p1a: Venusaur|Earthquake|p2a: Crobat","|-supereffective|p2a: Crobat","|-damage|p2a: Crobat|107/373","|","|-damage|p1a: Venusaur|249/364 brn|[from] brn","|turn|20","|","|move|p2a: Crobat|Roost|p2a: Crobat","|-heal|p2a: Crobat|294/373","|move|p1a: Venusaur|Hidden Power|p2a: Crobat","|-damage|p2a: Crobat|200/373","|","|-damage|p1a: Venusaur|204/364 brn|[from] brn","|turn|21","|","|switch|p1a: Roserade|Roserade, M|102/261 brn","|-sideend|p1: Rain ☆ Suichika|move: Toxic Spikes|[of] p1a: Roserade","|move|p2a: Crobat|Whirlwind|p1a: Roserade","|drag|p1a: Venusaur|Venusaur-Mega, M|204/364 brn","|","|-damage|p1a: Venusaur|159/364 brn|[from] brn","|turn|22","|","|move|p2a: Crobat|Roost|p2a: Crobat","|-heal|p2a: Crobat|373/373","|move|p1a: Venusaur|Synthesis|p1a: Venusaur","|-heal|p1a: Venusaur|341/364 brn","|","|-damage|p1a: Venusaur|296/364 brn|[from] brn","|turn|23","|","|move|p2a: Crobat|Acrobatics|p1a: Venusaur","|-supereffective|p1a: Venusaur","|-damage|p1a: Venusaur|78/364 brn","|move|p1a: Venusaur|Hidden Power|p2a: Crobat","|-supereffective|p2a: Crobat","|-damage|p2a: Crobat|191/373","|","|-damage|p1a: Venusaur|33/364 brn|[from] brn","|turn|24","|","|move|p2a: Crobat|Roost|p2a: Crobat","|-heal|p2a: Crobat|373/373","|move|p1a: Venusaur|Hidden Power|p2a: Crobat","|-damage|p2a: Crobat|282/373","|","|-damage|p1a: Venusaur|0 fnt|[from] brn","|faint|p1a: Venusaur","|","|switch|p1a: Breloom|Breloom, M|261/261","|turn|25","|","|move|p2a: Crobat|Acrobatics|p1a: Breloom","|-supereffective|p1a: Breloom","|-enditem|p1a: Breloom|Focus Sash","|-damage|p1a: Breloom|1/261","|move|p1a: Breloom|Spore|p2a: Crobat","|-status|p2a: Crobat|slp","|","|turn|26","|","|cant|p2a: Crobat|slp","|move|p1a: Breloom|Rock Tomb|p2a: Crobat","|-supereffective|p2a: Crobat","|-damage|p2a: Crobat|14/373 slp","|-unboost|p2a: Crobat|spe|1","|","|turn|27","|","|move|p1a: Breloom|Mach Punch|p2a: Crobat","|-resisted|p2a: Crobat","|-damage|p2a: Crobat|0 fnt","|faint|p2a: Crobat","|","|","|switch|p2a: Gengar|Gengar, F|261/261","|-damage|p2a: Gengar|229/261|[from] Stealth Rock","|turn|28","|","|move|p2a: Gengar|Venoshock|p1a: Breloom","|-supereffective|p1a: Breloom","|-damage|p1a: Breloom|0 fnt","|faint|p1a: Breloom","|","|","|switch|p1a: Roserade|Roserade, M|102/261 brn","|turn|29","|","|move|p2a: Gengar|Venoshock|p1a: Roserade","|-damage|p1a: Roserade|0 fnt","|faint|p1a: Roserade","|","|","|switch|p1a: Bellossom|Bellossom, M|320/320","|turn|30","|","|move|p2a: Gengar|Venoshock|p1a: Bellossom","|-supereffective|p1a: Bellossom","|-damage|p1a: Bellossom|98/320","|move|p1a: Bellossom|Hidden Power|p2a: Gengar","|-damage|p2a: Gengar|118/261","|","|turn|31","|","|move|p2a: Gengar|Venoshock|p1a: Bellossom","|-supereffective|p1a: Bellossom","|-damage|p1a: Bellossom|0 fnt","|faint|p1a: Bellossom","|","|win|Guard Wanderer"],"p1rating":{"entryid":"6383869","serverid":"eos","formatid":"monotype","userid":"rainsuichika","username":"Rain ☆ Suichika","w":"57","l":35,"t":"0","gxe":60.1,"r":"1584.8603072966","rd":"43.946532919047","sigma":"0","rptime":"1439283600","rpr":1577.3731590838,"rprd":43.6481504769,"rpsigma":"0","acre":1184.4500385225,"lacre":1184.4500385225,"oldacre":"1218.1510903621"},"p2rating":{"entryid":"6731189","serverid":"eos","formatid":"monotype","userid":"guardwanderer","username":"Guard Wanderer","w":110,"l":"139","t":"0","gxe":44.1,"r":"1449.4936567142","rd":"25.666816101957","sigma":"0","rptime":"1439283600","rpr":1454.9578533201,"rprd":25.428703580888,"rpsigma":"0","acre":1127.2848275505,"lacre":1127.2848275505,"oldacre":"1091.9575394267"},"endType":"normal"}