{"seed":[53289,30938,31396,5590],"turns":22,"p1":"LightOfAKnowing","p2":"emforbes","p1team":[{"name":"Vespiquen","species":"Vespiquen","item":"laxincense","ability":"Pressure","moves":["defendorder","infestation","mudslap","roost"],"nature":"Gentle","evs":{"hp":248,"atk":8,"def":0,"spa":0,"spd":252,"spe":0},"ivs":{"hp":31,"atk":31,"def":31,"spa":31,"spd":31,"spe":31}},{"name":"Heracross","species":"Heracross","item":"choicescarf","ability":"Moxie","moves":["closecombat","megahorn","knockoff","pursuit"],"nature":"Jolly","evs":{"hp":0,"atk":252,"def":0,"spa":0,"spd":4,"spe":252},"ivs":{"hp":31,"atk":31,"def":31,"spa":31,"spd":31,"spe":31}},{"name":"Forretress","species":"Forretress","item":"custapberry","ability":"Sturdy","moves":["stealthrock","rapidspin","explosion","spikes"],"nature":"Impish","evs":{"hp":248,"atk":8,"def":252,"spa":0,"spd":0,"spe":0},"ivs":{"hp":31,"atk":31,"def":31,"spa":31,"spd":31,"spe":31}},{"name":"Galvantula","species":"Galvantula","item":"focussash","ability":"Swarm","moves":["stickyweb","bugbuzz","voltswitch","suckerpunch"],"nature":"Hasty","evs":{"hp":0,"atk":4,"def":0,"spa":252,"spd":0,"spe":252},"ivs":{"hp":31,"atk":31,"def":31,"spa":31,"spd":31,"spe":31}},{"name":"Pinsir","species":"Pinsir","item":"pinsirite","ability":"Moxie","moves":["quickattack","xscissor","frustration","closecombat"],"nature":"Adamant","evs":{"hp":248,"atk":252,"def":0,"spa":0,"spd":8,"spe":0},"happiness":0,"ivs":{"hp":31,"atk":31,"def":31,"spa":31,"spd":31,"spe":31}},{"name":"Genesect","species":"Genesect","item":"choicescarf","ability":"Download","moves":["extremespeed","blazekick","uturn","ironhead"],"nature":"Hasty","evs":{"hp":0,"atk":252,"def":0,"spa":0,"spd":4,"spe":252},"shiny":true,"ivs":{"hp":31,"atk":31,"def":31,"spa":31,"spd":31,"spe":31}}],"p2team":[{"name":"Aegislash","species":"Aegislash","item":"weaknesspolicy","ability":"Stance Change","moves":["shadowsneak","swordsdance","kingsshield","sacredsword"],"nature":"Adamant","evs":{"hp":248,"atk":252,"def":0,"spa":0,"spd":8,"spe":0},"ivs":{"hp":31,"atk":31,"def":31,"spa":31,"spd":31,"spe":31}},{"name":"Sableye","species":"Sableye","item":"sablenite","ability":"Prankster","moves":["recover","calmmind","shadowball","darkpulse"],"nature":"Bold","evs":{"hp":248,"atk":0,"def":252,"spa":8,"spd":0,"spe":0},"ivs":{"hp":31,"atk":31,"def":31,"spa":31,"spd":31,"spe":31}},{"name":"Golurk","species":"Golurk","item":"focussash","ability":"No Guard","moves":["stealthrock","earthquake","dynamicpunch","shadowpunch"],"nature":"Adamant","evs":{"hp":248,"atk":252,"def":0,"spa":0,"spd":8,"spe":0},"ivs":{"hp":31,"atk":31,"def":31,"spa":31,"spd":31,"spe":31}},{"name":"Chandelure","species":"Chandelure","item":"choicescarf","ability":"Infiltrator","moves":["shadowball","fireblast","energyball","hiddenpowerground"],"nature":"Timid","evs":{"hp":0,"atk":0,"def":0,"spa":252,"spd":4,"spe":252},"ivs":{"hp":31,"atk":31,"def":31,"spa":30,"spd":30,"spe":31},"shiny":true},{"name":"Gengar","species":"Gengar","item":"focussash","ability":"Levitate","moves":["sludgewave","destinybond","shadowball","willowisp"],"nature":"Timid","evs":{"hp":0,"atk":0,"def":0,"spa":252,"spd":4,"spe":252},"ivs":{"hp":31,"atk":31,"def":31,"spa":31,"spd":31,"spe":31}},{"name":"Hoopa","species":"Hoopa","item":"lifeorb","ability":"Magician","moves":["psychic","substitute","focusblast","grassknot"],"nature":"Timid","evs":{"hp":0,"atk":0,"def":0,"spa":252,"spd":4,"spe":252},"ivs":{"hp":31,"atk":31,"def":31,"spa":31,"spd":31,"spe":31}}],"log":["|player|p1|LightOfAKnowing|lightofaknowing.gif","|player|p2|emforbes|148","|gametype|singles","|gen|6","|tier|Monotype","|rated","|rule|Baton Pass Clause: Limit one Baton Passer, can't pass Spe and other stats simultaneously","|rule|Swagger Clause: Swagger is banned","|rule|Same Type Clause: Pokémon in a team must share a type","|clearpoke","|poke|p1|Vespiquen, F","|poke|p1|Heracross, F","|poke|p1|Forretress, F","|poke|p1|Galvantula, M","|poke|p1|Pinsir, F","|poke|p1|Genesect-*, shiny","|poke|p2|Aegislash, M","|poke|p2|Sableye, M","|poke|p2|Golurk","|poke|p2|Chandelure, F, shiny","|poke|p2|Gengar, M","|poke|p2|Hoopa","|rule|Sleep Clause Mod: Limit one foe put to sleep","|rule|Species Clause: Limit one of each Pokémon","|rule|OHKO Clause: OHKO moves are banned","|rule|Moody Clause: Moody is banned","|rule|Evasion Moves Clause: Evasion moves are banned","|rule|Endless Battle Clause: Forcing endless battles is banned","|rule|HP Percentage Mod: HP is shown in percentages","|teampreview","|","|start","|switch|p1a: Galvantula|Galvantula, M|281/281","|switch|p2a: Golurk|Golurk|381/381","|turn|1","|","|move|p1a: Galvantula|Sticky Web|p2a: Golurk","|-sidestart|p2: emforbes|move: Sticky Web","|move|p2a: Golurk|Stealth Rock|p1a: Galvantula","|-sidestart|p1: LightOfAKnowing|move: Stealth Rock","|","|turn|2","|","|move|p1a: Galvantula|Sucker Punch|p2a: Golurk","|-supereffective|p2a: Golurk","|-damage|p2a: Golurk|259/381","|move|p2a: Golurk|Dynamic Punch|p1a: Galvantula","|-resisted|p1a: Galvantula","|-damage|p1a: Galvantula|183/281","|-start|p1a: Galvantula|confusion","|","|turn|3","|","|-activate|p1a: Galvantula|confusion","|-damage|p1a: Galvantula|139/281|[from] confusion","|move|p2a: Golurk|Shadow Punch|p1a: Galvantula","|-damage|p1a: Galvantula|0 fnt","|faint|p1a: Galvantula","|","|","|switch|p1a: Forretress|Forretress, F|353/353","|-damage|p1a: Forretress|309/353|[from] Stealth Rock","|turn|4","|","|switch|p2a: Chandelure|Chandelure, F, shiny|261/261","|-activate|p2a: Chandelure|move: Sticky Web","|-unboost|p2a: Chandelure|spe|1","|move|p1a: Forretress|Stealth Rock|p2a: Chandelure","|-sidestart|p2: emforbes|move: Stealth Rock","|","|turn|5","|","|move|p2a: Chandelure|Fire Blast|p1a: Forretress","|-supereffective|p1a: Forretress","|-damage|p1a: Forretress|0 fnt","|faint|p1a: Forretress","|","|","|switch|p1a: Pinsir|Pinsir, F|333/333","|-damage|p1a: Pinsir|250/333|[from] Stealth Rock","|turn|6","|","|detailschange|p1a: Pinsir|Pinsir-Mega, F","|-mega|p1a: Pinsir|Pinsir|Pinsirite","|move|p2a: Chandelure|Fire Blast|p1a: Pinsir","|-supereffective|p1a: Pinsir","|-damage|p1a: Pinsir|0 fnt","|faint|p1a: Pinsir","|","|","|switch|p1a: Heracross|Heracross, F|301/301","|-damage|p1a: Heracross|264/301|[from] Stealth Rock","|turn|7","|","|switch|p2a: Golurk|Golurk|259/381","|-activate|p2a: Golurk|move: Sticky Web","|-unboost|p2a: Golurk|spe|1","|-damage|p2a: Golurk|236/381|[from] Stealth Rock","|move|p1a: Heracross|Knock Off|p2a: Golurk","|-supereffective|p2a: Golurk","|-damage|p2a: Golurk|0 fnt","|-enditem|p2a: Golurk|Focus Sash|[from] move: Knock Off|[of] p1a: Heracross","|faint|p2a: Golurk","|-boost|p1a: Heracross|atk|1|[from] ability: Moxie","|","|","|switch|p2a: Sableye|Sableye, M|303/303","|-damage|p2a: Sableye|266/303|[from] Stealth Rock","|-activate|p2a: Sableye|move: Sticky Web","|-unboost|p2a: Sableye|spe|1","|turn|8","|","|switch|p1a: Vespiquen|Vespiquen, F|343/343","|-damage|p1a: Vespiquen|172/343|[from] Stealth Rock","|-ability|p1a: Vespiquen|Pressure","|detailschange|p2a: Sableye|Sableye-Mega, M","|-mega|p2a: Sableye|Sableye|Sablenite","|move|p2a: Sableye|Calm Mind|p2a: Sableye","|-boost|p2a: Sableye|spa|1","|-boost|p2a: Sableye|spd|1","|","|turn|9","|","|move|p1a: Vespiquen|Mud-Slap|p2a: Sableye","|-damage|p2a: Sableye|258/303","|-unboost|p2a: Sableye|accuracy|1","|move|p2a: Sableye|Shadow Ball|p1a: Vespiquen|[miss]","|-miss|p2a: Sableye|p1a: Vespiquen","|","|turn|10","|","|move|p1a: Vespiquen|Roost|p1a: Vespiquen","|-heal|p1a: Vespiquen|343/343","|move|p2a: Sableye|Shadow Ball|p1a: Vespiquen|[miss]","|-miss|p2a: Sableye|p1a: Vespiquen","|","|turn|11","|","|switch|p2a: Chandelure|Chandelure, F, shiny|261/261","|-damage|p2a: Chandelure|196/261|[from] Stealth Rock","|-activate|p2a: Chandelure|move: Sticky Web","|-unboost|p2a: Chandelure|spe|1","|move|p1a: Vespiquen|Infestation|p2a: Chandelure","|-resisted|p2a: Chandelure","|-damage|p2a: Chandelure|190/261","|-activate|p2a: Chandelure|move: Infestation|[of] p1a: Vespiquen","|","|-damage|p2a: Chandelure|158/261|[from] move: Infestation|[partiallytrapped]","|turn|12","|","|move|p2a: Chandelure|Fire Blast|p1a: Vespiquen|[miss]","|-miss|p2a: Chandelure|p1a: Vespiquen","|move|p1a: Vespiquen|Mud-Slap|p2a: Chandelure","|-supereffective|p2a: Chandelure","|-damage|p2a: Chandelure|124/261","|-unboost|p2a: Chandelure|accuracy|1","|","|-damage|p2a: Chandelure|92/261|[from] move: Infestation|[partiallytrapped]","|turn|13","|","|move|p2a: Chandelure|Fire Blast|p1a: Vespiquen|[miss]","|-miss|p2a: Chandelure|p1a: Vespiquen","|move|p1a: Vespiquen|Defend Order|p1a: Vespiquen","|-boost|p1a: Vespiquen|def|1","|-boost|p1a: Vespiquen|spd|1","|","|-damage|p2a: Chandelure|60/261|[from] move: Infestation|[partiallytrapped]","|turn|14","|","|move|p2a: Chandelure|Fire Blast|p1a: Vespiquen|[miss]","|-miss|p2a: Chandelure|p1a: Vespiquen","|move|p1a: Vespiquen|Roost|p1a: Vespiquen","|-fail|p1a: Vespiquen","|","|-damage|p2a: Chandelure|28/261|[from] move: Infestation|[partiallytrapped]","|turn|15","|","|-activate|p2a: Chandelure|move: Struggle","|move|p2a: Chandelure|Struggle|p1a: Vespiquen","|-damage|p1a: Vespiquen|325/343","|-damage|p2a: Chandelure|0 fnt|[from] recoil","|faint|p2a: Chandelure","|move|p1a: Vespiquen|Roost|p1a: Vespiquen","|-heal|p1a: Vespiquen|343/343","|","|","|switch|p2a: Gengar|Gengar, M|261/261","|-damage|p2a: Gengar|229/261|[from] Stealth Rock","|turn|16","|","|switch|p1a: Genesect|Genesect, shiny|283/283","|-damage|p1a: Genesect|248/283|[from] Stealth Rock","|-boost|p1a: Genesect|atk|1|[from] ability: Download","|move|p2a: Gengar|Will-O-Wisp|p1a: Genesect","|-status|p1a: Genesect|brn","|","|-damage|p1a: Genesect|213/283 brn|[from] brn","|turn|17","|","|move|p1a: Genesect|Iron Head|p2a: Gengar","|-damage|p2a: Gengar|75/261","|move|p2a: Gengar|Shadow Ball|p1a: Genesect","|-damage|p1a: Genesect|74/283 brn","|","|-damage|p1a: Genesect|39/283 brn|[from] brn","|turn|18","|","|switch|p2a: Aegislash|Aegislash, M|323/323","|-activate|p2a: Aegislash|move: Sticky Web","|-unboost|p2a: Aegislash|spe|1","|-damage|p2a: Aegislash|303/323|[from] Stealth Rock","|move|p1a: Genesect|Iron Head|p2a: Aegislash","|-resisted|p2a: Aegislash","|-damage|p2a: Aegislash|266/323","|","|-damage|p1a: Genesect|4/283 brn|[from] brn","|turn|19","|","|move|p1a: Genesect|Iron Head|p2a: Aegislash","|-resisted|p2a: Aegislash","|-damage|p2a: Aegislash|228/323","|move|p2a: Aegislash|Swords Dance|p2a: Aegislash","|-boost|p2a: Aegislash|atk|2","|","|-damage|p1a: Genesect|0 fnt|[from] brn","|faint|p1a: Genesect","|","|switch|p1a: Vespiquen|Vespiquen, F|343/343","|-damage|p1a: Vespiquen|172/343|[from] Stealth Rock","|-ability|p1a: Vespiquen|Pressure","|turn|20","|","|-formechange|p2a: Aegislash|Aegislash-Blade","|move|p2a: Aegislash|Shadow Sneak|p1a: Vespiquen","|-damage|p1a: Vespiquen|0 fnt","|faint|p1a: Vespiquen","|","|","|switch|p1a: Heracross|Heracross, F|264/301","|-damage|p1a: Heracross|227/301|[from] Stealth Rock","|turn|21","|","|-formechange|p2a: Aegislash|Aegislash","|move|p2a: Aegislash|King's Shield|p2a: Aegislash","|-singleturn|p2a: Aegislash|Protect","|move|p1a: Heracross|Knock Off|p2a: Aegislash","|-activate|p2a: Aegislash|Protect","|-unboost|p1a: Heracross|atk|2","|","|turn|22","|","|move|p1a: Heracross|Knock Off|p2a: Aegislash","|-supereffective|p2a: Aegislash","|-damage|p2a: Aegislash|142/323","|-enditem|p2a: Aegislash|Weakness Policy","|-boost|p2a: Aegislash|atk|2|[from] item: Weakness Policy","|-boost|p2a: Aegislash|spa|2|[from] item: Weakness Policy","|-formechange|p2a: Aegislash|Aegislash-Blade","|move|p2a: Aegislash|Sacred Sword|p1a: Heracross","|-resisted|p1a: Heracross","|-damage|p1a: Heracross|0 fnt","|faint|p1a: Heracross","|","|win|emforbes"],"p1rating":{"entryid":"6481865","serverid":"eos","formatid":"monotype","userid":"lightofaknowing","username":"Light-Of-A-Knowing","w":"132","l":170,"t":"0","gxe":43.2,"r":"1450.3223812083","rd":"28.139889173835","sigma":"0","rptime":"1439283600","rpr":1448.6479887211,"rprd":28.059229989396,"rpsigma":"0","acre":1174.0956498472,"lacre":1174.0956498472,"oldacre":"1195.426421737"},"p2rating":{"entryid":"7537626","serverid":"eos","formatid":"monotype","userid":"emforbes","username":"emforbes","w":17,"l":"7","t":"0","gxe":62.3,"r":"1535.9290492592","rd":"87.722280073308","sigma":"0","rptime":"1439283600","rpr":1595.9636760174,"rprd":65.669534986022,"rpsigma":"0","acre":1268.1209651295,"lacre":1268.1209651295,"oldacre":"1246.7901932397"},"endType":"normal"}