{"seed":[44412,11652,2915,53812],"turns":28,"p1":"GLReshiram","p2":"Desolate Nightmare","p1team":[{"name":"Heatran","species":"Heatran","item":"assaultvest","ability":"Flash Fire","moves":["firespin","earthpower","dragonpulse","flashcannon"],"nature":"Mild","evs":{"hp":148,"atk":0,"def":0,"spa":252,"spd":108,"spe":0},"ivs":{"hp":31,"atk":31,"def":31,"spa":31,"spd":31,"spe":31}},{"name":"Ninetales","species":"Ninetales","item":"focussash","ability":"Drought","moves":["flamethrower"],"nature":"","evs":{"hp":0,"atk":0,"def":0,"spa":0,"spd":0,"spe":0},"ivs":{"hp":31,"atk":31,"def":31,"spa":31,"spd":31,"spe":31}},{"name":"Torkoal","species":"Torkoal","item":"leftovers","ability":"Shell Armor","moves":["protect","toxic","lavaplume","rapidspin"],"nature":"Bold","evs":{"hp":252,"atk":0,"def":252,"spa":4,"spd":0,"spe":0},"ivs":{"hp":31,"atk":31,"def":31,"spa":31,"spd":31,"spe":31}},{"name":"Rotom-Heat","species":"Rotom-Heat","item":"lightclay","ability":"Levitate","moves":["voltswitch","painsplit","reflect","lightscreen"],"nature":"Timid","evs":{"hp":236,"atk":0,"def":8,"spa":4,"spd":8,"spe":252},"ivs":{"hp":31,"atk":31,"def":31,"spa":31,"spd":31,"spe":31}},{"name":"Infernape","species":"Infernape","item":"lifeorb","ability":"Iron Fist","moves":["firepunch","machpunch","thunderpunch","uturn"],"nature":"Jolly","evs":{"hp":4,"atk":252,"def":0,"spa":0,"spd":0,"spe":252},"ivs":{"hp":31,"atk":31,"def":31,"spa":31,"spd":31,"spe":31}},{"name":"Charizard","species":"Charizard","item":"charizarditex","ability":"Blaze","moves":["dragondance","roost","dragonclaw","earthquake"],"nature":"Adamant","evs":{"hp":176,"atk":252,"def":0,"spa":0,"spd":0,"spe":80},"ivs":{"hp":31,"atk":31,"def":31,"spa":31,"spd":31,"spe":31}}],"p2team":[{"name":"Zeus","species":"thundurus","item":"lifeorb","ability":"Prankster","moves":["grassknot","thunderwave","knockoff","thunderbolt"],"nature":"Hasty","evs":{"hp":104,"atk":0,"def":0,"spa":152,"spd":0,"spe":252},"ivs":{"hp":31,"atk":30,"def":31,"spa":30,"spd":31,"spe":31},"shiny":true},{"name":"Washing Machine","species":"rotomwash","item":"leftovers","ability":"Levitate","moves":["painsplit","willowisp","hiddenpowergrass","hydropump"],"nature":"Bold","evs":{"hp":252,"atk":0,"def":252,"spa":4,"spd":0,"spe":0},"ivs":{"hp":31,"atk":30,"def":31,"spa":30,"spd":31,"spe":31}},{"name":"Trans-Ampharos","species":"ampharos","item":"ampharosite","ability":"Static","moves":["voltswitch","dragonpulse","rest","sleeptalk"],"nature":"Calm","evs":{"hp":248,"atk":0,"def":120,"spa":0,"spd":140,"spe":0},"ivs":{"hp":31,"atk":31,"def":31,"spa":31,"spd":31,"spe":31}},{"name":"Shoes in Spanish","species":"zapdos","item":"leftovers","ability":"Pressure","moves":["thunderbolt","heatwave","roost","toxic"],"nature":"Calm","evs":{"hp":252,"atk":0,"def":0,"spa":4,"spd":252,"spe":0},"shiny":true,"ivs":{"hp":31,"atk":31,"def":31,"spa":31,"spd":31,"spe":31}},{"name":"Static Popeye","species":"electivire","item":"expertbelt","ability":"Motor Drive","moves":["thunderbolt","crosschop","flamethrower","earthquake"],"nature":"Hasty","evs":{"hp":0,"atk":20,"def":0,"spa":232,"spd":4,"spe":252},"shiny":true,"ivs":{"hp":31,"atk":31,"def":31,"spa":31,"spd":31,"spe":31}},{"name":"Sputnik","species":"magnezone","item":"choicescarf","ability":"Magnet Pull","moves":["thunderbolt","voltswitch","flashcannon","hiddenpowerice"],"nature":"Timid","evs":{"hp":4,"atk":0,"def":0,"spa":252,"spd":0,"spe":252},"ivs":{"hp":31,"atk":30,"def":30,"spa":31,"spd":31,"spe":31}}],"log":["|player|p1|GLReshiram|68","|player|p2|Desolate Nightmare|profnightmare.png","|gametype|singles","|gen|6","|tier|Monotype","|rated","|rule|Baton Pass Clause: Limit one Baton Passer, can't pass Spe and other stats simultaneously","|rule|Swagger Clause: Swagger is banned","|rule|Same Type Clause: Pokémon in a team must share a type","|clearpoke","|poke|p1|Heatran, M","|poke|p1|Ninetales, M","|poke|p1|Torkoal, F","|poke|p1|Rotom-Heat","|poke|p1|Infernape, F","|poke|p1|Charizard, F","|poke|p2|Thundurus, M, shiny","|poke|p2|Rotom-Wash","|poke|p2|Ampharos, M","|poke|p2|Zapdos, shiny","|poke|p2|Electivire, M, shiny","|poke|p2|Magnezone","|rule|Sleep Clause Mod: Limit one foe put to sleep","|rule|Species Clause: Limit one of each Pokémon","|rule|OHKO Clause: OHKO moves are banned","|rule|Moody Clause: Moody is banned","|rule|Evasion Moves Clause: Evasion moves are banned","|rule|Endless Battle Clause: Forcing endless battles is banned","|rule|HP Percentage Mod: HP is shown in percentages","|teampreview","|","|start","|switch|p1a: Ninetales|Ninetales, M|287/287","|switch|p2a: Sputnik|Magnezone|282/282","|-weather|SunnyDay","|turn|1","|","|move|p2a: Sputnik|Volt Switch|p1a: Ninetales","|-damage|p1a: Ninetales|167/287","|","|switch|p2a: Trans-Ampharos|Ampharos, M|383/383","|move|p1a: Ninetales|Flamethrower|p2a: Trans-Ampharos","|-damage|p2a: Trans-Ampharos|263/383","|","|-weather|SunnyDay|[upkeep]","|turn|2","|","|switch|p1a: Heatran|Heatran, M|360/360","|detailschange|p2a: Trans-Ampharos|Ampharos-Mega, M","|-mega|p2a: Trans-Ampharos|Ampharos|Ampharosite","|-ability|p2a: Trans-Ampharos|Mold Breaker","|move|p2a: Trans-Ampharos|Dragon Pulse|p1a: Heatran","|-resisted|p1a: Heatran","|-damage|p1a: Heatran|319/360","|","|-weather|SunnyDay|[upkeep]","|turn|3","|","|move|p1a: Heatran|Dragon Pulse|p2a: Trans-Ampharos","|-supereffective|p2a: Trans-Ampharos","|-damage|p2a: Trans-Ampharos|91/383","|move|p2a: Trans-Ampharos|Volt Switch|p1a: Heatran","|-damage|p1a: Heatran|250/360","|","|switch|p2a: Zeus|Thundurus, M, shiny|325/325","|","|-weather|SunnyDay|[upkeep]","|turn|4","|","|move|p2a: Zeus|Knock Off|p1a: Heatran","|-damage|p1a: Heatran|138/360","|-enditem|p1a: Heatran|Assault Vest|[from] move: Knock Off|[of] p2a: Zeus","|-damage|p2a: Zeus|293/325|[from] item: Life Orb","|move|p1a: Heatran|Fire Spin|p2a: Zeus|[miss]","|-miss|p1a: Heatran|p2a: Zeus","|","|-weather|SunnyDay|[upkeep]","|turn|5","|","|move|p2a: Zeus|Thunderbolt|p1a: Heatran","|-damage|p1a: Heatran|0 fnt","|-damage|p2a: Zeus|261/325|[from] item: Life Orb","|faint|p1a: Heatran","|","|-weather|none","|","|switch|p1a: Rotom-Heat|Rotom-Heat|300/300","|turn|6","|","|switch|p2a: Sputnik|Magnezone|282/282","|move|p1a: Rotom-Heat|Light Screen|p1a: Rotom-Heat","|-sidestart|p1: GLReshiram|move: Light Screen","|","|turn|7","|","|switch|p2a: Trans-Ampharos|Ampharos-Mega, M|91/383","|-ability|p2a: Trans-Ampharos|Mold Breaker","|move|p1a: Rotom-Heat|Volt Switch|p2a: Trans-Ampharos","|-crit|p2a: Trans-Ampharos","|-resisted|p2a: Trans-Ampharos","|-damage|p2a: Trans-Ampharos|65/383","|","|switch|p1a: Charizard|Charizard, F|341/341","|","|turn|8","|","|move|p1a: Charizard|Dragon Claw|p2a: Trans-Ampharos","|-supereffective|p2a: Trans-Ampharos","|-damage|p2a: Trans-Ampharos|0 fnt","|faint|p2a: Trans-Ampharos","|","|","|switch|p2a: Shoes in Spanish|Zapdos, shiny|384/384","|-ability|p2a: Shoes in Spanish|Pressure","|turn|9","|","|detailschange|p1a: Charizard|Charizard-Mega-X, F","|-mega|p1a: Charizard|Charizard|Charizardite X","|move|p1a: Charizard|Dragon Dance|p1a: Charizard","|-boost|p1a: Charizard|atk|1","|-boost|p1a: Charizard|spe|1","|move|p2a: Shoes in Spanish|Toxic|p1a: Charizard","|-status|p1a: Charizard|tox","|","|-damage|p1a: Charizard|320/341 tox|[from] psn","|turn|10","|","|switch|p2a: Washing Machine|Rotom-Wash|304/304","|move|p1a: Charizard|Dragon Dance|p1a: Charizard","|-boost|p1a: Charizard|atk|1","|-boost|p1a: Charizard|spe|1","|","|-damage|p1a: Charizard|278/341 tox|[from] psn","|turn|11","|","|move|p1a: Charizard|Dragon Claw|p2a: Washing Machine","|-crit|p2a: Washing Machine","|-damage|p2a: Washing Machine|0 fnt","|faint|p2a: Washing Machine","|","|-damage|p1a: Charizard|215/341 tox|[from] psn","|","|switch|p2a: Sputnik|Magnezone|282/282","|turn|12","|","|move|p1a: Charizard|Dragon Claw|p2a: Sputnik","|-resisted|p2a: Sputnik","|-damage|p2a: Sputnik|99/282","|move|p2a: Sputnik|Thunderbolt|p1a: Charizard","|-resisted|p1a: Charizard","|-damage|p1a: Charizard|169/341 tox","|","|-damage|p1a: Charizard|85/341 tox|[from] psn","|turn|13","|","|move|p1a: Charizard|Dragon Claw|p2a: Sputnik","|-resisted|p2a: Sputnik","|-damage|p2a: Sputnik|0 fnt","|faint|p2a: Sputnik","|","|-damage|p1a: Charizard|0 fnt|[from] psn","|-sideend|p1: GLReshiram|move: Light Screen","|faint|p1a: Charizard","|","|switch|p2a: Zeus|Thundurus, M, shiny|261/325","|switch|p1a: Rotom-Heat|Rotom-Heat|300/300","|turn|14","|","|move|p2a: Zeus|Knock Off|p1a: Rotom-Heat","|-damage|p1a: Rotom-Heat|192/300","|-enditem|p1a: Rotom-Heat|Light Clay|[from] move: Knock Off|[of] p2a: Zeus","|-damage|p2a: Zeus|229/325|[from] item: Life Orb","|move|p1a: Rotom-Heat|Light Screen|p1a: Rotom-Heat","|-sidestart|p1: GLReshiram|move: Light Screen","|","|turn|15","|","|switch|p1a: Ninetales|Ninetales, M|167/287","|-weather|SunnyDay","|move|p2a: Zeus|Thunderbolt|p1a: Ninetales","|-damage|p1a: Ninetales|70/287","|-damage|p2a: Zeus|197/325|[from] item: Life Orb","|","|-weather|SunnyDay|[upkeep]","|turn|16","|","|move|p2a: Zeus|Knock Off|p1a: Ninetales","|-damage|p1a: Ninetales|0 fnt","|-enditem|p1a: Ninetales|Focus Sash|[from] move: Knock Off|[of] p2a: Zeus","|-damage|p2a: Zeus|165/325|[from] item: Life Orb","|faint|p1a: Ninetales","|","|-weather|SunnyDay|[upkeep]","|","|switch|p1a: Torkoal|Torkoal, F|344/344","|turn|17","|","|move|p2a: Zeus|Knock Off|p1a: Torkoal","|-damage|p1a: Torkoal|286/344","|-enditem|p1a: Torkoal|Leftovers|[from] move: Knock Off|[of] p2a: Zeus","|-damage|p2a: Zeus|133/325|[from] item: Life Orb","|move|p1a: Torkoal|Lava Plume|p2a: Zeus","|-damage|p2a: Zeus|0 fnt","|faint|p2a: Zeus","|","|-weather|SunnyDay|[upkeep]","|","|switch|p2a: Shoes in Spanish|Zapdos, shiny|384/384","|-ability|p2a: Shoes in Spanish|Pressure","|turn|18","|","|move|p2a: Shoes in Spanish|Toxic|p1a: Torkoal","|-status|p1a: Torkoal|tox","|move|p1a: Torkoal|Toxic|p2a: Shoes in Spanish|[miss]","|-miss|p1a: Torkoal|p2a: Shoes in Spanish","|","|-weather|SunnyDay|[upkeep]","|-damage|p1a: Torkoal|265/344 tox|[from] psn","|-sideend|p1: GLReshiram|move: Light Screen","|turn|19","|","|switch|p1a: Rotom-Heat|Rotom-Heat|192/300","|move|p2a: Shoes in Spanish|Thunderbolt|p1a: Rotom-Heat","|-resisted|p1a: Rotom-Heat","|-damage|p1a: Rotom-Heat|129/300","|","|-weather|none","|turn|20","|","|move|p1a: Rotom-Heat|Light Screen|p1a: Rotom-Heat","|-sidestart|p1: GLReshiram|move: Light Screen","|move|p2a: Shoes in Spanish|Toxic|p1a: Rotom-Heat","|-status|p1a: Rotom-Heat|tox","|","|-damage|p1a: Rotom-Heat|111/300 tox|[from] psn","|turn|21","|","|switch|p2a: Static Popeye|Electivire, M, shiny|291/291","|move|p1a: Rotom-Heat|Pain Split|p2a: Static Popeye","|-sethp|p2a: Static Popeye|201/291|p1a: Rotom-Heat|201/300 tox|[from] move: Pain Split","|","|-damage|p1a: Rotom-Heat|165/300 tox|[from] psn","|turn|22","|","|move|p2a: Static Popeye|Cross Chop|p1a: Rotom-Heat","|-damage|p1a: Rotom-Heat|76/300 tox","|move|p1a: Rotom-Heat|Reflect|p1a: Rotom-Heat","|-sidestart|p1: GLReshiram|Reflect","|","|-damage|p1a: Rotom-Heat|22/300 tox|[from] psn","|turn|23","|","|move|p2a: Static Popeye|Thunderbolt|p1a: Rotom-Heat","|-resisted|p1a: Rotom-Heat","|-damage|p1a: Rotom-Heat|0 fnt","|faint|p1a: Rotom-Heat","|","|","|switch|p1a: Torkoal|Torkoal, F|265/344 tox","|turn|24","|","|switch|p2a: Shoes in Spanish|Zapdos, shiny|384/384","|-ability|p2a: Shoes in Spanish|Pressure","|move|p1a: Torkoal|Toxic|p2a: Shoes in Spanish","|-status|p2a: Shoes in Spanish|tox","|","|-damage|p2a: Shoes in Spanish|360/384 tox|[from] psn","|-damage|p1a: Torkoal|244/344 tox|[from] psn","|-sideend|p1: GLReshiram|move: Light Screen","|turn|25","|","|move|p2a: Shoes in Spanish|Thunderbolt|p1a: Torkoal","|-damage|p1a: Torkoal|70/344 tox","|move|p1a: Torkoal|Lava Plume|p2a: Shoes in Spanish","|-damage|p2a: Shoes in Spanish|302/384 tox","|","|-heal|p2a: Shoes in Spanish|326/384 tox|[from] item: Leftovers","|-damage|p2a: Shoes in Spanish|278/384 tox|[from] psn","|-damage|p1a: Torkoal|28/344 tox|[from] psn","|turn|26","|","|move|p1a: Torkoal|Protect|p1a: Torkoal","|-singleturn|p1a: Torkoal|Protect","|move|p2a: Shoes in Spanish|Thunderbolt|p1a: Torkoal","|-activate|p1a: Torkoal|Protect","|","|-heal|p2a: Shoes in Spanish|302/384 tox|[from] item: Leftovers","|-damage|p2a: Shoes in Spanish|230/384 tox|[from] psn","|-damage|p1a: Torkoal|0 fnt|[from] psn","|-sideend|p1: GLReshiram|Reflect","|faint|p1a: Torkoal","|","|switch|p1a: Infernape|Infernape, F|294/294","|turn|27","|","|move|p1a: Infernape|Fire Punch|p2a: Shoes in Spanish","|-damage|p2a: Shoes in Spanish|22/384 tox","|-damage|p1a: Infernape|265/294|[from] item: Life Orb","|move|p2a: Shoes in Spanish|Thunderbolt|p1a: Infernape","|-damage|p1a: Infernape|108/294","|","|-heal|p2a: Shoes in Spanish|46/384 tox|[from] item: Leftovers","|-damage|p2a: Shoes in Spanish|0 fnt|[from] psn","|faint|p2a: Shoes in Spanish","|","|switch|p2a: Static Popeye|Electivire, M, shiny|201/291","|turn|28","|","|move|p1a: Infernape|Fire Punch|p2a: Static Popeye","|-damage|p2a: Static Popeye|0 fnt","|-damage|p1a: Infernape|79/294|[from] item: Life Orb","|faint|p2a: Static Popeye","|","|win|GLReshiram"],"p1rating":{"entryid":"6886801","serverid":"eos","formatid":"monotype","userid":"glreshiram","username":"GL♅Reshiram","w":21,"l":"22","t":"0","gxe":49.2,"r":"1486.7972587549","rd":"58.073456274428","sigma":"0","rptime":"1439197200","rpr":1494.0152790373,"rprd":53.117734733656,"rpsigma":"0","acre":1107.1480766331,"lacre":1107.1480766331,"oldacre":"1075.2654719931"},"p2rating":{"entryid":"6455140","serverid":"eos","formatid":"monotype","userid":"desolatenightmare","username":"Desolate Nightmare","w":"12","l":14,"t":"0","gxe":47.1,"r":"1473.510545436","rd":"78.599149375953","sigma":"0","rptime":"1439197200","rpr":1477.3171134385,"rprd":75.193596193057,"rpsigma":"0","acre":1086.0514544163,"lacre":1086.0514544163,"oldacre":"1113.8139114326"},"endType":"normal"}