{"seed":[7334,8890,50807,15813],"turns":20,"p1":"Intern Twizz","p2":"Sovereign♕Cookie","p1team":[{"name":"Magnezone","species":"Magnezone","item":"leftovers","ability":"Sturdy","moves":["flashcannon","thunderbolt","protect","hiddenpowerice"],"nature":"Modest","evs":{"hp":76,"atk":0,"def":180,"spa":252,"spd":0,"spe":0},"ivs":{"hp":31,"atk":30,"def":30,"spa":31,"spd":31,"spe":31}},{"name":"Zapdos","species":"Zapdos","item":"leftovers","ability":"Pressure","moves":["discharge","heatwave","toxic","roost"],"nature":"Bold","evs":{"hp":4,"atk":0,"def":252,"spa":56,"spd":196,"spe":0},"ivs":{"hp":31,"atk":31,"def":31,"spa":31,"spd":31,"spe":31}},{"name":"Ampharos","species":"Ampharos","item":"ampharosite","ability":"Static","moves":["cottonguard","rest","sleeptalk","dragonpulse"],"nature":"Bold","evs":{"hp":0,"atk":0,"def":252,"spa":136,"spd":120,"spe":0},"ivs":{"hp":31,"atk":31,"def":31,"spa":31,"spd":31,"spe":31}},{"name":"Raikou","species":"Raikou","item":"leftovers","ability":"Pressure","moves":["calmmind","substitute","thunderbolt","extrasensory"],"nature":"Timid","evs":{"hp":0,"atk":0,"def":0,"spa":252,"spd":4,"spe":252},"ivs":{"hp":31,"atk":31,"def":31,"spa":31,"spd":31,"spe":31}},{"name":"Rotom-Wash","species":"Rotom-Wash","item":"choicescarf","ability":"Levitate","moves":["voltswitch","hydropump","willowisp","trick"],"nature":"Timid","evs":{"hp":0,"atk":0,"def":0,"spa":252,"spd":4,"spe":252},"ivs":{"hp":31,"atk":31,"def":31,"spa":31,"spd":31,"spe":31}},{"name":"Condom","species":"eelektross","item":"assaultvest","ability":"Levitate","moves":["gigadrain","thunderbolt","drainpunch","knockoff"],"nature":"Quiet","evs":{"hp":3,"atk":136,"def":0,"spa":108,"spd":252,"spe":0},"ivs":{"hp":31,"atk":31,"def":31,"spa":31,"spd":31,"spe":31}}],"p2team":[{"name":"Alakazam","species":"Alakazam","item":"focussash","ability":"Magic Guard","moves":["dazzlinggleam","psyshock","energyball","shadowball"],"nature":"Timid","evs":{"hp":0,"atk":0,"def":0,"spa":252,"spd":4,"spe":252},"ivs":{"hp":31,"atk":31,"def":31,"spa":31,"spd":31,"spe":31}},{"name":"Meloetta","species":"Meloetta","item":"lifeorb","ability":"Serene Grace","moves":["relicsong","drainpunch","knockoff","icepunch"],"nature":"Jolly","evs":{"hp":4,"atk":252,"def":0,"spa":0,"spd":0,"spe":252},"ivs":{"hp":31,"atk":31,"def":31,"spa":31,"spd":31,"spe":31}},{"name":"Jirachi","species":"Jirachi","item":"choicescarf","ability":"Serene Grace","moves":["ironhead","heartstamp","uturn","firepunch"],"nature":"Adamant","evs":{"hp":0,"atk":252,"def":0,"spa":0,"spd":4,"spe":252},"ivs":{"hp":31,"atk":31,"def":31,"spa":31,"spd":31,"spe":31}},{"name":"Slowbro","species":"Slowbro","item":"leftovers","ability":"Regenerator","moves":["amnesia","slackoff","scald","psyshock"],"nature":"Bold","evs":{"hp":252,"atk":0,"def":252,"spa":4,"spd":0,"spe":0},"ivs":{"hp":31,"atk":31,"def":31,"spa":31,"spd":31,"spe":31}},{"name":"Gardevoir","species":"Gardevoir","item":"gardevoirite","ability":"Synchronize","moves":["substitute","hypervoice","thunderbolt","painsplit"],"nature":"Timid","evs":{"hp":0,"atk":0,"def":0,"spa":252,"spd":4,"spe":252},"ivs":{"hp":31,"atk":31,"def":31,"spa":31,"spd":31,"spe":31}},{"name":"Victini","species":"Victini","item":"choiceband","ability":"Victory Star","moves":["boltstrike","vcreate","uturn","zenheadbutt"],"nature":"Jolly","evs":{"hp":0,"atk":252,"def":0,"spa":0,"spd":4,"spe":252},"ivs":{"hp":31,"atk":31,"def":31,"spa":31,"spd":31,"spe":31}}],"log":["|player|p1|Intern Twizz|122","|player|p2|Sovereign♕Cookie|238","|gametype|singles","|gen|6","|tier|Monotype","|rated","|rule|Baton Pass Clause: Limit one Baton Passer, can't pass Spe and other stats simultaneously","|rule|Swagger Clause: Swagger is banned","|rule|Same Type Clause: Pokémon in a team must share a type","|clearpoke","|poke|p1|Magnezone","|poke|p1|Zapdos","|poke|p1|Ampharos, M","|poke|p1|Raikou","|poke|p1|Rotom-Wash","|poke|p1|Eelektross, F","|poke|p2|Alakazam, M","|poke|p2|Meloetta","|poke|p2|Jirachi","|poke|p2|Slowbro, M","|poke|p2|Gardevoir, F","|poke|p2|Victini","|rule|Sleep Clause Mod: Limit one foe put to sleep","|rule|Species Clause: Limit one of each Pokémon","|rule|OHKO Clause: OHKO moves are banned","|rule|Moody Clause: Moody is banned","|rule|Evasion Moves Clause: Evasion moves are banned","|rule|Endless Battle Clause: Forcing endless battles is banned","|rule|HP Percentage Mod: HP is shown in percentages","|teampreview","|","|start","|switch|p1a: Rotom-Wash|Rotom-Wash|241/241","|switch|p2a: Jirachi|Jirachi|341/341","|turn|1","|","|move|p2a: Jirachi|Heart Stamp|p1a: Rotom-Wash","|-crit|p1a: Rotom-Wash","|-damage|p1a: Rotom-Wash|88/241","|move|p1a: Rotom-Wash|Will-O-Wisp|p2a: Jirachi","|-status|p2a: Jirachi|brn","|","|-damage|p2a: Jirachi|299/341 brn|[from] brn","|turn|2","|","|switch|p1a: Magnezone|Magnezone|300/300","|move|p2a: Jirachi|Heart Stamp|p1a: Magnezone","|-resisted|p1a: Magnezone","|-damage|p1a: Magnezone|281/300","|","|-heal|p1a: Magnezone|299/300|[from] item: Leftovers","|-damage|p2a: Jirachi|257/341 brn|[from] brn","|turn|3","|","|switch|p2a: Victini|Victini|341/341","|move|p1a: Magnezone|Protect|p1a: Magnezone","|-fail|p1a: Magnezone","|","|-heal|p1a: Magnezone|300/300|[from] item: Leftovers","|turn|4","|","|move|p2a: Victini|U-turn|p1a: Magnezone","|-resisted|p1a: Magnezone","|-damage|p1a: Magnezone|258/300","|","|switch|p2a: Jirachi|Jirachi|257/341 brn","|move|p1a: Magnezone|Thunderbolt|p2a: Jirachi","|-damage|p2a: Jirachi|70/341 brn","|","|-heal|p1a: Magnezone|276/300|[from] item: Leftovers","|-damage|p2a: Jirachi|28/341 brn|[from] brn","|turn|5","|","|move|p1a: Magnezone|Protect|p1a: Magnezone","|-singleturn|p1a: Magnezone|Protect","|move|p2a: Jirachi|Fire Punch|p1a: Magnezone","|-activate|p1a: Magnezone|Protect","|","|-heal|p1a: Magnezone|294/300|[from] item: Leftovers","|-damage|p2a: Jirachi|0 fnt|[from] brn","|faint|p2a: Jirachi","|","|switch|p2a: Victini|Victini|341/341","|turn|6","|","|switch|p1a: Rotom-Wash|Rotom-Wash|88/241","|move|p2a: Victini|V-create|p1a: Rotom-Wash","|-resisted|p1a: Rotom-Wash","|-damage|p1a: Rotom-Wash|0 fnt","|-unboost|p2a: Victini|spe|1","|-unboost|p2a: Victini|def|1","|-unboost|p2a: Victini|spd|1","|faint|p1a: Rotom-Wash","|","|","|switch|p1a: Zapdos|Zapdos|322/322","|-ability|p1a: Zapdos|Pressure","|turn|7","|","|move|p1a: Zapdos|Toxic|p2a: Victini","|-status|p2a: Victini|tox","|move|p2a: Victini|V-create|p1a: Zapdos","|-damage|p1a: Zapdos|28/322","|-unboost|p2a: Victini|spe|1","|-unboost|p2a: Victini|def|1","|-unboost|p2a: Victini|spd|1","|","|-heal|p1a: Zapdos|48/322|[from] item: Leftovers","|-damage|p2a: Victini|320/341 tox|[from] psn","|turn|8","|","|move|p1a: Zapdos|Roost|p1a: Zapdos","|-heal|p1a: Zapdos|209/322","|move|p2a: Victini|V-create|p1a: Zapdos","|-damage|p1a: Zapdos|0 fnt","|-unboost|p2a: Victini|spe|1","|-unboost|p2a: Victini|def|1","|-unboost|p2a: Victini|spd|1","|faint|p1a: Zapdos","|","|-damage|p2a: Victini|278/341 tox|[from] psn","|","|switch|p1a: Raikou|Raikou|321/321","|-ability|p1a: Raikou|Pressure","|turn|9","|","|switch|p2a: Meloetta|Meloetta|342/342","|move|p1a: Raikou|Thunderbolt|p2a: Meloetta","|-damage|p2a: Meloetta|222/342","|","|turn|10","|","|move|p1a: Raikou|Calm Mind|p1a: Raikou","|-boost|p1a: Raikou|spa|1","|-boost|p1a: Raikou|spd|1","|move|p2a: Meloetta|Relic Song|p1a: Raikou","|-damage|p1a: Raikou|235/321","|-formechange|p2a: Meloetta|Meloetta-Pirouette|[msg]","|-damage|p2a: Meloetta|188/342|[from] item: Life Orb","|","|-heal|p1a: Raikou|255/321|[from] item: Leftovers","|turn|11","|","|move|p2a: Meloetta|Knock Off|p1a: Raikou","|-crit|p1a: Raikou","|-damage|p1a: Raikou|0 fnt","|-enditem|p1a: Raikou|Leftovers|[from] move: Knock Off|[of] p2a: Meloetta","|-damage|p2a: Meloetta|154/342|[from] item: Life Orb","|faint|p1a: Raikou","|","|","|switch|p1a: Ampharos|Ampharos, M|321/321","|turn|12","|","|detailschange|p1a: Ampharos|Ampharos-Mega, M","|-mega|p1a: Ampharos|Ampharos|Ampharosite","|-ability|p1a: Ampharos|Mold Breaker","|move|p2a: Meloetta|Ice Punch|p1a: Ampharos","|-supereffective|p1a: Ampharos","|-damage|p1a: Ampharos|165/321","|-damage|p2a: Meloetta|120/342|[from] item: Life Orb","|move|p1a: Ampharos|Dragon Pulse|p2a: Meloetta","|-damage|p2a: Meloetta|0 fnt","|faint|p2a: Meloetta","|","|","|switch|p2a: Alakazam|Alakazam, M|251/251","|turn|13","|","|switch|p1a: Condom|Eelektross, F|311/311","|move|p2a: Alakazam|Dazzling Gleam|p1a: Condom","|-damage|p1a: Condom|252/311","|","|turn|14","|","|move|p2a: Alakazam|Psyshock|p1a: Condom","|-damage|p1a: Condom|80/311","|move|p1a: Condom|Knock Off|p2a: Alakazam","|-supereffective|p2a: Alakazam","|-enditem|p2a: Alakazam|Focus Sash","|-damage|p2a: Alakazam|1/251","|","|turn|15","|","|move|p2a: Alakazam|Psyshock|p1a: Condom","|-damage|p1a: Condom|0 fnt","|faint|p1a: Condom","|","|","|switch|p1a: Magnezone|Magnezone|294/300","|turn|16","|","|move|p1a: Magnezone|Protect|p1a: Magnezone","|-singleturn|p1a: Magnezone|Protect","|move|p2a: Alakazam|Shadow Ball|p1a: Magnezone","|-activate|p1a: Magnezone|Protect","|","|-heal|p1a: Magnezone|300/300|[from] item: Leftovers","|turn|17","|","|move|p2a: Alakazam|Shadow Ball|p1a: Magnezone","|-damage|p1a: Magnezone|194/300","|move|p1a: Magnezone|Thunderbolt|p2a: Alakazam","|-damage|p2a: Alakazam|0 fnt","|faint|p2a: Alakazam","|","|-heal|p1a: Magnezone|212/300|[from] item: Leftovers","|","|switch|p2a: Victini|Victini|278/341 tox","|turn|18","|","|move|p1a: Magnezone|Protect|p1a: Magnezone","|-singleturn|p1a: Magnezone|Protect","|move|p2a: Victini|V-create|p1a: Magnezone","|-activate|p1a: Magnezone|Protect","|","|-heal|p1a: Magnezone|230/300|[from] item: Leftovers","|-damage|p2a: Victini|257/341 tox|[from] psn","|turn|19","|","|switch|p1a: Ampharos|Ampharos-Mega, M|165/321","|-ability|p1a: Ampharos|Mold Breaker","|move|p2a: Victini|V-create|p1a: Ampharos","|-resisted|p1a: Ampharos","|-damage|p1a: Ampharos|30/321","|-unboost|p2a: Victini|spe|1","|-unboost|p2a: Victini|def|1","|-unboost|p2a: Victini|spd|1","|","|-damage|p2a: Victini|215/341 tox|[from] psn","|turn|20","|","|move|p2a: Victini|V-create|p1a: Ampharos","|-resisted|p1a: Ampharos","|-damage|p1a: Ampharos|0 fnt","|-unboost|p2a: Victini|spe|1","|-unboost|p2a: Victini|def|1","|-unboost|p2a: Victini|spd|1","|faint|p1a: Ampharos","|","|-damage|p2a: Victini|152/341 tox|[from] psn","|","|win|Sovereign♕Cookie"],"p1rating":{"entryid":"7448162","serverid":"eos","formatid":"monotype","userid":"interntwizz","username":"Intern Twizz","w":"26","l":20,"t":"0","gxe":55.6,"r":"1543.3992484387","rd":"51.111942211206","sigma":"0","rptime":"1439283600","rpr":1542.6200569926,"rprd":50.179402510209,"rpsigma":"0","acre":1214.9219965453,"lacre":1214.9219965453,"oldacre":"1255.5844559518"},"p2rating":{"entryid":7557713,"formatid":"monotype","userid":"sovereigncookie","username":"Sovereign♕Cookie","r":1500,"rd":130,"sigma":0,"rpr":1547.5200998099,"rprd":122.05842935115,"rpsigma":0,"rptime":1439283600,"w":1,"l":0,"t":0,"gxe":55.9,"acre":1065.0599350505,"lacre":1065.0599350505,"oldacre":1000},"endType":"forfeit"}