{"seed":[38114,22601,56364,47433],"turns":33,"p1":"Yung draco","p2":"Intern Twizz🔴🔺🔴","p1team":[{"name":"Cradily","species":"Cradily","item":"leftovers","ability":"Storm Drain","moves":["gigadrain","recover","toxic","stealthrock"],"nature":"Calm","evs":{"hp":252,"atk":0,"def":0,"spa":4,"spd":252,"spe":0},"ivs":{"hp":31,"atk":31,"def":31,"spa":31,"spd":31,"spe":31}},{"name":"Shuckle","species":"Shuckle","item":"leftovers","ability":"Sturdy","moves":["stickyweb","encore","infestation","toxic"],"nature":"Calm","evs":{"hp":252,"atk":0,"def":0,"spa":4,"spd":252,"spe":0},"ivs":{"hp":31,"atk":31,"def":31,"spa":31,"spd":31,"spe":31}},{"name":"Tyranitar","species":"Tyranitar","item":"tyranitarite","ability":"Sand Stream","moves":["dragondance","stoneedge","crunch","thunderpunch"],"nature":"Jolly","evs":{"hp":0,"atk":252,"def":0,"spa":0,"spd":4,"spe":252},"ivs":{"hp":31,"atk":31,"def":31,"spa":31,"spd":31,"spe":31}},{"name":"Rhyperior","species":"Rhyperior","item":"weaknesspolicy","ability":"Solid Rock","moves":["earthquake","firepunch","rockslide","crunch"],"nature":"Adamant","evs":{"hp":248,"atk":252,"def":0,"spa":0,"spd":8,"spe":0},"ivs":{"hp":31,"atk":31,"def":31,"spa":31,"spd":31,"spe":31}},{"name":"Omastar","species":"Omastar","item":"focussash","ability":"Shell Armor","moves":["shellsmash","scald","ancientpower","icebeam"],"nature":"Timid","evs":{"hp":0,"atk":0,"def":0,"spa":252,"spd":4,"spe":252},"ivs":{"hp":31,"atk":31,"def":31,"spa":31,"spd":31,"spe":31}},{"name":"Terrakion","species":"Terrakion","item":"choicescarf","ability":"Justified","moves":["stoneedge","poisonjab","earthquake","closecombat"],"nature":"Jolly","evs":{"hp":0,"atk":252,"def":0,"spa":0,"spd":4,"spe":252},"ivs":{"hp":31,"atk":31,"def":31,"spa":31,"spd":31,"spe":31}}],"p2team":[{"name":"Magnezone","species":"Magnezone","item":"leftovers","ability":"Sturdy","moves":["flashcannon","thunderbolt","protect","hiddenpowerice"],"nature":"Modest","evs":{"hp":76,"atk":0,"def":180,"spa":252,"spd":0,"spe":0},"ivs":{"hp":31,"atk":30,"def":30,"spa":31,"spd":31,"spe":31}},{"name":"Zapdos","species":"Zapdos","item":"leftovers","ability":"Pressure","moves":["discharge","heatwave","toxic","roost"],"nature":"Bold","evs":{"hp":4,"atk":0,"def":252,"spa":56,"spd":196,"spe":0},"ivs":{"hp":31,"atk":31,"def":31,"spa":31,"spd":31,"spe":31}},{"name":"Ampharos","species":"Ampharos","item":"ampharosite","ability":"Static","moves":["cottonguard","rest","sleeptalk","dragonpulse"],"nature":"Bold","evs":{"hp":0,"atk":0,"def":252,"spa":136,"spd":120,"spe":0},"ivs":{"hp":31,"atk":31,"def":31,"spa":31,"spd":31,"spe":31}},{"name":"Raikou","species":"Raikou","item":"leftovers","ability":"Pressure","moves":["calmmind","substitute","thunderbolt","extrasensory"],"nature":"Timid","evs":{"hp":0,"atk":0,"def":0,"spa":252,"spd":4,"spe":252},"ivs":{"hp":31,"atk":31,"def":31,"spa":31,"spd":31,"spe":31}},{"name":"Rotom-Wash","species":"Rotom-Wash","item":"choicescarf","ability":"Levitate","moves":["voltswitch","hydropump","willowisp","trick"],"nature":"Timid","evs":{"hp":0,"atk":0,"def":0,"spa":252,"spd":4,"spe":252},"ivs":{"hp":31,"atk":31,"def":31,"spa":31,"spd":31,"spe":31}},{"name":"Condom","species":"eelektross","item":"assaultvest","ability":"Levitate","moves":["gigadrain","thunderbolt","drainpunch","knockoff"],"nature":"Quiet","evs":{"hp":3,"atk":136,"def":0,"spa":108,"spd":252,"spe":0},"ivs":{"hp":31,"atk":31,"def":31,"spa":31,"spd":31,"spe":31}}],"log":["|player|p1|Yung draco|163","|player|p2|Intern Twizz🔴🔺🔴|122","|gametype|singles","|gen|6","|tier|Monotype","|rated","|rule|Baton Pass Clause: Limit one Baton Passer, can't pass Spe and other stats simultaneously","|rule|Swagger Clause: Swagger is banned","|rule|Same Type Clause: Pokémon in a team must share a type","|clearpoke","|poke|p1|Cradily, F","|poke|p1|Shuckle, F","|poke|p1|Tyranitar, M","|poke|p1|Rhyperior, M","|poke|p1|Omastar, M","|poke|p1|Terrakion","|poke|p2|Magnezone","|poke|p2|Zapdos","|poke|p2|Ampharos, F","|poke|p2|Raikou","|poke|p2|Rotom-Wash","|poke|p2|Eelektross, F","|rule|Sleep Clause Mod: Limit one foe put to sleep","|rule|Species Clause: Limit one of each Pokémon","|rule|OHKO Clause: OHKO moves are banned","|rule|Moody Clause: Moody is banned","|rule|Evasion Moves Clause: Evasion moves are banned","|rule|Endless Battle Clause: Forcing endless battles is banned","|rule|HP Percentage Mod: HP is shown in percentages","|teampreview","|","|start","|switch|p1a: Shuckle|Shuckle, F|244/244","|switch|p2a: Rotom-Wash|Rotom-Wash|241/241","|turn|1","|","|move|p2a: Rotom-Wash|Hydro Pump|p1a: Shuckle|[miss]","|-miss|p2a: Rotom-Wash|p1a: Shuckle","|move|p1a: Shuckle|Toxic|p2a: Rotom-Wash","|-status|p2a: Rotom-Wash|tox","|","|-damage|p2a: Rotom-Wash|226/241 tox|[from] psn","|turn|2","|","|switch|p2a: Magnezone|Magnezone|300/300","|move|p1a: Shuckle|Infestation|p2a: Magnezone","|-resisted|p2a: Magnezone","|-damage|p2a: Magnezone|296/300","|-activate|p2a: Magnezone|move: Infestation|[of] p1a: Shuckle","|","|-heal|p2a: Magnezone|300/300|[from] item: Leftovers","|-damage|p2a: Magnezone|263/300|[from] move: Infestation|[partiallytrapped]","|turn|3","|","|move|p2a: Magnezone|Flash Cannon|p1a: Shuckle","|-supereffective|p1a: Shuckle","|-damage|p1a: Shuckle|122/244","|move|p1a: Shuckle|Sticky Web|p2a: Magnezone","|-sidestart|p2: Intern Twizz🔴🔺🔴|move: Sticky Web","|","|-heal|p2a: Magnezone|281/300|[from] item: Leftovers","|-heal|p1a: Shuckle|137/244|[from] item: Leftovers","|-damage|p2a: Magnezone|244/300|[from] move: Infestation|[partiallytrapped]","|turn|4","|","|move|p2a: Magnezone|Flash Cannon|p1a: Shuckle","|-supereffective|p1a: Shuckle","|-damage|p1a: Shuckle|17/244","|move|p1a: Shuckle|Infestation|p2a: Magnezone","|-resisted|p2a: Magnezone","|-damage|p2a: Magnezone|241/300","|","|-heal|p2a: Magnezone|259/300|[from] item: Leftovers","|-heal|p1a: Shuckle|32/244|[from] item: Leftovers","|-damage|p2a: Magnezone|222/300|[from] move: Infestation|[partiallytrapped]","|turn|5","|","|move|p2a: Magnezone|Flash Cannon|p1a: Shuckle","|-supereffective|p1a: Shuckle","|-damage|p1a: Shuckle|0 fnt","|faint|p1a: Shuckle","|","|-heal|p2a: Magnezone|240/300|[from] item: Leftovers","|","|switch|p1a: Rhyperior|Rhyperior, M|433/433","|turn|6","|","|move|p2a: Magnezone|Protect|p2a: Magnezone","|-singleturn|p2a: Magnezone|Protect","|move|p1a: Rhyperior|Fire Punch|p2a: Magnezone","|-activate|p2a: Magnezone|Protect","|","|-heal|p2a: Magnezone|258/300|[from] item: Leftovers","|turn|7","|","|move|p2a: Magnezone|Flash Cannon|p1a: Rhyperior","|-supereffective|p1a: Rhyperior","|-damage|p1a: Rhyperior|37/433","|-enditem|p1a: Rhyperior|Weakness Policy","|-boost|p1a: Rhyperior|atk|2|[from] item: Weakness Policy","|-boost|p1a: Rhyperior|spa|2|[from] item: Weakness Policy","|move|p1a: Rhyperior|Earthquake|p2a: Magnezone","|-supereffective|p2a: Magnezone","|-damage|p2a: Magnezone|0 fnt","|faint|p2a: Magnezone","|","|","|switch|p2a: Zapdos|Zapdos|322/322","|-ability|p2a: Zapdos|Pressure","|turn|8","|","|move|p2a: Zapdos|Heat Wave|p1a: Rhyperior","|-resisted|p1a: Rhyperior","|-damage|p1a: Rhyperior|0 fnt","|faint|p1a: Rhyperior","|","|","|switch|p1a: Terrakion|Terrakion|323/323","|turn|9","|","|move|p1a: Terrakion|Stone Edge|p2a: Zapdos|[miss]","|-miss|p1a: Terrakion|p2a: Zapdos","|move|p2a: Zapdos|Discharge|p1a: Terrakion","|-crit|p1a: Terrakion","|-damage|p1a: Terrakion|136/323","|-status|p1a: Terrakion|par","|","|turn|10","|","|move|p2a: Zapdos|Discharge|p1a: Terrakion","|-damage|p1a: Terrakion|1/323 par","|move|p1a: Terrakion|Stone Edge|p2a: Zapdos","|-crit|p2a: Zapdos","|-supereffective|p2a: Zapdos","|-damage|p2a: Zapdos|0 fnt","|faint|p2a: Zapdos","|","|","|switch|p2a: Rotom-Wash|Rotom-Wash|226/241 tox","|turn|11","|","|move|p2a: Rotom-Wash|Volt Switch|p1a: Terrakion","|-damage|p1a: Terrakion|0 fnt","|faint|p1a: Terrakion","|","|switch|p2a: Condom|Eelektross, F|311/311","|","|","|switch|p1a: Cradily|Cradily, F|376/376","|turn|12","|","|move|p1a: Cradily|Stealth Rock|p2a: Condom","|-sidestart|p2: Intern Twizz🔴🔺🔴|move: Stealth Rock","|move|p2a: Condom|Knock Off|p1a: Cradily","|-damage|p1a: Cradily|285/376","|-enditem|p1a: Cradily|Leftovers|[from] move: Knock Off|[of] p2a: Condom","|","|turn|13","|","|move|p1a: Cradily|Toxic|p2a: Condom","|-status|p2a: Condom|tox","|move|p2a: Condom|Drain Punch|p1a: Cradily","|-supereffective|p1a: Cradily","|-damage|p1a: Cradily|117/376","|","|-damage|p2a: Condom|292/311 tox|[from] psn","|turn|14","|","|switch|p2a: Ampharos|Ampharos, F|321/321","|-damage|p2a: Ampharos|281/321|[from] Stealth Rock","|-activate|p2a: Ampharos|move: Sticky Web","|-unboost|p2a: Ampharos|spe|1","|move|p1a: Cradily|Recover|p1a: Cradily","|-heal|p1a: Cradily|305/376","|","|turn|15","|","|detailschange|p2a: Ampharos|Ampharos-Mega, F","|-mega|p2a: Ampharos|Ampharos|Ampharosite","|-ability|p2a: Ampharos|Mold Breaker","|move|p1a: Cradily|Toxic|p2a: Ampharos","|-status|p2a: Ampharos|tox","|move|p2a: Ampharos|Cotton Guard|p2a: Ampharos","|-boost|p2a: Ampharos|def|3","|","|-damage|p2a: Ampharos|261/321 tox|[from] psn","|turn|16","|","|move|p1a: Cradily|Giga Drain|p2a: Ampharos","|-resisted|p2a: Ampharos","|-damage|p2a: Ampharos|231/321 tox","|-heal|p1a: Cradily|320/376|[from] drain|[of] p2a: Ampharos","|move|p2a: Ampharos|Dragon Pulse|p1a: Cradily","|-damage|p1a: Cradily|193/376","|","|-damage|p2a: Ampharos|191/321 tox|[from] psn","|turn|17","|","|move|p1a: Cradily|Giga Drain|p2a: Ampharos","|-resisted|p2a: Ampharos","|-damage|p2a: Ampharos|162/321 tox","|-heal|p1a: Cradily|208/376|[from] drain|[of] p2a: Ampharos","|move|p2a: Ampharos|Rest|p2a: Ampharos","|-status|p2a: Ampharos|slp","|-heal|p2a: Ampharos|321/321 slp|[silent]","|-status|p2a: Ampharos|slp|[from] move: Rest","|","|turn|18","|","|move|p1a: Cradily|Giga Drain|p2a: Ampharos","|-resisted|p2a: Ampharos","|-damage|p2a: Ampharos|288/321 slp","|-heal|p1a: Cradily|225/376|[from] drain|[of] p2a: Ampharos","|cant|p2a: Ampharos|slp","|move|p2a: Ampharos|Sleep Talk|p2a: Ampharos","|move|p2a: Ampharos|Rest|p2a: Ampharos|[from]Sleep Talk","|-fail|p2a: Ampharos","|","|turn|19","|","|switch|p1a: Tyranitar|Tyranitar, M|341/341","|-weather|Sandstorm","|cant|p2a: Ampharos|slp","|move|p2a: Ampharos|Sleep Talk|p2a: Ampharos","|move|p2a: Ampharos|Rest|p2a: Ampharos|[from]Sleep Talk","|-fail|p2a: Ampharos","|","|-weather|Sandstorm|[upkeep]","|-damage|p2a: Ampharos|268/321 slp|[from] sandstorm","|turn|20","|","|switch|p1a: Cradily|Cradily, F|225/376","|-curestatus|p2a: Ampharos|slp","|move|p2a: Ampharos|Cotton Guard|p2a: Ampharos","|-boost|p2a: Ampharos|def|3","|","|-weather|Sandstorm|[upkeep]","|-damage|p2a: Ampharos|248/321|[from] sandstorm","|turn|21","|","|move|p1a: Cradily|Toxic|p2a: Ampharos","|-status|p2a: Ampharos|tox","|move|p2a: Ampharos|Dragon Pulse|p1a: Cradily","|-damage|p1a: Cradily|146/376","|","|-weather|Sandstorm|[upkeep]","|-damage|p2a: Ampharos|228/321 tox|[from] sandstorm","|-damage|p2a: Ampharos|208/321 tox|[from] psn","|turn|22","|","|move|p1a: Cradily|Giga Drain|p2a: Ampharos","|-crit|p2a: Ampharos","|-resisted|p2a: Ampharos","|-damage|p2a: Ampharos|164/321 tox","|-heal|p1a: Cradily|168/376|[from] drain|[of] p2a: Ampharos","|move|p2a: Ampharos|Dragon Pulse|p1a: Cradily","|-damage|p1a: Cradily|84/376","|","|-weather|Sandstorm|[upkeep]","|-damage|p2a: Ampharos|144/321 tox|[from] sandstorm","|-damage|p2a: Ampharos|104/321 tox|[from] psn","|turn|23","|","|move|p1a: Cradily|Giga Drain|p2a: Ampharos","|-resisted|p2a: Ampharos","|-damage|p2a: Ampharos|75/321 tox","|-heal|p1a: Cradily|99/376|[from] drain|[of] p2a: Ampharos","|move|p2a: Ampharos|Rest|p2a: Ampharos","|-status|p2a: Ampharos|slp","|-heal|p2a: Ampharos|321/321 slp|[silent]","|-status|p2a: Ampharos|slp|[from] move: Rest","|","|-weather|none","|turn|24","|","|move|p1a: Cradily|Giga Drain|p2a: Ampharos","|-resisted|p2a: Ampharos","|-damage|p2a: Ampharos|288/321 slp","|-heal|p1a: Cradily|116/376|[from] drain|[of] p2a: Ampharos","|cant|p2a: Ampharos|slp","|move|p2a: Ampharos|Sleep Talk|p2a: Ampharos","|move|p2a: Ampharos|Rest|p2a: Ampharos|[from]Sleep Talk","|-fail|p2a: Ampharos","|","|turn|25","|","|move|p1a: Cradily|Giga Drain|p2a: Ampharos","|-resisted|p2a: Ampharos","|-damage|p2a: Ampharos|256/321 slp","|-heal|p1a: Cradily|132/376|[from] drain|[of] p2a: Ampharos","|cant|p2a: Ampharos|slp","|","|turn|26","|","|move|p1a: Cradily|Giga Drain|p2a: Ampharos","|-resisted|p2a: Ampharos","|-damage|p2a: Ampharos|223/321 slp","|-heal|p1a: Cradily|149/376|[from] drain|[of] p2a: Ampharos","|-curestatus|p2a: Ampharos|slp","|move|p2a: Ampharos|Dragon Pulse|p1a: Cradily","|-damage|p1a: Cradily|32/376","|","|turn|27","|","|move|p1a: Cradily|Giga Drain|p2a: Ampharos","|-resisted|p2a: Ampharos","|-damage|p2a: Ampharos|193/321","|-heal|p1a: Cradily|47/376|[from] drain|[of] p2a: Ampharos","|move|p2a: Ampharos|Dragon Pulse|p1a: Cradily","|-damage|p1a: Cradily|0 fnt","|faint|p1a: Cradily","|","|","|switch|p1a: Omastar|Omastar, M|281/281","|turn|28","|","|move|p1a: Omastar|Shell Smash|p1a: Omastar","|-unboost|p1a: Omastar|def|1","|-unboost|p1a: Omastar|spd|1","|-boost|p1a: Omastar|atk|2","|-boost|p1a: Omastar|spa|2","|-boost|p1a: Omastar|spe|2","|move|p2a: Ampharos|Dragon Pulse|p1a: Omastar","|-enditem|p1a: Omastar|Focus Sash","|-damage|p1a: Omastar|1/281","|","|turn|29","|","|move|p1a: Omastar|Ice Beam|p2a: Ampharos","|-supereffective|p2a: Ampharos","|-damage|p2a: Ampharos|0 fnt","|faint|p2a: Ampharos","|","|","|switch|p2a: Condom|Eelektross, F|292/311 tox","|-damage|p2a: Condom|254/311 tox|[from] Stealth Rock","|turn|30","|","|move|p1a: Omastar|Ancient Power|p2a: Condom","|-crit|p2a: Condom","|-damage|p2a: Condom|65/311 tox","|move|p2a: Condom|Drain Punch|p1a: Omastar","|-supereffective|p1a: Omastar","|-damage|p1a: Omastar|0 fnt","|-heal|p2a: Condom|66/311 tox|[from] drain|[of] p1a: Omastar","|faint|p1a: Omastar","|","|-damage|p2a: Condom|47/311 tox|[from] psn","|","|switch|p1a: Tyranitar|Tyranitar, M|341/341","|-weather|Sandstorm","|turn|31","|","|detailschange|p1a: Tyranitar|Tyranitar-Mega, M","|-mega|p1a: Tyranitar|Tyranitar|Tyranitarite","|move|p1a: Tyranitar|Dragon Dance|p1a: Tyranitar","|-boost|p1a: Tyranitar|atk|1","|-boost|p1a: Tyranitar|spe|1","|move|p2a: Condom|Drain Punch|p1a: Tyranitar","|-supereffective|p1a: Tyranitar","|-damage|p1a: Tyranitar|133/341","|-heal|p2a: Condom|151/311 tox|[from] drain|[of] p1a: Tyranitar","|","|-weather|Sandstorm|[upkeep]","|-damage|p2a: Condom|132/311 tox|[from] sandstorm","|-damage|p2a: Condom|94/311 tox|[from] psn","|turn|32","|","|move|p1a: Tyranitar|Crunch|p2a: Condom","|-damage|p2a: Condom|0 fnt","|faint|p2a: Condom","|","|-weather|Sandstorm|[upkeep]","|","|switch|p2a: Rotom-Wash|Rotom-Wash|226/241 tox","|-damage|p2a: Rotom-Wash|196/241 tox|[from] Stealth Rock","|turn|33","|","|move|p2a: Rotom-Wash|Hydro Pump|p1a: Tyranitar","|-supereffective|p1a: Tyranitar","|-damage|p1a: Tyranitar|0 fnt","|faint|p1a: Tyranitar","|","|win|Intern Twizz🔴🔺🔴"],"p1rating":{"entryid":"6653831","serverid":"eos","formatid":"monotype","userid":"yungdraco","username":"Yung draco - ⓦⓐⓘⓣ","w":"30","l":13,"t":"0","gxe":66.8,"r":"1644.6801810856","rd":"57.173061027898","sigma":"0","rptime":"1439283600","rpr":1633.0746316171,"rprd":56.490394061473,"rpsigma":"0","acre":1240.728095894,"lacre":1240.728095894,"oldacre":"1278.0488145932"},"p2rating":{"entryid":"7448162","serverid":"eos","formatid":"monotype","userid":"interntwizz","username":"Intern Twizz","w":29,"l":"27","t":"0","gxe":52.1,"r":"1543.3992484387","rd":"51.111942211206","sigma":"0","rptime":"1439283600","rpr":1516.3160633817,"rprd":46.244477885144,"rpsigma":"0","acre":1129.9531761218,"lacre":1129.9531761218,"oldacre":"1090.5066700411"},"endType":"normal"}