{"seed":[63394,64924,41255,10109],"turns":26,"p1":"RealDeal360","p2":"DJ Biggie","p1team":[{"name":"Genesect","species":"Genesect","item":"choicescarf","ability":"Download","moves":["energyball","icebeam","uturn","ironhead"],"nature":"Hasty","evs":{"hp":0,"atk":4,"def":0,"spa":252,"spd":0,"spe":252},"ivs":{"hp":31,"atk":31,"def":31,"spa":31,"spd":31,"spe":31}},{"name":"Pinsir","species":"Pinsir","item":"pinsirite","ability":"Moxie","moves":["feint","earthquake","frustration","swordsdance"],"nature":"Jolly","evs":{"hp":252,"atk":0,"def":0,"spa":0,"spd":4,"spe":252},"happiness":0,"ivs":{"hp":31,"atk":31,"def":31,"spa":31,"spd":31,"spe":31}},{"name":"Shuckle","species":"Shuckle","item":"mentalherb","ability":"Sturdy","moves":["stealthrock","stickyweb","toxic","encore"],"nature":"Calm","evs":{"hp":248,"atk":0,"def":8,"spa":0,"spd":252,"spe":0},"ivs":{"hp":31,"atk":31,"def":31,"spa":31,"spd":31,"spe":31}},{"name":"Volcarona","species":"Volcarona","item":"lumberry","ability":"Flame Body","moves":["quiverdance","roost","hiddenpowerground","fierydance"],"nature":"Bold","evs":{"hp":248,"atk":0,"def":208,"spa":0,"spd":0,"spe":52},"ivs":{"hp":31,"atk":0,"def":31,"spa":30,"spd":30,"spe":31}},{"name":"Scizor","species":"Scizor","item":"leftovers","ability":"Technician","moves":["bulletpunch","uturn","roost","defog"],"nature":"Impish","evs":{"hp":248,"atk":8,"def":0,"spa":0,"spd":0,"spe":252},"ivs":{"hp":31,"atk":31,"def":31,"spa":31,"spd":31,"spe":31}},{"name":"Heracross","species":"Heracross","item":"choicescarf","ability":"Moxie","moves":["closecombat","earthquake","megahorn","stoneedge"],"nature":"Jolly","evs":{"hp":0,"atk":252,"def":0,"spa":0,"spd":4,"spe":252},"ivs":{"hp":31,"atk":31,"def":31,"spa":31,"spd":31,"spe":31}}],"p2team":[{"name":"Tentacruel","species":"Tentacruel","item":"blacksludge","ability":"Liquid Ooze","moves":["scald","rapidspin","acidspray","knockoff"],"nature":"Timid","evs":{"hp":248,"atk":0,"def":216,"spa":0,"spd":28,"spe":16},"ivs":{"hp":31,"atk":31,"def":31,"spa":31,"spd":31,"spe":31}},{"name":"Kingdra","species":"Kingdra","item":"scopelens","ability":"Sniper","moves":["focusenergy","outrage","waterfall","dragondance"],"nature":"Adamant","evs":{"hp":0,"atk":252,"def":4,"spa":0,"spd":0,"spe":252},"ivs":{"hp":31,"atk":31,"def":31,"spa":31,"spd":31,"spe":31}},{"name":"Chowder","species":"cloyster","item":"focussash","ability":"Skill Link","moves":["shellsmash","iciclespear","rockblast","iceshard"],"nature":"Jolly","evs":{"hp":0,"atk":252,"def":0,"spa":4,"spd":0,"spe":252},"ivs":{"hp":31,"atk":31,"def":31,"spa":31,"spd":31,"spe":31}},{"name":"wut?","species":"quagsire","item":"leftovers","ability":"Unaware","moves":["earthquake","scald","recover","toxic"],"nature":"","evs":{"hp":252,"atk":0,"def":252,"spa":0,"spd":4,"spe":0},"ivs":{"hp":31,"atk":31,"def":31,"spa":31,"spd":31,"spe":31}},{"name":"Luna","species":"gyarados","item":"gyaradosite","ability":"Intimidate","moves":["dragondance","waterfall","earthquake","bounce"],"nature":"Adamant","evs":{"hp":0,"atk":252,"def":0,"spa":0,"spd":4,"spe":252},"ivs":{"hp":31,"atk":31,"def":31,"spa":31,"spd":31,"spe":31}},{"name":"Kenny","species":"azumarill","item":"choiceband","ability":"Huge Power","moves":["playrough","waterfall","aquajet","knockoff"],"nature":"Adamant","evs":{"hp":240,"atk":252,"def":0,"spa":0,"spd":16,"spe":0},"gender":"F","ivs":{"hp":31,"atk":31,"def":31,"spa":31,"spd":31,"spe":31}}],"log":["|player|p1|RealDeal360|153","|player|p2|DJ Biggie|djbiggie.png","|gametype|singles","|gen|6","|tier|Monotype","|rated","|rule|Baton Pass Clause: Limit one Baton Passer, can't pass Spe and other stats simultaneously","|rule|Swagger Clause: Swagger is banned","|rule|Same Type Clause: Pokémon in a team must share a type","|clearpoke","|poke|p1|Genesect-*","|poke|p1|Pinsir, F","|poke|p1|Shuckle, M","|poke|p1|Volcarona, M","|poke|p1|Scizor, M","|poke|p1|Heracross, M","|poke|p2|Tentacruel, M","|poke|p2|Kingdra, F","|poke|p2|Cloyster, F","|poke|p2|Quagsire, F","|poke|p2|Gyarados, F","|poke|p2|Azumarill, F","|rule|Sleep Clause Mod: Limit one foe put to sleep","|rule|Species Clause: Limit one of each Pokémon","|rule|OHKO Clause: OHKO moves are banned","|rule|Moody Clause: Moody is banned","|rule|Evasion Moves Clause: Evasion moves are banned","|rule|Endless Battle Clause: Forcing endless battles is banned","|rule|HP Percentage Mod: HP is shown in percentages","|teampreview","|","|start","|switch|p1a: Shuckle|Shuckle, M|243/243","|switch|p2a: wut?|Quagsire, F|394/394","|turn|1","|","|move|p2a: wut?|Toxic|p1a: Shuckle","|-status|p1a: Shuckle|tox","|move|p1a: Shuckle|Encore|p2a: wut?","|-start|p2a: wut?|Encore","|","|-damage|p1a: Shuckle|228/243 tox|[from] psn","|turn|2","|","|switch|p2a: Tentacruel|Tentacruel, M|363/363","|move|p1a: Shuckle|Stealth Rock|p2a: Tentacruel","|-sidestart|p2: DJ Biggie|move: Stealth Rock","|","|-damage|p1a: Shuckle|198/243 tox|[from] psn","|turn|3","|","|move|p2a: Tentacruel|Knock Off|p1a: Shuckle","|-damage|p1a: Shuckle|175/243 tox","|-enditem|p1a: Shuckle|Mental Herb|[from] move: Knock Off|[of] p2a: Tentacruel","|move|p1a: Shuckle|Toxic|p2a: Tentacruel","|-immune|p2a: Tentacruel|[msg]","|","|-damage|p1a: Shuckle|130/243 tox|[from] psn","|turn|4","|","|move|p2a: Tentacruel|Scald|p1a: Shuckle","|-supereffective|p1a: Shuckle","|-damage|p1a: Shuckle|74/243 tox","|move|p1a: Shuckle|Encore|p2a: Tentacruel","|-start|p2a: Tentacruel|Encore","|","|-damage|p1a: Shuckle|14/243 tox|[from] psn","|turn|5","|","|move|p2a: Tentacruel|Scald|p1a: Shuckle","|-supereffective|p1a: Shuckle","|-damage|p1a: Shuckle|0 fnt","|faint|p1a: Shuckle","|","|","|switch|p1a: Genesect|Genesect|283/283","|-boost|p1a: Genesect|atk|1|[from] ability: Download","|turn|6","|","|move|p1a: Genesect|Energy Ball|p2a: Tentacruel","|-damage|p2a: Tentacruel|278/363","|move|p2a: Tentacruel|Scald|p1a: Genesect","|-damage|p1a: Genesect|196/283","|","|-heal|p2a: Tentacruel|300/363|[from] item: Black Sludge","|turn|7","|","|move|p1a: Genesect|Energy Ball|p2a: Tentacruel","|-damage|p2a: Tentacruel|214/363","|move|p2a: Tentacruel|Scald|p1a: Genesect","|-damage|p1a: Genesect|114/283","|","|-heal|p2a: Tentacruel|236/363|[from] item: Black Sludge","|-end|p2a: Tentacruel|Encore","|turn|8","|","|move|p1a: Genesect|Energy Ball|p2a: Tentacruel","|-damage|p2a: Tentacruel|149/363","|move|p2a: Tentacruel|Rapid Spin|p1a: Genesect","|-resisted|p1a: Genesect","|-damage|p1a: Genesect|107/283","|-sideend|p2: DJ Biggie|Stealth Rock|[from] move: Rapid Spin|[of] p2a: Tentacruel","|","|-heal|p2a: Tentacruel|171/363|[from] item: Black Sludge","|turn|9","|","|move|p1a: Genesect|Energy Ball|p2a: Tentacruel","|-damage|p2a: Tentacruel|85/363","|move|p2a: Tentacruel|Scald|p1a: Genesect","|-damage|p1a: Genesect|22/283","|","|-heal|p2a: Tentacruel|107/363|[from] item: Black Sludge","|turn|10","|","|move|p1a: Genesect|Energy Ball|p2a: Tentacruel","|-damage|p2a: Tentacruel|20/363","|move|p2a: Tentacruel|Scald|p1a: Genesect","|-damage|p1a: Genesect|0 fnt","|faint|p1a: Genesect","|","|-heal|p2a: Tentacruel|42/363|[from] item: Black Sludge","|","|switch|p1a: Pinsir|Pinsir, F|334/334","|turn|11","|","|detailschange|p1a: Pinsir|Pinsir-Mega, F","|-mega|p1a: Pinsir|Pinsir|Pinsirite","|move|p1a: Pinsir|Swords Dance|p1a: Pinsir","|-boost|p1a: Pinsir|atk|2","|move|p2a: Tentacruel|Scald|p1a: Pinsir","|-damage|p1a: Pinsir|247/334","|","|-heal|p2a: Tentacruel|64/363|[from] item: Black Sludge","|turn|12","|","|move|p1a: Pinsir|Swords Dance|p1a: Pinsir","|-boost|p1a: Pinsir|atk|2","|move|p2a: Tentacruel|Scald|p1a: Pinsir","|-damage|p1a: Pinsir|154/334","|","|-heal|p2a: Tentacruel|86/363|[from] item: Black Sludge","|turn|13","|","|move|p1a: Pinsir|Frustration|p2a: Tentacruel","|-damage|p2a: Tentacruel|0 fnt","|faint|p2a: Tentacruel","|","|","|switch|p2a: wut?|Quagsire, F|394/394","|turn|14","|","|move|p1a: Pinsir|Frustration|p2a: wut?","|-damage|p2a: wut?|210/394","|move|p2a: wut?|Scald|p1a: Pinsir","|-damage|p1a: Pinsir|87/334","|","|-heal|p2a: wut?|234/394|[from] item: Leftovers","|turn|15","|","|move|p1a: Pinsir|Frustration|p2a: wut?","|-damage|p2a: wut?|39/394","|move|p2a: wut?|Scald|p1a: Pinsir","|-damage|p1a: Pinsir|20/334","|","|-heal|p2a: wut?|63/394|[from] item: Leftovers","|turn|16","|","|move|p1a: Pinsir|Frustration|p2a: wut?","|-damage|p2a: wut?|0 fnt","|faint|p2a: wut?","|","|","|switch|p2a: Kenny|Azumarill, F|401/401","|turn|17","|","|move|p2a: Kenny|Aqua Jet|p1a: Pinsir","|-crit|p1a: Pinsir","|-damage|p1a: Pinsir|0 fnt","|faint|p1a: Pinsir","|","|","|switch|p1a: Heracross|Heracross, M|301/301","|turn|18","|","|move|p2a: Kenny|Aqua Jet|p1a: Heracross","|-damage|p1a: Heracross|147/301","|move|p1a: Heracross|Megahorn|p2a: Kenny","|-resisted|p2a: Kenny","|-damage|p2a: Kenny|282/401","|","|turn|19","|","|move|p2a: Kenny|Aqua Jet|p1a: Heracross","|-damage|p1a: Heracross|0 fnt","|faint|p1a: Heracross","|","|","|switch|p1a: Volcarona|Volcarona, M|373/373","|turn|20","|","|move|p2a: Kenny|Aqua Jet|p1a: Volcarona","|-supereffective|p1a: Volcarona","|-damage|p1a: Volcarona|137/373","|move|p1a: Volcarona|Quiver Dance|p1a: Volcarona","|-boost|p1a: Volcarona|spa|1","|-boost|p1a: Volcarona|spd|1","|-boost|p1a: Volcarona|spe|1","|","|turn|21","|","|move|p2a: Kenny|Aqua Jet|p1a: Volcarona","|-supereffective|p1a: Volcarona","|-damage|p1a: Volcarona|0 fnt","|faint|p1a: Volcarona","|","|","|switch|p1a: Scizor|Scizor, M|343/343","|turn|22","|","|move|p1a: Scizor|Bullet Punch|p2a: Kenny","|-damage|p2a: Kenny|176/401","|move|p2a: Kenny|Aqua Jet|p1a: Scizor","|-damage|p1a: Scizor|223/343","|","|-heal|p1a: Scizor|244/343|[from] item: Leftovers","|turn|23","|","|move|p1a: Scizor|Bullet Punch|p2a: Kenny","|-damage|p2a: Kenny|62/401","|move|p2a: Kenny|Aqua Jet|p1a: Scizor","|-damage|p1a: Scizor|126/343","|","|-heal|p1a: Scizor|147/343|[from] item: Leftovers","|turn|24","|","|move|p1a: Scizor|Bullet Punch|p2a: Kenny","|-damage|p2a: Kenny|0 fnt","|faint|p2a: Kenny","|","|-heal|p1a: Scizor|168/343|[from] item: Leftovers","|","|switch|p2a: Luna|Gyarados, F|331/331","|-ability|p2a: Luna|Intimidate","|-unboost|p1a: Scizor|atk|1","|turn|25","|","|move|p2a: Luna|Dragon Dance|p2a: Luna","|-boost|p2a: Luna|atk|1","|-boost|p2a: Luna|spe|1","|move|p1a: Scizor|Roost|p1a: Scizor","|-heal|p1a: Scizor|340/343","|","|-heal|p1a: Scizor|343/343|[from] item: Leftovers","|turn|26","|","|detailschange|p2a: Luna|Gyarados-Mega, F","|-mega|p2a: Luna|Gyarados|Gyaradosite","|-ability|p2a: Luna|Mold Breaker","|move|p1a: Scizor|Bullet Punch|p2a: Luna","|-resisted|p2a: Luna","|-damage|p2a: Luna|301/331","|move|p2a: Luna|Waterfall|p1a: Scizor","|-crit|p1a: Scizor","|-damage|p1a: Scizor|0 fnt","|faint|p1a: Scizor","|","|win|DJ Biggie"],"p1rating":{"entryid":"7525131","serverid":"eos","formatid":"monotype","userid":"realdeal360","username":"RealDeal360","w":"7","l":16,"t":"0","gxe":36.9,"r":"1397.6893012171","rd":"69.969426283324","sigma":"0","rptime":"1439283600","rpr":1397.4294753744,"rprd":67.664583101415,"rpsigma":"0","acre":1069.4966603469,"lacre":1069.4966603469,"oldacre":"1093.6100553145"},"p2rating":{"entryid":"7236327","serverid":"eos","formatid":"monotype","userid":"djbiggie","username":"DJ Biggie","w":24,"l":"20","t":"0","gxe":52.8,"r":1515.6706428972,"rd":53.423376291491,"sigma":"0","rptime":1439283600,"rpr":1521.0166693106,"rprd":52.891138298431,"rpsigma":"0","acre":1118.7635899966,"lacre":1118.7635899966,"oldacre":"1092.5711828125"},"endType":"normal"}