{"seed":[17998,26160,7114,43528],"turns":31,"p1":"StormiClouds","p2":"GLReshiram","p1team":[{"name":"King Ludi","species":"ludicolo","item":"leftovers","ability":"Swift Swim","moves":["teeterdance","scald","icebeam","gigadrain"],"nature":"Modest","evs":{"hp":0,"atk":0,"def":0,"spa":252,"spd":4,"spe":252},"shiny":true,"ivs":{"hp":31,"atk":31,"def":31,"spa":31,"spd":31,"spe":31}},{"name":"SS2 Azu","species":"azumarill","item":"sitrusberry","ability":"Huge Power","moves":["aquajet","playrough","bellydrum","knockoff"],"nature":"Adamant","evs":{"hp":252,"atk":252,"def":0,"spa":0,"spd":4,"spe":0},"shiny":true,"ivs":{"hp":31,"atk":31,"def":31,"spa":31,"spd":31,"spe":31}},{"name":"SwampGun","species":"swampert","item":"swampertite","ability":"Damp","moves":["superpower","waterfall","earthquake","icepunch"],"nature":"Adamant","evs":{"hp":248,"atk":252,"def":0,"spa":0,"spd":8,"spe":0},"ivs":{"hp":31,"atk":31,"def":31,"spa":31,"spd":31,"spe":31}},{"name":"Milo","species":"milotic","item":"leftovers","ability":"Competitive","moves":["scald","icebeam","raindance","toxic"],"nature":"Bold","evs":{"hp":252,"atk":0,"def":252,"spa":4,"spd":0,"spe":0},"shiny":true,"ivs":{"hp":31,"atk":31,"def":31,"spa":31,"spd":31,"spe":31}},{"name":"Poliie","species":"politoed","item":"widelens","ability":"Drizzle","moves":["icebeam","surf","hypnosis","perishsong"],"nature":"Modest","evs":{"hp":248,"atk":0,"def":0,"spa":252,"spd":8,"spe":0},"shiny":true,"ivs":{"hp":31,"atk":31,"def":31,"spa":31,"spd":31,"spe":31}},{"name":"Floatzel","species":"Floatzel","item":"lifeorb","ability":"Swift Swim","moves":["aquajet","waterfall","brickbreak","icepunch"],"nature":"Adamant","evs":{"hp":0,"atk":252,"def":0,"spa":0,"spd":4,"spe":252},"ivs":{"hp":31,"atk":31,"def":31,"spa":31,"spd":31,"spe":31}}],"p2team":[{"name":"Heatran","species":"Heatran","item":"assaultvest","ability":"Flash Fire","moves":["firespin","earthpower","explosion","flashcannon"],"nature":"Mild","evs":{"hp":148,"atk":0,"def":0,"spa":252,"spd":108,"spe":0},"ivs":{"hp":31,"atk":31,"def":31,"spa":31,"spd":31,"spe":31}},{"name":"Ninetales","species":"Ninetales","item":"focussash","ability":"Drought","moves":["flamethrower","solarbeam","hiddenpowerelectric","nastyplot"],"nature":"Timid","evs":{"hp":0,"atk":0,"def":0,"spa":252,"spd":4,"spe":252},"ivs":{"hp":31,"atk":31,"def":31,"spa":30,"spd":31,"spe":31}},{"name":"Torkoal","species":"Torkoal","item":"leftovers","ability":"Shell Armor","moves":["protect","toxic","lavaplume","rapidspin"],"nature":"Bold","evs":{"hp":0,"atk":0,"def":0,"spa":4,"spd":0,"spe":0},"ivs":{"hp":31,"atk":31,"def":31,"spa":31,"spd":31,"spe":31}},{"name":"Rotom-Heat","species":"Rotom-Heat","item":"lightclay","ability":"Levitate","moves":["voltswitch","painsplit","reflect","lightscreen"],"nature":"Timid","evs":{"hp":236,"atk":0,"def":8,"spa":4,"spd":8,"spe":252},"ivs":{"hp":31,"atk":31,"def":31,"spa":31,"spd":31,"spe":31}},{"name":"Infernape","species":"Infernape","item":"lifeorb","ability":"Iron Fist","moves":["firepunch","machpunch","thunderpunch","uturn"],"nature":"Jolly","evs":{"hp":4,"atk":252,"def":0,"spa":0,"spd":0,"spe":252},"ivs":{"hp":31,"atk":31,"def":31,"spa":31,"spd":31,"spe":31}},{"name":"Charizard","species":"Charizard","item":"charizarditex","ability":"Blaze","moves":["dragondance","roost","dragonclaw","earthquake"],"nature":"Adamant","evs":{"hp":176,"atk":68,"def":0,"spa":0,"spd":0,"spe":80},"ivs":{"hp":31,"atk":31,"def":31,"spa":31,"spd":31,"spe":31}}],"log":["|player|p1|StormiClouds|154","|player|p2|GLReshiram|170","|gametype|singles","|gen|6","|tier|Monotype","|rated","|rule|Baton Pass Clause: Limit one Baton Passer, can't pass Spe and other stats simultaneously","|rule|Swagger Clause: Swagger is banned","|rule|Same Type Clause: Pokémon in a team must share a type","|clearpoke","|poke|p1|Ludicolo, F, shiny","|poke|p1|Azumarill, F, shiny","|poke|p1|Swampert, M","|poke|p1|Milotic, M, shiny","|poke|p1|Politoed, F, shiny","|poke|p1|Floatzel, F","|poke|p2|Heatran, F","|poke|p2|Ninetales, M","|poke|p2|Torkoal, F","|poke|p2|Rotom-Heat","|poke|p2|Infernape, F","|poke|p2|Charizard, F","|rule|Sleep Clause Mod: Limit one foe put to sleep","|rule|Species Clause: Limit one of each Pokémon","|rule|OHKO Clause: OHKO moves are banned","|rule|Moody Clause: Moody is banned","|rule|Evasion Moves Clause: Evasion moves are banned","|rule|Endless Battle Clause: Forcing endless battles is banned","|rule|HP Percentage Mod: HP is shown in percentages","|teampreview","|","|start","|switch|p1a: Poliie|Politoed, F, shiny|383/383","|switch|p2a: Rotom-Heat|Rotom-Heat|300/300","|-weather|RainDance","|turn|1","|","|move|p2a: Rotom-Heat|Light Screen|p2a: Rotom-Heat","|-sidestart|p2: GLReshiram|move: Light Screen","|move|p1a: Poliie|Surf|p2a: Rotom-Heat","|-supereffective|p2a: Rotom-Heat","|-damage|p2a: Rotom-Heat|120/300","|","|-weather|RainDance|[upkeep]","|turn|2","|","|move|p2a: Rotom-Heat|Volt Switch|p1a: Poliie","|-supereffective|p1a: Poliie","|-damage|p1a: Poliie|201/383","|","|switch|p2a: Heatran|Heatran, F|360/360","|move|p1a: Poliie|Hypnosis|p2a: Heatran","|-status|p2a: Heatran|slp","|","|-weather|RainDance|[upkeep]","|turn|3","|","|switch|p2a: Ninetales|Ninetales, M|287/287","|-weather|SunnyDay","|move|p1a: Poliie|Surf|p2a: Ninetales","|-supereffective|p2a: Ninetales","|-damage|p2a: Ninetales|221/287","|","|-weather|SunnyDay|[upkeep]","|turn|4","|","|switch|p1a: King Ludi|Ludicolo, F, shiny|301/301","|move|p2a: Ninetales|Nasty Plot|p2a: Ninetales","|-boost|p2a: Ninetales|spa|2","|","|-weather|SunnyDay|[upkeep]","|turn|5","|","|switch|p1a: Poliie|Politoed, F, shiny|201/383","|-weather|RainDance","|move|p2a: Ninetales|Nasty Plot|p2a: Ninetales","|-boost|p2a: Ninetales|spa|2","|","|-weather|RainDance|[upkeep]","|turn|6","|","|move|p2a: Ninetales|Hidden Power|p1a: Poliie","|-supereffective|p1a: Poliie","|-damage|p1a: Poliie|0 fnt","|faint|p1a: Poliie","|","|-weather|RainDance|[upkeep]","|","|switch|p1a: Floatzel|Floatzel, F|311/311","|turn|7","|","|switch|p2a: Heatran|Heatran, F|360/360 slp","|move|p1a: Floatzel|Waterfall|p2a: Heatran","|-supereffective|p2a: Heatran","|-damage|p2a: Heatran|0 fnt","|-damage|p1a: Floatzel|280/311|[from] item: Life Orb","|faint|p2a: Heatran","|","|-weather|RainDance|[upkeep]","|","|switch|p2a: Ninetales|Ninetales, M|221/287","|-weather|SunnyDay","|turn|8","|","|switch|p1a: King Ludi|Ludicolo, F, shiny|301/301","|move|p2a: Ninetales|Solar Beam|p1a: King Ludi|[still]","|-prepare|p2a: Ninetales|Solar Beam|p1a: King Ludi","|-anim|p2a: Ninetales|Solar Beam|p1a: King Ludi","|-damage|p1a: King Ludi|204/301","|","|-weather|SunnyDay|[upkeep]","|-heal|p1a: King Ludi|222/301|[from] item: Leftovers","|-sideend|p2: GLReshiram|move: Light Screen","|turn|9","|","|move|p2a: Ninetales|Flamethrower|p1a: King Ludi","|-damage|p1a: King Ludi|33/301","|move|p1a: King Ludi|Teeter Dance|p2a: Ninetales","|-start|p2a: Ninetales|confusion","|","|-weather|SunnyDay|[upkeep]","|-heal|p1a: King Ludi|51/301|[from] item: Leftovers","|turn|10","|","|switch|p2a: Rotom-Heat|Rotom-Heat|120/300","|move|p1a: King Ludi|Giga Drain|p2a: Rotom-Heat","|-resisted|p2a: Rotom-Heat","|-damage|p2a: Rotom-Heat|71/300","|-heal|p1a: King Ludi|76/301|[from] drain|[of] p2a: Rotom-Heat","|","|-weather|SunnyDay|[upkeep]","|-heal|p1a: King Ludi|94/301|[from] item: Leftovers","|turn|11","|","|switch|p1a: Milo|Milotic, M, shiny|394/394","|move|p2a: Rotom-Heat|Light Screen|p2a: Rotom-Heat","|-sidestart|p2: GLReshiram|move: Light Screen","|","|-weather|SunnyDay|[upkeep]","|turn|12","|","|move|p2a: Rotom-Heat|Pain Split|p1a: Milo","|-sethp|p1a: Milo|232/394|p2a: Rotom-Heat|232/300|[from] move: Pain Split","|move|p1a: Milo|Scald|p2a: Rotom-Heat","|-supereffective|p2a: Rotom-Heat","|-damage|p2a: Rotom-Heat|187/300","|","|-weather|none","|-heal|p1a: Milo|256/394|[from] item: Leftovers","|turn|13","|","|move|p2a: Rotom-Heat|Volt Switch|p1a: Milo","|-supereffective|p1a: Milo","|-damage|p1a: Milo|104/394","|","|switch|p2a: Ninetales|Ninetales, M|221/287","|-weather|SunnyDay","|move|p1a: Milo|Rain Dance|p1a: Milo","|-weather|RainDance","|","|-weather|RainDance|[upkeep]","|-heal|p1a: Milo|128/394|[from] item: Leftovers","|turn|14","|","|move|p2a: Ninetales|Hidden Power|p1a: Milo","|-supereffective|p1a: Milo","|-damage|p1a: Milo|38/394","|move|p1a: Milo|Scald|p2a: Ninetales","|-supereffective|p2a: Ninetales","|-damage|p2a: Ninetales|83/287","|","|-weather|RainDance|[upkeep]","|-heal|p1a: Milo|62/394|[from] item: Leftovers","|turn|15","|","|switch|p2a: Rotom-Heat|Rotom-Heat|187/300","|move|p1a: Milo|Scald|p2a: Rotom-Heat","|-supereffective|p2a: Rotom-Heat","|-damage|p2a: Rotom-Heat|66/300","|","|-weather|RainDance|[upkeep]","|-heal|p1a: Milo|86/394|[from] item: Leftovers","|turn|16","|","|switch|p1a: SwampGun|Swampert, M|403/403","|move|p2a: Rotom-Heat|Volt Switch|p1a: SwampGun","|-immune|p1a: SwampGun|[msg]","|","|-weather|RainDance|[upkeep]","|turn|17","|","|detailschange|p1a: SwampGun|Swampert-Mega, M","|-mega|p1a: SwampGun|Swampert|Swampertite","|move|p2a: Rotom-Heat|Reflect|p2a: Rotom-Heat","|-sidestart|p2: GLReshiram|Reflect","|move|p1a: SwampGun|Waterfall|p2a: Rotom-Heat","|-supereffective|p2a: Rotom-Heat","|-damage|p2a: Rotom-Heat|0 fnt","|faint|p2a: Rotom-Heat","|","|-weather|none","|","|switch|p2a: Ninetales|Ninetales, M|83/287","|-weather|SunnyDay","|turn|18","|","|switch|p1a: Milo|Milotic, M, shiny|86/394","|move|p2a: Ninetales|Solar Beam|p1a: Milo|[still]","|-prepare|p2a: Ninetales|Solar Beam|p1a: Milo","|-anim|p2a: Ninetales|Solar Beam|p1a: Milo","|-supereffective|p1a: Milo","|-damage|p1a: Milo|0 fnt","|faint|p1a: Milo","|","|-weather|SunnyDay|[upkeep]","|-sideend|p2: GLReshiram|move: Light Screen","|","|switch|p1a: King Ludi|Ludicolo, F, shiny|94/301","|turn|19","|","|move|p2a: Ninetales|Solar Beam|p1a: King Ludi|[still]","|-prepare|p2a: Ninetales|Solar Beam|p1a: King Ludi","|-anim|p2a: Ninetales|Solar Beam|p1a: King Ludi","|-damage|p1a: King Ludi|0 fnt","|faint|p1a: King Ludi","|","|-weather|SunnyDay|[upkeep]","|","|switch|p1a: Floatzel|Floatzel, F|280/311","|turn|20","|","|switch|p2a: Torkoal|Torkoal, F|281/281","|move|p1a: Floatzel|Brick Break|p2a: Torkoal","|-sideend|p2: GLReshiram|Reflect","|-damage|p2a: Torkoal|204/281","|-damage|p1a: Floatzel|249/311|[from] item: Life Orb","|","|-weather|SunnyDay|[upkeep]","|-heal|p2a: Torkoal|221/281|[from] item: Leftovers","|turn|21","|","|switch|p1a: SwampGun|Swampert-Mega, M|403/403","|move|p2a: Torkoal|Toxic|p1a: SwampGun|[miss]","|-miss|p2a: Torkoal|p1a: SwampGun","|","|-weather|SunnyDay|[upkeep]","|-heal|p2a: Torkoal|238/281|[from] item: Leftovers","|turn|22","|","|move|p2a: Torkoal|Protect|p2a: Torkoal","|-singleturn|p2a: Torkoal|Protect","|move|p1a: SwampGun|Waterfall|p2a: Torkoal","|-activate|p2a: Torkoal|Protect","|","|-weather|none","|-heal|p2a: Torkoal|255/281|[from] item: Leftovers","|turn|23","|","|move|p1a: SwampGun|Earthquake|p2a: Torkoal","|-supereffective|p2a: Torkoal","|-damage|p2a: Torkoal|0 fnt","|faint|p2a: Torkoal","|","|","|switch|p2a: Ninetales|Ninetales, M|83/287","|-weather|SunnyDay","|turn|24","|","|move|p2a: Ninetales|Solar Beam|p1a: SwampGun|[still]","|-prepare|p2a: Ninetales|Solar Beam|p1a: SwampGun","|-anim|p2a: Ninetales|Solar Beam|p1a: SwampGun","|-supereffective|p1a: SwampGun","|-damage|p1a: SwampGun|27/403","|move|p1a: SwampGun|Earthquake|p2a: Ninetales","|-supereffective|p2a: Ninetales","|-damage|p2a: Ninetales|0 fnt","|faint|p2a: Ninetales","|","|-weather|SunnyDay|[upkeep]","|","|switch|p2a: Infernape|Infernape, F|294/294","|turn|25","|","|move|p2a: Infernape|U-turn|p1a: SwampGun","|-damage|p1a: SwampGun|0 fnt","|-damage|p2a: Infernape|265/294|[from] item: Life Orb","|faint|p1a: SwampGun","|","|switch|p2a: Charizard|Charizard, F|341/341","|","|-weather|SunnyDay|[upkeep]","|","|switch|p1a: SS2 Azu|Azumarill, F, shiny|404/404","|turn|26","|","|move|p2a: Charizard|Earthquake|p1a: SS2 Azu","|-damage|p1a: SS2 Azu|306/404","|move|p1a: SS2 Azu|Play Rough|p2a: Charizard","|-resisted|p2a: Charizard","|-damage|p2a: Charizard|221/341","|","|-weather|SunnyDay|[upkeep]","|turn|27","|","|move|p1a: SS2 Azu|Aqua Jet|p2a: Charizard","|-supereffective|p2a: Charizard","|-damage|p2a: Charizard|119/341","|move|p2a: Charizard|Dragon Dance|p2a: Charizard","|-boost|p2a: Charizard|atk|1","|-boost|p2a: Charizard|spe|1","|","|-weather|SunnyDay|[upkeep]","|turn|28","|","|move|p2a: Charizard|Roost|p2a: Charizard","|-heal|p2a: Charizard|290/341","|move|p1a: SS2 Azu|Knock Off|p2a: Charizard","|-damage|p2a: Charizard|167/341","|","|-weather|none","|turn|29","|","|move|p1a: SS2 Azu|Aqua Jet|p2a: Charizard","|-supereffective|p2a: Charizard","|-damage|p2a: Charizard|0 fnt","|faint|p2a: Charizard","|","|","|switch|p2a: Infernape|Infernape, F|265/294","|turn|30","|","|move|p1a: SS2 Azu|Aqua Jet|p2a: Infernape","|-supereffective|p2a: Infernape","|-damage|p2a: Infernape|47/294","|move|p2a: Infernape|Thunder Punch|p1a: SS2 Azu","|-supereffective|p1a: SS2 Azu","|-damage|p1a: SS2 Azu|17/404","|-damage|p2a: Infernape|18/294|[from] item: Life Orb","|-enditem|p1a: SS2 Azu|Sitrus Berry|[eat]","|-heal|p1a: SS2 Azu|118/404|[from] item: Sitrus Berry","|","|turn|31","|","|move|p2a: Infernape|Mach Punch|p1a: SS2 Azu","|-resisted|p1a: SS2 Azu","|-damage|p1a: SS2 Azu|56/404","|-damage|p2a: Infernape|0 fnt|[from] item: Life Orb","|faint|p2a: Infernape","|","|win|StormiClouds"],"p1rating":{"entryid":"7529280","serverid":"eos","formatid":"monotype","userid":"stormiclouds","username":"StormiClouds","w":7,"l":"12","t":"0","gxe":39.6,"r":"1480.9299357284","rd":"112.13270210657","sigma":"0","rptime":"1439197200","rpr":1419.0675877352,"rprd":71.122051090821,"rpsigma":"0","acre":1121.2726544865,"lacre":1121.2726544865,"oldacre":"1095.1330982251"},"p2rating":{"entryid":"6886801","serverid":"eos","formatid":"monotype","userid":"glreshiram","username":"GL♅Reshiram","w":"20","l":22,"t":"0","gxe":48.2,"r":"1486.7972587549","rd":"58.073456274428","sigma":"0","rptime":"1439197200","rpr":1486.4197591631,"rprd":53.711146463501,"rpsigma":"0","acre":1075.2654719931,"lacre":1075.2654719931,"oldacre":"1100.6633736972"},"endType":"normal"}