{"seed":[1774,55553,33359,34160],"turns":23,"p1":"I ONLY USE CARNIE","p2":"Etrayu","p1team":[{"name":"Ferrothorn","species":"Ferrothorn","item":"leftovers","ability":"Iron Barbs","moves":["stealthrock","leechseed","thunderwave","gyroball"],"nature":"Relaxed","evs":{"hp":252,"atk":4,"def":252,"spa":0,"spd":0,"spe":0},"ivs":{"hp":31,"atk":31,"def":31,"spa":31,"spd":31,"spe":0}},{"name":"Heatran","species":"Heatran","item":"leftovers","ability":"Flash Fire","moves":["protect","fireblast","earthpower","flashcannon"],"nature":"Modest","evs":{"hp":252,"atk":0,"def":0,"spa":252,"spd":4,"spe":0},"ivs":{"hp":31,"atk":31,"def":31,"spa":31,"spd":31,"spe":31}},{"name":"Klefki","species":"Klefki","item":"leftovers","ability":"Prankster","moves":["thunderwave","spikes","flashcannon","dazzlinggleam"],"nature":"Modest","evs":{"hp":252,"atk":0,"def":0,"spa":252,"spd":4,"spe":0},"ivs":{"hp":31,"atk":31,"def":31,"spa":31,"spd":31,"spe":31}},{"name":"Scizor","species":"Scizor","item":"scizorite","ability":"Light Metal","moves":["swordsdance","bulletpunch","bugbite","roost"],"nature":"Careful","evs":{"hp":248,"atk":0,"def":8,"spa":0,"spd":252,"spe":0},"ivs":{"hp":31,"atk":31,"def":31,"spa":31,"spd":31,"spe":31}},{"name":"Lucario","species":"Lucario","item":"lifeorb","ability":"Steadfast","moves":["nastyplot","aurasphere","darkpulse","flashcannon"],"nature":"Timid","evs":{"hp":0,"atk":0,"def":0,"spa":252,"spd":4,"spe":252},"shiny":true,"ivs":{"hp":31,"atk":31,"def":31,"spa":31,"spd":31,"spe":31}},{"name":"Bisharp","species":"Bisharp","item":"lifeorb","ability":"Defiant","moves":["swordsdance","suckerpunch","psychocut","ironhead"],"nature":"Jolly","evs":{"hp":0,"atk":252,"def":0,"spa":0,"spd":4,"spe":252},"ivs":{"hp":31,"atk":31,"def":31,"spa":31,"spd":31,"spe":31}}],"p2team":[{"name":"Hoopa-Unbound","species":"Hoopa-Unbound","item":"assaultvest","ability":"Magician","moves":["gunkshot","hyperspacefury","drainpunch","psychic"],"nature":"Brave","evs":{"hp":252,"atk":252,"def":0,"spa":4,"spd":0,"spe":0},"ivs":{"hp":31,"atk":31,"def":31,"spa":31,"spd":31,"spe":31}},{"name":"Victini","species":"Victini","item":"choiceband","ability":"Victory Star","moves":["vcreate","boltstrike","brickbreak","uturn"],"nature":"Adamant","evs":{"hp":0,"atk":252,"def":4,"spa":0,"spd":0,"spe":252},"ivs":{"hp":31,"atk":31,"def":31,"spa":31,"spd":31,"spe":31}},{"name":"Mew","species":"Mew","item":"leftovers","ability":"Synchronize","moves":["taunt","softboiled","willowisp","knockoff"],"nature":"","evs":{"hp":0,"atk":0,"def":0,"spa":0,"spd":0,"spe":0},"ivs":{"hp":31,"atk":31,"def":31,"spa":31,"spd":31,"spe":31}},{"name":"Slowbro","species":"Slowbro","item":"leftovers","ability":"Regenerator","moves":["scald","slackoff","thunderwave","fireblast"],"nature":"Bold","evs":{"hp":252,"atk":0,"def":232,"spa":0,"spd":24,"spe":0},"ivs":{"hp":31,"atk":31,"def":31,"spa":31,"spd":31,"spe":31}},{"name":"Celebi","species":"Celebi","item":"leftovers","ability":"Natural Cure","moves":["recover","batonpass","nastyplot","gigadrain"],"nature":"Bold","evs":{"hp":252,"atk":0,"def":148,"spa":0,"spd":0,"spe":108},"ivs":{"hp":31,"atk":31,"def":31,"spa":31,"spd":31,"spe":31}},{"name":"Gardevoir","species":"Gardevoir","item":"gardevoirite","ability":"Synchronize","moves":["hypervoice","psyshock","focusblast","calmmind"],"nature":"Timid","evs":{"hp":0,"atk":0,"def":24,"spa":232,"spd":0,"spe":252},"ivs":{"hp":31,"atk":31,"def":31,"spa":31,"spd":31,"spe":31}}],"log":["|player|p1|I ONLY USE CARNIE|146","|player|p2|Etrayu|etrayu.png","|gametype|singles","|gen|6","|tier|Monotype","|rated","|rule|Baton Pass Clause: Limit one Baton Passer, can't pass Spe and other stats simultaneously","|rule|Swagger Clause: Swagger is banned","|rule|Same Type Clause: Pokémon in a team must share a type","|clearpoke","|poke|p1|Ferrothorn, F","|poke|p1|Heatran, F","|poke|p1|Klefki, F","|poke|p1|Scizor, F","|poke|p1|Lucario, F, shiny","|poke|p1|Bisharp, M","|poke|p2|Hoopa-Unbound","|poke|p2|Victini","|poke|p2|Mew","|poke|p2|Slowbro, M","|poke|p2|Celebi","|poke|p2|Gardevoir, F","|rule|Sleep Clause Mod: Limit one foe put to sleep","|rule|Species Clause: Limit one of each Pokémon","|rule|OHKO Clause: OHKO moves are banned","|rule|Moody Clause: Moody is banned","|rule|Evasion Moves Clause: Evasion moves are banned","|rule|Endless Battle Clause: Forcing endless battles is banned","|rule|HP Percentage Mod: HP is shown in percentages","|teampreview","|","|start","|switch|p1a: Ferrothorn|Ferrothorn, F|352/352","|switch|p2a: Mew|Mew|341/341","|turn|1","|","|move|p2a: Mew|Taunt|p1a: Ferrothorn","|-start|p1a: Ferrothorn|move: Taunt","|cant|p1a: Ferrothorn|move: Taunt|Stealth Rock","|","|turn|2","|","|switch|p1a: Heatran|Heatran, F|386/386","|move|p2a: Mew|Will-O-Wisp|p1a: Heatran","|-start|p1a: Heatran|ability: Flash Fire","|","|turn|3","|","|move|p2a: Mew|Knock Off|p1a: Heatran","|-damage|p1a: Heatran|318/386","|-enditem|p1a: Heatran|Leftovers|[from] move: Knock Off|[of] p2a: Mew","|move|p1a: Heatran|Fire Blast|p2a: Mew|[miss]","|-miss|p1a: Heatran|p2a: Mew","|","|turn|4","|","|switch|p2a: Slowbro|Slowbro, M|394/394","|move|p1a: Heatran|Fire Blast|p2a: Slowbro","|-resisted|p2a: Slowbro","|-damage|p2a: Slowbro|213/394","|","|-heal|p2a: Slowbro|237/394|[from] item: Leftovers","|turn|5","|","|move|p1a: Heatran|Fire Blast|p2a: Slowbro","|-resisted|p2a: Slowbro","|-damage|p2a: Slowbro|46/394","|move|p2a: Slowbro|Scald|p1a: Heatran","|-supereffective|p1a: Heatran","|-damage|p1a: Heatran|136/386","|","|-heal|p2a: Slowbro|70/394|[from] item: Leftovers","|turn|6","|","|switch|p2a: Victini|Victini|341/341","|move|p1a: Heatran|Earth Power|p2a: Victini","|-supereffective|p2a: Victini","|-damage|p2a: Victini|91/341","|","|turn|7","|","|move|p2a: Victini|Brick Break|p1a: Heatran","|-supereffective|p1a: Heatran","|-damage|p1a: Heatran|0 fnt","|faint|p1a: Heatran","|","|","|switch|p1a: Klefki|Klefki, F|318/318","|turn|8","|","|move|p1a: Klefki|Thunder Wave|p2a: Victini","|-status|p2a: Victini|par","|move|p2a: Victini|Brick Break|p1a: Klefki","|-damage|p1a: Klefki|187/318","|","|-heal|p1a: Klefki|206/318|[from] item: Leftovers","|turn|9","|","|move|p1a: Klefki|Spikes|p2a: Victini","|-sidestart|p2: Etrayu|Spikes","|cant|p2a: Victini|par","|","|-heal|p1a: Klefki|225/318|[from] item: Leftovers","|turn|10","|","|move|p1a: Klefki|Spikes|p2a: Victini","|-sidestart|p2: Etrayu|Spikes","|cant|p2a: Victini|par","|","|-heal|p1a: Klefki|244/318|[from] item: Leftovers","|turn|11","|","|move|p1a: Klefki|Spikes|p2a: Victini","|-sidestart|p2: Etrayu|Spikes","|move|p2a: Victini|Brick Break|p1a: Klefki","|-damage|p1a: Klefki|100/318","|","|-heal|p1a: Klefki|119/318|[from] item: Leftovers","|turn|12","|","|move|p1a: Klefki|Dazzling Gleam|p2a: Victini","|-resisted|p2a: Victini","|-damage|p2a: Victini|34/341 par","|move|p2a: Victini|Brick Break|p1a: Klefki","|-damage|p1a: Klefki|0 fnt","|faint|p1a: Klefki","|","|","|switch|p1a: Scizor|Scizor, F|343/343","|turn|13","|","|detailschange|p1a: Scizor|Scizor-Mega, F","|-mega|p1a: Scizor|Scizor|Scizorite","|move|p1a: Scizor|Bullet Punch|p2a: Victini","|-resisted|p2a: Victini","|-damage|p2a: Victini|0 fnt","|faint|p2a: Victini","|","|","|switch|p2a: Mew|Mew|341/341","|-damage|p2a: Mew|256/341|[from] Spikes","|turn|14","|","|move|p2a: Mew|Will-O-Wisp|p1a: Scizor","|-status|p1a: Scizor|brn","|move|p1a: Scizor|Bug Bite|p2a: Mew","|-supereffective|p2a: Mew","|-damage|p2a: Mew|96/341","|","|-heal|p2a: Mew|117/341|[from] item: Leftovers","|-damage|p1a: Scizor|301/343 brn|[from] brn","|turn|15","|","|move|p2a: Mew|Soft-Boiled|p2a: Mew","|-heal|p2a: Mew|288/341","|move|p1a: Scizor|Bug Bite|p2a: Mew","|-supereffective|p2a: Mew","|-damage|p2a: Mew|134/341","|","|-heal|p2a: Mew|155/341|[from] item: Leftovers","|-damage|p1a: Scizor|259/343 brn|[from] brn","|turn|16","|","|switch|p1a: Lucario|Lucario, F, shiny|281/281","|move|p2a: Mew|Soft-Boiled|p2a: Mew","|-heal|p2a: Mew|326/341","|","|-heal|p2a: Mew|341/341|[from] item: Leftovers","|turn|17","|","|move|p1a: Lucario|Nasty Plot|p1a: Lucario","|-boost|p1a: Lucario|spa|2","|move|p2a: Mew|Will-O-Wisp|p1a: Lucario","|-status|p1a: Lucario|brn","|","|-damage|p1a: Lucario|246/281 brn|[from] brn","|turn|18","|","|move|p1a: Lucario|Dark Pulse|p2a: Mew","|-supereffective|p2a: Mew","|-damage|p2a: Mew|0 fnt","|-damage|p1a: Lucario|218/281 brn|[from] item: Life Orb","|faint|p2a: Mew","|","|-damage|p1a: Lucario|183/281 brn|[from] brn","|","|switch|p2a: Slowbro|Slowbro, M|201/394","|-damage|p2a: Slowbro|103/394|[from] Spikes","|turn|19","|","|move|p1a: Lucario|Dark Pulse|p2a: Slowbro","|-supereffective|p2a: Slowbro","|-damage|p2a: Slowbro|0 fnt","|-damage|p1a: Lucario|155/281 brn|[from] item: Life Orb","|faint|p2a: Slowbro","|","|-damage|p1a: Lucario|120/281 brn|[from] brn","|","|switch|p2a: Gardevoir|Gardevoir, F|277/277","|-damage|p2a: Gardevoir|208/277|[from] Spikes","|turn|20","|","|detailschange|p2a: Gardevoir|Gardevoir-Mega, F","|-mega|p2a: Gardevoir|Gardevoir|Gardevoirite","|move|p1a: Lucario|Flash Cannon|p2a: Gardevoir","|-supereffective|p2a: Gardevoir","|-damage|p2a: Gardevoir|0 fnt","|-damage|p1a: Lucario|92/281 brn|[from] item: Life Orb","|faint|p2a: Gardevoir","|","|-damage|p1a: Lucario|57/281 brn|[from] brn","|","|switch|p2a: Celebi|Celebi|404/404","|-damage|p2a: Celebi|303/404|[from] Spikes","|turn|21","|","|move|p1a: Lucario|Dark Pulse|p2a: Celebi","|-supereffective|p2a: Celebi","|-damage|p2a: Celebi|0 fnt","|-damage|p1a: Lucario|29/281 brn|[from] item: Life Orb","|faint|p2a: Celebi","|","|-damage|p1a: Lucario|0 fnt|[from] brn","|faint|p1a: Lucario","|","|switch|p1a: Bisharp|Bisharp, M|271/271","|switch|p2a: Hoopa-Unbound|Hoopa-Unbound|364/364","|-damage|p2a: Hoopa-Unbound|273/364|[from] Spikes","|turn|22","|","|move|p1a: Bisharp|Sucker Punch|p2a: Hoopa-Unbound","|-damage|p2a: Hoopa-Unbound|14/364","|-damage|p1a: Bisharp|244/271|[from] item: Life Orb","|move|p2a: Hoopa-Unbound|Drain Punch|p1a: Bisharp","|-supereffective|p1a: Bisharp","|-damage|p1a: Bisharp|0 fnt","|-heal|p2a: Hoopa-Unbound|136/364|[from] drain|[of] p1a: Bisharp","|faint|p1a: Bisharp","|","|","|switch|p1a: Scizor|Scizor-Mega, F|259/343 brn","|turn|23","|","|move|p1a: Scizor|Bug Bite|p2a: Hoopa-Unbound","|-supereffective|p2a: Hoopa-Unbound","|-damage|p2a: Hoopa-Unbound|0 fnt","|faint|p2a: Hoopa-Unbound","|","|win|I ONLY USE CARNIE"],"p1rating":{"entryid":"7563861","serverid":"eos","formatid":"monotype","userid":"ionlyusecarnie","username":"I ONLY USE CARNIE","w":2,"l":"3","t":"0","gxe":46.3,"r":"1500","rd":"130","sigma":"0","rptime":"1439283600","rpr":1470.6761024507,"rprd":101.35520222582,"rpsigma":"0","acre":1085.1533006365,"lacre":1085.1533006365,"oldacre":"1044.7248060406"},"p2rating":{"entryid":"6733042","serverid":"eos","formatid":"monotype","userid":"etrayu","username":"Etrayu","w":"62","l":59,"t":"1","gxe":51.8,"r":"1518.1954294789","rd":"38.856874974974","sigma":"0","rptime":"1439283600","rpr":1513.5317819337,"rprd":37.251792577609,"rpsigma":"0","acre":1090.0244904209,"lacre":1090.0244904209,"oldacre":"1120.3841639572"},"endType":"normal"}