{"seed":[46753,58691,42574,58746],"turns":53,"p1":"Alliance-SeaHutch","p2":"Crystal Blade64","p1team":[{"name":"Jenna Marbles","species":"garchomp","item":"rockyhelmet","ability":"Rough Skin","moves":["dragontail","earthquake","stealthrock","rest"],"nature":"Lax","evs":{"hp":252,"atk":0,"def":236,"spa":0,"spd":0,"spe":20},"ivs":{"hp":31,"atk":31,"def":31,"spa":31,"spd":31,"spe":31}},{"name":"Gooey ( ͡° ͜ʖ ͡°)","species":"goodra","item":"assaultvest","ability":"Gooey","moves":["dragonpulse","fireblast","earthquake","sludgebomb"],"nature":"Quiet","evs":{"hp":248,"atk":8,"def":0,"spa":252,"spd":0,"spe":0},"ivs":{"hp":31,"atk":31,"def":31,"spa":31,"spd":31,"spe":31}},{"name":"The Mailman","species":"dragonite","item":"choiceband","ability":"Multiscale","moves":["firepunch","outrage","extremespeed","earthquake"],"nature":"Adamant","evs":{"hp":0,"atk":252,"def":0,"spa":0,"spd":4,"spe":252},"ivs":{"hp":31,"atk":31,"def":31,"spa":31,"spd":31,"spe":31}},{"name":"Jet Blue","species":"latios","item":"lifeorb","ability":"Levitate","moves":["dragonpulse","psyshock","defog","surf"],"nature":"Timid","evs":{"hp":0,"atk":0,"def":0,"spa":252,"spd":4,"spe":252},"ivs":{"hp":31,"atk":0,"def":31,"spa":31,"spd":31,"spe":31}},{"name":"Plz Don't Ban Me","species":"altaria","item":"altarianite","ability":"Natural Cure","moves":["healbell","hypervoice","roost","fireblast"],"nature":"Calm","evs":{"hp":248,"atk":0,"def":0,"spa":8,"spd":252,"spe":0},"ivs":{"hp":31,"atk":0,"def":31,"spa":31,"spd":31,"spe":31},"happiness":0},{"name":"Kaneki Ken","species":"kyuremblack","item":"choicescarf","ability":"Teravolt","moves":["outrage","fusionbolt","icebeam","ironhead"],"nature":"Hasty","evs":{"hp":0,"atk":252,"def":0,"spa":4,"spd":0,"spe":252},"ivs":{"hp":31,"atk":31,"def":31,"spa":31,"spd":31,"spe":31}}],"p2team":[{"name":"Aggron-vating","species":"aggron","item":"aggronite","ability":"Sturdy","moves":["heavyslam","rest","sleeptalk","curse"],"nature":"Impish","evs":{"hp":248,"atk":8,"def":252,"spa":0,"spd":0,"spe":0},"ivs":{"hp":31,"atk":31,"def":31,"spa":31,"spd":31,"spe":31}},{"name":"Helix","species":"omastar","item":"focussash","ability":"Weak Armor","moves":["shellsmash","icebeam","surf","earthpower"],"nature":"Modest","evs":{"hp":0,"atk":0,"def":0,"spa":252,"spd":4,"spe":252},"ivs":{"hp":31,"atk":31,"def":31,"spa":31,"spd":31,"spe":31}},{"name":"TemperTyrantrum","species":"tyrantrum","item":"lumberry","ability":"Rock Head","moves":["dragondance","earthquake","headsmash","firefang"],"nature":"Adamant","evs":{"hp":0,"atk":252,"def":0,"spa":0,"spd":4,"spe":252},"ivs":{"hp":31,"atk":31,"def":31,"spa":31,"spd":31,"spe":31}},{"name":"My Mega","species":"aerodactyl","item":"leftovers","ability":"Pressure","moves":["defog","stoneedge","earthquake","taunt"],"nature":"Jolly","evs":{"hp":0,"atk":252,"def":0,"spa":0,"spd":4,"spe":252},"ivs":{"hp":31,"atk":31,"def":31,"spa":31,"spd":31,"spe":31}},{"name":"Aw Shucks","species":"shuckle","item":"leftovers","ability":"Sturdy","moves":["stealthrock","stickyweb","encore","toxic"],"nature":"Calm","evs":{"hp":252,"atk":0,"def":4,"spa":0,"spd":252,"spe":0},"ivs":{"hp":31,"atk":31,"def":31,"spa":31,"spd":31,"spe":31}},{"name":"Lol","species":"cradily","item":"leftovers","ability":"Storm Drain","moves":["gigadrain","stockpile","infestation","recover"],"nature":"Calm","evs":{"hp":252,"atk":0,"def":0,"spa":4,"spd":252,"spe":0},"ivs":{"hp":31,"atk":31,"def":31,"spa":31,"spd":31,"spe":31}}],"log":["|player|p1|Alliance-SeaHutch|101","|player|p2|Crystal Blade64|165","|gametype|singles","|gen|6","|tier|Monotype","|rated","|rule|Baton Pass Clause: Limit one Baton Passer, can't pass Spe and other stats simultaneously","|rule|Swagger Clause: Swagger is banned","|rule|Same Type Clause: Pokémon in a team must share a type","|clearpoke","|poke|p1|Garchomp, F","|poke|p1|Goodra, M","|poke|p1|Dragonite, M","|poke|p1|Latios, M","|poke|p1|Altaria, M","|poke|p1|Kyurem-Black","|poke|p2|Aggron, F","|poke|p2|Omastar, M","|poke|p2|Tyrantrum, M","|poke|p2|Aerodactyl, F","|poke|p2|Shuckle, F","|poke|p2|Cradily, F","|rule|Sleep Clause Mod: Limit one foe put to sleep","|rule|Species Clause: Limit one of each Pokémon","|rule|OHKO Clause: OHKO moves are banned","|rule|Moody Clause: Moody is banned","|rule|Evasion Moves Clause: Evasion moves are banned","|rule|Endless Battle Clause: Forcing endless battles is banned","|rule|HP Percentage Mod: HP is shown in percentages","|teampreview","|","|start","|switch|p1a: Jenna Marbles|Garchomp, F|420/420","|switch|p2a: My Mega|Aerodactyl, F|301/301","|-ability|p2a: My Mega|Pressure","|turn|1","|","|move|p2a: My Mega|Taunt|p1a: Jenna Marbles","|-start|p1a: Jenna Marbles|move: Taunt","|cant|p1a: Jenna Marbles|move: Taunt|Stealth Rock","|","|turn|2","|","|switch|p2a: Aw Shucks|Shuckle, F|244/244","|move|p1a: Jenna Marbles|Dragon Tail|p2a: Aw Shucks","|-damage|p2a: Aw Shucks|199/244","|drag|p2a: TemperTyrantrum|Tyrantrum, M|305/305","|","|turn|3","|","|move|p1a: Jenna Marbles|Earthquake|p2a: TemperTyrantrum","|-supereffective|p2a: TemperTyrantrum","|-damage|p2a: TemperTyrantrum|35/305","|move|p2a: TemperTyrantrum|Dragon Dance|p2a: TemperTyrantrum","|-boost|p2a: TemperTyrantrum|atk|1","|-boost|p2a: TemperTyrantrum|spe|1","|","|-end|p1a: Jenna Marbles|move: Taunt","|turn|4","|","|move|p2a: TemperTyrantrum|Head Smash|p1a: Jenna Marbles","|-resisted|p1a: Jenna Marbles","|-damage|p1a: Jenna Marbles|261/420","|-damage|p2a: TemperTyrantrum|0 fnt|[from] ability: Rough Skin|[of] p1a: Jenna Marbles","|faint|p2a: TemperTyrantrum","|move|p1a: Jenna Marbles|Stealth Rock|p2: TemperTyrantrum","|-sidestart|p2: Crystal Blade64|move: Stealth Rock","|","|","|switch|p2a: Lol|Cradily, F|376/376","|-damage|p2a: Lol|329/376|[from] Stealth Rock","|turn|5","|","|move|p2a: Lol|Infestation|p1a: Jenna Marbles","|-damage|p1a: Jenna Marbles|242/420","|-damage|p2a: Lol|282/376|[from] ability: Rough Skin|[of] p1a: Jenna Marbles","|-damage|p2a: Lol|220/376|[from] item: Rocky Helmet|[of] p1a: Jenna Marbles","|-activate|p1a: Jenna Marbles|move: Infestation|[of] p2a: Lol","|move|p1a: Jenna Marbles|Dragon Tail|p2a: Lol","|-damage|p2a: Lol|129/376","|drag|p2a: My Mega|Aerodactyl, F|301/301","|-damage|p2a: My Mega|226/301|[from] Stealth Rock","|-ability|p2a: My Mega|Pressure","|","|-heal|p2a: My Mega|244/301|[from] item: Leftovers","|turn|6","|","|move|p2a: My Mega|Defog|p1a: Jenna Marbles","|-unboost|p1a: Jenna Marbles|evasion|1","|-sideend|p2: Crystal Blade64|Stealth Rock|[from] move: Defog|[of] p2a: My Mega","|move|p1a: Jenna Marbles|Dragon Tail|p2a: My Mega","|-damage|p2a: My Mega|118/301","|drag|p2a: Helix|Omastar, M|281/281","|","|turn|7","|","|switch|p1a: Gooey ( ͡° ͜ʖ ͡°)|Goodra, M|383/383","|switch|p2a: Lol|Cradily, F|129/376","|","|-heal|p2a: Lol|152/376|[from] item: Leftovers","|turn|8","|","|move|p1a: Gooey ( ͡° ͜ʖ ͡°)|Sludge Bomb|p2a: Lol","|-damage|p2a: Lol|83/376","|-status|p2a: Lol|psn","|move|p2a: Lol|Recover|p2a: Lol","|-heal|p2a: Lol|271/376 psn","|","|-heal|p2a: Lol|294/376 psn|[from] item: Leftovers","|-damage|p2a: Lol|247/376 psn|[from] psn","|turn|9","|","|move|p1a: Gooey ( ͡° ͜ʖ ͡°)|Dragon Pulse|p2a: Lol","|-damage|p2a: Lol|136/376 psn","|move|p2a: Lol|Infestation|p1a: Gooey ( ͡° ͜ʖ ͡°)","|-damage|p1a: Gooey ( ͡° ͜ʖ ͡°)|376/383","|-unboost|p2a: Lol|spe|1","|-activate|p1a: Gooey ( ͡° ͜ʖ ͡°)|move: Infestation|[of] p2a: Lol","|","|-heal|p2a: Lol|159/376 psn|[from] item: Leftovers","|-damage|p2a: Lol|112/376 psn|[from] psn","|-damage|p1a: Gooey ( ͡° ͜ʖ ͡°)|329/383|[from] move: Infestation|[partiallytrapped]","|turn|10","|","|move|p1a: Gooey ( ͡° ͜ʖ ͡°)|Dragon Pulse|p2a: Lol","|-damage|p2a: Lol|6/376 psn","|move|p2a: Lol|Recover|p2a: Lol","|-heal|p2a: Lol|194/376 psn","|","|-heal|p2a: Lol|217/376 psn|[from] item: Leftovers","|-damage|p2a: Lol|170/376 psn|[from] psn","|-damage|p1a: Gooey ( ͡° ͜ʖ ͡°)|282/383|[from] move: Infestation|[partiallytrapped]","|turn|11","|","|move|p1a: Gooey ( ͡° ͜ʖ ͡°)|Dragon Pulse|p2a: Lol","|-damage|p2a: Lol|68/376 psn","|move|p2a: Lol|Recover|p2a: Lol","|-heal|p2a: Lol|256/376 psn","|","|-heal|p2a: Lol|279/376 psn|[from] item: Leftovers","|-damage|p2a: Lol|232/376 psn|[from] psn","|-damage|p1a: Gooey ( ͡° ͜ʖ ͡°)|235/383|[from] move: Infestation|[partiallytrapped]","|turn|12","|","|move|p1a: Gooey ( ͡° ͜ʖ ͡°)|Dragon Pulse|p2a: Lol","|-damage|p2a: Lol|127/376 psn","|move|p2a: Lol|Recover|p2a: Lol","|-heal|p2a: Lol|315/376 psn","|","|-heal|p2a: Lol|338/376 psn|[from] item: Leftovers","|-damage|p2a: Lol|291/376 psn|[from] psn","|-damage|p1a: Gooey ( ͡° ͜ʖ ͡°)|188/383|[from] move: Infestation|[partiallytrapped]","|turn|13","|","|move|p1a: Gooey ( ͡° ͜ʖ ͡°)|Dragon Pulse|p2a: Lol","|-damage|p2a: Lol|188/376 psn","|move|p2a: Lol|Stockpile|p2a: Lol","|-start|p2a: Lol|stockpile1","|-boost|p2a: Lol|def|1","|-boost|p2a: Lol|spd|1","|","|-heal|p2a: Lol|211/376 psn|[from] item: Leftovers","|-damage|p2a: Lol|164/376 psn|[from] psn","|-end|p1a: Gooey ( ͡° ͜ʖ ͡°)|Infestation|[partiallytrapped]","|turn|14","|","|switch|p1a: Jenna Marbles|Garchomp, F|242/420","|move|p2a: Lol|Recover|p2a: Lol","|-heal|p2a: Lol|352/376 psn","|","|-heal|p2a: Lol|375/376 psn|[from] item: Leftovers","|-damage|p2a: Lol|328/376 psn|[from] psn","|turn|15","|","|move|p2a: Lol|Giga Drain|p1a: Jenna Marbles","|-damage|p1a: Jenna Marbles|140/420","|-heal|p2a: Lol|376/376 psn|[from] drain|[of] p1a: Jenna Marbles","|move|p1a: Jenna Marbles|Dragon Tail|p2a: Lol|[miss]","|-miss|p1a: Jenna Marbles|p2a: Lol","|","|-damage|p2a: Lol|329/376 psn|[from] psn","|turn|16","|","|move|p1a: Jenna Marbles|Rest|p1a: Jenna Marbles","|-status|p1a: Jenna Marbles|slp","|-heal|p1a: Jenna Marbles|420/420 slp|[silent]","|-status|p1a: Jenna Marbles|slp|[from] move: Rest","|move|p2a: Lol|Giga Drain|p1a: Jenna Marbles","|-damage|p1a: Jenna Marbles|327/420 slp","|-heal|p2a: Lol|376/376 psn|[from] drain|[of] p1a: Jenna Marbles","|","|-damage|p2a: Lol|329/376 psn|[from] psn","|turn|17","|","|switch|p1a: Plz Don't Ban Me|Altaria, M|353/353","|move|p2a: Lol|Infestation|p1a: Plz Don't Ban Me","|-resisted|p1a: Plz Don't Ban Me","|-damage|p1a: Plz Don't Ban Me|349/353","|-activate|p1a: Plz Don't Ban Me|move: Infestation|[of] p2a: Lol","|","|-heal|p2a: Lol|352/376 psn|[from] item: Leftovers","|-damage|p2a: Lol|305/376 psn|[from] psn","|-damage|p1a: Plz Don't Ban Me|305/353|[from] move: Infestation|[partiallytrapped]","|turn|18","|","|detailschange|p1a: Plz Don't Ban Me|Altaria-Mega, M","|-mega|p1a: Plz Don't Ban Me|Altaria|Altarianite","|move|p1a: Plz Don't Ban Me|Hyper Voice|p2a: Lol","|-damage|p2a: Lol|239/376 psn","|move|p2a: Lol|Stockpile|p2a: Lol","|-start|p2a: Lol|stockpile2","|-boost|p2a: Lol|def|1","|-boost|p2a: Lol|spd|1","|","|-heal|p2a: Lol|262/376 psn|[from] item: Leftovers","|-damage|p2a: Lol|215/376 psn|[from] psn","|-damage|p1a: Plz Don't Ban Me|261/353|[from] move: Infestation|[partiallytrapped]","|turn|19","|","|move|p1a: Plz Don't Ban Me|Heal Bell|p1a: Plz Don't Ban Me","|-cureteam|p1a: Plz Don't Ban Me|[from] move: HealBell","|move|p2a: Lol|Recover|p2a: Lol","|-heal|p2a: Lol|376/376 psn","|","|-damage|p2a: Lol|329/376 psn|[from] psn","|-damage|p1a: Plz Don't Ban Me|217/353|[from] move: Infestation|[partiallytrapped]","|turn|20","|","|move|p1a: Plz Don't Ban Me|Hyper Voice|p2a: Lol","|-damage|p2a: Lol|280/376 psn","|move|p2a: Lol|Stockpile|p2a: Lol","|-start|p2a: Lol|stockpile3","|-boost|p2a: Lol|def|1","|-boost|p2a: Lol|spd|1","|","|-heal|p2a: Lol|303/376 psn|[from] item: Leftovers","|-damage|p2a: Lol|256/376 psn|[from] psn","|-damage|p1a: Plz Don't Ban Me|173/353|[from] move: Infestation|[partiallytrapped]","|turn|21","|","|move|p1a: Plz Don't Ban Me|Roost|p1a: Plz Don't Ban Me","|-heal|p1a: Plz Don't Ban Me|350/353","|move|p2a: Lol|Giga Drain|p1a: Plz Don't Ban Me","|-resisted|p1a: Plz Don't Ban Me","|-damage|p1a: Plz Don't Ban Me|325/353","|-heal|p2a: Lol|269/376 psn|[from] drain|[of] p1a: Plz Don't Ban Me","|","|-heal|p2a: Lol|292/376 psn|[from] item: Leftovers","|-damage|p2a: Lol|245/376 psn|[from] psn","|-damage|p1a: Plz Don't Ban Me|281/353|[from] move: Infestation|[partiallytrapped]","|turn|22","|","|move|p1a: Plz Don't Ban Me|Hyper Voice|p2a: Lol","|-damage|p2a: Lol|206/376 psn","|move|p2a: Lol|Giga Drain|p1a: Plz Don't Ban Me","|-resisted|p1a: Plz Don't Ban Me","|-damage|p1a: Plz Don't Ban Me|254/353","|-heal|p2a: Lol|220/376 psn|[from] drain|[of] p1a: Plz Don't Ban Me","|","|-heal|p2a: Lol|243/376 psn|[from] item: Leftovers","|-damage|p2a: Lol|196/376 psn|[from] psn","|-end|p1a: Plz Don't Ban Me|Infestation|[partiallytrapped]","|turn|23","|","|switch|p1a: Jenna Marbles|Garchomp, F|327/420","|move|p2a: Lol|Infestation|p1a: Jenna Marbles","|-damage|p1a: Jenna Marbles|309/420","|-damage|p2a: Lol|149/376 psn|[from] ability: Rough Skin|[of] p1a: Jenna Marbles","|-damage|p2a: Lol|87/376 psn|[from] item: Rocky Helmet|[of] p1a: Jenna Marbles","|-activate|p1a: Jenna Marbles|move: Infestation|[of] p2a: Lol","|","|-heal|p2a: Lol|110/376 psn|[from] item: Leftovers","|-damage|p2a: Lol|63/376 psn|[from] psn","|-damage|p1a: Jenna Marbles|257/420|[from] move: Infestation|[partiallytrapped]","|turn|24","|","|move|p1a: Jenna Marbles|Stealth Rock|p2a: Lol","|-sidestart|p2: Crystal Blade64|move: Stealth Rock","|move|p2a: Lol|Giga Drain|p1a: Jenna Marbles","|-damage|p1a: Jenna Marbles|154/420","|-heal|p2a: Lol|115/376 psn|[from] drain|[of] p1a: Jenna Marbles","|","|-heal|p2a: Lol|138/376 psn|[from] item: Leftovers","|-damage|p2a: Lol|91/376 psn|[from] psn","|-damage|p1a: Jenna Marbles|102/420|[from] move: Infestation|[partiallytrapped]","|turn|25","|","|move|p1a: Jenna Marbles|Rest|p1a: Jenna Marbles","|-status|p1a: Jenna Marbles|slp","|-heal|p1a: Jenna Marbles|420/420 slp|[silent]","|-status|p1a: Jenna Marbles|slp|[from] move: Rest","|move|p2a: Lol|Giga Drain|p1a: Jenna Marbles","|-damage|p1a: Jenna Marbles|320/420 slp","|-heal|p2a: Lol|141/376 psn|[from] drain|[of] p1a: Jenna Marbles","|","|-heal|p2a: Lol|164/376 psn|[from] item: Leftovers","|-damage|p2a: Lol|117/376 psn|[from] psn","|-damage|p1a: Jenna Marbles|268/420 slp|[from] move: Infestation|[partiallytrapped]","|turn|26","|","|cant|p1a: Jenna Marbles|slp","|move|p2a: Lol|Giga Drain|p1a: Jenna Marbles","|-damage|p1a: Jenna Marbles|168/420 slp","|-heal|p2a: Lol|167/376 psn|[from] drain|[of] p1a: Jenna Marbles","|","|-heal|p2a: Lol|190/376 psn|[from] item: Leftovers","|-damage|p2a: Lol|143/376 psn|[from] psn","|-damage|p1a: Jenna Marbles|116/420 slp|[from] move: Infestation|[partiallytrapped]","|turn|27","|","|cant|p1a: Jenna Marbles|slp","|move|p2a: Lol|Giga Drain|p1a: Jenna Marbles","|-damage|p1a: Jenna Marbles|13/420 slp","|-heal|p2a: Lol|195/376 psn|[from] drain|[of] p1a: Jenna Marbles","|","|-heal|p2a: Lol|218/376 psn|[from] item: Leftovers","|-damage|p2a: Lol|171/376 psn|[from] psn","|-damage|p1a: Jenna Marbles|0 fnt|[from] move: Infestation|[partiallytrapped]","|faint|p1a: Jenna Marbles","|","|switch|p1a: Plz Don't Ban Me|Altaria-Mega, M|254/353","|turn|28","|","|move|p1a: Plz Don't Ban Me|Hyper Voice|p2a: Lol","|-damage|p2a: Lol|126/376 psn","|move|p2a: Lol|Recover|p2a: Lol","|-heal|p2a: Lol|314/376 psn","|","|-heal|p2a: Lol|337/376 psn|[from] item: Leftovers","|-damage|p2a: Lol|290/376 psn|[from] psn","|turn|29","|","|move|p1a: Plz Don't Ban Me|Hyper Voice|p2a: Lol","|-damage|p2a: Lol|250/376 psn","|move|p2a: Lol|Infestation|p1a: Plz Don't Ban Me","|-resisted|p1a: Plz Don't Ban Me","|-damage|p1a: Plz Don't Ban Me|249/353","|-activate|p1a: Plz Don't Ban Me|move: Infestation|[of] p2a: Lol","|","|-heal|p2a: Lol|273/376 psn|[from] item: Leftovers","|-damage|p2a: Lol|226/376 psn|[from] psn","|-damage|p1a: Plz Don't Ban Me|205/353|[from] move: Infestation|[partiallytrapped]","|turn|30","|","|move|p1a: Plz Don't Ban Me|Hyper Voice|p2a: Lol","|-damage|p2a: Lol|186/376 psn","|move|p2a: Lol|Recover|p2a: Lol","|-heal|p2a: Lol|374/376 psn","|","|-heal|p2a: Lol|376/376 psn|[from] item: Leftovers","|-damage|p2a: Lol|329/376 psn|[from] psn","|-damage|p1a: Plz Don't Ban Me|161/353|[from] move: Infestation|[partiallytrapped]","|turn|31","|","|move|p1a: Plz Don't Ban Me|Roost|p1a: Plz Don't Ban Me","|-heal|p1a: Plz Don't Ban Me|338/353","|move|p2a: Lol|Giga Drain|p1a: Plz Don't Ban Me","|-resisted|p1a: Plz Don't Ban Me","|-damage|p1a: Plz Don't Ban Me|313/353","|-heal|p2a: Lol|342/376 psn|[from] drain|[of] p1a: Plz Don't Ban Me","|","|-heal|p2a: Lol|365/376 psn|[from] item: Leftovers","|-damage|p2a: Lol|318/376 psn|[from] psn","|-damage|p1a: Plz Don't Ban Me|269/353|[from] move: Infestation|[partiallytrapped]","|turn|32","|","|move|p1a: Plz Don't Ban Me|Hyper Voice|p2a: Lol","|-damage|p2a: Lol|275/376 psn","|move|p2a: Lol|Giga Drain|p1a: Plz Don't Ban Me","|-resisted|p1a: Plz Don't Ban Me","|-damage|p1a: Plz Don't Ban Me|242/353","|-heal|p2a: Lol|289/376 psn|[from] drain|[of] p1a: Plz Don't Ban Me","|","|-heal|p2a: Lol|312/376 psn|[from] item: Leftovers","|-damage|p2a: Lol|265/376 psn|[from] psn","|-damage|p1a: Plz Don't Ban Me|198/353|[from] move: Infestation|[partiallytrapped]","|turn|33","|","|move|p1a: Plz Don't Ban Me|Hyper Voice|p2a: Lol","|-damage|p2a: Lol|220/376 psn","|move|p2a: Lol|Recover|p2a: Lol","|-heal|p2a: Lol|376/376 psn","|","|-damage|p2a: Lol|329/376 psn|[from] psn","|-end|p1a: Plz Don't Ban Me|Infestation|[partiallytrapped]","|turn|34","|","|move|p1a: Plz Don't Ban Me|Hyper Voice|p2a: Lol","|-damage|p2a: Lol|289/376 psn","|move|p2a: Lol|Infestation|p1a: Plz Don't Ban Me","|-resisted|p1a: Plz Don't Ban Me","|-damage|p1a: Plz Don't Ban Me|193/353","|-activate|p1a: Plz Don't Ban Me|move: Infestation|[of] p2a: Lol","|","|-heal|p2a: Lol|312/376 psn|[from] item: Leftovers","|-damage|p2a: Lol|265/376 psn|[from] psn","|-damage|p1a: Plz Don't Ban Me|149/353|[from] move: Infestation|[partiallytrapped]","|turn|35","|","|move|p1a: Plz Don't Ban Me|Roost|p1a: Plz Don't Ban Me","|-heal|p1a: Plz Don't Ban Me|326/353","|move|p2a: Lol|Giga Drain|p1a: Plz Don't Ban Me","|-resisted|p1a: Plz Don't Ban Me","|-damage|p1a: Plz Don't Ban Me|299/353","|-heal|p2a: Lol|279/376 psn|[from] drain|[of] p1a: Plz Don't Ban Me","|","|-heal|p2a: Lol|302/376 psn|[from] item: Leftovers","|-damage|p2a: Lol|255/376 psn|[from] psn","|-damage|p1a: Plz Don't Ban Me|255/353|[from] move: Infestation|[partiallytrapped]","|turn|36","|","|move|p1a: Plz Don't Ban Me|Hyper Voice|p2a: Lol","|-damage|p2a: Lol|215/376 psn","|move|p2a: Lol|Recover|p2a: Lol","|-heal|p2a: Lol|376/376 psn","|","|-damage|p2a: Lol|329/376 psn|[from] psn","|-damage|p1a: Plz Don't Ban Me|211/353|[from] move: Infestation|[partiallytrapped]","|turn|37","|","|move|p1a: Plz Don't Ban Me|Hyper Voice|p2a: Lol","|-damage|p2a: Lol|289/376 psn","|move|p2a: Lol|Giga Drain|p1a: Plz Don't Ban Me","|-resisted|p1a: Plz Don't Ban Me","|-damage|p1a: Plz Don't Ban Me|185/353","|-heal|p2a: Lol|302/376 psn|[from] drain|[of] p1a: Plz Don't Ban Me","|","|-heal|p2a: Lol|325/376 psn|[from] item: Leftovers","|-damage|p2a: Lol|278/376 psn|[from] psn","|-damage|p1a: Plz Don't Ban Me|141/353|[from] move: Infestation|[partiallytrapped]","|turn|38","|","|switch|p2a: My Mega|Aerodactyl, F|118/301","|-damage|p2a: My Mega|43/301|[from] Stealth Rock","|-ability|p2a: My Mega|Pressure","|move|p1a: Plz Don't Ban Me|Roost|p1a: Plz Don't Ban Me","|-heal|p1a: Plz Don't Ban Me|318/353","|","|-heal|p2a: My Mega|61/301|[from] item: Leftovers","|turn|39","|","|switch|p1a: Gooey ( ͡° ͜ʖ ͡°)|Goodra, M|188/383","|move|p2a: My Mega|Defog|p1a: Gooey ( ͡° ͜ʖ ͡°)","|-unboost|p1a: Gooey ( ͡° ͜ʖ ͡°)|evasion|1","|-sideend|p2: Crystal Blade64|Stealth Rock|[from] move: Defog|[of] p2a: My Mega","|","|-heal|p2a: My Mega|79/301|[from] item: Leftovers","|turn|40","|","|move|p2a: My Mega|Stone Edge|p1a: Gooey ( ͡° ͜ʖ ͡°)","|-damage|p1a: Gooey ( ͡° ͜ʖ ͡°)|0 fnt","|faint|p1a: Gooey ( ͡° ͜ʖ ͡°)","|","|-heal|p2a: My Mega|97/301|[from] item: Leftovers","|","|switch|p1a: Kaneki Ken|Kyurem-Black|391/391","|-ability|p1a: Kaneki Ken|Teravolt","|turn|41","|","|move|p1a: Kaneki Ken|Iron Head|p2a: My Mega","|-supereffective|p2a: My Mega","|-damage|p2a: My Mega|0 fnt","|faint|p2a: My Mega","|","|","|switch|p2a: Aggron-vating|Aggron, F|343/343","|turn|42","|","|switch|p1a: Jet Blue|Latios, M|301/301","|detailschange|p2a: Aggron-vating|Aggron-Mega, F","|-mega|p2a: Aggron-vating|Aggron|Aggronite","|move|p2a: Aggron-vating|Curse|p2a: Aggron-vating","|-unboost|p2a: Aggron-vating|spe|1","|-boost|p2a: Aggron-vating|atk|1","|-boost|p2a: Aggron-vating|def|1","|","|turn|43","|","|move|p1a: Jet Blue|Surf|p2a: Aggron-vating","|-damage|p2a: Aggron-vating|169/343","|-damage|p1a: Jet Blue|271/301|[from] item: Life Orb","|move|p2a: Aggron-vating|Heavy Slam|p1a: Jet Blue","|-damage|p1a: Jet Blue|0 fnt","|faint|p1a: Jet Blue","|","|","|switch|p1a: Plz Don't Ban Me|Altaria-Mega, M|318/353","|turn|44","|","|move|p1a: Plz Don't Ban Me|Fire Blast|p2a: Aggron-vating","|-supereffective|p2a: Aggron-vating","|-damage|p2a: Aggron-vating|3/343","|move|p2a: Aggron-vating|Heavy Slam|p1a: Plz Don't Ban Me","|-crit|p1a: Plz Don't Ban Me","|-supereffective|p1a: Plz Don't Ban Me","|-damage|p1a: Plz Don't Ban Me|0 fnt","|faint|p1a: Plz Don't Ban Me","|","|","|switch|p1a: The Mailman|Dragonite, M|323/323","|turn|45","|","|move|p1a: The Mailman|Outrage|p2a: Aggron-vating","|-resisted|p2a: Aggron-vating","|-damage|p2a: Aggron-vating|0 fnt","|faint|p2a: Aggron-vating","|","|","|switch|p2a: Aw Shucks|Shuckle, F|199/244","|turn|46","|","|move|p1a: The Mailman|Outrage|p2a: Aw Shucks|[from]lockedmove","|-damage|p2a: Aw Shucks|13/244","|-start|p1a: The Mailman|confusion|[fatigue]","|move|p2a: Aw Shucks|Toxic|p1a: The Mailman","|-status|p1a: The Mailman|tox","|","|-heal|p2a: Aw Shucks|28/244|[from] item: Leftovers","|-damage|p1a: The Mailman|303/323 tox|[from] psn","|turn|47","|","|switch|p1a: Kaneki Ken|Kyurem-Black|391/391","|-ability|p1a: Kaneki Ken|Teravolt","|move|p2a: Aw Shucks|Stealth Rock|p1a: Kaneki Ken","|-sidestart|p1: Alliance-SeaHutch|move: Stealth Rock","|","|-heal|p2a: Aw Shucks|43/244|[from] item: Leftovers","|turn|48","|","|move|p1a: Kaneki Ken|Ice Beam|p2a: Aw Shucks","|-damage|p2a: Aw Shucks|0 fnt","|faint|p2a: Aw Shucks","|","|","|switch|p2a: Lol|Cradily, F|278/376 psn","|turn|49","|","|move|p1a: Kaneki Ken|Ice Beam|p2a: Lol","|-supereffective|p2a: Lol","|-damage|p2a: Lol|110/376 psn","|move|p2a: Lol|Stockpile|p2a: Lol","|-start|p2a: Lol|stockpile1","|-boost|p2a: Lol|def|1","|-boost|p2a: Lol|spd|1","|","|-heal|p2a: Lol|133/376 psn|[from] item: Leftovers","|-damage|p2a: Lol|86/376 psn|[from] psn","|turn|50","|","|move|p1a: Kaneki Ken|Ice Beam|p2a: Lol","|-supereffective|p2a: Lol","|-damage|p2a: Lol|0 fnt","|faint|p2a: Lol","|","|","|switch|p2a: Helix|Omastar, M|281/281","|turn|51","|","|switch|p1a: The Mailman|Dragonite, M|303/323 tox","|-damage|p1a: The Mailman|223/323 tox|[from] Stealth Rock","|move|p2a: Helix|Shell Smash|p2a: Helix","|-unboost|p2a: Helix|def|1","|-unboost|p2a: Helix|spd|1","|-boost|p2a: Helix|atk|2","|-boost|p2a: Helix|spa|2","|-boost|p2a: Helix|spe|2","|","|-damage|p1a: The Mailman|203/323 tox|[from] psn","|turn|52","|","|move|p1a: The Mailman|Extreme Speed|p2a: Helix","|-resisted|p2a: Helix","|-damage|p2a: Helix|178/281","|-unboost|p2a: Helix|def|1|[from] ability: Weak Armor","|-boost|p2a: Helix|spe|1|[from] ability: Weak Armor","|move|p2a: Helix|Ice Beam|p1a: The Mailman","|-supereffective|p1a: The Mailman","|-damage|p1a: The Mailman|0 fnt","|faint|p1a: The Mailman","|","|","|switch|p1a: Kaneki Ken|Kyurem-Black|391/391","|-damage|p1a: Kaneki Ken|294/391|[from] Stealth Rock","|-ability|p1a: Kaneki Ken|Teravolt","|turn|53","|","|move|p2a: Helix|Ice Beam|p1a: Kaneki Ken","|-damage|p1a: Kaneki Ken|46/391","|move|p1a: Kaneki Ken|Fusion Bolt|p2a: Helix","|-supereffective|p2a: Helix","|-damage|p2a: Helix|0 fnt","|faint|p2a: Helix","|","|win|Alliance-SeaHutch"],"p1rating":{"entryid":"6933655","serverid":"eos","formatid":"monotype","userid":"allianceseahutch","username":"Alliance-SeaHutch","w":37,"l":"5","t":"0","gxe":81.1,"r":"1768.7296535041","rd":"61.287272923159","sigma":"0","rptime":"1439283600","rpr":1777.5097281318,"rprd":60.073961489461,"rpsigma":"0","acre":1439.7410414217,"lacre":1439.7410414217,"oldacre":"1426.7504492459"},"p2rating":{"entryid":"6391332","serverid":"eos","formatid":"monotype","userid":"crystalblade64","username":"Crystal Blade64","w":"29","l":22,"t":"0","gxe":57.3,"r":"1536.2731548091","rd":"51.474105647063","sigma":"0","rptime":"1439283600","rpr":1555.9568872703,"rprd":49.673701684812,"rpsigma":"0","acre":1283.3577635681,"lacre":1283.3577635681,"oldacre":"1299.5960037879"},"endType":"normal"}