{"seed":[45578,17009,46453,18139],"turns":14,"p1":"LexiLynn","p2":"SL Odin","p1team":[{"name":"Stoutland","moves":["return","superpower","wildcharge","crunch"],"ability":"Scrappy","evs":{"hp":85,"atk":85,"def":85,"spa":85,"spd":85,"spe":85},"ivs":{"hp":31,"atk":31,"def":31,"spa":31,"spd":31,"spe":31},"item":"Choice Band","level":83,"shiny":false},{"name":"Tangrowth","moves":["synthesis","earthquake","leechseed","leafstorm"],"ability":"Regenerator","evs":{"hp":85,"atk":85,"def":85,"spa":85,"spd":85,"spe":85},"ivs":{"hp":31,"atk":31,"def":31,"spa":31,"spd":31,"spe":31},"item":"Leftovers","level":79,"shiny":false},{"name":"Beartic","moves":["stoneedge","swordsdance","aquajet","iciclecrash"],"ability":"Snow Cloak","evs":{"hp":85,"atk":85,"def":85,"spa":85,"spd":85,"spe":85},"ivs":{"hp":31,"atk":31,"def":31,"spa":31,"spd":31,"spe":31},"item":"Life Orb","level":83,"shiny":false},{"name":"Talonflame","moves":["swordsdance","roost","flareblitz","bravebird"],"ability":"Gale Wings","evs":{"hp":85,"atk":85,"def":85,"spa":85,"spd":85,"spe":85},"ivs":{"hp":31,"atk":31,"def":31,"spa":31,"spd":31,"spe":31},"item":"Leftovers","level":75,"shiny":false},{"name":"Abomasnow","moves":["blizzard","hiddenpowerfire","iceshard","woodhammer"],"ability":"Snow Warning","evs":{"hp":81,"atk":85,"def":85,"spa":89,"spd":85,"spe":85},"ivs":{"hp":31,"atk":30,"def":31,"spa":30,"spd":31,"spe":30},"item":"Abomasite","level":90,"shiny":false},{"name":"Thundurus-Therian","moves":["hiddenpowerflying","voltswitch","thunderbolt","focusblast"],"ability":"Volt Absorb","evs":{"hp":81,"atk":85,"def":85,"spa":89,"spd":85,"spe":85},"ivs":{"hp":30,"atk":30,"def":30,"spa":30,"spd":30,"spe":31},"item":"Choice Specs","level":76,"shiny":false}],"p2team":[{"name":"Kyogre","moves":["calmmind","icebeam","scald","thunder"],"ability":"Drizzle","evs":{"hp":85,"atk":85,"def":85,"spa":85,"spd":85,"spe":85},"ivs":{"hp":31,"atk":31,"def":31,"spa":31,"spd":31,"spe":31},"item":"Blue Orb","level":73,"shiny":false},{"name":"Meganium","moves":["toxic","aromatherapy","leechseed","gigadrain"],"ability":"Overgrow","evs":{"hp":85,"atk":85,"def":85,"spa":85,"spd":85,"spe":85},"ivs":{"hp":31,"atk":31,"def":31,"spa":31,"spd":31,"spe":31},"item":"Leftovers","level":83,"shiny":false},{"name":"Simipour","moves":["substitute","focusblast","icebeam","hydropump"],"ability":"Torrent","evs":{"hp":85,"atk":85,"def":85,"spa":85,"spd":85,"spe":85},"ivs":{"hp":31,"atk":31,"def":31,"spa":31,"spd":31,"spe":31},"item":"Leftovers","level":83,"shiny":false},{"name":"Mewtwo","moves":["bulkup","zenheadbutt","drainpunch","stoneedge"],"ability":"Unnerve","evs":{"hp":85,"atk":85,"def":85,"spa":85,"spd":85,"spe":85},"ivs":{"hp":31,"atk":31,"def":31,"spa":31,"spd":31,"spe":31},"item":"Mewtwonite X","level":73,"shiny":false},{"name":"Darmanitan","moves":["earthquake","flareblitz","rockslide","uturn"],"ability":"Sheer Force","evs":{"hp":81,"atk":89,"def":85,"spa":85,"spd":85,"spe":85},"ivs":{"hp":31,"atk":31,"def":31,"spa":31,"spd":31,"spe":31},"item":"Life Orb","level":77,"shiny":false},{"name":"Exeggutor","moves":["sleeppowder","psychic","hiddenpowerfire","gigadrain"],"ability":"Harvest","evs":{"hp":85,"atk":85,"def":85,"spa":85,"spd":85,"spe":85},"ivs":{"hp":31,"atk":30,"def":31,"spa":30,"spd":31,"spe":30},"item":"Sitrus Berry","level":81,"shiny":false}],"log":["|player|p1|LexiLynn|lexilynn.gif","|player|p2|SL Odin|269","|gametype|singles","|gen|6","|tier|Random Battle","|rated","|rule|Sleep Clause Mod: Limit one foe put to sleep","|rule|HP Percentage Mod: HP is shown in percentages","|","|start","|switch|p1a: Stoutland|Stoutland, L83, F|277/277","|switch|p2a: Kyogre|Kyogre, L73|266/266","|detailschange|p2a: Kyogre|Kyogre-Primal, L73","|message|Kyogre's Primal Reversion! It reverted to its primal form!","|-weather|PrimordialSea","|turn|1","|","|switch|p1a: Tangrowth|Tangrowth, L79, F|288/288","|move|p2a: Kyogre|Calm Mind|p2a: Kyogre","|-boost|p2a: Kyogre|spa|1","|-boost|p2a: Kyogre|spd|1","|","|-weather|PrimordialSea|[upkeep]","|turn|2","|","|move|p2a: Kyogre|Ice Beam|p1a: Tangrowth","|-crit|p1a: Tangrowth","|-supereffective|p1a: Tangrowth","|-damage|p1a: Tangrowth|0 fnt","|faint|p1a: Tangrowth","|","|-weather|PrimordialSea|[upkeep]","|","|switch|p1a: Thundurus-Therian|Thundurus-Therian, L76, M|244/244","|turn|3","|","|move|p1a: Thundurus-Therian|Thunderbolt|p2a: Kyogre","|-supereffective|p2a: Kyogre","|-damage|p2a: Kyogre|116/266","|move|p2a: Kyogre|Scald|p1a: Thundurus-Therian","|-damage|p1a: Thundurus-Therian|0 fnt","|faint|p1a: Thundurus-Therian","|","|-weather|PrimordialSea|[upkeep]","|","|switch|p1a: Stoutland|Stoutland, L83, F|277/277","|turn|4","|","|move|p1a: Stoutland|Wild Charge|p2a: Kyogre","|-supereffective|p2a: Kyogre","|-damage|p2a: Kyogre|0 fnt","|-damage|p1a: Stoutland|248/277|[from] recoil|[of] p2a: Kyogre","|faint|p2a: Kyogre","|-weather|none","|","|","|switch|p2a: Mewtwo|Mewtwo, L73|275/275","|-ability|p2a: Mewtwo|Unnerve|p1: LexiLynn","|turn|5","|","|detailschange|p2a: Mewtwo|Mewtwo-Mega-X, L73","|-mega|p2a: Mewtwo|Mewtwo|Mewtwonite X","|move|p2a: Mewtwo|Drain Punch|p1a: Stoutland","|-supereffective|p1a: Stoutland","|-damage|p1a: Stoutland|44/277","|move|p1a: Stoutland|Wild Charge|p2a: Mewtwo","|-damage|p2a: Mewtwo|171/275","|-damage|p1a: Stoutland|18/277|[from] recoil|[of] p2a: Mewtwo","|","|turn|6","|","|switch|p1a: Abomasnow|Abomasnow, L90, M|307/307","|-weather|Hail","|move|p2a: Mewtwo|Drain Punch|p1a: Abomasnow","|-supereffective|p1a: Abomasnow","|-damage|p1a: Abomasnow|95/307","|-heal|p2a: Mewtwo|275/275|[from] drain|[of] p1a: Abomasnow","|","|-weather|Hail|[upkeep]","|-damage|p2a: Mewtwo|258/275|[from] hail","|turn|7","|","|detailschange|p1a: Abomasnow|Abomasnow-Mega, L90, M","|-mega|p1a: Abomasnow|Abomasnow|Abomasite","|move|p2a: Mewtwo|Drain Punch|p1a: Abomasnow","|-supereffective|p1a: Abomasnow","|-damage|p1a: Abomasnow|0 fnt","|-heal|p2a: Mewtwo|275/275|[from] drain|[of] p1a: Abomasnow","|faint|p1a: Abomasnow","|","|-weather|Hail|[upkeep]","|-damage|p2a: Mewtwo|258/275|[from] hail","|","|switch|p1a: Talonflame|Talonflame, L75, F|241/241","|turn|8","|","|move|p1a: Talonflame|Brave Bird|p2a: Mewtwo","|-supereffective|p2a: Mewtwo","|-damage|p2a: Mewtwo|66/275","|-damage|p1a: Talonflame|178/241|[from] recoil|[of] p2a: Mewtwo","|move|p2a: Mewtwo|Bulk Up|p2a: Mewtwo","|-boost|p2a: Mewtwo|atk|1","|-boost|p2a: Mewtwo|def|1","|","|-weather|Hail|[upkeep]","|-damage|p1a: Talonflame|163/241|[from] hail","|-damage|p2a: Mewtwo|49/275|[from] hail","|-heal|p1a: Talonflame|178/241|[from] item: Leftovers","|turn|9","|","|switch|p2a: Simipour|Simipour, L83, M|260/260","|move|p1a: Talonflame|Brave Bird|p2a: Simipour","|-damage|p2a: Simipour|143/260","|-damage|p1a: Talonflame|139/241|[from] recoil|[of] p2a: Simipour","|","|-weather|Hail|[upkeep]","|-damage|p1a: Talonflame|124/241|[from] hail","|-damage|p2a: Simipour|127/260|[from] hail","|-heal|p1a: Talonflame|139/241|[from] item: Leftovers","|-heal|p2a: Simipour|143/260|[from] item: Leftovers","|turn|10","|","|switch|p1a: Beartic|Beartic, L83, M|293/293","|move|p2a: Simipour|Hydro Pump|p1a: Beartic","|-damage|p1a: Beartic|173/293","|","|-weather|none","|-heal|p2a: Simipour|159/260|[from] item: Leftovers","|turn|11","|","|move|p2a: Simipour|Focus Blast|p1a: Beartic","|-supereffective|p1a: Beartic","|-damage|p1a: Beartic|1/293","|move|p1a: Beartic|Stone Edge|p2a: Simipour|[miss]","|-miss|p1a: Beartic|p2a: Simipour","|","|-heal|p2a: Simipour|175/260|[from] item: Leftovers","|turn|12","|","|move|p2a: Simipour|Focus Blast|p1a: Beartic|[miss]","|-miss|p2a: Simipour|p1a: Beartic","|move|p1a: Beartic|Icicle Crash|p2a: Simipour","|-resisted|p2a: Simipour","|-damage|p2a: Simipour|97/260","|-damage|p1a: Beartic|0 fnt|[from] item: Life Orb","|faint|p1a: Beartic","|","|-heal|p2a: Simipour|113/260|[from] item: Leftovers","|","|switch|p1a: Stoutland|Stoutland, L83, F|18/277","|turn|13","|","|move|p2a: Simipour|Focus Blast|p1a: Stoutland","|-supereffective|p1a: Stoutland","|-damage|p1a: Stoutland|0 fnt","|faint|p1a: Stoutland","|","|-heal|p2a: Simipour|129/260|[from] item: Leftovers","|","|switch|p1a: Talonflame|Talonflame, L75, F|139/241","|turn|14","|","|move|p1a: Talonflame|Flare Blitz|p2a: Simipour","|-resisted|p2a: Simipour","|-damage|p2a: Simipour|75/260","|-status|p2a: Simipour|brn","|-damage|p1a: Talonflame|121/241|[from] recoil|[of] p2a: Simipour","|move|p2a: Simipour|Hydro Pump|p1a: Talonflame","|-supereffective|p1a: Talonflame","|-damage|p1a: Talonflame|0 fnt","|faint|p1a: Talonflame","|","|win|SL Odin"],"p1rating":{"entryid":"558092","serverid":"eos","formatid":"randombattle","userid":"lexilynn","username":"Lexi_Lynn","w":"7","l":5,"t":"0","gxe":54.7,"r":"1499.6970593034","rd":"93.287541119572","sigma":"0","rptime":"1440925200","rpr":1536.6229560586,"rprd":83.395996690391,"rpsigma":"0","acre":1100.4181425651,"lacre":1100.4181425651,"oldacre":"1134.6493393163"},"p2rating":{"entryid":"663973","serverid":"eos","formatid":"randombattle","userid":"slodin","username":"SL Odin","w":1,"l":"1","t":"0","gxe":50.2,"r":"1500","rd":"130","sigma":"0","rptime":"1440925200","rpr":1501.3109447302,"rprd":116.35197363399,"rpsigma":"0","acre":1054.7699148019,"lacre":1054.7699148019,"oldacre":"1000"},"endType":"normal"}