{"seed":[35723,28683,43027,4976],"turns":29,"p1":"torero-25","p2":"WyleeK99","p1team":[{"name":"Serperior","moves":["leechseed","substitute","glare","leafstorm"],"ability":"Contrary","evs":{"hp":85,"atk":85,"def":85,"spa":85,"spd":85,"spe":85},"ivs":{"hp":31,"atk":31,"def":31,"spa":31,"spd":31,"spe":31},"item":"Leftovers","level":75,"shiny":false},{"name":"Spiritomb","moves":["calmmind","darkpulse","rest","sleeptalk"],"ability":"Infiltrator","evs":{"hp":85,"atk":85,"def":85,"spa":85,"spd":85,"spe":85},"ivs":{"hp":31,"atk":31,"def":31,"spa":31,"spd":31,"spe":31},"item":"Leftovers","level":79,"shiny":false},{"name":"Dustox","moves":["uturn","shadowball","sludgebomb","defog"],"ability":"Shield Dust","evs":{"hp":85,"atk":85,"def":85,"spa":85,"spd":85,"spe":85},"ivs":{"hp":31,"atk":31,"def":31,"spa":31,"spd":31,"spe":31},"item":"Life Orb","level":83,"shiny":false},{"name":"Aggron","moves":["stealthrock","heavyslam","earthquake","thunderwave"],"ability":"Sturdy","evs":{"hp":85,"atk":85,"def":85,"spa":85,"spd":85,"spe":85},"ivs":{"hp":31,"atk":31,"def":31,"spa":31,"spd":31,"spe":31},"item":"Aggronite","level":77,"shiny":false},{"name":"Latias","moves":["defog","thunderbolt","healingwish","dracometeor"],"ability":"Levitate","evs":{"hp":85,"atk":85,"def":85,"spa":85,"spd":85,"spe":85},"ivs":{"hp":31,"atk":31,"def":31,"spa":31,"spd":31,"spe":31},"item":"Leftovers","level":75,"shiny":false},{"name":"Magmortar","moves":["fireblast","hiddenpowerice","substitute","focusblast"],"ability":"Flame Body","evs":{"hp":85,"atk":85,"def":85,"spa":85,"spd":85,"spe":85},"ivs":{"hp":31,"atk":30,"def":30,"spa":31,"spd":31,"spe":31},"item":"Leftovers","level":81,"shiny":false}],"p2team":[{"name":"Ninetales","moves":["nastyplot","hiddenpowerice","solarbeam","fireblast"],"ability":"Drought","evs":{"hp":85,"atk":85,"def":85,"spa":85,"spd":85,"spe":85},"ivs":{"hp":31,"atk":30,"def":30,"spa":31,"spd":31,"spe":31},"item":"Life Orb","level":79,"shiny":false},{"name":"Quagsire","moves":["recover","scald","icebeam","toxic"],"ability":"Unaware","evs":{"hp":85,"atk":85,"def":85,"spa":85,"spd":85,"spe":85},"ivs":{"hp":31,"atk":31,"def":31,"spa":31,"spd":31,"spe":31},"item":"Leftovers","level":81,"shiny":false},{"name":"Slurpuff","moves":["substitute","drainingkiss","drainpunch","dazzlinggleam"],"ability":"Unburden","evs":{"hp":85,"atk":85,"def":85,"spa":85,"spd":85,"spe":85},"ivs":{"hp":31,"atk":31,"def":31,"spa":31,"spd":31,"spe":31},"item":"Sitrus Berry","level":77,"shiny":false},{"name":"Tornadus","moves":["bulkup","acrobatics","superpower","substitute"],"ability":"Prankster","evs":{"hp":85,"atk":85,"def":85,"spa":85,"spd":85,"spe":85},"ivs":{"hp":31,"atk":31,"def":31,"spa":31,"spd":31,"spe":31},"item":"Flying Gem","level":78,"shiny":false},{"name":"Emolga","moves":["encore","batonpass","airslash","substitute"],"ability":"Motor Drive","evs":{"hp":85,"atk":85,"def":85,"spa":85,"spd":85,"spe":85},"ivs":{"hp":31,"atk":31,"def":31,"spa":31,"spd":31,"spe":31},"item":"Leftovers","level":83,"shiny":false},{"name":"Blissey","moves":["seismictoss","toxic","wish","healbell"],"ability":"Natural Cure","evs":{"hp":85,"atk":85,"def":85,"spa":85,"spd":85,"spe":85},"ivs":{"hp":31,"atk":31,"def":31,"spa":31,"spd":31,"spe":31},"item":"Leftovers","level":77,"shiny":false}],"log":["|player|p1|torero-25|265","|player|p2|WyleeK99|102","|gametype|singles","|gen|6","|tier|Random Battle","|rated","|rule|Sleep Clause Mod: Limit one foe put to sleep","|rule|HP Percentage Mod: HP is shown in percentages","|","|start","|switch|p1a: Serperior|Serperior, L75, F|236/236","|switch|p2a: Ninetales|Ninetales, L79, F|245/245","|-weather|SunnyDay","|turn|1","|","|switch|p1a: Spiritomb|Spiritomb, L79, F|209/209","|move|p2a: Ninetales|Fire Blast|p1a: Spiritomb","|-damage|p1a: Spiritomb|48/209","|-damage|p2a: Ninetales|221/245|[from] item: Life Orb","|","|-weather|SunnyDay|[upkeep]","|-heal|p1a: Spiritomb|61/209|[from] item: Leftovers","|turn|2","|","|move|p2a: Ninetales|Fire Blast|p1a: Spiritomb","|-damage|p1a: Spiritomb|0 fnt","|-damage|p2a: Ninetales|197/245|[from] item: Life Orb","|faint|p1a: Spiritomb","|","|-weather|SunnyDay|[upkeep]","|","|switch|p1a: Latias|Latias, L75, F|244/244","|turn|3","|","|move|p1a: Latias|Draco Meteor|p2a: Ninetales","|-crit|p2a: Ninetales","|-damage|p2a: Ninetales|26/245","|-unboost|p1a: Latias|spa|2","|move|p2a: Ninetales|Hidden Power|p1a: Latias","|-supereffective|p1a: Latias","|-damage|p1a: Latias|169/244","|-damage|p2a: Ninetales|2/245|[from] item: Life Orb","|","|-weather|SunnyDay|[upkeep]","|-heal|p1a: Latias|184/244|[from] item: Leftovers","|turn|4","|","|move|p1a: Latias|Thunderbolt|p2a: Ninetales","|-damage|p2a: Ninetales|0 fnt","|faint|p2a: Ninetales","|","|-weather|SunnyDay|[upkeep]","|-heal|p1a: Latias|199/244|[from] item: Leftovers","|","|switch|p2a: Blissey|Blissey, L77, F|519/519","|turn|5","|","|move|p1a: Latias|Defog|p2a: Blissey","|-unboost|p2a: Blissey|evasion|1","|move|p2a: Blissey|Toxic|p1a: Latias","|-status|p1a: Latias|tox","|","|-weather|none","|-heal|p1a: Latias|214/244 tox|[from] item: Leftovers","|-damage|p1a: Latias|199/244 tox|[from] psn","|turn|6","|","|switch|p1a: Aggron|Aggron, L77, M|234/234","|move|p2a: Blissey|Wish|p2a: Blissey","|","|turn|7","|","|move|p2a: Blissey|Seismic Toss|p1a: Aggron","|-damage|p1a: Aggron|157/234","|move|p1a: Aggron|Heavy Slam|p2a: Blissey","|-damage|p2a: Blissey|120/519","|","|-heal|p2a: Blissey|379/519|[from] move: Wish|[wisher] Blissey","|-heal|p2a: Blissey|411/519|[from] item: Leftovers","|turn|8","|","|move|p2a: Blissey|Seismic Toss|p1a: Aggron","|-damage|p1a: Aggron|80/234","|move|p1a: Aggron|Heavy Slam|p2a: Blissey","|-crit|p2a: Blissey","|-damage|p2a: Blissey|0 fnt","|faint|p2a: Blissey","|","|","|switch|p2a: Quagsire|Quagsire, L81, F|287/287","|turn|9","|","|switch|p1a: Serperior|Serperior, L75, F|236/236","|move|p2a: Quagsire|Scald|p1a: Serperior","|-resisted|p1a: Serperior","|-damage|p1a: Serperior|207/236","|","|-heal|p1a: Serperior|221/236|[from] item: Leftovers","|turn|10","|","|move|p1a: Serperior|Leaf Storm|p2a: Quagsire","|-supereffective|p2a: Quagsire","|-damage|p2a: Quagsire|0 fnt","|-boost|p1a: Serperior|spa|2","|faint|p2a: Quagsire","|","|-heal|p1a: Serperior|235/236|[from] item: Leftovers","|","|switch|p2a: Tornadus|Tornadus, L78, M|251/251","|turn|11","|","|switch|p1a: Aggron|Aggron, L77, M|80/234","|move|p2a: Tornadus|Acrobatics|p1a: Aggron","|-enditem|p2a: Tornadus|Flying Gem|[from] gem|[move] Acrobatics","|-resisted|p1a: Aggron","|-damage|p1a: Aggron|59/234","|","|turn|12","|","|move|p2a: Tornadus|Superpower|p1a: Aggron","|-supereffective|p1a: Aggron","|-damage|p1a: Aggron|0 fnt","|-unboost|p2a: Tornadus|atk|1","|-unboost|p2a: Tornadus|def|1","|faint|p1a: Aggron","|","|","|switch|p1a: Latias|Latias, L75, F|199/244 tox","|turn|13","|","|switch|p2a: Emolga|Emolga, L83, F|227/227","|move|p1a: Latias|Thunderbolt|p2a: Emolga","|-boost|p2a: Emolga|spe|1|[from] ability: Motor Drive","|","|-heal|p1a: Latias|214/244 tox|[from] item: Leftovers","|-damage|p1a: Latias|199/244 tox|[from] psn","|turn|14","|","|switch|p1a: Serperior|Serperior, L75, F|235/236","|move|p2a: Emolga|Encore|p1a: Serperior","|-fail|p1a: Serperior","|","|-heal|p1a: Serperior|236/236|[from] item: Leftovers","|turn|15","|","|move|p2a: Emolga|Substitute|p2a: Emolga","|-start|p2a: Emolga|Substitute","|-damage|p2a: Emolga|171/227","|move|p1a: Serperior|Leaf Storm|p2a: Emolga","|-resisted|p2a: Emolga","|-end|p2a: Emolga|Substitute","|-boost|p1a: Serperior|spa|2","|","|-heal|p2a: Emolga|185/227|[from] item: Leftovers","|turn|16","|","|move|p2a: Emolga|Air Slash|p1a: Serperior|[miss]","|-miss|p2a: Emolga|p1a: Serperior","|move|p1a: Serperior|Leaf Storm|p2a: Emolga","|-resisted|p2a: Emolga","|-damage|p2a: Emolga|71/227","|-boost|p1a: Serperior|spa|2","|","|-heal|p2a: Emolga|85/227|[from] item: Leftovers","|turn|17","|","|move|p2a: Emolga|Air Slash|p1a: Serperior","|-supereffective|p1a: Serperior","|-damage|p1a: Serperior|90/236","|move|p1a: Serperior|Leaf Storm|p2a: Emolga","|-resisted|p2a: Emolga","|-damage|p2a: Emolga|0 fnt","|-boost|p1a: Serperior|spa|2","|faint|p2a: Emolga","|","|-heal|p1a: Serperior|104/236|[from] item: Leftovers","|","|switch|p2a: Tornadus|Tornadus, L78, M|251/251","|turn|18","|","|switch|p1a: Latias|Latias, L75, F|199/244 tox","|move|p2a: Tornadus|Bulk Up|p2a: Tornadus","|-boost|p2a: Tornadus|atk|1","|-boost|p2a: Tornadus|def|1","|","|-heal|p1a: Latias|214/244 tox|[from] item: Leftovers","|-damage|p1a: Latias|199/244 tox|[from] psn","|turn|19","|","|move|p2a: Tornadus|Acrobatics|p1a: Latias","|-damage|p1a: Latias|3/244 tox","|move|p1a: Latias|Draco Meteor|p2a: Tornadus","|-damage|p2a: Tornadus|107/251","|-unboost|p1a: Latias|spa|2","|","|-heal|p1a: Latias|18/244 tox|[from] item: Leftovers","|-damage|p1a: Latias|0 fnt|[from] psn","|faint|p1a: Latias","|","|switch|p1a: Magmortar|Magmortar, L81, F|254/254","|turn|20","|","|move|p2a: Tornadus|Superpower|p1a: Magmortar","|-damage|p1a: Magmortar|84/254","|-unboost|p2a: Tornadus|atk|1","|-unboost|p2a: Tornadus|def|1","|move|p1a: Magmortar|Substitute|p1a: Magmortar","|-start|p1a: Magmortar|Substitute","|-damage|p1a: Magmortar|21/254","|","|-heal|p1a: Magmortar|36/254|[from] item: Leftovers","|turn|21","|","|move|p2a: Tornadus|Substitute|p2a: Tornadus","|-start|p2a: Tornadus|Substitute","|-damage|p2a: Tornadus|45/251","|move|p1a: Magmortar|Focus Blast|p2a: Tornadus|[miss]","|-miss|p1a: Magmortar|p2a: Tornadus","|","|-heal|p1a: Magmortar|51/254|[from] item: Leftovers","|turn|22","|","|move|p2a: Tornadus|Bulk Up|p2a: Tornadus","|-boost|p2a: Tornadus|atk|1","|-boost|p2a: Tornadus|def|1","|move|p1a: Magmortar|Fire Blast|p2a: Tornadus","|-end|p2a: Tornadus|Substitute","|","|-heal|p1a: Magmortar|66/254|[from] item: Leftovers","|turn|23","|","|move|p2a: Tornadus|Acrobatics|p1a: Magmortar","|-end|p1a: Magmortar|Substitute","|move|p1a: Magmortar|Fire Blast|p2a: Tornadus","|-damage|p2a: Tornadus|0 fnt","|faint|p2a: Tornadus","|","|-heal|p1a: Magmortar|81/254|[from] item: Leftovers","|","|switch|p2a: Slurpuff|Slurpuff, L77, M|253/253","|turn|24","|","|move|p1a: Magmortar|Focus Blast|p2a: Slurpuff","|-resisted|p2a: Slurpuff","|-damage|p2a: Slurpuff|195/253","|move|p2a: Slurpuff|Dazzling Gleam|p1a: Magmortar","|-resisted|p1a: Magmortar","|-damage|p1a: Magmortar|47/254","|","|-heal|p1a: Magmortar|62/254|[from] item: Leftovers","|turn|25","|","|move|p1a: Magmortar|Focus Blast|p2a: Slurpuff","|-resisted|p2a: Slurpuff","|-damage|p2a: Slurpuff|140/253","|move|p2a: Slurpuff|Drain Punch|p1a: Magmortar","|-damage|p1a: Magmortar|17/254","|-heal|p2a: Slurpuff|163/253|[from] drain|[of] p1a: Magmortar","|-status|p2a: Slurpuff|brn","|","|-heal|p1a: Magmortar|32/254|[from] item: Leftovers","|-damage|p2a: Slurpuff|132/253 brn|[from] brn","|turn|26","|","|move|p1a: Magmortar|Focus Blast|p2a: Slurpuff","|-resisted|p2a: Slurpuff","|-damage|p2a: Slurpuff|68/253 brn","|-enditem|p2a: Slurpuff|Sitrus Berry|[eat]","|-heal|p2a: Slurpuff|131/253 brn|[from] item: Sitrus Berry","|move|p2a: Slurpuff|Drain Punch|p1a: Magmortar","|-damage|p1a: Magmortar|6/254","|-heal|p2a: Slurpuff|144/253 brn|[from] drain|[of] p1a: Magmortar","|","|-heal|p1a: Magmortar|21/254|[from] item: Leftovers","|-damage|p2a: Slurpuff|113/253 brn|[from] brn","|turn|27","|","|move|p2a: Slurpuff|Dazzling Gleam|p1a: Magmortar","|-resisted|p1a: Magmortar","|-damage|p1a: Magmortar|0 fnt","|faint|p1a: Magmortar","|","|-damage|p2a: Slurpuff|82/253 brn|[from] brn","|","|switch|p1a: Dustox|Dustox, L83, F|235/235","|turn|28","|","|move|p2a: Slurpuff|Drain Punch|p1a: Dustox","|-resisted|p1a: Dustox","|-damage|p1a: Dustox|230/235","|-heal|p2a: Slurpuff|85/253 brn|[from] drain|[of] p1a: Dustox","|move|p1a: Dustox|U-turn|p2a: Slurpuff","|-resisted|p2a: Slurpuff","|-damage|p2a: Slurpuff|54/253 brn","|-damage|p1a: Dustox|207/235|[from] item: Life Orb","|","|switch|p1a: Serperior|Serperior, L75, F|104/236","|","|-heal|p1a: Serperior|118/236|[from] item: Leftovers","|-damage|p2a: Slurpuff|23/253 brn|[from] brn","|turn|29","|","|move|p2a: Slurpuff|Dazzling Gleam|p1a: Serperior","|-damage|p1a: Serperior|46/236","|move|p1a: Serperior|Leaf Storm|p2a: Slurpuff","|-damage|p2a: Slurpuff|0 fnt","|-boost|p1a: Serperior|spa|2","|faint|p2a: Slurpuff","|","|win|torero-25"],"p1rating":{"entryid":645099,"formatid":"randombattle","userid":"torero25","username":"torero-25","r":1500,"rd":130,"sigma":0,"rpr":1540.1606143388,"rprd":122.8583080769,"rpsigma":0,"rptime":1440925200,"w":1,"l":0,"t":0,"gxe":55,"acre":1040,"lacre":1040,"oldacre":1000},"p2rating":{"entryid":645100,"formatid":"randombattle","userid":"wyleek99","username":"WyleeK99","r":1500,"rd":130,"sigma":0,"rpr":1459.8393856612,"rprd":122.8583080769,"rpsigma":0,"rptime":1440925200,"w":0,"l":1,"t":0,"gxe":45,"acre":1000,"lacre":1000,"oldacre":1000},"endType":"normal"}