{"seed":[17281,30500,13174,23278],"turns":29,"p1":"LexiLynn","p2":"mortal jordean","p1team":[{"name":"Conkeldurr","moves":["knockoff","drainpunch","machpunch","bulkup"],"ability":"Iron Fist","evs":{"hp":85,"atk":85,"def":85,"spa":85,"spd":85,"spe":85},"ivs":{"hp":31,"atk":31,"def":31,"spa":31,"spd":31,"spe":31},"item":"Life Orb","level":75,"shiny":false},{"name":"Gastrodon","moves":["clearsmog","earthquake","scald","recover"],"ability":"Storm Drain","evs":{"hp":85,"atk":85,"def":85,"spa":85,"spd":85,"spe":85},"ivs":{"hp":31,"atk":31,"def":31,"spa":31,"spd":31,"spe":31},"item":"Leftovers","level":79,"shiny":false},{"name":"Aerodactyl","moves":["honeclaws","icefang","aerialace","stoneedge"],"ability":"Pressure","evs":{"hp":85,"atk":85,"def":85,"spa":85,"spd":85,"spe":85},"ivs":{"hp":31,"atk":31,"def":31,"spa":31,"spd":31,"spe":31},"item":"Aerodactylite","level":77,"shiny":false},{"name":"Tornadus","moves":["knockoff","taunt","heatwave","acrobatics"],"ability":"Prankster","evs":{"hp":85,"atk":85,"def":85,"spa":85,"spd":85,"spe":85},"ivs":{"hp":31,"atk":31,"def":31,"spa":31,"spd":31,"spe":31},"item":"Flying Gem","level":78,"shiny":false},{"name":"Vaporeon","moves":["protect","scald","icebeam","healbell"],"ability":"Water Absorb","evs":{"hp":85,"atk":85,"def":85,"spa":85,"spd":85,"spe":85},"ivs":{"hp":31,"atk":31,"def":31,"spa":31,"spd":31,"spe":31},"item":"Leftovers","level":77,"shiny":false},{"name":"Avalugg","moves":["toxic","rapidspin","avalanche","recover"],"ability":"Sturdy","evs":{"hp":85,"atk":85,"def":85,"spa":85,"spd":85,"spe":85},"ivs":{"hp":31,"atk":31,"def":31,"spa":31,"spd":31,"spe":31},"item":"Leftovers","level":83,"shiny":false}],"p2team":[{"name":"Milotic","moves":["toxic","recover","dragontail","scald"],"ability":"Marvel Scale","evs":{"hp":85,"atk":85,"def":85,"spa":85,"spd":85,"spe":85},"ivs":{"hp":31,"atk":31,"def":31,"spa":31,"spd":31,"spe":31},"item":"Leftovers","level":77,"shiny":false},{"name":"Meganium","moves":["aromatherapy","reflect","leechseed","gigadrain"],"ability":"Overgrow","evs":{"hp":85,"atk":85,"def":85,"spa":85,"spd":85,"spe":85},"ivs":{"hp":31,"atk":31,"def":31,"spa":31,"spd":31,"spe":31},"item":"Light Clay","level":83,"shiny":false},{"name":"Genesect-Chill","moves":["shiftgear","extremespeed","ironhead","technoblast"],"ability":"Download","evs":{"hp":85,"atk":85,"def":85,"spa":85,"spd":85,"spe":85},"ivs":{"hp":31,"atk":31,"def":31,"spa":31,"spd":31,"spe":31},"item":"Chill Drive","level":74,"shiny":false},{"name":"Xatu","moves":["thunderwave","lightscreen","roost","nightshade"],"ability":"Magic Bounce","evs":{"hp":85,"atk":85,"def":85,"spa":85,"spd":85,"spe":85},"ivs":{"hp":31,"atk":31,"def":31,"spa":31,"spd":31,"spe":31},"item":"Light Clay","level":81,"shiny":false},{"name":"Minun","moves":["batonpass","encore","nastyplot","thunderbolt"],"ability":"Volt Absorb","evs":{"hp":85,"atk":85,"def":85,"spa":85,"spd":85,"spe":85},"ivs":{"hp":31,"atk":31,"def":31,"spa":31,"spd":31,"spe":31},"item":"Air Balloon","level":83,"shiny":false},{"name":"Avalugg","moves":["avalanche","roar","recover","rapidspin"],"ability":"Sturdy","evs":{"hp":85,"atk":85,"def":85,"spa":85,"spd":85,"spe":85},"ivs":{"hp":31,"atk":31,"def":31,"spa":31,"spd":31,"spe":31},"item":"Leftovers","level":83,"shiny":false}],"log":["|player|p1|LexiLynn|lexilynn.gif","|player|p2|mortal jordean|229","|gametype|singles","|gen|6","|tier|Random Battle","|rated","|rule|Sleep Clause Mod: Limit one foe put to sleep","|rule|HP Percentage Mod: HP is shown in percentages","|","|start","|switch|p1a: Conkeldurr|Conkeldurr, L75, F|281/281","|switch|p2a: Milotic|Milotic, L77, F|273/273","|turn|1","|","|move|p2a: Milotic|Scald|p1a: Conkeldurr","|-damage|p1a: Conkeldurr|187/281","|move|p1a: Conkeldurr|Drain Punch|p2a: Milotic","|-damage|p2a: Milotic|116/273","|-heal|p1a: Conkeldurr|266/281|[from] drain|[of] p2a: Milotic","|-damage|p1a: Conkeldurr|238/281|[from] item: Life Orb","|","|-heal|p2a: Milotic|133/273|[from] item: Leftovers","|turn|2","|","|move|p2a: Milotic|Recover|p2a: Milotic","|-heal|p2a: Milotic|270/273","|move|p1a: Conkeldurr|Drain Punch|p2a: Milotic","|-damage|p2a: Milotic|122/273","|-heal|p1a: Conkeldurr|281/281|[from] drain|[of] p2a: Milotic","|-damage|p1a: Conkeldurr|253/281|[from] item: Life Orb","|","|-heal|p2a: Milotic|139/273|[from] item: Leftovers","|turn|3","|","|switch|p1a: Vaporeon|Vaporeon, L77, M|327/327","|move|p2a: Milotic|Recover|p2a: Milotic","|-heal|p2a: Milotic|273/273","|","|turn|4","|","|move|p1a: Vaporeon|Ice Beam|p2a: Milotic","|-resisted|p2a: Milotic","|-damage|p2a: Milotic|247/273","|move|p2a: Milotic|Dragon Tail|p1a: Vaporeon","|-damage|p1a: Vaporeon|289/327","|drag|p1a: Avalugg|Avalugg, L83, M|293/293","|","|-heal|p2a: Milotic|264/273|[from] item: Leftovers","|turn|5","|","|move|p2a: Milotic|Toxic|p1a: Avalugg","|-status|p1a: Avalugg|tox","|move|p1a: Avalugg|Rapid Spin|p2a: Milotic","|-damage|p2a: Milotic|243/273","|","|-heal|p2a: Milotic|260/273|[from] item: Leftovers","|-damage|p1a: Avalugg|275/293 tox|[from] psn","|turn|6","|","|switch|p1a: Aerodactyl|Aerodactyl, L77, M|250/250","|-ability|p1a: Aerodactyl|Pressure","|move|p2a: Milotic|Dragon Tail|p1a: Aerodactyl","|-damage|p1a: Aerodactyl|217/250","|drag|p1a: Gastrodon|Gastrodon, L79, F|305/305","|","|-heal|p2a: Milotic|273/273|[from] item: Leftovers","|turn|7","|","|move|p2a: Milotic|Scald|p1a: Gastrodon","|-boost|p1a: Gastrodon|spa|1|[from] ability: Storm Drain","|move|p1a: Gastrodon|Earthquake|p2a: Milotic","|-damage|p2a: Milotic|182/273","|","|-heal|p2a: Milotic|199/273|[from] item: Leftovers","|turn|8","|","|switch|p1a: Tornadus|Tornadus, L78, M|251/251","|move|p2a: Milotic|Toxic|p1a: Tornadus","|-status|p1a: Tornadus|tox","|","|-heal|p2a: Milotic|216/273|[from] item: Leftovers","|-damage|p1a: Tornadus|236/251 tox|[from] psn","|turn|9","|","|move|p1a: Tornadus|Acrobatics|p2a: Milotic","|-enditem|p1a: Tornadus|Flying Gem|[from] gem|[move] Acrobatics","|-crit|p2a: Milotic","|-damage|p2a: Milotic|0 fnt","|faint|p2a: Milotic","|","|-damage|p1a: Tornadus|206/251 tox|[from] psn","|","|switch|p2a: Meganium|Meganium, L83, M|268/268","|turn|10","|","|move|p1a: Tornadus|Heat Wave|p2a: Meganium","|-supereffective|p2a: Meganium","|-damage|p2a: Meganium|144/268","|move|p2a: Meganium|Leech Seed|p1a: Tornadus","|-start|p1a: Tornadus|move: Leech Seed","|","|-damage|p1a: Tornadus|175/251 tox|[from] Leech Seed|[of] p2a: Meganium","|-heal|p2a: Meganium|175/268|[silent]","|-damage|p1a: Tornadus|130/251 tox|[from] psn","|turn|11","|","|move|p1a: Tornadus|Heat Wave|p2a: Meganium","|-supereffective|p2a: Meganium","|-damage|p2a: Meganium|43/268","|move|p2a: Meganium|Aromatherapy|p2a: Meganium","|-cureteam|p2a: Meganium|[from] move: Aromatherapy","|","|-damage|p1a: Tornadus|99/251 tox|[from] Leech Seed|[of] p2a: Meganium","|-heal|p2a: Meganium|74/268|[silent]","|-damage|p1a: Tornadus|39/251 tox|[from] psn","|turn|12","|","|move|p1a: Tornadus|Heat Wave|p2a: Meganium","|-supereffective|p2a: Meganium","|-damage|p2a: Meganium|0 fnt","|faint|p2a: Meganium","|","|-damage|p1a: Tornadus|0 fnt|[from] psn","|faint|p1a: Tornadus","|","|switch|p1a: Aerodactyl|Aerodactyl, L77, M|217/250","|switch|p2a: Genesect-Chill|Genesect-Chill, L74|227/227","|-ability|p1a: Aerodactyl|Pressure","|-boost|p2a: Genesect-Chill|atk|1|[from] ability: Download","|turn|13","|","|detailschange|p1a: Aerodactyl|Aerodactyl-Mega, L77, M","|-mega|p1a: Aerodactyl|Aerodactyl|Aerodactylite","|move|p1a: Aerodactyl|Ice Fang|p2a: Genesect-Chill","|-resisted|p2a: Genesect-Chill","|-damage|p2a: Genesect-Chill|194/227","|-status|p2a: Genesect-Chill|frz","|cant|p2a: Genesect-Chill|frz","|","|turn|14","|","|move|p1a: Aerodactyl|Aerial Ace|p2a: Genesect-Chill","|-damage|p2a: Genesect-Chill|101/227 frz","|cant|p2a: Genesect-Chill|frz","|","|turn|15","|","|move|p1a: Aerodactyl|Stone Edge|p2a: Genesect-Chill","|-damage|p2a: Genesect-Chill|0 fnt","|faint|p2a: Genesect-Chill","|","|","|switch|p2a: Xatu|Xatu, L81, F|238/238","|turn|16","|","|move|p1a: Aerodactyl|Stone Edge|p2a: Xatu","|-supereffective|p2a: Xatu","|-damage|p2a: Xatu|0 fnt","|faint|p2a: Xatu","|","|","|switch|p2a: Avalugg|Avalugg, L83, M|293/293","|turn|17","|","|move|p1a: Aerodactyl|Aerial Ace|p2a: Avalugg","|-damage|p2a: Avalugg|241/293","|move|p2a: Avalugg|Avalanche|p1a: Aerodactyl","|-supereffective|p1a: Aerodactyl","|-damage|p1a: Aerodactyl|0 fnt","|faint|p1a: Aerodactyl","|","|-heal|p2a: Avalugg|259/293|[from] item: Leftovers","|","|switch|p1a: Conkeldurr|Conkeldurr, L75, F|253/281","|turn|18","|","|move|p1a: Conkeldurr|Mach Punch|p2a: Avalugg","|-supereffective|p2a: Avalugg","|-damage|p2a: Avalugg|173/293","|-damage|p1a: Conkeldurr|225/281|[from] item: Life Orb","|move|p2a: Avalugg|Avalanche|p1a: Conkeldurr","|-damage|p1a: Conkeldurr|83/281","|","|-heal|p2a: Avalugg|191/293|[from] item: Leftovers","|turn|19","|","|move|p1a: Conkeldurr|Mach Punch|p2a: Avalugg","|-supereffective|p2a: Avalugg","|-damage|p2a: Avalugg|113/293","|-damage|p1a: Conkeldurr|55/281|[from] item: Life Orb","|move|p2a: Avalugg|Avalanche|p1a: Conkeldurr","|-damage|p1a: Conkeldurr|0 fnt","|faint|p1a: Conkeldurr","|","|-heal|p2a: Avalugg|131/293|[from] item: Leftovers","|","|switch|p1a: Gastrodon|Gastrodon, L79, F|305/305","|turn|20","|","|move|p1a: Gastrodon|Earthquake|p2a: Avalugg","|-damage|p2a: Avalugg|83/293","|move|p2a: Avalugg|Avalanche|p1a: Gastrodon","|-damage|p1a: Gastrodon|104/305","|","|-heal|p1a: Gastrodon|123/305|[from] item: Leftovers","|-heal|p2a: Avalugg|101/293|[from] item: Leftovers","|turn|21","|","|move|p1a: Gastrodon|Scald|p2a: Avalugg","|-damage|p2a: Avalugg|0 fnt","|faint|p2a: Avalugg","|","|-heal|p1a: Gastrodon|142/305|[from] item: Leftovers","|","|switch|p2a: Minun|Minun, L83, M|235/235","|-item|p2a: Minun|Air Balloon","|turn|22","|","|move|p2a: Minun|Thunderbolt|p1a: Gastrodon","|-immune|p1a: Gastrodon|[msg]","|move|p1a: Gastrodon|Earthquake|p2a: Minun","|-immune|p2a: Minun|[msg]","|","|-heal|p1a: Gastrodon|161/305|[from] item: Leftovers","|turn|23","|","|switch|p1a: Avalugg|Avalugg, L83, M|275/293 tox","|move|p2a: Minun|Thunderbolt|p1a: Avalugg","|-damage|p1a: Avalugg|154/293 tox","|","|-heal|p1a: Avalugg|172/293 tox|[from] item: Leftovers","|-damage|p1a: Avalugg|154/293 tox|[from] psn","|turn|24","|","|move|p2a: Minun|Thunderbolt|p1a: Avalugg","|-crit|p1a: Avalugg","|-damage|p1a: Avalugg|0 fnt","|faint|p1a: Avalugg","|","|","|switch|p1a: Vaporeon|Vaporeon, L77, M|289/327","|turn|25","|","|move|p2a: Minun|Thunderbolt|p1a: Vaporeon","|-supereffective|p1a: Vaporeon","|-damage|p1a: Vaporeon|131/327","|move|p1a: Vaporeon|Scald|p2a: Minun","|-damage|p2a: Minun|160/235","|-enditem|p2a: Minun|Air Balloon","|","|-heal|p1a: Vaporeon|151/327|[from] item: Leftovers","|turn|26","|","|move|p2a: Minun|Thunderbolt|p1a: Vaporeon","|-supereffective|p1a: Vaporeon","|-damage|p1a: Vaporeon|0 fnt","|faint|p1a: Vaporeon","|","|","|switch|p1a: Gastrodon|Gastrodon, L79, F|161/305","|turn|27","|","|move|p2a: Minun|Thunderbolt|p1a: Gastrodon","|-immune|p1a: Gastrodon|[msg]","|move|p1a: Gastrodon|Scald|p2a: Minun","|-damage|p2a: Minun|78/235","|","|-heal|p1a: Gastrodon|180/305|[from] item: Leftovers","|turn|28","|","|move|p2a: Minun|Nasty Plot|p2a: Minun","|-boost|p2a: Minun|spa|2","|move|p1a: Gastrodon|Scald|p2a: Minun","|-damage|p2a: Minun|2/235","|","|-heal|p1a: Gastrodon|199/305|[from] item: Leftovers","|turn|29","|","|move|p2a: Minun|Baton Pass|p2a: Minun","|-fail|p2a: Minun","|move|p1a: Gastrodon|Scald|p2a: Minun","|-damage|p2a: Minun|0 fnt","|faint|p2a: Minun","|","|win|LexiLynn"],"p1rating":{"entryid":"558092","serverid":"eos","formatid":"randombattle","userid":"lexilynn","username":"Lexi_Lynn","w":7,"l":"4","t":"0","gxe":57.4,"r":"1499.6970593034","rd":"93.287541119572","sigma":"0","rptime":"1440925200","rpr":1557.9823960401,"rprd":85.528051548685,"rpsigma":"0","acre":1134.6493393163,"lacre":1134.6493393163,"oldacre":"1113.3895131478"},"p2rating":{"entryid":"198097","serverid":"eos","formatid":"randombattle","userid":"mortaljordean","username":"mortal jordean","w":"4","l":6,"t":"0","gxe":45.3,"r":"1483.46244695","rd":"90.495819426452","sigma":"0","rptime":"1440925200","rpr":1463.1381378364,"rprd":87.804134842884,"rpsigma":"0","acre":1044.7303635271,"lacre":1044.7303635271,"oldacre":"1061.0176405871"},"endType":"normal"}