{"seed":[3512,21978,365,56637],"turns":15,"p1":"AuremJesus","p2":"jpioj","p1team":[{"name":"Klinklang","moves":["return","wildcharge","substitute","geargrind"],"ability":"Clear Body","evs":{"hp":85,"atk":85,"def":85,"spa":85,"spd":85,"spe":85},"ivs":{"hp":31,"atk":31,"def":31,"spa":31,"spd":31,"spe":31},"item":"Leftovers","level":81,"shiny":false},{"name":"Reuniclus","moves":["calmmind","recover","psychic","shadowball"],"ability":"Magic Guard","evs":{"hp":85,"atk":85,"def":85,"spa":85,"spd":85,"spe":85},"ivs":{"hp":31,"atk":31,"def":31,"spa":31,"spd":31,"spe":31},"item":"Life Orb","level":77,"shiny":false},{"name":"Articuno","moves":["freezedry","hurricane","substitute","roost"],"ability":"Snow Cloak","evs":{"hp":85,"atk":85,"def":85,"spa":85,"spd":85,"spe":85},"ivs":{"hp":31,"atk":31,"def":31,"spa":31,"spd":31,"spe":31},"item":"Leftovers","level":83,"shiny":false},{"name":"Relicanth","moves":["earthquake","toxic","stealthrock","waterfall"],"ability":"Sturdy","evs":{"hp":85,"atk":85,"def":85,"spa":85,"spd":85,"spe":85},"ivs":{"hp":31,"atk":31,"def":31,"spa":31,"spd":31,"spe":31},"item":"Air Balloon","level":83,"shiny":false},{"name":"Aerodactyl","moves":["defog","roost","firefang","aerialace"],"ability":"Pressure","evs":{"hp":85,"atk":85,"def":85,"spa":85,"spd":85,"spe":85},"ivs":{"hp":31,"atk":31,"def":31,"spa":31,"spd":31,"spe":31},"item":"Aerodactylite","level":77,"shiny":false},{"name":"Meloetta","moves":["knockoff","relicsong","closecombat","return"],"ability":"Serene Grace","evs":{"hp":85,"atk":85,"def":85,"spa":85,"spd":85,"spe":85},"ivs":{"hp":31,"atk":31,"def":31,"spa":31,"spd":31,"spe":31},"item":"Life Orb","level":79,"shiny":false}],"p2team":[{"name":"Kecleon","moves":["knockoff","suckerpunch","stealthrock","drainpunch"],"ability":"Protean","evs":{"hp":85,"atk":85,"def":85,"spa":85,"spd":85,"spe":85},"ivs":{"hp":31,"atk":31,"def":31,"spa":31,"spd":31,"spe":31},"item":"Life Orb","level":81,"shiny":false},{"name":"Darmanitan","moves":["uturn","earthquake","firepunch","rockslide"],"ability":"Sheer Force","evs":{"hp":81,"atk":89,"def":85,"spa":85,"spd":85,"spe":85},"ivs":{"hp":31,"atk":31,"def":31,"spa":31,"spd":31,"spe":31},"item":"Life Orb","level":77,"shiny":false},{"name":"Rhyperior","moves":["rockpolish","aquatail","megahorn","stoneedge"],"ability":"Solid Rock","evs":{"hp":85,"atk":85,"def":85,"spa":85,"spd":85,"spe":85},"ivs":{"hp":31,"atk":31,"def":31,"spa":31,"spd":31,"spe":31},"item":"Weakness Policy","level":79,"shiny":false},{"name":"Reuniclus","moves":["shadowball","psyshock","recover","focusblast"],"ability":"Magic Guard","evs":{"hp":85,"atk":85,"def":85,"spa":85,"spd":85,"spe":85},"ivs":{"hp":31,"atk":31,"def":31,"spa":31,"spd":31,"spe":31},"item":"Life Orb","level":77,"shiny":false},{"name":"Blaziken","moves":["flareblitz","knockoff","substitute","highjumpkick"],"ability":"Speed Boost","evs":{"hp":85,"atk":85,"def":85,"spa":85,"spd":85,"spe":85},"ivs":{"hp":31,"atk":31,"def":31,"spa":31,"spd":31,"spe":31},"item":"Blazikenite","level":74,"shiny":false},{"name":"Honchkrow","moves":["suckerpunch","superpower","roost","heatwave"],"ability":"Moxie","evs":{"hp":85,"atk":85,"def":85,"spa":85,"spd":85,"spe":85},"ivs":{"hp":31,"atk":31,"def":31,"spa":31,"spd":31,"spe":31},"item":"Life Orb","level":77,"shiny":false}],"log":["|player|p1|AuremJesus|161","|player|p2|jpioj|102","|gametype|singles","|gen|6","|tier|Random Battle","|rated","|rule|Sleep Clause Mod: Limit one foe put to sleep","|rule|HP Percentage Mod: HP is shown in percentages","|","|start","|switch|p1a: Klinklang|Klinklang, L81|230/230","|switch|p2a: Kecleon|Kecleon, L81, M|230/230","|turn|1","|","|switch|p2a: Blaziken|Blaziken, L74, M|240/240","|move|p1a: Klinklang|Substitute|p1a: Klinklang","|-start|p1a: Klinklang|Substitute","|-damage|p1a: Klinklang|173/230","|","|-heal|p1a: Klinklang|187/230|[from] item: Leftovers","|turn|2","|","|detailschange|p2a: Blaziken|Blaziken-Mega, L74, M","|-mega|p2a: Blaziken|Blaziken|Blazikenite","|move|p1a: Klinklang|Return|p2a: Blaziken","|-crit|p2a: Blaziken","|-damage|p2a: Blaziken|109/240","|move|p2a: Blaziken|High Jump Kick|p1a: Klinklang","|-supereffective|p1a: Klinklang","|-end|p1a: Klinklang|Substitute","|","|-heal|p1a: Klinklang|201/230|[from] item: Leftovers","|-boost|p2a: Blaziken|spe|1|[from] ability: Speed Boost","|turn|3","|","|switch|p1a: Reuniclus|Reuniclus, L77, F|296/296","|move|p2a: Blaziken|Flare Blitz|p1a: Reuniclus","|-damage|p1a: Reuniclus|110/296","|-damage|p2a: Blaziken|48/240|[from] recoil|[of] p1a: Reuniclus","|","|-boost|p2a: Blaziken|spe|1|[from] ability: Speed Boost","|turn|4","|","|switch|p1a: Klinklang|Klinklang, L81|201/230","|move|p2a: Blaziken|Substitute|p2a: Blaziken","|-fail|p2a: Blaziken|move: Substitute|[weak]","|","|-heal|p1a: Klinklang|215/230|[from] item: Leftovers","|-boost|p2a: Blaziken|spe|1|[from] ability: Speed Boost","|turn|5","|","|move|p2a: Blaziken|High Jump Kick|p1a: Klinklang","|-supereffective|p1a: Klinklang","|-damage|p1a: Klinklang|0 fnt","|faint|p1a: Klinklang","|","|-boost|p2a: Blaziken|spe|1|[from] ability: Speed Boost","|","|switch|p1a: Relicanth|Relicanth, L83, F|302/302","|-item|p1a: Relicanth|Air Balloon","|turn|6","|","|move|p2a: Blaziken|High Jump Kick|p1a: Relicanth|[miss]","|-miss|p2a: Blaziken|p1a: Relicanth","|-damage|p2a: Blaziken|0 fnt|[from] highjumpkick","|faint|p2a: Blaziken","|move|p1a: Relicanth|Waterfall|p2: Blaziken|[notarget]","|-notarget","|","|","|switch|p2a: Darmanitan|Darmanitan, L77, F|287/287","|turn|7","|","|move|p2a: Darmanitan|Earthquake|p1a: Relicanth","|-immune|p1a: Relicanth|[msg]","|move|p1a: Relicanth|Stealth Rock|p2a: Darmanitan","|-sidestart|p2: jpioj|move: Stealth Rock","|","|turn|8","|","|move|p2a: Darmanitan|Fire Punch|p1a: Relicanth","|-resisted|p1a: Relicanth","|-damage|p1a: Relicanth|275/302","|-enditem|p1a: Relicanth|Air Balloon","|move|p1a: Relicanth|Waterfall|p2a: Darmanitan","|-supereffective|p2a: Darmanitan","|-damage|p2a: Darmanitan|69/287","|","|turn|9","|","|move|p2a: Darmanitan|Rock Slide|p1a: Relicanth","|-damage|p1a: Relicanth|196/302","|move|p1a: Relicanth|Waterfall|p2a: Darmanitan","|-supereffective|p2a: Darmanitan","|-damage|p2a: Darmanitan|0 fnt","|faint|p2a: Darmanitan","|","|","|switch|p2a: Rhyperior|Rhyperior, L79, M|311/311","|-damage|p2a: Rhyperior|292/311|[from] Stealth Rock","|turn|10","|","|move|p1a: Relicanth|Waterfall|p2a: Rhyperior","|-supereffective|p2a: Rhyperior","|-damage|p2a: Rhyperior|121/311","|-enditem|p2a: Rhyperior|Weakness Policy","|-boost|p2a: Rhyperior|atk|2|[from] item: Weakness Policy","|-boost|p2a: Rhyperior|spa|2|[from] item: Weakness Policy","|move|p2a: Rhyperior|Megahorn|p1a: Relicanth","|-damage|p1a: Relicanth|44/302","|","|turn|11","|","|move|p1a: Relicanth|Waterfall|p2a: Rhyperior","|-supereffective|p2a: Rhyperior","|-damage|p2a: Rhyperior|0 fnt","|faint|p2a: Rhyperior","|","|","|switch|p2a: Reuniclus|Reuniclus, L77, M|296/296","|turn|12","|","|move|p1a: Relicanth|Waterfall|p2a: Reuniclus","|-damage|p2a: Reuniclus|200/296","|move|p2a: Reuniclus|Focus Blast|p1a: Relicanth","|-supereffective|p1a: Relicanth","|-damage|p1a: Relicanth|0 fnt","|faint|p1a: Relicanth","|","|","|switch|p1a: Meloetta|Meloetta, L79|288/288","|turn|13","|","|move|p1a: Meloetta|Relic Song|p2a: Reuniclus","|-crit|p2a: Reuniclus","|-damage|p2a: Reuniclus|0 fnt","|-formechange|p1a: Meloetta|Meloetta-Pirouette|[msg]","|-damage|p1a: Meloetta|260/288|[from] item: Life Orb","|faint|p2a: Reuniclus","|","|","|switch|p2a: Kecleon|Kecleon, L81, M|230/230","|-damage|p2a: Kecleon|202/230|[from] Stealth Rock","|turn|14","|","|move|p1a: Meloetta|Close Combat|p2a: Kecleon","|-supereffective|p2a: Kecleon","|-damage|p2a: Kecleon|0 fnt","|-unboost|p1a: Meloetta|def|1","|-unboost|p1a: Meloetta|spd|1","|-damage|p1a: Meloetta|232/288|[from] item: Life Orb","|faint|p2a: Kecleon","|","|","|switch|p2a: Honchkrow|Honchkrow, L77, F|281/281","|-damage|p2a: Honchkrow|211/281|[from] Stealth Rock","|turn|15","|","|move|p1a: Meloetta|Close Combat|p2a: Honchkrow","|-damage|p2a: Honchkrow|0 fnt","|-unboost|p1a: Meloetta|def|1","|-unboost|p1a: Meloetta|spd|1","|-damage|p1a: Meloetta|204/288|[from] item: Life Orb","|faint|p2a: Honchkrow","|","|win|AuremJesus"],"p1rating":{"entryid":"117481","serverid":"eos","formatid":"randombattle","userid":"auremjesus","username":"AuremJesus","w":5,"l":"0","t":"0","gxe":67.4,"r":"1572.5671258289","rd":"118.67132803434","sigma":"0","rptime":"1440925200","rpr":1643.1859976955,"rprd":104.55695274056,"rpsigma":"0","acre":1131.2890657517,"lacre":1131.2890657517,"oldacre":"1114.2243089779"},"p2rating":{"entryid":648875,"formatid":"randombattle","userid":"jpioj","username":"jpioj","r":1500,"rd":130,"sigma":0,"rpr":1467.1437689309,"rprd":122.94588857003,"rpsigma":0,"rptime":1440925200,"w":0,"l":1,"t":0,"gxe":45.9,"acre":1000,"lacre":1000,"oldacre":1000},"endType":"normal"}