{"seed":[31443,5348,18595,49302],"turns":26,"p1":"jaoowolabi","p2":"Jaguarfire","p1team":[{"name":"Mothim","moves":["gigadrain","quiverdance","bugbuzz","airslash"],"ability":"Tinted Lens","evs":{"hp":81,"atk":85,"def":85,"spa":89,"spd":85,"spe":85},"ivs":{"hp":31,"atk":31,"def":31,"spa":31,"spd":31,"spe":31},"item":"Life Orb","level":83,"shiny":false},{"name":"Gothitelle","moves":["thunderbolt","calmmind","psychic","shadowball"],"ability":"Shadow Tag","evs":{"hp":85,"atk":85,"def":85,"spa":85,"spd":85,"spe":85},"ivs":{"hp":31,"atk":31,"def":31,"spa":31,"spd":31,"spe":31},"item":"Life Orb","level":77,"shiny":false},{"name":"Tangrowth","moves":["leechseed","synthesis","hiddenpowerfire","gigadrain"],"ability":"Regenerator","evs":{"hp":85,"atk":85,"def":85,"spa":85,"spd":85,"spe":85},"ivs":{"hp":31,"atk":30,"def":31,"spa":30,"spd":31,"spe":30},"item":"Leftovers","level":79,"shiny":false},{"name":"Audino","moves":["wish","protect","dazzlinggleam","healbell"],"ability":"Regenerator","evs":{"hp":85,"atk":85,"def":85,"spa":85,"spd":85,"spe":85},"ivs":{"hp":31,"atk":31,"def":31,"spa":31,"spd":31,"spe":31},"item":"Audinite","level":81,"shiny":false},{"name":"Yveltal","moves":["suckerpunch","foulplay","toxic","hurricane"],"ability":"Dark Aura","evs":{"hp":81,"atk":89,"def":85,"spa":85,"spd":85,"spe":85},"ivs":{"hp":31,"atk":31,"def":31,"spa":31,"spd":31,"spe":31},"item":"Leftovers","level":73,"shiny":false},{"name":"Gallade","moves":["zenheadbutt","knockoff","closecombat","icepunch"],"ability":"Justified","evs":{"hp":85,"atk":85,"def":85,"spa":85,"spd":85,"spe":85},"ivs":{"hp":31,"atk":31,"def":31,"spa":31,"spd":31,"spe":31},"item":"Choice Band","level":79,"shiny":false}],"p2team":[{"name":"Liepard","moves":["uturn","suckerpunch","thunderwave","darkpulse"],"ability":"Prankster","evs":{"hp":85,"atk":85,"def":85,"spa":85,"spd":85,"spe":85},"ivs":{"hp":31,"atk":31,"def":31,"spa":31,"spd":31,"spe":31},"item":"Life Orb","level":81,"shiny":false},{"name":"Clawitzer","moves":["waterpulse","darkpulse","uturn","aurasphere"],"ability":"Mega Launcher","evs":{"hp":85,"atk":85,"def":85,"spa":85,"spd":85,"spe":85},"ivs":{"hp":31,"atk":31,"def":31,"spa":31,"spd":31,"spe":31},"item":"Expert Belt","level":79,"shiny":false},{"name":"Forretress","moves":["spikes","stealthrock","rapidspin","gyroball"],"ability":"Sturdy","evs":{"hp":85,"atk":170,"def":85,"spa":85,"spd":85,"spe":0},"ivs":{"hp":31,"atk":31,"def":31,"spa":31,"spd":31,"spe":0},"item":"Leftovers","level":77,"shiny":false},{"name":"Kyurem-White","moves":["dracometeor","icebeam","fusionflare","earthpower"],"ability":"Turboblaze","evs":{"hp":85,"atk":85,"def":85,"spa":85,"spd":85,"spe":85},"ivs":{"hp":31,"atk":31,"def":31,"spa":31,"spd":31,"spe":31},"item":"Choice Scarf","level":73,"shiny":false},{"name":"Vileplume","moves":["gigadrain","aromatherapy","sleeppowder","synthesis"],"ability":"Effect Spore","evs":{"hp":85,"atk":85,"def":85,"spa":85,"spd":85,"spe":85},"ivs":{"hp":31,"atk":31,"def":31,"spa":31,"spd":31,"spe":31},"item":"Black Sludge","level":81,"shiny":false},{"name":"Landorus-Therian","moves":["earthquake","swordsdance","rockpolish","superpower"],"ability":"Intimidate","evs":{"hp":85,"atk":85,"def":85,"spa":85,"spd":85,"spe":85},"ivs":{"hp":31,"atk":31,"def":31,"spa":31,"spd":31,"spe":31},"item":"Leftovers","level":75,"shiny":false}],"log":["|player|p1|jaoowolabi|238","|player|p2|Jaguarfire|66","|gametype|singles","|gen|6","|tier|Random Battle","|rated","|rule|Sleep Clause Mod: Limit one foe put to sleep","|rule|HP Percentage Mod: HP is shown in percentages","|","|start","|switch|p1a: Mothim|Mothim, L83, M|251/251","|switch|p2a: Liepard|Liepard, L81, F|236/236","|turn|1","|","|move|p2a: Liepard|Thunder Wave|p1a: Mothim","|-status|p1a: Mothim|par","|move|p1a: Mothim|Quiver Dance|p1a: Mothim","|-boost|p1a: Mothim|spa|1","|-boost|p1a: Mothim|spd|1","|-boost|p1a: Mothim|spe|1","|","|turn|2","|","|move|p2a: Liepard|Dark Pulse|p1a: Mothim","|-damage|p1a: Mothim|157/251 par","|-damage|p2a: Liepard|213/236|[from] item: Life Orb","|cant|p1a: Mothim|par","|","|turn|3","|","|move|p2a: Liepard|Dark Pulse|p1a: Mothim","|-damage|p1a: Mothim|60/251 par","|-damage|p2a: Liepard|190/236|[from] item: Life Orb","|cant|p1a: Mothim|par","|","|turn|4","|","|move|p2a: Liepard|Dark Pulse|p1a: Mothim","|-damage|p1a: Mothim|0 fnt","|-damage|p2a: Liepard|167/236|[from] item: Life Orb","|faint|p1a: Mothim","|","|","|switch|p1a: Tangrowth|Tangrowth, L79, F|288/288","|turn|5","|","|move|p2a: Liepard|Thunder Wave|p1a: Tangrowth","|-status|p1a: Tangrowth|par","|move|p1a: Tangrowth|Leech Seed|p2a: Liepard","|-start|p2a: Liepard|move: Leech Seed","|","|-damage|p2a: Liepard|138/236|[from] Leech Seed|[of] p1a: Tangrowth","|turn|6","|","|move|p2a: Liepard|U-turn|p1a: Tangrowth","|-supereffective|p1a: Tangrowth","|-damage|p1a: Tangrowth|194/288 par","|-damage|p2a: Liepard|115/236|[from] item: Life Orb","|","|switch|p2a: Forretress|Forretress, L77, F|242/242","|move|p1a: Tangrowth|Giga Drain|p2a: Forretress","|-resisted|p2a: Forretress","|-damage|p2a: Forretress|215/242","|-heal|p1a: Tangrowth|208/288 par|[from] drain|[of] p2a: Forretress","|","|-heal|p2a: Forretress|230/242|[from] item: Leftovers","|-heal|p1a: Tangrowth|226/288 par|[from] item: Leftovers","|turn|7","|","|move|p2a: Forretress|Stealth Rock|p1a: Tangrowth","|-sidestart|p1: jaoowolabi|move: Stealth Rock","|move|p1a: Tangrowth|Hidden Power|p2a: Forretress","|-supereffective|p2a: Forretress","|-damage|p2a: Forretress|0 fnt","|faint|p2a: Forretress","|","|-heal|p1a: Tangrowth|244/288 par|[from] item: Leftovers","|","|switch|p2a: Kyurem-White|Kyurem-White, L73|303/303","|-ability|p2a: Kyurem-White|Turboblaze","|turn|8","|","|move|p2a: Kyurem-White|Ice Beam|p1a: Tangrowth","|-supereffective|p1a: Tangrowth","|-damage|p1a: Tangrowth|0 fnt","|faint|p1a: Tangrowth","|","|","|switch|p1a: Audino|Audino, L81, F|299/299","|-damage|p1a: Audino|262/299|[from] Stealth Rock","|turn|9","|","|switch|p2a: Liepard|Liepard, L81, F|115/236","|detailschange|p1a: Audino|Audino-Mega, L81, F","|-mega|p1a: Audino|Audino|Audinite","|move|p1a: Audino|Protect|p1a: Audino","|-fail|p1a: Audino","|","|turn|10","|","|move|p2a: Liepard|Thunder Wave|p1a: Audino","|-status|p1a: Audino|par","|cant|p1a: Audino|par","|","|turn|11","|","|move|p2a: Liepard|Dark Pulse|p1a: Audino","|-crit|p1a: Audino","|-resisted|p1a: Audino","|-damage|p1a: Audino|205/299 par","|-damage|p2a: Liepard|92/236|[from] item: Life Orb","|move|p1a: Audino|Heal Bell|p1a: Audino","|-cureteam|p1a: Audino|[from] move: HealBell","|","|turn|12","|","|move|p2a: Liepard|Thunder Wave|p1a: Audino","|-status|p1a: Audino|par","|move|p1a: Audino|Dazzling Gleam|p2a: Liepard","|-supereffective|p2a: Liepard","|-damage|p2a: Liepard|0 fnt","|faint|p2a: Liepard","|","|","|switch|p2a: Clawitzer|Clawitzer, L79, F|242/242","|turn|13","|","|move|p2a: Clawitzer|Water Pulse|p1a: Audino","|-damage|p1a: Audino|126/299 par","|-start|p1a: Audino|confusion","|-activate|p1a: Audino|confusion","|move|p1a: Audino|Wish|p1a: Audino","|","|turn|14","|","|move|p2a: Clawitzer|Water Pulse|p1a: Audino","|-damage|p1a: Audino|50/299 par","|-activate|p1a: Audino|confusion","|-damage|p1a: Audino|36/299 par|[from] confusion","|","|-heal|p1a: Audino|185/299 par|[from] move: Wish|[wisher] Audino","|turn|15","|","|move|p2a: Clawitzer|Water Pulse|p1a: Audino","|-damage|p1a: Audino|106/299 par","|-activate|p1a: Audino|confusion","|-damage|p1a: Audino|91/299 par|[from] confusion","|","|turn|16","|","|move|p2a: Clawitzer|Water Pulse|p1a: Audino","|-damage|p1a: Audino|10/299 par","|-activate|p1a: Audino|confusion","|cant|p1a: Audino|par","|","|turn|17","|","|-end|p1a: Audino|confusion","|move|p1a: Audino|Protect|p1a: Audino","|-singleturn|p1a: Audino|Protect","|move|p2a: Clawitzer|Water Pulse|p1a: Audino","|-activate|p1a: Audino|Protect","|","|turn|18","|","|move|p1a: Audino|Protect|p1a: Audino","|-fail|p1a: Audino","|move|p2a: Clawitzer|Water Pulse|p1a: Audino","|-damage|p1a: Audino|0 fnt","|faint|p1a: Audino","|","|","|switch|p1a: Gothitelle|Gothitelle, L77, F|234/234","|-damage|p1a: Gothitelle|205/234|[from] Stealth Rock","|turn|19","|","|move|p1a: Gothitelle|Calm Mind|p1a: Gothitelle","|-boost|p1a: Gothitelle|spa|1","|-boost|p1a: Gothitelle|spd|1","|move|p2a: Clawitzer|Dark Pulse|p1a: Gothitelle","|-supereffective|p1a: Gothitelle","|-damage|p1a: Gothitelle|85/234","|","|turn|20","|","|move|p1a: Gothitelle|Thunderbolt|p2a: Clawitzer","|-supereffective|p2a: Clawitzer","|-damage|p2a: Clawitzer|31/242","|-damage|p1a: Gothitelle|62/234|[from] item: Life Orb","|move|p2a: Clawitzer|Dark Pulse|p1a: Gothitelle","|-supereffective|p1a: Gothitelle","|-damage|p1a: Gothitelle|0 fnt","|faint|p1a: Gothitelle","|","|","|switch|p1a: Gallade|Gallade, L79, M|237/237","|-damage|p1a: Gallade|223/237|[from] Stealth Rock","|turn|21","|","|move|p1a: Gallade|Close Combat|p2a: Clawitzer","|-damage|p2a: Clawitzer|0 fnt","|-unboost|p1a: Gallade|def|1","|-unboost|p1a: Gallade|spd|1","|faint|p2a: Clawitzer","|","|","|switch|p2a: Kyurem-White|Kyurem-White, L73|303/303","|-ability|p2a: Kyurem-White|Turboblaze","|turn|22","|","|move|p2a: Kyurem-White|Draco Meteor|p1a: Gallade","|-damage|p1a: Gallade|4/237","|-unboost|p2a: Kyurem-White|spa|2","|move|p1a: Gallade|Close Combat|p2a: Kyurem-White","|-supereffective|p2a: Kyurem-White","|-damage|p2a: Kyurem-White|0 fnt","|-unboost|p1a: Gallade|def|1","|-unboost|p1a: Gallade|spd|1","|faint|p2a: Kyurem-White","|","|","|switch|p2a: Vileplume|Vileplume, L81, M|254/254","|turn|23","|","|move|p1a: Gallade|Close Combat|p2a: Vileplume","|-resisted|p2a: Vileplume","|-damage|p2a: Vileplume|147/254","|-unboost|p1a: Gallade|def|1","|-unboost|p1a: Gallade|spd|1","|move|p2a: Vileplume|Giga Drain|p1a: Gallade","|-damage|p1a: Gallade|0 fnt","|-heal|p2a: Vileplume|149/254|[from] drain|[of] p1a: Gallade","|faint|p1a: Gallade","|","|-heal|p2a: Vileplume|164/254|[from] item: Black Sludge","|","|switch|p1a: Yveltal|Yveltal, L73|304/304","|-damage|p1a: Yveltal|228/304|[from] Stealth Rock","|-ability|p1a: Yveltal|Dark Aura","|turn|24","|","|move|p1a: Yveltal|Hurricane|p2a: Vileplume","|-supereffective|p2a: Vileplume","|-damage|p2a: Vileplume|0 fnt","|faint|p2a: Vileplume","|","|-heal|p1a: Yveltal|247/304|[from] item: Leftovers","|","|switch|p2a: Landorus-Therian|Landorus-Therian, L75, M|257/257","|-ability|p2a: Landorus-Therian|Intimidate","|-unboost|p1a: Yveltal|atk|1","|turn|25","|","|move|p1a: Yveltal|Hurricane|p2a: Landorus-Therian","|-damage|p2a: Landorus-Therian|130/257","|move|p2a: Landorus-Therian|Swords Dance|p2a: Landorus-Therian","|-boost|p2a: Landorus-Therian|atk|2","|","|-heal|p1a: Yveltal|266/304|[from] item: Leftovers","|-heal|p2a: Landorus-Therian|146/257|[from] item: Leftovers","|turn|26","|","|move|p1a: Yveltal|Foul Play|p2a: Landorus-Therian","|-damage|p2a: Landorus-Therian|0 fnt","|faint|p2a: Landorus-Therian","|","|win|jaoowolabi"],"p1rating":{"entryid":"651559","serverid":"eos","formatid":"randombattle","userid":"jaoowolabi","username":"jaoowolabi","w":1,"l":"1","t":"0","gxe":50,"r":"1500","rd":"130","sigma":"0","rptime":"1440925200","rpr":1500,"rprd":116.77753930647,"rpsigma":"0","acre":1040,"lacre":1040,"oldacre":"1000"},"p2rating":{"entryid":651853,"formatid":"randombattle","userid":"jaguarfire","username":"Jaguarfire","r":1500,"rd":130,"sigma":0,"rpr":1459.8393856612,"rprd":122.8583080769,"rpsigma":0,"rptime":1440925200,"w":0,"l":1,"t":0,"gxe":45,"acre":1000,"lacre":1000,"oldacre":1000},"endType":"normal"}