{"seed":[51634,65000,50468,62831],"turns":17,"p1":"jaoowolabi","p2":"CrazyRavens","p1team":[{"name":"Wigglytuff","moves":["fireblast","dazzlinggleam","wish","hypervoice"],"ability":"Competitive","evs":{"hp":85,"atk":85,"def":85,"spa":85,"spd":85,"spe":85},"ivs":{"hp":31,"atk":31,"def":31,"spa":31,"spd":31,"spe":31},"item":"Life Orb","level":83,"shiny":false},{"name":"Absol","moves":["knockoff","swordsdance","suckerpunch","superpower"],"ability":"Justified","evs":{"hp":85,"atk":85,"def":85,"spa":85,"spd":85,"spe":85},"ivs":{"hp":31,"atk":31,"def":31,"spa":31,"spd":31,"spe":31},"item":"Absolite","level":77,"shiny":false},{"name":"Deoxys-Attack","moves":["stealthrock","knockoff","icebeam","psychoboost"],"ability":"Pressure","evs":{"hp":85,"atk":85,"def":85,"spa":85,"spd":85,"spe":85},"ivs":{"hp":31,"atk":31,"def":31,"spa":31,"spd":31,"spe":31},"item":"Life Orb","level":73,"shiny":false},{"name":"Spinda","moves":["suckerpunch","return","trickroom","superpower"],"ability":"Contrary","evs":{"hp":170,"atk":85,"def":85,"spa":85,"spd":85,"spe":0},"ivs":{"hp":31,"atk":31,"def":31,"spa":31,"spd":31,"spe":0},"item":"Life Orb","level":83,"shiny":false},{"name":"Donphan","moves":["stealthrock","knockoff","rapidspin","earthquake"],"ability":"Sturdy","evs":{"hp":85,"atk":85,"def":85,"spa":85,"spd":85,"spe":85},"ivs":{"hp":31,"atk":31,"def":31,"spa":31,"spd":31,"spe":31},"item":"Leftovers","level":77,"shiny":false},{"name":"Escavalier","moves":["swordsdance","ironhead","knockoff","megahorn"],"ability":"Overcoat","evs":{"hp":85,"atk":85,"def":85,"spa":85,"spd":85,"spe":85},"ivs":{"hp":31,"atk":31,"def":31,"spa":31,"spd":31,"spe":31},"item":"Life Orb","level":79,"shiny":false}],"p2team":[{"name":"Seaking","moves":["scald","megahorn","icebeam","drillrun"],"ability":"Lightning Rod","evs":{"hp":85,"atk":85,"def":85,"spa":85,"spd":85,"spe":85},"ivs":{"hp":31,"atk":31,"def":31,"spa":31,"spd":31,"spe":31},"item":"Expert Belt","level":83,"shiny":false},{"name":"Raticate","moves":["facade","flamewheel","protect","uturn"],"ability":"Guts","evs":{"hp":85,"atk":85,"def":85,"spa":85,"spd":85,"spe":85},"ivs":{"hp":31,"atk":31,"def":31,"spa":31,"spd":31,"spe":31},"item":"Toxic Orb","level":83,"shiny":false},{"name":"Chesnaught","moves":["drainpunch","spikyshield","woodhammer","synthesis"],"ability":"Bulletproof","evs":{"hp":85,"atk":85,"def":85,"spa":85,"spd":85,"spe":85},"ivs":{"hp":31,"atk":31,"def":31,"spa":31,"spd":31,"spe":31},"item":"Leftovers","level":77,"shiny":false},{"name":"Qwilfish","moves":["destinybond","taunt","thunderwave","waterfall"],"ability":"Intimidate","evs":{"hp":85,"atk":85,"def":85,"spa":85,"spd":85,"spe":85},"ivs":{"hp":31,"atk":31,"def":31,"spa":31,"spd":31,"spe":31},"item":"Black Sludge","level":79,"shiny":false},{"name":"Avalugg","moves":["rapidspin","roar","earthquake","avalanche"],"ability":"Sturdy","evs":{"hp":85,"atk":85,"def":85,"spa":85,"spd":85,"spe":85},"ivs":{"hp":31,"atk":31,"def":31,"spa":31,"spd":31,"spe":31},"item":"Leftovers","level":83,"shiny":false},{"name":"Escavalier","moves":["ironhead","megahorn","pursuit","knockoff"],"ability":"Overcoat","evs":{"hp":85,"atk":85,"def":85,"spa":85,"spd":85,"spe":85},"ivs":{"hp":31,"atk":31,"def":31,"spa":31,"spd":31,"spe":31},"item":"Choice Band","level":79,"shiny":false}],"log":["|player|p1|jaoowolabi|238","|player|p2|CrazyRavens|291","|gametype|singles","|gen|6","|tier|Random Battle","|rated","|rule|Sleep Clause Mod: Limit one foe put to sleep","|rule|HP Percentage Mod: HP is shown in percentages","|","|start","|switch|p1a: Wigglytuff|Wigglytuff, L83, F|368/368","|switch|p2a: Seaking|Seaking, L83, F|268/268","|turn|1","|","|move|p2a: Seaking|Drill Run|p1a: Wigglytuff","|-damage|p1a: Wigglytuff|277/368","|move|p1a: Wigglytuff|Hyper Voice|p2a: Seaking","|-damage|p2a: Seaking|147/268","|-damage|p1a: Wigglytuff|241/368|[from] item: Life Orb","|","|turn|2","|","|move|p2a: Seaking|Ice Beam|p1a: Wigglytuff","|-damage|p1a: Wigglytuff|169/368","|move|p1a: Wigglytuff|Dazzling Gleam|p2a: Seaking","|-damage|p2a: Seaking|37/268","|-damage|p1a: Wigglytuff|133/368|[from] item: Life Orb","|","|turn|3","|","|move|p2a: Seaking|Scald|p1a: Wigglytuff","|-damage|p1a: Wigglytuff|45/368","|move|p1a: Wigglytuff|Hyper Voice|p2a: Seaking","|-damage|p2a: Seaking|0 fnt","|-damage|p1a: Wigglytuff|9/368|[from] item: Life Orb","|faint|p2a: Seaking","|","|","|switch|p2a: Raticate|Raticate, L83, M|227/227","|turn|4","|","|move|p2a: Raticate|U-turn|p1a: Wigglytuff","|-resisted|p1a: Wigglytuff","|-damage|p1a: Wigglytuff|0 fnt","|faint|p1a: Wigglytuff","|","|switch|p2a: Qwilfish|Qwilfish, L79, M|232/232","|","|","|switch|p1a: Donphan|Donphan, L77, M|265/265","|turn|5","|","|move|p2a: Qwilfish|Waterfall|p1a: Donphan","|-supereffective|p1a: Donphan","|-damage|p1a: Donphan|133/265","|cant|p1a: Donphan|flinch","|","|-heal|p1a: Donphan|149/265|[from] item: Leftovers","|turn|6","|","|move|p2a: Qwilfish|Waterfall|p1a: Donphan","|-supereffective|p1a: Donphan","|-damage|p1a: Donphan|11/265","|move|p1a: Donphan|Earthquake|p2a: Qwilfish","|-supereffective|p2a: Qwilfish","|-damage|p2a: Qwilfish|0 fnt","|faint|p2a: Qwilfish","|","|-heal|p1a: Donphan|27/265|[from] item: Leftovers","|","|switch|p2a: Raticate|Raticate, L83, M|227/227","|turn|7","|","|move|p2a: Raticate|U-turn|p1a: Donphan","|-damage|p1a: Donphan|0 fnt","|faint|p1a: Donphan","|","|switch|p2a: Avalugg|Avalugg, L83, M|293/293","|","|","|switch|p1a: Escavalier|Escavalier, L79, M|240/240","|turn|8","|","|move|p2a: Avalugg|Earthquake|p1a: Escavalier","|-damage|p1a: Escavalier|161/240","|move|p1a: Escavalier|Iron Head|p2a: Avalugg","|-supereffective|p2a: Avalugg","|-damage|p2a: Avalugg|160/293","|-damage|p1a: Escavalier|137/240|[from] item: Life Orb","|","|-heal|p2a: Avalugg|178/293|[from] item: Leftovers","|turn|9","|","|move|p1a: Escavalier|Iron Head|p2a: Avalugg","|-supereffective|p2a: Avalugg","|-damage|p2a: Avalugg|22/293","|-damage|p1a: Escavalier|113/240|[from] item: Life Orb","|cant|p2a: Avalugg|flinch","|","|-heal|p2a: Avalugg|40/293|[from] item: Leftovers","|turn|10","|","|move|p1a: Escavalier|Knock Off|p2a: Avalugg","|-damage|p2a: Avalugg|0 fnt","|-enditem|p2a: Avalugg|Leftovers|[from] move: Knock Off|[of] p1a: Escavalier","|-damage|p1a: Escavalier|89/240|[from] item: Life Orb","|faint|p2a: Avalugg","|","|","|switch|p2a: Raticate|Raticate, L83, M|227/227","|turn|11","|","|move|p2a: Raticate|Flame Wheel|p1a: Escavalier","|-supereffective|p1a: Escavalier","|-damage|p1a: Escavalier|0 fnt","|faint|p1a: Escavalier","|","|-status|p2a: Raticate|tox|[from] item: Toxic Orb","|","|switch|p1a: Absol|Absol, L77, F|227/227","|turn|12","|","|detailschange|p1a: Absol|Absol-Mega, L77, F","|-mega|p1a: Absol|Absol|Absolite","|move|p2a: Raticate|Facade|p1a: Absol","|-damage|p1a: Absol|0 fnt","|faint|p1a: Absol","|","|-damage|p2a: Raticate|213/227 tox|[from] psn","|","|switch|p1a: Spinda|Spinda, L83, F|253/253","|turn|13","|","|move|p2a: Raticate|Facade|p1a: Spinda","|-damage|p1a: Spinda|9/253","|move|p1a: Spinda|Trick Room|p1a: Spinda","|-fieldstart|move: Trick Room|[of] p1a: Spinda","|","|-damage|p2a: Raticate|185/227 tox|[from] psn","|turn|14","|","|move|p2a: Raticate|Protect|p2a: Raticate","|-singleturn|p2a: Raticate|Protect","|move|p1a: Spinda|Superpower|p2a: Raticate","|-activate|p2a: Raticate|Protect","|","|-damage|p2a: Raticate|143/227 tox|[from] psn","|turn|15","|","|switch|p2a: Chesnaught|Chesnaught, L77, M|262/262","|move|p1a: Spinda|Superpower|p2a: Chesnaught","|-damage|p2a: Chesnaught|197/262","|-boost|p1a: Spinda|atk|1","|-boost|p1a: Spinda|def|1","|-damage|p1a: Spinda|0 fnt|[from] item: Life Orb","|faint|p1a: Spinda","|","|-heal|p2a: Chesnaught|213/262|[from] item: Leftovers","|","|switch|p1a: Deoxys-Attack|Deoxys-Attack, L73|193/193","|-ability|p1a: Deoxys-Attack|Pressure","|turn|16","|","|move|p2a: Chesnaught|Spiky Shield|p2a: Chesnaught","|-singleturn|p2a: Chesnaught|move: Protect","|move|p1a: Deoxys-Attack|Psycho Boost|p2a: Chesnaught","|-activate|p2a: Chesnaught|Protect","|","|-heal|p2a: Chesnaught|229/262|[from] item: Leftovers","|turn|17","|","|move|p2a: Chesnaught|Wood Hammer|p1a: Deoxys-Attack","|-damage|p1a: Deoxys-Attack|0 fnt","|-damage|p2a: Chesnaught|165/262|[from] recoil|[of] p1a: Deoxys-Attack","|faint|p1a: Deoxys-Attack","|","|win|CrazyRavens"],"p1rating":{"entryid":651559,"formatid":"randombattle","userid":"jaoowolabi","username":"jaoowolabi","r":1500,"rd":130,"sigma":0,"rpr":1459.8393856612,"rprd":122.8583080769,"rpsigma":0,"rptime":1440925200,"w":0,"l":1,"t":0,"gxe":45,"acre":1000,"lacre":1000,"oldacre":1000},"p2rating":{"entryid":651561,"formatid":"randombattle","userid":"crazyravens","username":"CrazyRavens","r":1500,"rd":130,"sigma":0,"rpr":1540.1606143388,"rprd":122.8583080769,"rpsigma":0,"rptime":1440925200,"w":1,"l":0,"t":0,"gxe":55,"acre":1040,"lacre":1040,"oldacre":1000},"endType":"normal"}