{"seed":[23454,39970,45165,16341],"turns":24,"p1":"Rate10","p2":"AuremJesus","p1team":[{"name":"Pinsir","moves":["quickattack","swordsdance","return","earthquake"],"ability":"Mold Breaker","evs":{"hp":81,"atk":89,"def":85,"spa":85,"spd":85,"spe":85},"ivs":{"hp":31,"atk":31,"def":31,"spa":31,"spd":31,"spe":31},"item":"Pinsirite","level":76,"shiny":false},{"name":"Wigglytuff","moves":["fireblast","protect","stealthrock","hypervoice"],"ability":"Competitive","evs":{"hp":85,"atk":85,"def":85,"spa":85,"spd":85,"spe":85},"ivs":{"hp":31,"atk":31,"def":31,"spa":31,"spd":31,"spe":31},"item":"Leftovers","level":83,"shiny":false},{"name":"Mew","moves":["batonpass","psyshock","nastyplot","earthpower"],"ability":"Synchronize","evs":{"hp":85,"atk":85,"def":85,"spa":85,"spd":85,"spe":85},"ivs":{"hp":31,"atk":31,"def":31,"spa":31,"spd":31,"spe":31},"item":"Leftovers","level":75,"shiny":false},{"name":"Talonflame","moves":["flareblitz","roost","tailwind","uturn"],"ability":"Gale Wings","evs":{"hp":85,"atk":85,"def":85,"spa":85,"spd":85,"spe":85},"ivs":{"hp":31,"atk":31,"def":31,"spa":31,"spd":31,"spe":31},"item":"Leftovers","level":75,"shiny":false},{"name":"Amoonguss","moves":["foulplay","stunspore","synthesis","clearsmog"],"ability":"Regenerator","evs":{"hp":85,"atk":85,"def":85,"spa":85,"spd":85,"spe":85},"ivs":{"hp":31,"atk":31,"def":31,"spa":31,"spd":31,"spe":31},"item":"Black Sludge","level":79,"shiny":false},{"name":"Tangrowth","moves":["rockslide","leechseed","sleeppowder","gigadrain"],"ability":"Regenerator","evs":{"hp":85,"atk":85,"def":85,"spa":85,"spd":85,"spe":85},"ivs":{"hp":31,"atk":31,"def":31,"spa":31,"spd":31,"spe":31},"item":"Leftovers","level":79,"shiny":false}],"p2team":[{"name":"Noivern","moves":["boomburst","hurricane","roost","switcheroo"],"ability":"Infiltrator","evs":{"hp":85,"atk":85,"def":85,"spa":85,"spd":85,"spe":85},"ivs":{"hp":31,"atk":31,"def":31,"spa":31,"spd":31,"spe":31},"item":"Choice Scarf","level":78,"shiny":false},{"name":"Virizion","moves":["calmmind","gigadrain","substitute","focusblast"],"ability":"Justified","evs":{"hp":85,"atk":85,"def":85,"spa":85,"spd":85,"spe":85},"ivs":{"hp":31,"atk":31,"def":31,"spa":31,"spd":31,"spe":31},"item":"Leftovers","level":79,"shiny":false},{"name":"Wigglytuff","moves":["wish","protect","hypervoice","stealthrock"],"ability":"Competitive","evs":{"hp":85,"atk":85,"def":85,"spa":85,"spd":85,"spe":85},"ivs":{"hp":31,"atk":31,"def":31,"spa":31,"spd":31,"spe":31},"item":"Leftovers","level":83,"shiny":false},{"name":"Luvdisc","moves":["icebeam","sweetkiss","scald","toxic"],"ability":"Hydration","evs":{"hp":85,"atk":85,"def":85,"spa":85,"spd":85,"spe":85},"ivs":{"hp":31,"atk":31,"def":31,"spa":31,"spd":31,"spe":31},"item":"Leftovers","level":83,"shiny":false},{"name":"Hoopa-Unbound","moves":["drainpunch","darkpulse","trick","gunkshot"],"ability":"Magician","evs":{"hp":85,"atk":85,"def":85,"spa":85,"spd":85,"spe":85},"ivs":{"hp":31,"atk":31,"def":31,"spa":31,"spd":31,"spe":31},"item":"Choice Scarf","level":75,"shiny":false},{"name":"Machamp","moves":["bulletpunch","icepunch","stoneedge","dynamicpunch"],"ability":"No Guard","evs":{"hp":85,"atk":85,"def":85,"spa":85,"spd":85,"spe":85},"ivs":{"hp":31,"atk":31,"def":31,"spa":31,"spd":31,"spe":31},"item":"Choice Band","level":77,"shiny":false}],"log":["|player|p1|Rate10|7","|player|p2|AuremJesus|161","|gametype|singles","|gen|6","|tier|Random Battle","|rated","|rule|Sleep Clause Mod: Limit one foe put to sleep","|rule|HP Percentage Mod: HP is shown in percentages","|","|start","|switch|p1a: Pinsir|Pinsir, L76, M|223/223","|switch|p2a: Noivern|Noivern, L78, M|261/261","|-ability|p1a: Pinsir|Mold Breaker","|turn|1","|","|switch|p1a: Wigglytuff|Wigglytuff, L83, F|368/368","|move|p2a: Noivern|Hurricane|p1a: Wigglytuff","|-damage|p1a: Wigglytuff|203/368","|-start|p1a: Wigglytuff|confusion","|","|-heal|p1a: Wigglytuff|226/368|[from] item: Leftovers","|turn|2","|","|switch|p2a: Wigglytuff|Wigglytuff, L83, F|368/368","|switch|p1a: Talonflame|Talonflame, L75, M|241/241","|","|turn|3","|","|move|p1a: Talonflame|U-turn|p2a: Wigglytuff","|-resisted|p2a: Wigglytuff","|-damage|p2a: Wigglytuff|342/368","|","|switch|p1a: Pinsir|Pinsir, L76, M|223/223","|-ability|p1a: Pinsir|Mold Breaker","|move|p2a: Wigglytuff|Stealth Rock|p1a: Pinsir","|-sidestart|p1: Rate10|move: Stealth Rock","|","|-heal|p2a: Wigglytuff|365/368|[from] item: Leftovers","|turn|4","|","|detailschange|p1a: Pinsir|Pinsir-Mega, L76, M","|-mega|p1a: Pinsir|Pinsir|Pinsirite","|move|p1a: Pinsir|Swords Dance|p1a: Pinsir","|-boost|p1a: Pinsir|atk|2","|move|p2a: Wigglytuff|Hyper Voice|p1a: Pinsir","|-damage|p1a: Pinsir|123/223","|","|-heal|p2a: Wigglytuff|368/368|[from] item: Leftovers","|turn|5","|","|move|p1a: Pinsir|Swords Dance|p1a: Pinsir","|-boost|p1a: Pinsir|atk|2","|move|p2a: Wigglytuff|Hyper Voice|p1a: Pinsir","|-damage|p1a: Pinsir|36/223","|","|turn|6","|","|move|p1a: Pinsir|Return|p2a: Wigglytuff","|-damage|p2a: Wigglytuff|0 fnt","|faint|p2a: Wigglytuff","|","|","|switch|p2a: Luvdisc|Luvdisc, L83, F|207/207","|turn|7","|","|move|p1a: Pinsir|Quick Attack|p2a: Luvdisc","|-damage|p2a: Luvdisc|0 fnt","|faint|p2a: Luvdisc","|","|","|switch|p2a: Machamp|Machamp, L77, M|265/265","|turn|8","|","|move|p1a: Pinsir|Quick Attack|p2a: Machamp","|-supereffective|p2a: Machamp","|-damage|p2a: Machamp|0 fnt","|faint|p2a: Machamp","|","|","|switch|p2a: Hoopa-Unbound|Hoopa-Unbound, L75|244/244","|turn|9","|","|move|p2a: Hoopa-Unbound|Dark Pulse|p1a: Pinsir","|-damage|p1a: Pinsir|0 fnt","|faint|p1a: Pinsir","|","|","|switch|p1a: Amoonguss|Amoonguss, L79, F|310/310","|-damage|p1a: Amoonguss|272/310|[from] Stealth Rock","|turn|10","|","|switch|p2a: Noivern|Noivern, L78, M|261/261","|move|p1a: Amoonguss|Stun Spore|p2a: Noivern|[miss]","|-miss|p1a: Amoonguss|p2a: Noivern","|","|-heal|p1a: Amoonguss|291/310|[from] item: Black Sludge","|turn|11","|","|move|p2a: Noivern|Hurricane|p1a: Amoonguss","|-supereffective|p1a: Amoonguss","|-damage|p1a: Amoonguss|51/310","|move|p1a: Amoonguss|Stun Spore|p2a: Noivern","|-status|p2a: Noivern|par","|","|-heal|p1a: Amoonguss|70/310|[from] item: Black Sludge","|turn|12","|","|move|p1a: Amoonguss|Synthesis|p1a: Amoonguss","|-heal|p1a: Amoonguss|225/310","|cant|p2a: Noivern|par","|","|-heal|p1a: Amoonguss|244/310|[from] item: Black Sludge","|turn|13","|","|move|p1a: Amoonguss|Foul Play|p2a: Noivern","|-damage|p2a: Noivern|206/261 par","|cant|p2a: Noivern|par","|","|-heal|p1a: Amoonguss|263/310|[from] item: Black Sludge","|turn|14","|","|move|p1a: Amoonguss|Foul Play|p2a: Noivern","|-crit|p2a: Noivern","|-damage|p2a: Noivern|124/261 par","|move|p2a: Noivern|Hurricane|p1a: Amoonguss","|-supereffective|p1a: Amoonguss","|-damage|p1a: Amoonguss|17/310","|","|-heal|p1a: Amoonguss|36/310|[from] item: Black Sludge","|turn|15","|","|move|p1a: Amoonguss|Synthesis|p1a: Amoonguss","|-heal|p1a: Amoonguss|191/310","|move|p2a: Noivern|Hurricane|p1a: Amoonguss|[miss]","|-miss|p2a: Noivern|p1a: Amoonguss","|","|-heal|p1a: Amoonguss|210/310|[from] item: Black Sludge","|turn|16","|","|move|p1a: Amoonguss|Foul Play|p2a: Noivern","|-damage|p2a: Noivern|73/261 par","|cant|p2a: Noivern|par","|","|-heal|p1a: Amoonguss|229/310|[from] item: Black Sludge","|turn|17","|","|move|p1a: Amoonguss|Foul Play|p2a: Noivern","|-damage|p2a: Noivern|24/261 par","|cant|p2a: Noivern|par","|","|-heal|p1a: Amoonguss|248/310|[from] item: Black Sludge","|turn|18","|","|move|p1a: Amoonguss|Foul Play|p2a: Noivern","|-crit|p2a: Noivern","|-damage|p2a: Noivern|0 fnt","|faint|p2a: Noivern","|","|-heal|p1a: Amoonguss|267/310|[from] item: Black Sludge","|","|switch|p2a: Virizion|Virizion, L79|273/273","|turn|19","|","|move|p2a: Virizion|Substitute|p2a: Virizion","|-start|p2a: Virizion|Substitute","|-damage|p2a: Virizion|205/273","|move|p1a: Amoonguss|Stun Spore|p2a: Virizion","|-immune|p2a: Virizion|[msg]","|","|-heal|p2a: Virizion|222/273|[from] item: Leftovers","|-heal|p1a: Amoonguss|286/310|[from] item: Black Sludge","|turn|20","|","|switch|p1a: Mew|Mew, L75|274/274","|-damage|p1a: Mew|240/274|[from] Stealth Rock","|move|p2a: Virizion|Calm Mind|p2a: Virizion","|-boost|p2a: Virizion|spa|1","|-boost|p2a: Virizion|spd|1","|","|-heal|p2a: Virizion|239/273|[from] item: Leftovers","|-heal|p1a: Mew|257/274|[from] item: Leftovers","|turn|21","|","|move|p2a: Virizion|Giga Drain|p1a: Mew","|-damage|p1a: Mew|157/274","|-heal|p2a: Virizion|273/273|[from] drain|[of] p1a: Mew","|move|p1a: Mew|Psyshock|p2a: Virizion","|-supereffective|p2a: Virizion","|-end|p2a: Virizion|Substitute","|","|-heal|p1a: Mew|174/274|[from] item: Leftovers","|turn|22","|","|move|p2a: Virizion|Calm Mind|p2a: Virizion","|-boost|p2a: Virizion|spa|1","|-boost|p2a: Virizion|spd|1","|move|p1a: Mew|Psyshock|p2a: Virizion","|-crit|p2a: Virizion","|-supereffective|p2a: Virizion","|-damage|p2a: Virizion|31/273","|","|-heal|p2a: Virizion|48/273|[from] item: Leftovers","|-heal|p1a: Mew|191/274|[from] item: Leftovers","|turn|23","|","|move|p2a: Virizion|Giga Drain|p1a: Mew","|-damage|p1a: Mew|49/274","|-heal|p2a: Virizion|119/273|[from] drain|[of] p1a: Mew","|move|p1a: Mew|Psyshock|p2a: Virizion","|-supereffective|p2a: Virizion","|-damage|p2a: Virizion|0 fnt","|faint|p2a: Virizion","|","|-heal|p1a: Mew|66/274|[from] item: Leftovers","|","|switch|p2a: Hoopa-Unbound|Hoopa-Unbound, L75|244/244","|turn|24","|","|win|AuremJesus"],"p1rating":{"entryid":648751,"formatid":"randombattle","userid":"rate10","username":"Rate10","r":1500,"rd":130,"sigma":0,"rpr":1467.1437689309,"rprd":122.94588857003,"rpsigma":0,"rptime":1440925200,"w":0,"l":1,"t":0,"gxe":45.9,"acre":1000,"lacre":1000,"oldacre":1000},"p2rating":{"entryid":"117481","serverid":"eos","formatid":"randombattle","userid":"auremjesus","username":"AuremJesus","w":4,"l":"0","t":"0","gxe":65.2,"r":"1572.5671258289","rd":"118.67132803434","sigma":"0","rptime":"1440925200","rpr":1623.4402807981,"rprd":108.68822472222,"rpsigma":"0","acre":1114.2243089779,"lacre":1114.2243089779,"oldacre":"1095.4197908407"},"endType":"forfeit"}