{"seed":[2998,63772,10975,23796],"turns":15,"p1":"LexiLynn","p2":"Twizz","p1team":[{"name":"Swoobat","moves":["calmmind","roost","storedpower","heatwave"],"ability":"Simple","evs":{"hp":85,"atk":85,"def":85,"spa":85,"spd":85,"spe":85},"ivs":{"hp":31,"atk":31,"def":31,"spa":31,"spd":31,"spe":31},"item":"Focus Sash","level":83,"shiny":false},{"name":"Rhyperior","moves":["dragontail","stealthrock","earthquake","stoneedge"],"ability":"Solid Rock","evs":{"hp":85,"atk":85,"def":85,"spa":85,"spd":85,"spe":85},"ivs":{"hp":31,"atk":31,"def":31,"spa":31,"spd":31,"spe":31},"item":"Leftovers","level":79,"shiny":false},{"name":"Pinsir","moves":["closecombat","quickattack","swordsdance","earthquake"],"ability":"Mold Breaker","evs":{"hp":81,"atk":89,"def":85,"spa":85,"spd":85,"spe":85},"ivs":{"hp":31,"atk":31,"def":31,"spa":31,"spd":31,"spe":31},"item":"Pinsirite","level":76,"shiny":false},{"name":"Mewtwo","moves":["icebeam","calmmind","recover","psystrike"],"ability":"Pressure","evs":{"hp":85,"atk":85,"def":85,"spa":85,"spd":85,"spe":85},"ivs":{"hp":31,"atk":31,"def":31,"spa":31,"spd":31,"spe":31},"item":"Leftovers","level":73,"shiny":false},{"name":"Sceptile","moves":["hiddenpowerfire","focusblast","gigadrain","substitute"],"ability":"Unburden","evs":{"hp":85,"atk":85,"def":85,"spa":85,"spd":85,"spe":85},"ivs":{"hp":31,"atk":30,"def":31,"spa":30,"spd":31,"spe":30},"item":"Sitrus Berry","level":79,"shiny":false},{"name":"Sandslash","moves":["toxic","stealthrock","rapidspin","earthquake"],"ability":"Sand Rush","evs":{"hp":85,"atk":85,"def":85,"spa":85,"spd":85,"spe":85},"ivs":{"hp":31,"atk":31,"def":31,"spa":31,"spd":31,"spe":31},"item":"Leftovers","level":81,"shiny":false}],"p2team":[{"name":"Poliwrath","moves":["scald","focusblast","raindance","icebeam"],"ability":"Swift Swim","evs":{"hp":85,"atk":85,"def":85,"spa":85,"spd":85,"spe":85},"ivs":{"hp":31,"atk":31,"def":31,"spa":31,"spd":31,"spe":31},"item":"Damp Rock","level":81,"shiny":false},{"name":"Liepard","moves":["suckerpunch","uturn","encore","thunderwave"],"ability":"Prankster","evs":{"hp":85,"atk":85,"def":85,"spa":85,"spd":85,"spe":85},"ivs":{"hp":31,"atk":31,"def":31,"spa":31,"spd":31,"spe":31},"item":"Leftovers","level":81,"shiny":false},{"name":"Emboar","moves":["wildcharge","suckerpunch","flareblitz","stoneedge"],"ability":"Reckless","evs":{"hp":85,"atk":85,"def":85,"spa":85,"spd":85,"spe":85},"ivs":{"hp":31,"atk":31,"def":31,"spa":31,"spd":31,"spe":31},"item":"Life Orb","level":79,"shiny":false},{"name":"Heliolisk","moves":["voltswitch","thunderbolt","surf","darkpulse"],"ability":"Dry Skin","evs":{"hp":85,"atk":85,"def":85,"spa":85,"spd":85,"spe":85},"ivs":{"hp":31,"atk":31,"def":31,"spa":31,"spd":31,"spe":31},"item":"Choice Specs","level":77,"shiny":false},{"name":"Kingdra","moves":["raindance","waterfall","dracometeor","ironhead"],"ability":"Swift Swim","evs":{"hp":85,"atk":85,"def":85,"spa":85,"spd":85,"spe":85},"ivs":{"hp":31,"atk":31,"def":31,"spa":31,"spd":31,"spe":31},"item":"Damp Rock","level":78,"shiny":false},{"name":"Cloyster","moves":["iceshard","rapidspin","iciclespear","hydropump"],"ability":"Skill Link","evs":{"hp":81,"atk":89,"def":85,"spa":85,"spd":85,"spe":85},"ivs":{"hp":31,"atk":31,"def":31,"spa":31,"spd":31,"spe":31},"item":"Assault Vest","level":77,"shiny":false}],"log":["|player|p1|LexiLynn|lexilynn.gif","|player|p2|Twizz|264","|gametype|singles","|gen|6","|tier|Random Battle","|rated","|rule|Sleep Clause Mod: Limit one foe put to sleep","|rule|HP Percentage Mod: HP is shown in percentages","|","|start","|switch|p1a: Swoobat|Swoobat, L83, F|247/247","|switch|p2a: Poliwrath|Poliwrath, L81, M|278/278","|turn|1","|","|switch|p1a: Sceptile|Sceptile, L79, M|240/240","|move|p2a: Poliwrath|Rain Dance|p2a: Poliwrath","|-weather|RainDance","|","|-weather|RainDance|[upkeep]","|turn|2","|","|move|p2a: Poliwrath|Ice Beam|p1a: Sceptile","|-supereffective|p1a: Sceptile","|-damage|p1a: Sceptile|140/240","|move|p1a: Sceptile|Giga Drain|p2a: Poliwrath","|-supereffective|p2a: Poliwrath","|-damage|p2a: Poliwrath|132/278","|-heal|p1a: Sceptile|213/240|[from] drain|[of] p2a: Poliwrath","|","|-weather|RainDance|[upkeep]","|turn|3","|","|switch|p2a: Liepard|Liepard, L81, M|236/236","|move|p1a: Sceptile|Giga Drain|p2a: Liepard","|-damage|p2a: Liepard|112/236","|-heal|p1a: Sceptile|240/240|[from] drain|[of] p2a: Liepard","|","|-weather|RainDance|[upkeep]","|-heal|p2a: Liepard|126/236|[from] item: Leftovers","|turn|4","|","|move|p2a: Liepard|Thunder Wave|p1a: Sceptile","|-status|p1a: Sceptile|par","|move|p1a: Sceptile|Focus Blast|p2a: Liepard","|-supereffective|p2a: Liepard","|-damage|p2a: Liepard|0 fnt","|faint|p2a: Liepard","|","|-weather|RainDance|[upkeep]","|","|switch|p2a: Kingdra|Kingdra, L78, M|245/245","|turn|5","|","|switch|p1a: Rhyperior|Rhyperior, L79, M|311/311","|move|p2a: Kingdra|Iron Head|p1a: Rhyperior","|-crit|p1a: Rhyperior","|-supereffective|p1a: Rhyperior","|-damage|p1a: Rhyperior|217/311","|","|-weather|RainDance|[upkeep]","|-heal|p1a: Rhyperior|236/311|[from] item: Leftovers","|turn|6","|","|move|p2a: Kingdra|Waterfall|p1a: Rhyperior","|-supereffective|p1a: Rhyperior","|-damage|p1a: Rhyperior|0 fnt","|faint|p1a: Rhyperior","|","|-weather|RainDance|[upkeep]","|","|switch|p1a: Mewtwo|Mewtwo, L73|275/275","|-ability|p1a: Mewtwo|Pressure","|turn|7","|","|move|p2a: Kingdra|Draco Meteor|p1a: Mewtwo","|-crit|p1a: Mewtwo","|-damage|p1a: Mewtwo|80/275","|-unboost|p2a: Kingdra|spa|2","|move|p1a: Mewtwo|Psystrike|p2a: Kingdra","|-damage|p2a: Kingdra|121/245","|","|-weather|RainDance|[upkeep]","|-heal|p1a: Mewtwo|97/275|[from] item: Leftovers","|turn|8","|","|move|p2a: Kingdra|Waterfall|p1a: Mewtwo","|-damage|p1a: Mewtwo|0 fnt","|faint|p1a: Mewtwo","|","|-weather|none","|","|switch|p1a: Sandslash|Sandslash, L81, F|254/254","|turn|9","|","|move|p2a: Kingdra|Rain Dance|p2a: Kingdra","|-weather|RainDance","|move|p1a: Sandslash|Earthquake|p2a: Kingdra","|-crit|p2a: Kingdra","|-damage|p2a: Kingdra|0 fnt","|faint|p2a: Kingdra","|","|-weather|RainDance|[upkeep]","|","|switch|p2a: Poliwrath|Poliwrath, L81, M|132/278","|turn|10","|","|move|p2a: Poliwrath|Scald|p1a: Sandslash","|-supereffective|p1a: Sandslash","|-damage|p1a: Sandslash|0 fnt","|faint|p1a: Sandslash","|","|-weather|RainDance|[upkeep]","|","|switch|p1a: Sceptile|Sceptile, L79, M|240/240 par","|turn|11","|","|move|p2a: Poliwrath|Ice Beam|p1a: Sceptile","|-supereffective|p1a: Sceptile","|-damage|p1a: Sceptile|146/240 par","|cant|p1a: Sceptile|par","|","|-weather|RainDance|[upkeep]","|turn|12","|","|move|p2a: Poliwrath|Ice Beam|p1a: Sceptile","|-supereffective|p1a: Sceptile","|-damage|p1a: Sceptile|48/240 par","|-enditem|p1a: Sceptile|Sitrus Berry|[eat]","|-heal|p1a: Sceptile|108/240 par|[from] item: Sitrus Berry","|move|p1a: Sceptile|Giga Drain|p2a: Poliwrath","|-supereffective|p2a: Poliwrath","|-damage|p2a: Poliwrath|0 fnt","|-heal|p1a: Sceptile|174/240 par|[from] drain|[of] p2a: Poliwrath","|faint|p2a: Poliwrath","|","|-weather|RainDance|[upkeep]","|","|switch|p2a: Cloyster|Cloyster, L77, M|203/203","|turn|13","|","|move|p2a: Cloyster|Icicle Spear|p1a: Sceptile","|-supereffective|p1a: Sceptile","|-damage|p1a: Sceptile|118/240 par","|-supereffective|p1a: Sceptile","|-damage|p1a: Sceptile|56/240 par","|-supereffective|p1a: Sceptile","|-damage|p1a: Sceptile|0 fnt","|-hitcount|p1a: Sceptile|3","|faint|p1a: Sceptile","|","|-weather|RainDance|[upkeep]","|","|switch|p1a: Pinsir|Pinsir, L76, F|223/223","|-ability|p1a: Pinsir|Mold Breaker","|turn|14","|","|detailschange|p1a: Pinsir|Pinsir-Mega, L76, F","|-mega|p1a: Pinsir|Pinsir|Pinsirite","|move|p1a: Pinsir|Close Combat|p2a: Cloyster","|-supereffective|p2a: Cloyster","|-damage|p2a: Cloyster|79/203","|-unboost|p1a: Pinsir|def|1","|-unboost|p1a: Pinsir|spd|1","|move|p2a: Cloyster|Icicle Spear|p1a: Pinsir","|-crit|p1a: Pinsir","|-supereffective|p1a: Pinsir","|-damage|p1a: Pinsir|131/223","|-supereffective|p1a: Pinsir","|-damage|p1a: Pinsir|69/223","|-supereffective|p1a: Pinsir","|-damage|p1a: Pinsir|13/223","|-supereffective|p1a: Pinsir","|-damage|p1a: Pinsir|0 fnt","|-hitcount|p1a: Pinsir|4","|faint|p1a: Pinsir","|","|-weather|RainDance|[upkeep]","|","|switch|p1a: Swoobat|Swoobat, L83, F|247/247","|turn|15","|","|move|p1a: Swoobat|Stored Power|p2a: Cloyster","|-damage|p2a: Cloyster|57/203","|move|p2a: Cloyster|Icicle Spear|p1a: Swoobat","|-supereffective|p1a: Swoobat","|-damage|p1a: Swoobat|179/247","|-supereffective|p1a: Swoobat","|-damage|p1a: Swoobat|113/247","|-supereffective|p1a: Swoobat","|-damage|p1a: Swoobat|47/247","|-supereffective|p1a: Swoobat","|-damage|p1a: Swoobat|0 fnt","|-hitcount|p1a: Swoobat|4","|faint|p1a: Swoobat","|","|win|Twizz"],"p1rating":{"entryid":"558092","serverid":"eos","formatid":"randombattle","userid":"lexilynn","username":"Lexi_Lynn","w":"8","l":6,"t":"0","gxe":54.3,"r":"1499.6970593034","rd":"93.287541119572","sigma":"0","rptime":"1440925200","rpr":1533.3399778501,"rprd":79.570329942348,"rpsigma":"0","acre":1087.7358026519,"lacre":1087.7358026519,"oldacre":"1121.1140066486"},"p2rating":{"entryid":665017,"formatid":"randombattle","userid":"twizz","username":"Twizz","r":1500,"rd":130,"sigma":0,"rpr":1541.2873661193,"rprd":122.36303018119,"rpsigma":0,"rptime":1440925200,"w":1,"l":0,"t":0,"gxe":55.2,"acre":1053.4051263948,"lacre":1053.4051263948,"oldacre":1000},"endType":"normal"}