{"seed":[26536,61707,32529,8102],"turns":32,"p1":"GrassyLeafeon","p2":"Black Ops Zombies","p1team":[{"name":"Linoone","moves":["shadowclaw","extremespeed","bellydrum","seedbomb"],"ability":"Quick Feet","evs":{"hp":81,"atk":89,"def":85,"spa":85,"spd":85,"spe":85},"ivs":{"hp":31,"atk":31,"def":31,"spa":31,"spd":31,"spe":31},"item":"Sitrus Berry","level":83,"shiny":false},{"name":"Hydreigon","moves":["roost","uturn","flashcannon","dragonpulse"],"ability":"Levitate","evs":{"hp":85,"atk":85,"def":85,"spa":85,"spd":85,"spe":85},"ivs":{"hp":31,"atk":31,"def":31,"spa":31,"spd":31,"spe":31},"item":"Life Orb","level":77,"shiny":false},{"name":"Lilligant","moves":["healingwish","quiverdance","petaldance","hiddenpowerfire"],"ability":"Own Tempo","evs":{"hp":85,"atk":85,"def":85,"spa":85,"spd":85,"spe":85},"ivs":{"hp":31,"atk":30,"def":31,"spa":30,"spd":31,"spe":30},"item":"Leftovers","level":81,"shiny":false},{"name":"Garbodor","moves":["spikes","painsplit","toxic","gunkshot"],"ability":"Aftermath","evs":{"hp":85,"atk":85,"def":85,"spa":85,"spd":85,"spe":85},"ivs":{"hp":31,"atk":31,"def":31,"spa":31,"spd":31,"spe":31},"item":"Black Sludge","level":81,"shiny":false},{"name":"Ninjask","moves":["batonpass","substitute","xscissor","protect"],"ability":"Speed Boost","evs":{"hp":85,"atk":85,"def":85,"spa":85,"spd":85,"spe":85},"ivs":{"hp":31,"atk":31,"def":31,"spa":31,"spd":31,"spe":31},"item":"Leftovers","level":83,"shiny":false},{"name":"Bisharp","moves":["suckerpunch","brickbreak","swordsdance","substitute"],"ability":"Defiant","evs":{"hp":85,"atk":85,"def":85,"spa":85,"spd":85,"spe":85},"ivs":{"hp":31,"atk":31,"def":31,"spa":31,"spd":31,"spe":31},"item":"Leftovers","level":75,"shiny":false}],"p2team":[{"name":"Simisage","moves":["nastyplot","gigadrain","substitute","focusblast"],"ability":"Overgrow","evs":{"hp":85,"atk":85,"def":85,"spa":85,"spd":85,"spe":85},"ivs":{"hp":31,"atk":31,"def":31,"spa":31,"spd":31,"spe":31},"item":"Leftovers","level":83,"shiny":false},{"name":"Swoobat","moves":["heatwave","roost","substitute","airslash"],"ability":"Unaware","evs":{"hp":85,"atk":85,"def":85,"spa":85,"spd":85,"spe":85},"ivs":{"hp":31,"atk":31,"def":31,"spa":31,"spd":31,"spe":31},"item":"Leftovers","level":83,"shiny":false},{"name":"Darkrai","moves":["substitute","darkvoid","darkpulse","focusblast"],"ability":"Bad Dreams","evs":{"hp":85,"atk":85,"def":85,"spa":85,"spd":85,"spe":85},"ivs":{"hp":31,"atk":31,"def":31,"spa":31,"spd":31,"spe":31},"item":"Leftovers","level":73,"shiny":false},{"name":"Bisharp","moves":["knockoff","brickbreak","swordsdance","suckerpunch"],"ability":"Defiant","evs":{"hp":85,"atk":85,"def":85,"spa":85,"spd":85,"spe":85},"ivs":{"hp":31,"atk":31,"def":31,"spa":31,"spd":31,"spe":31},"item":"Life Orb","level":75,"shiny":false},{"name":"Ampharos","moves":["thunderbolt","dragonpulse","agility","focusblast"],"ability":"Static","evs":{"hp":85,"atk":85,"def":85,"spa":85,"spd":85,"spe":85},"ivs":{"hp":31,"atk":31,"def":31,"spa":31,"spd":31,"spe":31},"item":"Ampharosite","level":77,"shiny":false},{"name":"Hippowdon","moves":["slackoff","whirlwind","stoneedge","earthquake"],"ability":"Sand Stream","evs":{"hp":85,"atk":85,"def":85,"spa":85,"spd":85,"spe":85},"ivs":{"hp":31,"atk":31,"def":31,"spa":31,"spd":31,"spe":31},"item":"Leftovers","level":75,"shiny":false}],"log":["|player|p1|GrassyLeafeon|grassyleafeon.png","|player|p2|Black Ops Zombies|238","|gametype|singles","|gen|6","|tier|Random Battle","|rated","|rule|Sleep Clause Mod: Limit one foe put to sleep","|rule|HP Percentage Mod: HP is shown in percentages","|","|start","|switch|p1a: Linoone|Linoone, L83, M|264/264","|switch|p2a: Simisage|Simisage, L83, M|260/260","|turn|1","|","|switch|p1a: Bisharp|Bisharp, L75, F|221/221","|move|p2a: Simisage|Focus Blast|p1a: Bisharp|[miss]","|-miss|p2a: Simisage|p1a: Bisharp","|","|turn|2","|","|move|p2a: Simisage|Focus Blast|p1a: Bisharp|[miss]","|-miss|p2a: Simisage|p1a: Bisharp","|move|p1a: Bisharp|Substitute|p1a: Bisharp","|-start|p1a: Bisharp|Substitute","|-damage|p1a: Bisharp|166/221","|","|-heal|p1a: Bisharp|179/221|[from] item: Leftovers","|turn|3","|","|move|p2a: Simisage|Focus Blast|p1a: Bisharp","|-supereffective|p1a: Bisharp","|-end|p1a: Bisharp|Substitute","|move|p1a: Bisharp|Swords Dance|p1a: Bisharp","|-boost|p1a: Bisharp|atk|2","|","|-heal|p1a: Bisharp|192/221|[from] item: Leftovers","|turn|4","|","|move|p1a: Bisharp|Sucker Punch|p2a: Simisage","|-fail|p1a: Bisharp","|move|p2a: Simisage|Substitute|p2a: Simisage","|-start|p2a: Simisage|Substitute","|-damage|p2a: Simisage|195/260","|","|-heal|p2a: Simisage|211/260|[from] item: Leftovers","|-heal|p1a: Bisharp|205/221|[from] item: Leftovers","|turn|5","|","|move|p1a: Bisharp|Sucker Punch|p2a: Simisage","|-end|p2a: Simisage|Substitute","|move|p2a: Simisage|Focus Blast|p1a: Bisharp","|-supereffective|p1a: Bisharp","|-damage|p1a: Bisharp|0 fnt","|faint|p1a: Bisharp","|","|-heal|p2a: Simisage|227/260|[from] item: Leftovers","|","|switch|p1a: Lilligant|Lilligant, L81, F|246/246","|turn|6","|","|move|p2a: Simisage|Nasty Plot|p2a: Simisage","|-boost|p2a: Simisage|spa|2","|move|p1a: Lilligant|Quiver Dance|p1a: Lilligant","|-boost|p1a: Lilligant|spa|1","|-boost|p1a: Lilligant|spd|1","|-boost|p1a: Lilligant|spe|1","|","|-heal|p2a: Simisage|243/260|[from] item: Leftovers","|turn|7","|","|move|p1a: Lilligant|Hidden Power|p2a: Simisage","|-supereffective|p2a: Simisage","|-damage|p2a: Simisage|81/260","|move|p2a: Simisage|Giga Drain|p1a: Lilligant","|-resisted|p1a: Lilligant","|-damage|p1a: Lilligant|151/246","|-heal|p2a: Simisage|129/260|[from] drain|[of] p1a: Lilligant","|","|-heal|p1a: Lilligant|166/246|[from] item: Leftovers","|-heal|p2a: Simisage|145/260|[from] item: Leftovers","|turn|8","|","|move|p1a: Lilligant|Hidden Power|p2a: Simisage","|-supereffective|p2a: Simisage","|-damage|p2a: Simisage|0 fnt","|faint|p2a: Simisage","|","|-heal|p1a: Lilligant|181/246|[from] item: Leftovers","|","|switch|p2a: Ampharos|Ampharos, L77, F|265/265","|turn|9","|","|detailschange|p2a: Ampharos|Ampharos-Mega, L77, F","|-mega|p2a: Ampharos|Ampharos|Ampharosite","|-ability|p2a: Ampharos|Mold Breaker","|move|p1a: Lilligant|Petal Dance|p2a: Ampharos","|-resisted|p2a: Ampharos","|-damage|p2a: Ampharos|174/265","|move|p2a: Ampharos|Dragon Pulse|p1a: Lilligant","|-damage|p1a: Lilligant|96/246","|","|-heal|p1a: Lilligant|111/246|[from] item: Leftovers","|turn|10","|","|move|p1a: Lilligant|Petal Dance|p2a: Ampharos|[from]lockedmove","|-resisted|p2a: Ampharos","|-damage|p2a: Ampharos|90/265","|move|p2a: Ampharos|Dragon Pulse|p1a: Lilligant","|-damage|p1a: Lilligant|15/246","|","|-heal|p1a: Lilligant|30/246|[from] item: Leftovers","|turn|11","|","|move|p1a: Lilligant|Petal Dance|p2a: Ampharos|[from]lockedmove","|-resisted|p2a: Ampharos","|-damage|p2a: Ampharos|0 fnt","|-immune|p1a: Lilligant|confusion","|faint|p2a: Ampharos","|","|-heal|p1a: Lilligant|45/246|[from] item: Leftovers","|","|switch|p2a: Bisharp|Bisharp, L75, F|221/221","|turn|12","|","|move|p2a: Bisharp|Sucker Punch|p1a: Lilligant","|-damage|p1a: Lilligant|0 fnt","|-damage|p2a: Bisharp|199/221|[from] item: Life Orb","|faint|p1a: Lilligant","|","|","|switch|p1a: Hydreigon|Hydreigon, L77, F|268/268","|turn|13","|","|move|p1a: Hydreigon|Flash Cannon|p2a: Bisharp","|-resisted|p2a: Bisharp","|-damage|p2a: Bisharp|152/221","|-damage|p1a: Hydreigon|242/268|[from] item: Life Orb","|move|p2a: Bisharp|Brick Break|p1a: Hydreigon","|-supereffective|p1a: Hydreigon","|-damage|p1a: Hydreigon|102/268","|-damage|p2a: Bisharp|130/221|[from] item: Life Orb","|","|turn|14","|","|move|p1a: Hydreigon|Flash Cannon|p2a: Bisharp","|-resisted|p2a: Bisharp","|-damage|p2a: Bisharp|78/221","|-damage|p1a: Hydreigon|76/268|[from] item: Life Orb","|move|p2a: Bisharp|Brick Break|p1a: Hydreigon","|-supereffective|p1a: Hydreigon","|-damage|p1a: Hydreigon|0 fnt","|-damage|p2a: Bisharp|56/221|[from] item: Life Orb","|faint|p1a: Hydreigon","|","|","|switch|p1a: Ninjask|Ninjask, L83, F|237/237","|turn|15","|","|move|p1a: Ninjask|X-Scissor|p2a: Bisharp","|-damage|p2a: Bisharp|0 fnt","|faint|p2a: Bisharp","|","|-boost|p1a: Ninjask|spe|1|[from] ability: Speed Boost","|","|switch|p2a: Swoobat|Swoobat, L83, M|247/247","|turn|16","|","|move|p1a: Ninjask|X-Scissor|p2a: Swoobat","|-damage|p2a: Swoobat|136/247","|move|p2a: Swoobat|Heat Wave|p1a: Ninjask","|-supereffective|p1a: Ninjask","|-damage|p1a: Ninjask|65/237","|","|-heal|p1a: Ninjask|79/237|[from] item: Leftovers","|-heal|p2a: Swoobat|151/247|[from] item: Leftovers","|-boost|p1a: Ninjask|spe|1|[from] ability: Speed Boost","|turn|17","|","|move|p1a: Ninjask|X-Scissor|p2a: Swoobat","|-damage|p2a: Swoobat|31/247","|move|p2a: Swoobat|Air Slash|p1a: Ninjask|[miss]","|-miss|p2a: Swoobat|p1a: Ninjask","|","|-heal|p1a: Ninjask|93/237|[from] item: Leftovers","|-heal|p2a: Swoobat|46/247|[from] item: Leftovers","|-boost|p1a: Ninjask|spe|1|[from] ability: Speed Boost","|turn|18","|","|move|p1a: Ninjask|X-Scissor|p2a: Swoobat","|-damage|p2a: Swoobat|0 fnt","|faint|p2a: Swoobat","|","|-heal|p1a: Ninjask|107/237|[from] item: Leftovers","|-boost|p1a: Ninjask|spe|1|[from] ability: Speed Boost","|","|switch|p2a: Darkrai|Darkrai, L73|223/223","|turn|19","|","|switch|p2a: Hippowdon|Hippowdon, L75, M|286/286","|-weather|Sandstorm","|move|p1a: Ninjask|X-Scissor|p2a: Hippowdon","|-damage|p2a: Hippowdon|210/286","|","|-weather|Sandstorm|[upkeep]","|-damage|p1a: Ninjask|93/237|[from] sandstorm","|-heal|p1a: Ninjask|107/237|[from] item: Leftovers","|-heal|p2a: Hippowdon|227/286|[from] item: Leftovers","|-boost|p1a: Ninjask|spe|1|[from] ability: Speed Boost","|turn|20","|","|move|p1a: Ninjask|Protect|p1a: Ninjask","|-singleturn|p1a: Ninjask|Protect","|move|p2a: Hippowdon|Stone Edge|p1a: Ninjask","|-activate|p1a: Ninjask|Protect","|","|-weather|Sandstorm|[upkeep]","|-damage|p1a: Ninjask|93/237|[from] sandstorm","|-heal|p1a: Ninjask|107/237|[from] item: Leftovers","|-heal|p2a: Hippowdon|244/286|[from] item: Leftovers","|-boost|p1a: Ninjask|spe|1|[from] ability: Speed Boost","|turn|21","|","|move|p1a: Ninjask|Baton Pass|p1a: Ninjask","|","|switch|p1a: Linoone|Linoone, L83, M|264/264","|move|p2a: Hippowdon|Stone Edge|p1a: Linoone|[miss]","|-miss|p2a: Hippowdon|p1a: Linoone","|","|-weather|Sandstorm|[upkeep]","|-damage|p1a: Linoone|248/264|[from] sandstorm","|-heal|p2a: Hippowdon|261/286|[from] item: Leftovers","|turn|22","|","|move|p1a: Linoone|Belly Drum|p1a: Linoone","|-damage|p1a: Linoone|116/264","|-setboost|p1a: Linoone|atk|6|[from] move: Belly Drum","|-enditem|p1a: Linoone|Sitrus Berry|[eat]","|-heal|p1a: Linoone|182/264|[from] item: Sitrus Berry","|move|p2a: Hippowdon|Whirlwind|p1a: Linoone","|drag|p1a: Garbodor|Garbodor, L81, F|262/262","|","|-weather|Sandstorm|[upkeep]","|-damage|p1a: Garbodor|246/262|[from] sandstorm","|-heal|p1a: Garbodor|262/262|[from] item: Black Sludge","|-heal|p2a: Hippowdon|278/286|[from] item: Leftovers","|turn|23","|","|move|p1a: Garbodor|Toxic|p2a: Hippowdon","|-status|p2a: Hippowdon|tox","|move|p2a: Hippowdon|Earthquake|p1a: Garbodor","|-crit|p1a: Garbodor","|-supereffective|p1a: Garbodor","|-damage|p1a: Garbodor|0 fnt","|faint|p1a: Garbodor","|","|-weather|none","|-heal|p2a: Hippowdon|286/286 tox|[from] item: Leftovers","|-damage|p2a: Hippowdon|269/286 tox|[from] psn","|","|switch|p1a: Linoone|Linoone, L83, M|182/264","|turn|24","|","|move|p1a: Linoone|Seed Bomb|p2a: Hippowdon","|-supereffective|p2a: Hippowdon","|-damage|p2a: Hippowdon|187/286 tox","|move|p2a: Hippowdon|Earthquake|p1a: Linoone","|-damage|p1a: Linoone|44/264","|","|-heal|p2a: Hippowdon|204/286 tox|[from] item: Leftovers","|-damage|p2a: Hippowdon|170/286 tox|[from] psn","|turn|25","|","|move|p1a: Linoone|Seed Bomb|p2a: Hippowdon","|-supereffective|p2a: Hippowdon","|-damage|p2a: Hippowdon|92/286 tox","|move|p2a: Hippowdon|Earthquake|p1a: Linoone","|-damage|p1a: Linoone|0 fnt","|faint|p1a: Linoone","|","|-heal|p2a: Hippowdon|109/286 tox|[from] item: Leftovers","|-damage|p2a: Hippowdon|58/286 tox|[from] psn","|","|switch|p1a: Ninjask|Ninjask, L83, F|107/237","|turn|26","|","|move|p1a: Ninjask|Protect|p1a: Ninjask","|-singleturn|p1a: Ninjask|Protect","|move|p2a: Hippowdon|Slack Off|p2a: Hippowdon","|-heal|p2a: Hippowdon|201/286 tox","|","|-heal|p1a: Ninjask|121/237|[from] item: Leftovers","|-heal|p2a: Hippowdon|218/286 tox|[from] item: Leftovers","|-damage|p2a: Hippowdon|150/286 tox|[from] psn","|-boost|p1a: Ninjask|spe|1|[from] ability: Speed Boost","|turn|27","|","|move|p1a: Ninjask|Substitute|p1a: Ninjask","|-start|p1a: Ninjask|Substitute","|-damage|p1a: Ninjask|62/237","|move|p2a: Hippowdon|Stone Edge|p1a: Ninjask","|-supereffective|p1a: Ninjask","|-end|p1a: Ninjask|Substitute","|","|-heal|p1a: Ninjask|76/237|[from] item: Leftovers","|-heal|p2a: Hippowdon|167/286 tox|[from] item: Leftovers","|-damage|p2a: Hippowdon|82/286 tox|[from] psn","|-boost|p1a: Ninjask|spe|1|[from] ability: Speed Boost","|turn|28","|","|move|p1a: Ninjask|Protect|p1a: Ninjask","|-singleturn|p1a: Ninjask|Protect","|move|p2a: Hippowdon|Slack Off|p2a: Hippowdon","|-heal|p2a: Hippowdon|225/286 tox","|","|-heal|p1a: Ninjask|90/237|[from] item: Leftovers","|-heal|p2a: Hippowdon|242/286 tox|[from] item: Leftovers","|-damage|p2a: Hippowdon|140/286 tox|[from] psn","|-boost|p1a: Ninjask|spe|1|[from] ability: Speed Boost","|turn|29","|","|move|p1a: Ninjask|Substitute|p1a: Ninjask","|-start|p1a: Ninjask|Substitute","|-damage|p1a: Ninjask|31/237","|move|p2a: Hippowdon|Stone Edge|p1a: Ninjask","|-crit|p1a: Ninjask","|-supereffective|p1a: Ninjask","|-end|p1a: Ninjask|Substitute","|","|-heal|p1a: Ninjask|45/237|[from] item: Leftovers","|-heal|p2a: Hippowdon|157/286 tox|[from] item: Leftovers","|-damage|p2a: Hippowdon|38/286 tox|[from] psn","|-boost|p1a: Ninjask|spe|1|[from] ability: Speed Boost","|turn|30","|","|move|p1a: Ninjask|X-Scissor|p2a: Hippowdon","|-damage|p2a: Hippowdon|0 fnt","|faint|p2a: Hippowdon","|","|-heal|p1a: Ninjask|59/237|[from] item: Leftovers","|-boost|p1a: Ninjask|spe|1|[from] ability: Speed Boost","|","|switch|p2a: Darkrai|Darkrai, L73|223/223","|turn|31","|","|move|p1a: Ninjask|Protect|p1a: Ninjask","|-singleturn|p1a: Ninjask|Protect","|move|p2a: Darkrai|Dark Pulse|p1a: Ninjask","|-activate|p1a: Ninjask|Protect","|","|-heal|p1a: Ninjask|73/237|[from] item: Leftovers","|-boost|p1a: Ninjask|spe|1|[from] ability: Speed Boost","|turn|32","|","|move|p1a: Ninjask|X-Scissor|p2a: Darkrai","|-supereffective|p2a: Darkrai","|-damage|p2a: Darkrai|31/223","|move|p2a: Darkrai|Dark Pulse|p1a: Ninjask","|-damage|p1a: Ninjask|0 fnt","|faint|p1a: Ninjask","|","|win|Black Ops Zombies"],"p1rating":{"entryid":"460654","serverid":"eos","formatid":"randombattle","userid":"grassyleafeon","username":"GrassyLeafeon","w":"1","l":1,"t":"0","gxe":51.2,"r":"1550.6096825787","rd":"123.16502144566","sigma":"0","rptime":"1440925200","rpr":1509.2120031828,"rprd":117.14263398423,"rpsigma":"0","acre":1033.9187455068,"lacre":1033.9187455068,"oldacre":"1052.4200423808"},"p2rating":{"entryid":"670385","serverid":"eos","formatid":"randombattle","userid":"blackopszombies","username":"Black Ops Zombies","w":2,"l":"0","t":"0","gxe":59.7,"r":"1500","rd":"130","sigma":"0","rptime":"1440925200","rpr":1577.7949073997,"rprd":116.796363512,"rpsigma":"0","acre":1075.2149062224,"lacre":1075.2149062224,"oldacre":"1040"},"endType":"normal"}