{"seed":[26645,20049,16566,5324],"turns":24,"p1":"Sexcalibur","p2":"Rain Saitohimea","p1team":[{"name":"Venusaur","moves":["synthesis","knockoff","leechseed","gigadrain"],"ability":"Overgrow","evs":{"hp":85,"atk":85,"def":85,"spa":85,"spd":85,"spe":85},"ivs":{"hp":31,"atk":31,"def":31,"spa":31,"spd":31,"spe":31},"item":"Venusaurite","level":75,"shiny":false},{"name":"Scolipede","moves":["spikes","megahorn","batonpass","poisonjab"],"ability":"Speed Boost","evs":{"hp":81,"atk":89,"def":85,"spa":85,"spd":85,"spe":85},"ivs":{"hp":31,"atk":31,"def":31,"spa":31,"spd":31,"spe":31},"item":"Black Sludge","level":76,"shiny":false},{"name":"Kyogre","moves":["calmmind","scald","icebeam","thunder"],"ability":"Drizzle","evs":{"hp":85,"atk":85,"def":85,"spa":85,"spd":85,"spe":85},"ivs":{"hp":31,"atk":31,"def":31,"spa":31,"spd":31,"spe":31},"item":"Blue Orb","level":73,"shiny":false},{"name":"Rapidash","moves":["drillrun","willowisp","flareblitz","wildcharge"],"ability":"Flash Fire","evs":{"hp":81,"atk":89,"def":85,"spa":85,"spd":85,"spe":85},"ivs":{"hp":31,"atk":31,"def":31,"spa":31,"spd":31,"spe":31},"item":"Life Orb","level":83,"shiny":false},{"name":"Charizard","moves":["focusblast","airslash","acrobatics","flareblitz"],"ability":"Blaze","evs":{"hp":85,"atk":85,"def":85,"spa":85,"spd":85,"spe":85},"ivs":{"hp":31,"atk":31,"def":31,"spa":31,"spd":31,"spe":31},"item":"Flying Gem","level":81,"shiny":false},{"name":"Mawile","moves":["swordsdance","playrough","ironhead","substitute"],"ability":"Sheer Force","evs":{"hp":85,"atk":85,"def":85,"spa":85,"spd":85,"spe":85},"ivs":{"hp":31,"atk":31,"def":31,"spa":31,"spd":31,"spe":31},"item":"Life Orb","level":81,"shiny":false}],"p2team":[{"name":"Metagross","moves":["meteormash","earthquake","zenheadbutt","icepunch"],"ability":"Clear Body","evs":{"hp":85,"atk":85,"def":85,"spa":85,"spd":85,"spe":85},"ivs":{"hp":31,"atk":31,"def":31,"spa":31,"spd":31,"spe":31},"item":"Metagrossite","level":75,"shiny":false},{"name":"Feraligatr","moves":["dragondance","waterfall","aquajet","icepunch"],"ability":"Sheer Force","evs":{"hp":85,"atk":85,"def":85,"spa":85,"spd":85,"spe":85},"ivs":{"hp":31,"atk":31,"def":31,"spa":31,"spd":31,"spe":31},"item":"Life Orb","level":77,"shiny":false},{"name":"Volbeat","moves":["encore","substitute","tailwind","bugbuzz"],"ability":"Prankster","evs":{"hp":81,"atk":85,"def":85,"spa":89,"spd":85,"spe":85},"ivs":{"hp":31,"atk":31,"def":31,"spa":31,"spd":31,"spe":31},"item":"Leftovers","level":83,"shiny":false},{"name":"Meowstic","moves":["lightscreen","psychic","yawn","reflect"],"ability":"Prankster","evs":{"hp":85,"atk":85,"def":85,"spa":85,"spd":85,"spe":85},"ivs":{"hp":31,"atk":31,"def":31,"spa":31,"spd":31,"spe":31},"item":"Light Clay","level":83,"shiny":false},{"name":"Banette","moves":["shadowclaw","willowisp","destinybond","suckerpunch"],"ability":"Insomnia","evs":{"hp":85,"atk":85,"def":85,"spa":85,"spd":85,"spe":85},"ivs":{"hp":31,"atk":31,"def":31,"spa":31,"spd":31,"spe":31},"item":"Leftovers","level":83,"shiny":false},{"name":"Claydol","moves":["toxic","rapidspin","earthquake","icebeam"],"ability":"Levitate","evs":{"hp":85,"atk":85,"def":85,"spa":85,"spd":85,"spe":85},"ivs":{"hp":31,"atk":31,"def":31,"spa":31,"spd":31,"spe":31},"item":"Leftovers","level":81,"shiny":false}],"log":["|player|p1|Sexcalibur|170","|player|p2|Rain Saitohimea|rainsaitohimea.gif","|gametype|singles","|gen|6","|tier|Random Battle","|rated","|rule|Sleep Clause Mod: Limit one foe put to sleep","|rule|HP Percentage Mod: HP is shown in percentages","|","|start","|switch|p1a: Venusaur|Venusaur, L75, F|244/244","|switch|p2a: Metagross|Metagross, L75|244/244","|turn|1","|","|detailschange|p1a: Venusaur|Venusaur-Mega, L75, F","|-mega|p1a: Venusaur|Venusaur|Venusaurite","|detailschange|p2a: Metagross|Metagross-Mega, L75","|-mega|p2a: Metagross|Metagross|Metagrossite","|move|p1a: Venusaur|Knock Off|p2a: Metagross","|-supereffective|p2a: Metagross","|-damage|p2a: Metagross|186/244","|move|p2a: Metagross|Zen Headbutt|p1a: Venusaur|[miss]","|-miss|p2a: Metagross|p1a: Venusaur","|","|turn|2","|","|switch|p1a: Mawile|Mawile, L81, F|214/214","|move|p2a: Metagross|Meteor Mash|p1a: Mawile","|-damage|p1a: Mawile|58/214","|","|turn|3","|","|move|p2a: Metagross|Earthquake|p1a: Mawile","|-supereffective|p1a: Mawile","|-damage|p1a: Mawile|0 fnt","|faint|p1a: Mawile","|","|","|switch|p1a: Rapidash|Rapidash, L83, M|243/243","|turn|4","|","|switch|p2a: Claydol|Claydol, L81|230/230","|move|p1a: Rapidash|Flare Blitz|p2a: Claydol","|-crit|p2a: Claydol","|-damage|p2a: Claydol|3/230","|-damage|p1a: Rapidash|168/243|[from] recoil|[of] p2a: Claydol","|-damage|p1a: Rapidash|144/243|[from] item: Life Orb","|","|-heal|p2a: Claydol|17/230|[from] item: Leftovers","|turn|5","|","|move|p1a: Rapidash|Flare Blitz|p2a: Claydol","|-damage|p2a: Claydol|0 fnt","|-damage|p1a: Rapidash|138/243|[from] recoil|[of] p2a: Claydol","|-damage|p1a: Rapidash|114/243|[from] item: Life Orb","|faint|p2a: Claydol","|","|","|switch|p2a: Feraligatr|Feraligatr, L77, F|257/257","|turn|6","|","|move|p1a: Rapidash|Wild Charge|p2a: Feraligatr","|-supereffective|p2a: Feraligatr","|-damage|p2a: Feraligatr|88/257","|-damage|p1a: Rapidash|72/243|[from] recoil|[of] p2a: Feraligatr","|-damage|p1a: Rapidash|48/243|[from] item: Life Orb","|move|p2a: Feraligatr|Dragon Dance|p2a: Feraligatr","|-boost|p2a: Feraligatr|atk|1","|-boost|p2a: Feraligatr|spe|1","|","|turn|7","|","|move|p2a: Feraligatr|Aqua Jet|p1a: Rapidash","|-supereffective|p1a: Rapidash","|-damage|p1a: Rapidash|0 fnt","|-damage|p2a: Feraligatr|63/257|[from] item: Life Orb","|faint|p1a: Rapidash","|","|","|switch|p1a: Venusaur|Venusaur-Mega, L75, F|244/244","|turn|8","|","|move|p2a: Feraligatr|Ice Punch|p1a: Venusaur","|-crit|p1a: Venusaur","|-supereffective|p1a: Venusaur","|-damage|p1a: Venusaur|85/244","|move|p1a: Venusaur|Giga Drain|p2a: Feraligatr","|-supereffective|p2a: Feraligatr","|-damage|p2a: Feraligatr|0 fnt","|-heal|p1a: Venusaur|117/244|[from] drain|[of] p2a: Feraligatr","|faint|p2a: Feraligatr","|","|","|switch|p2a: Metagross|Metagross-Mega, L75|186/244","|turn|9","|","|move|p2a: Metagross|Zen Headbutt|p1a: Venusaur","|-supereffective|p1a: Venusaur","|-damage|p1a: Venusaur|0 fnt","|faint|p1a: Venusaur","|","|","|switch|p1a: Charizard|Charizard, L81, M|259/259","|turn|10","|","|move|p2a: Metagross|Ice Punch|p1a: Charizard","|-damage|p1a: Charizard|173/259","|move|p1a: Charizard|Flare Blitz|p2a: Metagross","|-supereffective|p2a: Metagross","|-damage|p2a: Metagross|16/244","|-damage|p1a: Charizard|117/259|[from] recoil|[of] p2a: Metagross","|","|turn|11","|","|move|p1a: Charizard|Flare Blitz|p2a: Metagross","|-supereffective|p2a: Metagross","|-damage|p2a: Metagross|0 fnt","|-damage|p1a: Charizard|112/259|[from] recoil|[of] p2a: Metagross","|faint|p2a: Metagross","|","|","|switch|p2a: Meowstic|Meowstic, L83, M|259/259","|turn|12","|","|move|p2a: Meowstic|Psychic|p1a: Charizard","|-damage|p1a: Charizard|16/259","|move|p1a: Charizard|Air Slash|p2a: Meowstic","|-enditem|p1a: Charizard|Flying Gem|[from] gem|[move] Air Slash","|-damage|p2a: Meowstic|139/259","|","|turn|13","|","|move|p2a: Meowstic|Psychic|p1a: Charizard","|-damage|p1a: Charizard|0 fnt","|faint|p1a: Charizard","|","|","|switch|p1a: Kyogre|Kyogre, L73|266/266","|detailschange|p1a: Kyogre|Kyogre-Primal, L73","|message|Kyogre's Primal Reversion! It reverted to its primal form!","|-weather|PrimordialSea","|turn|14","|","|move|p2a: Meowstic|Yawn|p1a: Kyogre","|-start|p1a: Kyogre|move: Yawn|[of] p2a: Meowstic","|move|p1a: Kyogre|Scald|p2a: Meowstic","|-damage|p2a: Meowstic|0 fnt","|faint|p2a: Meowstic","|","|-weather|PrimordialSea|[upkeep]","|","|switch|p2a: Volbeat|Volbeat, L83, M|243/243","|turn|15","|","|-weather|none","|switch|p1a: Scolipede|Scolipede, L76, M|215/215","|move|p2a: Volbeat|Substitute|p2a: Volbeat","|-start|p2a: Volbeat|Substitute","|-damage|p2a: Volbeat|183/243","|","|-heal|p2a: Volbeat|198/243|[from] item: Leftovers","|turn|16","|","|move|p1a: Scolipede|Poison Jab|p2a: Volbeat","|-end|p2a: Volbeat|Substitute","|move|p2a: Volbeat|Bug Buzz|p1a: Scolipede","|-resisted|p1a: Scolipede","|-damage|p1a: Scolipede|178/215","|","|-heal|p1a: Scolipede|191/215|[from] item: Black Sludge","|-heal|p2a: Volbeat|213/243|[from] item: Leftovers","|-boost|p1a: Scolipede|spe|1|[from] ability: Speed Boost","|turn|17","|","|move|p2a: Volbeat|Substitute|p2a: Volbeat","|-start|p2a: Volbeat|Substitute","|-damage|p2a: Volbeat|153/243","|move|p1a: Scolipede|Poison Jab|p2a: Volbeat","|-crit|p2a: Volbeat","|-end|p2a: Volbeat|Substitute","|","|-heal|p1a: Scolipede|204/215|[from] item: Black Sludge","|-heal|p2a: Volbeat|168/243|[from] item: Leftovers","|-boost|p1a: Scolipede|spe|1|[from] ability: Speed Boost","|turn|18","|","|move|p2a: Volbeat|Tailwind|p2a: Volbeat","|-sidestart|p2: Rain Saitohimea|move: Tailwind","|move|p1a: Scolipede|Poison Jab|p2a: Volbeat","|-damage|p2a: Volbeat|75/243","|-status|p2a: Volbeat|psn","|","|-heal|p1a: Scolipede|215/215|[from] item: Black Sludge","|-heal|p2a: Volbeat|90/243 psn|[from] item: Leftovers","|-damage|p2a: Volbeat|60/243 psn|[from] psn","|-boost|p1a: Scolipede|spe|1|[from] ability: Speed Boost","|turn|19","|","|move|p2a: Volbeat|Encore|p1a: Scolipede","|-start|p1a: Scolipede|Encore","|move|p1a: Scolipede|Poison Jab|p2a: Volbeat","|-damage|p2a: Volbeat|0 fnt","|faint|p2a: Volbeat","|","|-boost|p1a: Scolipede|spe|1|[from] ability: Speed Boost","|","|switch|p2a: Banette|Banette, L83, F|242/242","|turn|20","|","|move|p1a: Scolipede|Poison Jab|p2a: Banette","|-resisted|p2a: Banette","|-damage|p2a: Banette|200/242","|move|p2a: Banette|Will-O-Wisp|p1a: Scolipede","|-status|p1a: Scolipede|brn","|","|-heal|p2a: Banette|215/242|[from] item: Leftovers","|-damage|p1a: Scolipede|189/215 brn|[from] brn","|-boost|p1a: Scolipede|spe|1|[from] ability: Speed Boost","|turn|21","|","|move|p1a: Scolipede|Poison Jab|p2a: Banette","|-resisted|p2a: Banette","|-damage|p2a: Banette|193/242","|move|p2a: Banette|Shadow Claw|p1a: Scolipede","|-crit|p1a: Scolipede","|-damage|p1a: Scolipede|54/215 brn","|","|-heal|p1a: Scolipede|67/215 brn|[from] item: Black Sludge","|-heal|p2a: Banette|208/242|[from] item: Leftovers","|-damage|p1a: Scolipede|41/215 brn|[from] brn","|-end|p1a: Scolipede|Encore","|-sideend|p2: Rain Saitohimea|move: Tailwind","|-boost|p1a: Scolipede|spe|1|[from] ability: Speed Boost","|turn|22","|","|move|p2a: Banette|Sucker Punch|p1a: Scolipede","|-damage|p1a: Scolipede|0 fnt","|faint|p1a: Scolipede","|","|-heal|p2a: Banette|223/242|[from] item: Leftovers","|","|switch|p1a: Kyogre|Kyogre-Primal, L73|266/266","|-weather|PrimordialSea","|turn|23","|","|move|p1a: Kyogre|Thunder|p2a: Banette","|-damage|p2a: Banette|99/242","|move|p2a: Banette|Shadow Claw|p1a: Kyogre","|-damage|p1a: Kyogre|169/266","|","|-weather|PrimordialSea|[upkeep]","|-heal|p2a: Banette|114/242|[from] item: Leftovers","|turn|24","|","|move|p1a: Kyogre|Thunder|p2a: Banette","|-damage|p2a: Banette|0 fnt","|faint|p2a: Banette","|","|win|Sexcalibur"],"p1rating":{"entryid":679949,"formatid":"randombattle","userid":"sexcalibur","username":"Sexcalibur","r":1500,"rd":130,"sigma":0,"rpr":1540.1606143388,"rprd":122.8583080769,"rpsigma":0,"rptime":1440925200,"w":1,"l":0,"t":0,"gxe":55,"acre":1040,"lacre":1040,"oldacre":1000},"p2rating":{"entryid":679950,"formatid":"randombattle","userid":"rainsaitohimea","username":"Rain Saitohimea","r":1500,"rd":130,"sigma":0,"rpr":1459.8393856612,"rprd":122.8583080769,"rpsigma":0,"rptime":1440925200,"w":0,"l":1,"t":0,"gxe":45,"acre":1000,"lacre":1000,"oldacre":1000},"endType":"normal"}