{"seed":[10421,47856,28745,65224],"turns":18,"p1":"Sovereign♕Genesect","p2":"Black Ops Zombies","p1team":[{"name":"Lopunny","moves":["substitute","return","icepunch","highjumpkick"],"ability":"Limber","evs":{"hp":85,"atk":85,"def":85,"spa":85,"spd":85,"spe":85},"ivs":{"hp":31,"atk":31,"def":31,"spa":31,"spd":31,"spe":31},"item":"Lopunnite","level":75,"shiny":false},{"name":"Amoonguss","moves":["hiddenpowerfire","synthesis","gigadrain","clearsmog"],"ability":"Regenerator","evs":{"hp":85,"atk":85,"def":85,"spa":85,"spd":85,"spe":85},"ivs":{"hp":31,"atk":30,"def":31,"spa":30,"spd":31,"spe":30},"item":"Black Sludge","level":79,"shiny":false},{"name":"Gengar","moves":["sludgewave","shadowball","willowisp","focusblast"],"ability":"Levitate","evs":{"hp":85,"atk":85,"def":85,"spa":85,"spd":85,"spe":85},"ivs":{"hp":31,"atk":31,"def":31,"spa":31,"spd":31,"spe":31},"item":"Life Orb","level":75,"shiny":false},{"name":"Tyranitar","moves":["earthquake","pursuit","fireblast","stealthrock"],"ability":"Sand Stream","evs":{"hp":85,"atk":85,"def":85,"spa":85,"spd":85,"spe":85},"ivs":{"hp":31,"atk":31,"def":31,"spa":31,"spd":31,"spe":31},"item":"Leftovers","level":75,"shiny":false},{"name":"Mothim","moves":["bugbuzz","gigadrain","quiverdance","airslash"],"ability":"Tinted Lens","evs":{"hp":81,"atk":85,"def":85,"spa":89,"spd":85,"spe":85},"ivs":{"hp":31,"atk":31,"def":31,"spa":31,"spd":31,"spe":31},"item":"Life Orb","level":83,"shiny":false},{"name":"Reuniclus","moves":["trickroom","focusblast","psyshock","shadowball"],"ability":"Magic Guard","evs":{"hp":170,"atk":85,"def":85,"spa":85,"spd":85,"spe":0},"ivs":{"hp":31,"atk":31,"def":31,"spa":31,"spd":31,"spe":0},"item":"Life Orb","level":77,"shiny":false}],"p2team":[{"name":"Purugly","moves":["uturn","fakeout","return","quickattack"],"ability":"Thick Fat","evs":{"hp":85,"atk":85,"def":85,"spa":85,"spd":85,"spe":85},"ivs":{"hp":31,"atk":31,"def":31,"spa":31,"spd":31,"spe":31},"item":"Life Orb","level":83,"shiny":false},{"name":"Phione","moves":["rest","raindance","uturn","scald"],"ability":"Hydration","evs":{"hp":85,"atk":85,"def":85,"spa":85,"spd":85,"spe":85},"ivs":{"hp":31,"atk":31,"def":31,"spa":31,"spd":31,"spe":31},"item":"Damp Rock","level":83,"shiny":false},{"name":"Honchkrow","moves":["substitute","roost","heatwave","bravebird"],"ability":"Moxie","evs":{"hp":85,"atk":85,"def":85,"spa":85,"spd":85,"spe":85},"ivs":{"hp":31,"atk":31,"def":31,"spa":31,"spd":31,"spe":31},"item":"Leftovers","level":77,"shiny":false},{"name":"Shiftry","moves":["leafstorm","defog","knockoff","suckerpunch"],"ability":"Early Bird","evs":{"hp":85,"atk":85,"def":85,"spa":85,"spd":85,"spe":85},"ivs":{"hp":31,"atk":31,"def":31,"spa":31,"spd":31,"spe":31},"item":"Life Orb","level":81,"shiny":false},{"name":"Xerneas","moves":["psyshock","rockslide","hiddenpowerfire","moonblast"],"ability":"Fairy Aura","evs":{"hp":85,"atk":85,"def":85,"spa":85,"spd":85,"spe":85},"ivs":{"hp":31,"atk":30,"def":31,"spa":30,"spd":31,"spe":30},"item":"Assault Vest","level":73,"shiny":false},{"name":"Steelix","moves":["toxic","heavyslam","roar","earthquake"],"ability":"Rock Head","evs":{"hp":85,"atk":85,"def":85,"spa":85,"spd":85,"spe":85},"ivs":{"hp":31,"atk":31,"def":31,"spa":31,"spd":31,"spe":31},"item":"Steelixite","level":79,"shiny":false}],"log":["|player|p1|Sovereign♕Genesect|1","|player|p2|Black Ops Zombies|238","|gametype|singles","|gen|6","|tier|Random Battle","|rated","|rule|Sleep Clause Mod: Limit one foe put to sleep","|rule|HP Percentage Mod: HP is shown in percentages","|","|start","|switch|p1a: Lopunny|Lopunny, L75, M|221/221","|switch|p2a: Purugly|Purugly, L83, F|254/254","|turn|1","|","|detailschange|p1a: Lopunny|Lopunny-Mega, L75, M","|-mega|p1a: Lopunny|Lopunny|Lopunnite","|move|p2a: Purugly|Fake Out|p1a: Lopunny","|-damage|p1a: Lopunny|170/221","|-damage|p2a: Purugly|229/254|[from] item: Life Orb","|cant|p1a: Lopunny|flinch","|","|turn|2","|","|move|p1a: Lopunny|High Jump Kick|p2a: Purugly","|-supereffective|p2a: Purugly","|-damage|p2a: Purugly|0 fnt","|faint|p2a: Purugly","|","|","|switch|p2a: Xerneas|Xerneas, L73|304/304","|-ability|p2a: Xerneas|Fairy Aura","|turn|3","|","|move|p1a: Lopunny|Substitute|p1a: Lopunny","|-start|p1a: Lopunny|Substitute","|-damage|p1a: Lopunny|115/221","|move|p2a: Xerneas|Moonblast|p1a: Lopunny","|-supereffective|p1a: Lopunny","|-end|p1a: Lopunny|Substitute","|","|turn|4","|","|move|p1a: Lopunny|Return|p2a: Xerneas","|-damage|p2a: Xerneas|174/304","|move|p2a: Xerneas|Moonblast|p1a: Lopunny","|-supereffective|p1a: Lopunny","|-damage|p1a: Lopunny|0 fnt","|faint|p1a: Lopunny","|","|","|switch|p1a: Gengar|Gengar, L75, M|214/214","|turn|5","|","|move|p1a: Gengar|Sludge Wave|p2a: Xerneas","|-supereffective|p2a: Xerneas","|-damage|p2a: Xerneas|0 fnt","|-damage|p1a: Gengar|193/214|[from] item: Life Orb","|faint|p2a: Xerneas","|","|","|switch|p2a: Shiftry|Shiftry, L81, F|278/278","|turn|6","|","|move|p2a: Shiftry|Sucker Punch|p1a: Gengar","|-supereffective|p1a: Gengar","|-damage|p1a: Gengar|0 fnt","|-damage|p2a: Shiftry|251/278|[from] item: Life Orb","|faint|p1a: Gengar","|","|","|switch|p1a: Mothim|Mothim, L83, M|251/251","|turn|7","|","|switch|p2a: Honchkrow|Honchkrow, L77, M|281/281","|move|p1a: Mothim|Bug Buzz|p2a: Honchkrow","|-damage|p2a: Honchkrow|77/281","|-unboost|p2a: Honchkrow|spd|1","|-damage|p1a: Mothim|226/251|[from] item: Life Orb","|","|-heal|p2a: Honchkrow|94/281|[from] item: Leftovers","|turn|8","|","|move|p1a: Mothim|Air Slash|p2a: Honchkrow","|-damage|p2a: Honchkrow|0 fnt","|-damage|p1a: Mothim|201/251|[from] item: Life Orb","|faint|p2a: Honchkrow","|","|","|switch|p2a: Phione|Phione, L83|268/268","|turn|9","|","|move|p2a: Phione|Rain Dance|p2a: Phione","|-weather|RainDance","|move|p1a: Mothim|Giga Drain|p2a: Phione","|-crit|p2a: Phione","|-supereffective|p2a: Phione","|-damage|p2a: Phione|44/268","|-heal|p1a: Mothim|251/251|[from] drain|[of] p2a: Phione","|-damage|p1a: Mothim|226/251|[from] item: Life Orb","|","|-weather|RainDance|[upkeep]","|turn|10","|","|move|p2a: Phione|Rest|p2a: Phione","|-status|p2a: Phione|slp","|-heal|p2a: Phione|268/268 slp|[silent]","|-status|p2a: Phione|slp|[from] move: Rest","|move|p1a: Mothim|Giga Drain|p2a: Phione","|-supereffective|p2a: Phione","|-damage|p2a: Phione|120/268 slp","|-heal|p1a: Mothim|251/251|[from] drain|[of] p2a: Phione","|-damage|p1a: Mothim|226/251|[from] item: Life Orb","|","|-weather|RainDance|[upkeep]","|-curestatus|p2a: Phione|slp","|turn|11","|","|move|p2a: Phione|Scald|p1a: Mothim","|-damage|p1a: Mothim|69/251","|-status|p1a: Mothim|brn","|move|p1a: Mothim|Giga Drain|p2a: Phione","|-supereffective|p2a: Phione","|-damage|p2a: Phione|0 fnt","|-heal|p1a: Mothim|129/251 brn|[from] drain|[of] p2a: Phione","|-damage|p1a: Mothim|104/251 brn|[from] item: Life Orb","|faint|p2a: Phione","|","|-weather|RainDance|[upkeep]","|-damage|p1a: Mothim|73/251 brn|[from] brn","|","|switch|p2a: Shiftry|Shiftry, L81, F|251/278","|turn|12","|","|move|p2a: Shiftry|Knock Off|p1a: Mothim","|-damage|p1a: Mothim|0 fnt","|-enditem|p1a: Mothim|Life Orb|[from] move: Knock Off|[of] p2a: Shiftry","|-damage|p2a: Shiftry|224/278|[from] item: Life Orb","|faint|p1a: Mothim","|","|-weather|RainDance|[upkeep]","|","|switch|p1a: Amoonguss|Amoonguss, L79, F|310/310","|turn|13","|","|move|p2a: Shiftry|Knock Off|p1a: Amoonguss","|-crit|p1a: Amoonguss","|-damage|p1a: Amoonguss|75/310","|-enditem|p1a: Amoonguss|Black Sludge|[from] move: Knock Off|[of] p2a: Shiftry","|-damage|p2a: Shiftry|197/278|[from] item: Life Orb","|move|p1a: Amoonguss|Clear Smog|p2a: Shiftry","|-supereffective|p2a: Shiftry","|-damage|p2a: Shiftry|75/278","|-clearboost|p2a: Shiftry","|","|-weather|RainDance|[upkeep]","|turn|14","|","|move|p2a: Shiftry|Knock Off|p1a: Amoonguss","|-damage|p1a: Amoonguss|0 fnt","|-damage|p2a: Shiftry|48/278|[from] item: Life Orb","|faint|p1a: Amoonguss","|","|-weather|RainDance|[upkeep]","|","|switch|p1a: Tyranitar|Tyranitar, L75, M|274/274","|-weather|Sandstorm","|turn|15","|","|move|p2a: Shiftry|Leaf Storm|p1a: Tyranitar","|-supereffective|p1a: Tyranitar","|-damage|p1a: Tyranitar|76/274","|-unboost|p2a: Shiftry|spa|2","|-damage|p2a: Shiftry|21/278|[from] item: Life Orb","|move|p1a: Tyranitar|Pursuit|p2a: Shiftry","|-resisted|p2a: Shiftry","|-damage|p2a: Shiftry|0 fnt","|faint|p2a: Shiftry","|","|-weather|Sandstorm|[upkeep]","|-heal|p1a: Tyranitar|93/274|[from] item: Leftovers","|","|switch|p2a: Steelix|Steelix, L79, F|248/248","|turn|16","|","|detailschange|p2a: Steelix|Steelix-Mega, L79, F","|-mega|p2a: Steelix|Steelix|Steelixite","|move|p1a: Tyranitar|Fire Blast|p2a: Steelix","|-supereffective|p2a: Steelix","|-damage|p2a: Steelix|130/248","|move|p2a: Steelix|Heavy Slam|p1a: Tyranitar","|-supereffective|p1a: Tyranitar","|-damage|p1a: Tyranitar|0 fnt","|faint|p1a: Tyranitar","|","|-weather|Sandstorm|[upkeep]","|","|switch|p1a: Reuniclus|Reuniclus, L77, M|312/312","|turn|17","|","|move|p2a: Steelix|Heavy Slam|p1a: Reuniclus","|-damage|p1a: Reuniclus|93/312","|move|p1a: Reuniclus|Focus Blast|p2a: Steelix|[miss]","|-miss|p1a: Reuniclus|p2a: Steelix","|","|-weather|Sandstorm|[upkeep]","|turn|18","|","|move|p2a: Steelix|Heavy Slam|p1a: Reuniclus","|-damage|p1a: Reuniclus|0 fnt","|faint|p1a: Reuniclus","|","|win|Black Ops Zombies"],"p1rating":{"entryid":670384,"formatid":"randombattle","userid":"sovereigngenesect","username":"Sovereign♕Genesect","r":1500,"rd":130,"sigma":0,"rpr":1459.8393856612,"rprd":122.8583080769,"rpsigma":0,"rptime":1440925200,"w":0,"l":1,"t":0,"gxe":45,"acre":1000,"lacre":1000,"oldacre":1000},"p2rating":{"entryid":670385,"formatid":"randombattle","userid":"blackopszombies","username":"Black Ops Zombies","r":1500,"rd":130,"sigma":0,"rpr":1540.1606143388,"rprd":122.8583080769,"rpsigma":0,"rptime":1440925200,"w":1,"l":0,"t":0,"gxe":55,"acre":1040,"lacre":1040,"oldacre":1000},"endType":"normal"}