{"seed":[36819,10207,7321,20503],"turns":40,"p1":"CallMeJJok3R","p2":"GTX♅Glitch Red","p1team":[{"name":"Pelipper","moves":["defog","knockoff","scald","toxic"],"ability":"Keen Eye","evs":{"hp":85,"atk":85,"def":85,"spa":85,"spd":85,"spe":85},"ivs":{"hp":31,"atk":31,"def":31,"spa":31,"spd":31,"spe":31},"item":"Focus Sash","level":83,"shiny":false},{"name":"Vanilluxe","moves":["hiddenpowerground","flashcannon","explosion","freezedry"],"ability":"Ice Body","evs":{"hp":85,"atk":85,"def":85,"spa":85,"spd":85,"spe":85},"ivs":{"hp":31,"atk":31,"def":31,"spa":30,"spd":30,"spe":31},"item":"Life Orb","level":83,"shiny":false},{"name":"Jirachi","moves":["ironhead","uturn","icepunch","wish"],"ability":"Serene Grace","evs":{"hp":85,"atk":85,"def":85,"spa":85,"spd":85,"spe":85},"ivs":{"hp":31,"atk":31,"def":31,"spa":31,"spd":31,"spe":31},"item":"Leftovers","level":75,"shiny":false},{"name":"Lugia","moves":["roost","aeroblast","thunderwave","dragontail"],"ability":"Multiscale","evs":{"hp":85,"atk":85,"def":85,"spa":85,"spd":85,"spe":85},"ivs":{"hp":31,"atk":31,"def":31,"spa":31,"spd":31,"spe":31},"item":"Leftovers","level":73,"shiny":false},{"name":"Garbodor","moves":["toxic","gunkshot","rockblast","painsplit"],"ability":"Aftermath","evs":{"hp":85,"atk":85,"def":85,"spa":85,"spd":85,"spe":85},"ivs":{"hp":31,"atk":31,"def":31,"spa":31,"spd":31,"spe":31},"item":"Black Sludge","level":81,"shiny":false},{"name":"Giratina","moves":["shadowball","willowisp","dragonpulse","dragontail"],"ability":"Pressure","evs":{"hp":85,"atk":85,"def":85,"spa":85,"spd":85,"spe":85},"ivs":{"hp":31,"atk":31,"def":31,"spa":31,"spd":31,"spe":31},"item":"Leftovers","level":73,"shiny":false}],"p2team":[{"name":"Regirock","moves":["curse","rest","rockslide","drainpunch"],"ability":"Sturdy","evs":{"hp":85,"atk":85,"def":85,"spa":85,"spd":85,"spe":85},"ivs":{"hp":31,"atk":31,"def":31,"spa":31,"spd":31,"spe":31},"item":"Chesto Berry","level":81,"shiny":false},{"name":"Gastrodon","moves":["icebeam","scald","recover","earthquake"],"ability":"Storm Drain","evs":{"hp":85,"atk":85,"def":85,"spa":85,"spd":85,"spe":85},"ivs":{"hp":31,"atk":31,"def":31,"spa":31,"spd":31,"spe":31},"item":"Life Orb","level":79,"shiny":false},{"name":"Watchog","moves":["batonpass","swordsdance","return","hypnosis"],"ability":"Analytic","evs":{"hp":85,"atk":85,"def":85,"spa":85,"spd":85,"spe":85},"ivs":{"hp":31,"atk":31,"def":31,"spa":31,"spd":31,"spe":31},"item":"Leftovers","level":83,"shiny":false},{"name":"Poliwrath","moves":["raindance","scald","icebeam","focusblast"],"ability":"Swift Swim","evs":{"hp":85,"atk":85,"def":85,"spa":85,"spd":85,"spe":85},"ivs":{"hp":31,"atk":31,"def":31,"spa":31,"spd":31,"spe":31},"item":"Damp Rock","level":81,"shiny":false},{"name":"Illumise","moves":["encore","uturn","thunderbolt","tailwind"],"ability":"Prankster","evs":{"hp":81,"atk":85,"def":85,"spa":89,"spd":85,"spe":85},"ivs":{"hp":31,"atk":31,"def":31,"spa":31,"spd":31,"spe":31},"item":"Leftovers","level":83,"shiny":false},{"name":"Mawile","moves":["playrough","ironhead","suckerpunch","swordsdance"],"ability":"Intimidate","evs":{"hp":85,"atk":85,"def":85,"spa":85,"spd":85,"spe":85},"ivs":{"hp":31,"atk":31,"def":31,"spa":31,"spd":31,"spe":31},"item":"Mawilite","level":74,"shiny":false}],"log":["|player|p1|CallMeJJok3R|161","|player|p2|GTX♅Glitch Red|162","|gametype|singles","|gen|6","|tier|Random Battle","|rated","|rule|Sleep Clause Mod: Limit one foe put to sleep","|rule|HP Percentage Mod: HP is shown in percentages","|","|start","|switch|p1a: Pelipper|Pelipper, L83, F|235/235","|switch|p2a: Regirock|Regirock, L81|262/262","|turn|1","|","|move|p1a: Pelipper|Scald|p2a: Regirock","|-supereffective|p2a: Regirock","|-damage|p2a: Regirock|112/262","|move|p2a: Regirock|Rock Slide|p1a: Pelipper","|-supereffective|p1a: Pelipper","|-damage|p1a: Pelipper|101/235","|","|turn|2","|","|move|p1a: Pelipper|Scald|p2a: Regirock","|-supereffective|p2a: Regirock","|-damage|p2a: Regirock|0 fnt","|faint|p2a: Regirock","|","|","|switch|p2a: Gastrodon|Gastrodon, L79, M|305/305","|turn|3","|","|move|p1a: Pelipper|Toxic|p2a: Gastrodon","|-status|p2a: Gastrodon|tox","|move|p2a: Gastrodon|Ice Beam|p1a: Pelipper","|-damage|p1a: Pelipper|18/235","|-damage|p2a: Gastrodon|275/305 tox|[from] item: Life Orb","|","|-damage|p2a: Gastrodon|256/305 tox|[from] psn","|turn|4","|","|move|p1a: Pelipper|Knock Off|p2a: Gastrodon","|-crit|p2a: Gastrodon","|-damage|p2a: Gastrodon|166/305 tox","|-enditem|p2a: Gastrodon|Life Orb|[from] move: Knock Off|[of] p1a: Pelipper","|move|p2a: Gastrodon|Ice Beam|p1a: Pelipper","|-damage|p1a: Pelipper|0 fnt","|faint|p1a: Pelipper","|","|-damage|p2a: Gastrodon|128/305 tox|[from] psn","|","|switch|p1a: Jirachi|Jirachi, L75|274/274","|turn|5","|","|move|p1a: Jirachi|Wish|p1a: Jirachi","|move|p2a: Gastrodon|Earthquake|p1a: Jirachi","|-supereffective|p1a: Jirachi","|-damage|p1a: Jirachi|116/274","|","|-heal|p1a: Jirachi|133/274|[from] item: Leftovers","|-damage|p2a: Gastrodon|71/305 tox|[from] psn","|turn|6","|","|move|p1a: Jirachi|U-turn|p2a: Gastrodon","|-damage|p2a: Gastrodon|16/305 tox","|","|switch|p1a: Vanilluxe|Vanilluxe, L83, M|254/254","|move|p2a: Gastrodon|Earthquake|p1a: Vanilluxe","|-damage|p1a: Vanilluxe|172/254","|","|-heal|p1a: Vanilluxe|254/254|[from] move: Wish|[wisher] Jirachi","|-damage|p2a: Gastrodon|0 fnt|[from] psn","|faint|p2a: Gastrodon","|","|switch|p2a: Mawile|Mawile, L74, F|196/196","|-ability|p2a: Mawile|Intimidate","|-unboost|p1a: Vanilluxe|atk|1","|turn|7","|","|switch|p1a: Jirachi|Jirachi, L75|133/274","|detailschange|p2a: Mawile|Mawile-Mega, L74, F","|-mega|p2a: Mawile|Mawile|Mawilite","|move|p2a: Mawile|Swords Dance|p2a: Mawile","|-boost|p2a: Mawile|atk|2","|","|-heal|p1a: Jirachi|150/274|[from] item: Leftovers","|turn|8","|","|move|p2a: Mawile|Sucker Punch|p1a: Jirachi","|-fail|p2a: Mawile","|move|p1a: Jirachi|Wish|p1a: Jirachi","|","|-heal|p1a: Jirachi|167/274|[from] item: Leftovers","|turn|9","|","|move|p1a: Jirachi|Ice Punch|p2a: Mawile","|-resisted|p2a: Mawile","|-damage|p2a: Mawile|178/196","|move|p2a: Mawile|Swords Dance|p2a: Mawile","|-boost|p2a: Mawile|atk|2","|","|-heal|p1a: Jirachi|274/274|[from] move: Wish|[wisher] Jirachi","|turn|10","|","|move|p1a: Jirachi|Ice Punch|p2a: Mawile","|-resisted|p2a: Mawile","|-damage|p2a: Mawile|160/196","|move|p2a: Mawile|Swords Dance|p2a: Mawile","|-boost|p2a: Mawile|atk|2","|","|turn|11","|","|move|p2a: Mawile|Sucker Punch|p1a: Jirachi","|-supereffective|p1a: Jirachi","|-damage|p1a: Jirachi|0 fnt","|faint|p1a: Jirachi","|","|","|switch|p1a: Lugia|Lugia, L73|275/275","|turn|12","|","|move|p2a: Mawile|Sucker Punch|p1a: Lugia","|-fail|p2a: Mawile","|move|p1a: Lugia|Thunder Wave|p2a: Mawile","|-status|p2a: Mawile|par","|","|turn|13","|","|cant|p2a: Mawile|par","|move|p1a: Lugia|Dragon Tail|p2a: Mawile","|-immune|p2a: Mawile|[msg]","|","|turn|14","|","|move|p2a: Mawile|Sucker Punch|p1a: Lugia","|-supereffective|p1a: Lugia","|-damage|p1a: Lugia|0 fnt","|faint|p1a: Lugia","|","|","|switch|p1a: Vanilluxe|Vanilluxe, L83, M|254/254","|turn|15","|","|move|p1a: Vanilluxe|Hidden Power|p2a: Mawile","|-supereffective|p2a: Mawile","|-damage|p2a: Mawile|33/196 par","|-damage|p1a: Vanilluxe|229/254|[from] item: Life Orb","|move|p2a: Mawile|Iron Head|p1a: Vanilluxe","|-supereffective|p1a: Vanilluxe","|-damage|p1a: Vanilluxe|0 fnt","|faint|p1a: Vanilluxe","|","|","|switch|p1a: Garbodor|Garbodor, L81, M|262/262","|turn|16","|","|move|p2a: Mawile|Sucker Punch|p1a: Garbodor","|-damage|p1a: Garbodor|0 fnt","|-damage|p2a: Mawile|0 fnt|[from] ability: Aftermath|[of] p1a: Garbodor","|faint|p2a: Mawile","|faint|p1a: Garbodor","|","|","|switch|p2a: Illumise|Illumise, L83, F|243/243","|switch|p1a: Giratina|Giratina, L73|339/339","|-ability|p1a: Giratina|Pressure","|turn|17","|","|move|p2a: Illumise|Tailwind|p2a: Illumise","|-sidestart|p2: GTX♅Glitch Red|move: Tailwind","|move|p1a: Giratina|Shadow Ball|p2a: Illumise","|-damage|p2a: Illumise|164/243","|","|-heal|p2a: Illumise|179/243|[from] item: Leftovers","|turn|18","|","|move|p2a: Illumise|Encore|p1a: Giratina","|-start|p1a: Giratina|Encore","|move|p1a: Giratina|Shadow Ball|p2a: Illumise","|-damage|p2a: Illumise|106/243","|-unboost|p2a: Illumise|spd|1","|","|-heal|p2a: Illumise|121/243|[from] item: Leftovers","|turn|19","|","|switch|p2a: Watchog|Watchog, L83, M|235/235","|move|p1a: Giratina|Shadow Ball|p2a: Watchog","|-immune|p2a: Watchog|[msg]","|","|turn|20","|","|move|p2a: Watchog|Swords Dance|p2a: Watchog","|-boost|p2a: Watchog|atk|2","|move|p1a: Giratina|Shadow Ball|p2a: Watchog","|-immune|p2a: Watchog|[msg]","|","|-end|p1a: Giratina|Encore","|-sideend|p2: GTX♅Glitch Red|move: Tailwind","|turn|21","|","|move|p2a: Watchog|Hypnosis|p1a: Giratina","|-status|p1a: Giratina|slp","|cant|p1a: Giratina|slp","|","|turn|22","|","|move|p2a: Watchog|Swords Dance|p2a: Watchog","|-boost|p2a: Watchog|atk|2","|cant|p1a: Giratina|slp","|","|turn|23","|","|move|p2a: Watchog|Swords Dance|p2a: Watchog","|-boost|p2a: Watchog|atk|2","|-curestatus|p1a: Giratina|slp","|move|p1a: Giratina|Dragon Tail|p2a: Watchog|[miss]","|-miss|p1a: Giratina|p2a: Watchog","|","|turn|24","|","|move|p2a: Watchog|Baton Pass|p2a: Watchog","|","|switch|p2a: Poliwrath|Poliwrath, L81, M|278/278","|move|p1a: Giratina|Dragon Tail|p2a: Poliwrath","|-crit|p2a: Poliwrath","|-damage|p2a: Poliwrath|209/278","|drag|p2a: Watchog|Watchog, L83, M|235/235","|","|turn|25","|","|move|p2a: Watchog|Hypnosis|p1a: Giratina|[miss]","|-miss|p2a: Watchog|p1a: Giratina","|move|p1a: Giratina|Dragon Pulse|p2a: Watchog","|-damage|p2a: Watchog|144/235","|","|-heal|p2a: Watchog|158/235|[from] item: Leftovers","|turn|26","|","|move|p2a: Watchog|Hypnosis|p1a: Giratina","|-status|p1a: Giratina|slp","|cant|p1a: Giratina|slp","|","|-heal|p2a: Watchog|172/235|[from] item: Leftovers","|turn|27","|","|move|p2a: Watchog|Swords Dance|p2a: Watchog","|-boost|p2a: Watchog|atk|2","|cant|p1a: Giratina|slp","|","|-heal|p2a: Watchog|186/235|[from] item: Leftovers","|turn|28","|","|move|p2a: Watchog|Baton Pass|p2a: Watchog","|","|switch|p2a: Poliwrath|Poliwrath, L81, M|209/278","|-curestatus|p1a: Giratina|slp","|move|p1a: Giratina|Dragon Tail|p2a: Poliwrath","|-damage|p2a: Poliwrath|163/278","|drag|p2a: Watchog|Watchog, L83, M|186/235","|","|-heal|p2a: Watchog|200/235|[from] item: Leftovers","|turn|29","|","|move|p2a: Watchog|Hypnosis|p1a: Giratina","|-status|p1a: Giratina|slp","|cant|p1a: Giratina|slp","|","|-heal|p2a: Watchog|214/235|[from] item: Leftovers","|turn|30","|","|move|p2a: Watchog|Swords Dance|p2a: Watchog","|-boost|p2a: Watchog|atk|2","|cant|p1a: Giratina|slp","|","|-heal|p2a: Watchog|228/235|[from] item: Leftovers","|turn|31","|","|move|p2a: Watchog|Baton Pass|p2a: Watchog","|","|switch|p2a: Poliwrath|Poliwrath, L81, M|163/278","|-curestatus|p1a: Giratina|slp","|move|p1a: Giratina|Dragon Tail|p2a: Poliwrath","|-damage|p2a: Poliwrath|109/278","|drag|p2a: Illumise|Illumise, L83, F|121/243","|","|-heal|p2a: Illumise|136/243|[from] item: Leftovers","|turn|32","|","|move|p2a: Illumise|Thunderbolt|p1a: Giratina","|-resisted|p1a: Giratina","|-damage|p1a: Giratina|316/339","|move|p1a: Giratina|Will-O-Wisp|p2a: Illumise","|-status|p2a: Illumise|brn","|","|-heal|p2a: Illumise|151/243 brn|[from] item: Leftovers","|-heal|p1a: Giratina|337/339|[from] item: Leftovers","|-damage|p2a: Illumise|121/243 brn|[from] brn","|turn|33","|","|move|p2a: Illumise|Tailwind|p2a: Illumise","|-sidestart|p2: GTX♅Glitch Red|move: Tailwind","|move|p1a: Giratina|Dragon Pulse|p2a: Illumise","|-damage|p2a: Illumise|40/243 brn","|","|-heal|p2a: Illumise|55/243 brn|[from] item: Leftovers","|-heal|p1a: Giratina|339/339|[from] item: Leftovers","|-damage|p2a: Illumise|25/243 brn|[from] brn","|turn|34","|","|move|p2a: Illumise|Thunderbolt|p1a: Giratina","|-resisted|p1a: Giratina","|-damage|p1a: Giratina|315/339","|move|p1a: Giratina|Dragon Pulse|p2a: Illumise","|-damage|p2a: Illumise|0 fnt","|faint|p2a: Illumise","|","|-heal|p1a: Giratina|336/339|[from] item: Leftovers","|","|switch|p2a: Watchog|Watchog, L83, M|228/235","|turn|35","|","|move|p2a: Watchog|Hypnosis|p1a: Giratina|[miss]","|-miss|p2a: Watchog|p1a: Giratina","|move|p1a: Giratina|Will-O-Wisp|p2a: Watchog|[miss]","|-miss|p1a: Giratina|p2a: Watchog","|","|-heal|p2a: Watchog|235/235|[from] item: Leftovers","|-heal|p1a: Giratina|339/339|[from] item: Leftovers","|turn|36","|","|move|p2a: Watchog|Hypnosis|p1a: Giratina|[miss]","|-miss|p2a: Watchog|p1a: Giratina","|move|p1a: Giratina|Will-O-Wisp|p2a: Watchog","|-status|p2a: Watchog|brn","|","|-damage|p2a: Watchog|206/235 brn|[from] brn","|-sideend|p2: GTX♅Glitch Red|move: Tailwind","|turn|37","|","|move|p2a: Watchog|Hypnosis|p1a: Giratina","|-status|p1a: Giratina|slp","|cant|p1a: Giratina|slp","|","|-heal|p2a: Watchog|220/235 brn|[from] item: Leftovers","|-damage|p2a: Watchog|191/235 brn|[from] brn","|turn|38","|","|move|p2a: Watchog|Swords Dance|p2a: Watchog","|-boost|p2a: Watchog|atk|2","|cant|p1a: Giratina|slp","|","|-heal|p2a: Watchog|205/235 brn|[from] item: Leftovers","|-damage|p2a: Watchog|176/235 brn|[from] brn","|turn|39","|","|move|p2a: Watchog|Baton Pass|p2a: Watchog","|","|switch|p2a: Poliwrath|Poliwrath, L81, M|109/278","|-curestatus|p1a: Giratina|slp","|move|p1a: Giratina|Dragon Tail|p2a: Poliwrath","|-damage|p2a: Poliwrath|57/278","|drag|p2a: Watchog|Watchog, L83, M|176/235 brn","|","|-heal|p2a: Watchog|190/235 brn|[from] item: Leftovers","|-damage|p2a: Watchog|161/235 brn|[from] brn","|turn|40","|","|win|CallMeJJok3R"],"p1rating":{"entryid":"655401","serverid":"eos","formatid":"randombattle","userid":"callmejjok3r","username":"CallMeJJok3R","w":2,"l":"0","t":"0","gxe":59,"r":"1500","rd":"130","sigma":"0","rptime":"1440925200","rpr":1572.5671258289,"rprd":116.77753930647,"rpsigma":"0","acre":1070.1028089042,"lacre":1070.1028089042,"oldacre":"1040"},"p2rating":{"entryid":656343,"formatid":"randombattle","userid":"gtxglitchred","username":"GTX♅Glitch Red","r":1500,"rd":130,"sigma":0,"rpr":1459.8393856612,"rprd":122.8583080769,"rpsigma":0,"rptime":1440925200,"w":0,"l":1,"t":0,"gxe":45,"acre":1000,"lacre":1000,"oldacre":1000},"endType":"forfeit"}