{"seed":[63315,62876,39185,64236],"turns":20,"p1":"Dusk Slash1234","p2":"Erebus Mispom","p1team":[{"name":"Death Puff","species":"slurpuff","item":"sitrusberry","ability":"Unburden","moves":["drainpunch","playrough","return","bellydrum"],"nature":"Adamant","evs":{"hp":4,"atk":252,"def":0,"spa":0,"spd":0,"spe":252},"ivs":{"hp":31,"atk":31,"def":31,"spa":31,"spd":31,"spe":31}},{"name":"Tank","species":"aggron","item":"aggronite","ability":"Sturdy","moves":["stealthrock","heavyslam","earthquake","stoneedge"],"nature":"Adamant","evs":{"hp":248,"atk":252,"def":0,"spa":0,"spd":8,"spe":0},"gender":"M","ivs":{"hp":31,"atk":31,"def":31,"spa":31,"spd":31,"spe":31}},{"name":"Smashing","species":"cloyster","item":"focussash","ability":"Skill Link","moves":["shellsmash","iciclespear","rockblast","iceshard"],"nature":"Adamant","evs":{"hp":0,"atk":252,"def":0,"spa":0,"spd":4,"spe":252},"gender":"M","ivs":{"hp":31,"atk":31,"def":31,"spa":31,"spd":31,"spe":31}},{"name":"Juggernaught","species":"chesnaught","item":"leftovers","ability":"Bulletproof","moves":["leechseed","drainpunch","seedbomb","spikyshield"],"nature":"Impish","evs":{"hp":176,"atk":80,"def":16,"spa":0,"spd":236,"spe":0},"gender":"M","ivs":{"hp":31,"atk":31,"def":31,"spa":31,"spd":31,"spe":31}},{"name":"Just be yourzelf","species":"azelf","item":"lightclay","ability":"Levitate","moves":["reflect","lightscreen","fireblast","thunderbolt"],"nature":"Timid","evs":{"hp":0,"atk":0,"def":0,"spa":252,"spd":4,"spe":252},"shiny":true,"ivs":{"hp":31,"atk":31,"def":31,"spa":31,"spd":31,"spe":31}},{"name":"Rollin","species":"donphan","item":"leftovers","ability":"Sturdy","moves":["rapidspin","earthquake","knockoff","iceshard"],"nature":"Adamant","evs":{"hp":252,"atk":252,"def":0,"spa":0,"spd":4,"spe":0},"gender":"M","ivs":{"hp":31,"atk":31,"def":31,"spa":31,"spd":31,"spe":31}}],"p2team":[{"name":"Flaming Eyebrows","species":"darmanitan","item":"lifeorb","ability":"Sheer Force","moves":["flareblitz","rockslide","uturn","superpower"],"nature":"Adamant","evs":{"hp":0,"atk":252,"def":0,"spa":0,"spd":4,"spe":252},"ivs":{"hp":31,"atk":31,"def":31,"spa":31,"spd":31,"spe":31}},{"name":"Big Boned","species":"snorlax","item":"chestoberry","ability":"Thick Fat","moves":["rest","recycle","curse","heavyslam"],"nature":"Careful","evs":{"hp":40,"atk":0,"def":216,"spa":0,"spd":252,"spe":0},"ivs":{"hp":31,"atk":31,"def":31,"spa":31,"spd":31,"spe":31}},{"name":"Japanese Mouse","species":"mienshao","item":"lifeorb","ability":"Regenerator","moves":["fakeout","uturn","highjumpkick","stoneedge"],"nature":"Jolly","evs":{"hp":4,"atk":252,"def":0,"spa":0,"spd":0,"spe":252},"ivs":{"hp":31,"atk":31,"def":31,"spa":31,"spd":31,"spe":31}},{"name":"Ectoplasmic Jello","species":"mismagius","item":"choicescarf","ability":"Levitate","moves":["shadowball","dazzlinggleam","darkpulse","destinybond"],"nature":"","evs":{"hp":0,"atk":0,"def":0,"spa":0,"spd":0,"spe":0},"ivs":{"hp":31,"atk":31,"def":31,"spa":31,"spd":31,"spe":31}},{"name":"My Puppy","species":"absol","item":"absolite","ability":"Pressure","moves":["swordsdance","knockoff","playrough","suckerpunch"],"nature":"Jolly","evs":{"hp":0,"atk":252,"def":0,"spa":0,"spd":4,"spe":252},"ivs":{"hp":31,"atk":31,"def":31,"spa":31,"spd":31,"spe":31}},{"name":"Light Show","species":"ampharos","item":"assaultvest","ability":"Static","moves":["discharge","focusblast","hiddenpowerice","voltswitch"],"nature":"Modest","evs":{"hp":248,"atk":0,"def":0,"spa":252,"spd":8,"spe":0},"ivs":{"hp":31,"atk":30,"def":30,"spa":31,"spd":31,"spe":31}}],"log":["|player|p1|Dusk Slash1234|290","|player|p2|Erebus Mispom|282","|gametype|singles","|gen|6","|tier|UU","|rated","|rule|Sleep Clause Mod: Limit one foe put to sleep","|rule|Species Clause: Limit one of each Pokémon","|rule|OHKO Clause: OHKO moves are banned","|rule|Moody Clause: Moody is banned","|rule|Evasion Moves Clause: Evasion moves are banned","|rule|Endless Battle Clause: Forcing endless battles is banned","|rule|HP Percentage Mod: HP is shown in percentages","|clearpoke","|poke|p1|Slurpuff, F","|poke|p1|Aggron, M","|poke|p1|Cloyster, M","|poke|p1|Chesnaught, M","|poke|p1|Azelf, shiny","|poke|p1|Donphan, M","|poke|p2|Darmanitan, F","|poke|p2|Snorlax, F","|poke|p2|Mienshao, F","|poke|p2|Mismagius, F","|poke|p2|Absol, M","|poke|p2|Ampharos, M","|rule|Swagger Clause: Swagger is banned","|rule|Baton Pass Clause: Limit one Baton Passer, can't pass Spe and other stats simultaneously","|teampreview","|","|start","|switch|p1a: Smashing|Cloyster, M|241/241","|switch|p2a: Flaming Eyebrows|Darmanitan, F|351/351","|turn|1","|","|move|p2a: Flaming Eyebrows|Superpower|p1a: Smashing","|-supereffective|p1a: Smashing","|-enditem|p1a: Smashing|Focus Sash","|-damage|p1a: Smashing|1/241","|-unboost|p2a: Flaming Eyebrows|atk|1","|-unboost|p2a: Flaming Eyebrows|def|1","|-damage|p2a: Flaming Eyebrows|316/351|[from] item: Life Orb","|move|p1a: Smashing|Shell Smash|p1a: Smashing","|-unboost|p1a: Smashing|def|1","|-unboost|p1a: Smashing|spd|1","|-boost|p1a: Smashing|atk|2","|-boost|p1a: Smashing|spa|2","|-boost|p1a: Smashing|spe|2","|","|turn|2","|","|move|p1a: Smashing|Rock Blast|p2a: Flaming Eyebrows","|-supereffective|p2a: Flaming Eyebrows","|-damage|p2a: Flaming Eyebrows|50/351","|-supereffective|p2a: Flaming Eyebrows","|-damage|p2a: Flaming Eyebrows|0 fnt","|-hitcount|p2a: Flaming Eyebrows|2","|faint|p2a: Flaming Eyebrows","|","|","|switch|p2a: Japanese Mouse|Mienshao, F|272/272","|turn|3","|","|move|p2a: Japanese Mouse|Fake Out|p1a: Smashing","|-damage|p1a: Smashing|0 fnt","|-damage|p2a: Japanese Mouse|245/272|[from] item: Life Orb","|faint|p1a: Smashing","|","|","|switch|p1a: Tank|Aggron, M|343/343","|turn|4","|","|detailschange|p1a: Tank|Aggron-Mega, M","|-mega|p1a: Tank|Aggron|Aggronite","|move|p2a: Japanese Mouse|High Jump Kick|p1a: Tank","|-supereffective|p1a: Tank","|-damage|p1a: Tank|138/343","|-damage|p2a: Japanese Mouse|218/272|[from] item: Life Orb","|move|p1a: Tank|Heavy Slam|p2a: Japanese Mouse","|-damage|p2a: Japanese Mouse|0 fnt","|faint|p2a: Japanese Mouse","|","|","|switch|p2a: Ectoplasmic Jello|Mismagius, F|261/261","|turn|5","|","|move|p2a: Ectoplasmic Jello|Shadow Ball|p1a: Tank","|-damage|p1a: Tank|20/343","|-unboost|p1a: Tank|spd|1","|move|p1a: Tank|Stealth Rock|p2a: Ectoplasmic Jello","|-sidestart|p2: Erebus Mispom|move: Stealth Rock","|","|turn|6","|","|move|p2a: Ectoplasmic Jello|Shadow Ball|p1a: Tank","|-damage|p1a: Tank|0 fnt","|faint|p1a: Tank","|","|","|switch|p1a: Juggernaught|Chesnaught, M|361/361","|turn|7","|","|move|p2a: Ectoplasmic Jello|Shadow Ball|p1a: Juggernaught","|-immune|p1a: Juggernaught|[msg]|[from] Bulletproof","|move|p1a: Juggernaught|Leech Seed|p2a: Ectoplasmic Jello|[miss]","|-miss|p1a: Juggernaught|p2a: Ectoplasmic Jello","|","|turn|8","|","|switch|p2a: My Puppy|Absol, M|271/271","|-damage|p2a: My Puppy|238/271|[from] Stealth Rock","|-ability|p2a: My Puppy|Pressure","|move|p1a: Juggernaught|Leech Seed|p2a: My Puppy","|-start|p2a: My Puppy|move: Leech Seed","|","|-damage|p2a: My Puppy|205/271|[from] Leech Seed|[of] p1a: Juggernaught","|turn|9","|","|detailschange|p2a: My Puppy|Absol-Mega, M","|-mega|p2a: My Puppy|Absol|Absolite","|move|p2a: My Puppy|Play Rough|p1a: Juggernaught","|-supereffective|p1a: Juggernaught","|-damage|p1a: Juggernaught|171/361","|move|p1a: Juggernaught|Drain Punch|p2a: My Puppy","|-supereffective|p2a: My Puppy","|-damage|p2a: My Puppy|0 fnt","|-heal|p1a: Juggernaught|274/361|[from] drain|[of] p2a: My Puppy","|faint|p2a: My Puppy","|","|-heal|p1a: Juggernaught|296/361|[from] item: Leftovers","|","|switch|p2a: Big Boned|Snorlax, F|471/471","|-damage|p2a: Big Boned|413/471|[from] Stealth Rock","|turn|10","|","|move|p1a: Juggernaught|Leech Seed|p2a: Big Boned","|-start|p2a: Big Boned|move: Leech Seed","|move|p2a: Big Boned|Curse|p2a: Big Boned","|-unboost|p2a: Big Boned|spe|1","|-boost|p2a: Big Boned|atk|1","|-boost|p2a: Big Boned|def|1","|","|-heal|p1a: Juggernaught|318/361|[from] item: Leftovers","|-damage|p2a: Big Boned|355/471|[from] Leech Seed|[of] p1a: Juggernaught","|-heal|p1a: Juggernaught|361/361|[silent]","|turn|11","|","|move|p1a: Juggernaught|Drain Punch|p2a: Big Boned","|-supereffective|p2a: Big Boned","|-damage|p2a: Big Boned|215/471","|move|p2a: Big Boned|Curse|p2a: Big Boned","|-unboost|p2a: Big Boned|spe|1","|-boost|p2a: Big Boned|atk|1","|-boost|p2a: Big Boned|def|1","|","|-damage|p2a: Big Boned|157/471|[from] Leech Seed|[of] p1a: Juggernaught","|turn|12","|","|move|p1a: Juggernaught|Drain Punch|p2a: Big Boned","|-supereffective|p2a: Big Boned","|-damage|p2a: Big Boned|37/471","|move|p2a: Big Boned|Rest|p2a: Big Boned","|-status|p2a: Big Boned|slp","|-heal|p2a: Big Boned|471/471 slp|[silent]","|-status|p2a: Big Boned|slp|[from] move: Rest","|-enditem|p2a: Big Boned|Chesto Berry|[eat]","|-curestatus|p2a: Big Boned|slp","|","|-damage|p2a: Big Boned|413/471|[from] Leech Seed|[of] p1a: Juggernaught","|turn|13","|","|move|p1a: Juggernaught|Drain Punch|p2a: Big Boned","|-supereffective|p2a: Big Boned","|-damage|p2a: Big Boned|303/471","|move|p2a: Big Boned|Curse|p2a: Big Boned","|-unboost|p2a: Big Boned|spe|1","|-boost|p2a: Big Boned|atk|1","|-boost|p2a: Big Boned|def|1","|","|-damage|p2a: Big Boned|245/471|[from] Leech Seed|[of] p1a: Juggernaught","|turn|14","|","|move|p1a: Juggernaught|Drain Punch|p2a: Big Boned","|-supereffective|p2a: Big Boned","|-damage|p2a: Big Boned|165/471","|move|p2a: Big Boned|Recycle|p2a: Big Boned","|-item|p2a: Big Boned|Chesto Berry|[from] move: Recycle","|","|-damage|p2a: Big Boned|107/471|[from] Leech Seed|[of] p1a: Juggernaught","|turn|15","|","|move|p1a: Juggernaught|Drain Punch|p2a: Big Boned","|-supereffective|p2a: Big Boned","|-damage|p2a: Big Boned|27/471","|move|p2a: Big Boned|Rest|p2a: Big Boned","|-status|p2a: Big Boned|slp","|-heal|p2a: Big Boned|471/471 slp|[silent]","|-status|p2a: Big Boned|slp|[from] move: Rest","|-enditem|p2a: Big Boned|Chesto Berry|[eat]","|-curestatus|p2a: Big Boned|slp","|","|-damage|p2a: Big Boned|413/471|[from] Leech Seed|[of] p1a: Juggernaught","|turn|16","|","|move|p1a: Juggernaught|Drain Punch|p2a: Big Boned","|-supereffective|p2a: Big Boned","|-damage|p2a: Big Boned|321/471","|move|p2a: Big Boned|Curse|p2a: Big Boned","|-unboost|p2a: Big Boned|spe|1","|-boost|p2a: Big Boned|atk|1","|-boost|p2a: Big Boned|def|1","|","|-damage|p2a: Big Boned|263/471|[from] Leech Seed|[of] p1a: Juggernaught","|turn|17","|","|switch|p1a: Rollin|Donphan, M|384/384","|move|p2a: Big Boned|Recycle|p2a: Big Boned","|-item|p2a: Big Boned|Chesto Berry|[from] move: Recycle","|","|-damage|p2a: Big Boned|205/471|[from] Leech Seed|[of] p1a: Rollin","|turn|18","|","|move|p1a: Rollin|Knock Off|p2a: Big Boned","|-damage|p2a: Big Boned|164/471","|-enditem|p2a: Big Boned|Chesto Berry|[from] move: Knock Off|[of] p1a: Rollin","|move|p2a: Big Boned|Curse|p2a: Big Boned","|-unboost|p2a: Big Boned|spe|1","|-boost|p2a: Big Boned|atk|1","|-boost|p2a: Big Boned|def|1","|","|-damage|p2a: Big Boned|106/471|[from] Leech Seed|[of] p1a: Rollin","|turn|19","|","|move|p1a: Rollin|Earthquake|p2a: Big Boned","|-damage|p2a: Big Boned|49/471","|move|p2a: Big Boned|Heavy Slam|p1a: Rollin","|-damage|p1a: Rollin|184/384","|","|-heal|p1a: Rollin|208/384|[from] item: Leftovers","|-damage|p2a: Big Boned|0 fnt|[from] Leech Seed|[of] p1a: Rollin","|-heal|p1a: Rollin|257/384|[silent]","|faint|p2a: Big Boned","|","|switch|p2a: Light Show|Ampharos, M|383/383","|-damage|p2a: Light Show|336/383|[from] Stealth Rock","|turn|20","|","|move|p2a: Light Show|Hidden Power|p1a: Rollin","|-supereffective|p1a: Rollin","|-damage|p1a: Rollin|55/384","|move|p1a: Rollin|Earthquake|p2a: Light Show","|-supereffective|p2a: Light Show","|-damage|p2a: Light Show|0 fnt","|faint|p2a: Light Show","|","|-heal|p1a: Rollin|79/384|[from] item: Leftovers","|","|win|Dusk Slash1234"],"p1rating":{"entryid":"7253756","serverid":"eos","formatid":"uu","userid":"duskslash1234","username":"Dusk Slash1234","w":4,"l":"0","t":"0","gxe":65.1,"r":"1599.5850440918","rd":"112.71453277711","sigma":"0","rptime":"1438851600","rpr":1622.6959471572,"rprd":108.26391477128,"rpsigma":"0","acre":1112.8272151878,"lacre":1112.8272151878,"oldacre":"1093.7176627926"},"p2rating":{"entryid":7440380,"formatid":"uu","userid":"erebusmispom","username":"Erebus Mispom","r":1500,"rd":130,"sigma":0,"rpr":1469.7615871751,"rprd":123.08590149552,"rpsigma":0,"rptime":1438851600,"w":0,"l":1,"t":0,"gxe":46.2,"acre":1000,"lacre":1000,"oldacre":1000},"endType":"forfeit"}