{"seed":[29691,45624,12174,39039],"turns":18,"p1":"dezonmatta","p2":"Rytíř temnoty","p1team":[{"name":"Krookodile","species":"Krookodile","item":"leftovers","ability":"Intimidate","moves":["dragontail","knockoff","stealthrock","earthquake"],"nature":"Impish","evs":{"hp":252,"atk":4,"def":252,"spa":0,"spd":0,"spe":0},"ivs":{"hp":31,"atk":31,"def":31,"spa":31,"spd":31,"spe":31}},{"name":"Dragonite","species":"Dragonite","item":"choiceband","ability":"Multiscale","moves":["outrage","extremespeed","earthquake","thunderpunch"],"nature":"Adamant","evs":{"hp":0,"atk":252,"def":4,"spa":0,"spd":0,"spe":252},"ivs":{"hp":31,"atk":31,"def":31,"spa":31,"spd":31,"spe":31}},{"name":"Heatran","species":"Heatran","item":"choicescarf","ability":"Flash Fire","moves":["overheat","flashcannon","earthpower","stoneedge"],"nature":"Modest","evs":{"hp":0,"atk":0,"def":0,"spa":252,"spd":4,"spe":252},"ivs":{"hp":31,"atk":31,"def":31,"spa":31,"spd":31,"spe":31}},{"name":"Tangrowth","species":"Tangrowth","item":"bigroot","ability":"Regenerator","moves":["knockoff","gigadrain","leechseed","infestation"],"nature":"Relaxed","evs":{"hp":252,"atk":4,"def":252,"spa":0,"spd":0,"spe":0},"ivs":{"hp":31,"atk":30,"def":31,"spa":30,"spd":31,"spe":30}},{"name":"Slowking","species":"Slowking","item":"assaultvest","ability":"Regenerator","moves":["scald","icebeam","psyshock","fireblast"],"nature":"Calm","evs":{"hp":136,"atk":0,"def":0,"spa":120,"spd":252,"spe":0},"ivs":{"hp":31,"atk":31,"def":31,"spa":31,"spd":31,"spe":31}},{"name":"Gardevoir","species":"Gardevoir","item":"gardevoirite","ability":"Trace","moves":["hypervoice","psyshock","focusblast","shadowball"],"nature":"Timid","evs":{"hp":0,"atk":0,"def":24,"spa":232,"spd":0,"spe":252},"ivs":{"hp":31,"atk":31,"def":31,"spa":31,"spd":31,"spe":31}}],"p2team":[{"name":"Aerodactyl","species":"Aerodactyl","item":"focussash","ability":"Unnerve","moves":["taunt","stoneedge","fireblast","stealthrock"],"nature":"Hasty","evs":{"hp":0,"atk":4,"def":0,"spa":252,"spd":0,"spe":252},"gender":"F","shiny":true,"ivs":{"hp":31,"atk":31,"def":31,"spa":31,"spd":31,"spe":31}},{"name":"SmogonFlame","species":"talonflame","item":"salacberry","ability":"Gale Wings","moves":["swordsdance","flareblitz","bravebird","naturalgift"],"nature":"Jolly","evs":{"hp":52,"atk":252,"def":0,"spa":0,"spd":4,"spe":200},"gender":"M","shiny":true,"ivs":{"hp":31,"atk":31,"def":31,"spa":31,"spd":31,"spe":31}},{"name":"Weavile","species":"Weavile","item":"lifeorb","ability":"Pressure","moves":["iceshard","icepunch","knockoff","lowkick"],"nature":"Jolly","evs":{"hp":0,"atk":252,"def":0,"spa":0,"spd":4,"spe":252},"gender":"F","ivs":{"hp":31,"atk":31,"def":31,"spa":31,"spd":31,"spe":31}},{"name":"Metagross","species":"Metagross","item":"metagrossite","ability":"Clear Body","moves":["meteormash","zenheadbutt","bulletpunch","icepunch"],"nature":"Jolly","evs":{"hp":0,"atk":252,"def":0,"spa":0,"spd":4,"spe":252},"ivs":{"hp":31,"atk":31,"def":31,"spa":31,"spd":31,"spe":31}},{"name":"Starmie","species":"Starmie","item":"lifeorb","ability":"Natural Cure","moves":["psyshock","scald","hiddenpowerfire","rapidspin"],"nature":"Timid","evs":{"hp":0,"atk":0,"def":0,"spa":252,"spd":4,"spe":252},"ivs":{"hp":31,"atk":30,"def":31,"spa":30,"spd":31,"spe":30}},{"name":"Hawlucha","species":"Hawlucha","item":"sitrusberry","ability":"Unburden","moves":["acrobatics","highjumpkick","poisonjab","swordsdance"],"nature":"Adamant","evs":{"hp":200,"atk":252,"def":52,"spa":0,"spd":4,"spe":0},"ivs":{"hp":31,"atk":31,"def":31,"spa":31,"spd":31,"spe":31}}],"log":["|player|p1|dezonmatta|278","|player|p2|Rytíř temnoty|161","|gametype|singles","|gen|6","|tier|OU","|rated","|clearpoke","|poke|p1|Krookodile, M","|poke|p1|Dragonite, F","|poke|p1|Heatran, F","|poke|p1|Tangrowth, M","|poke|p1|Slowking, M","|poke|p1|Gardevoir, F","|poke|p2|Aerodactyl, F, shiny","|poke|p2|Talonflame, M, shiny","|poke|p2|Weavile, F","|poke|p2|Metagross","|poke|p2|Starmie","|poke|p2|Hawlucha, M","|rule|Swagger Clause: Swagger is banned","|rule|Baton Pass Clause: Limit one Baton Passer, can't pass Spe and other stats simultaneously","|rule|Sleep Clause Mod: Limit one foe put to sleep","|rule|Species Clause: Limit one of each Pokémon","|rule|OHKO Clause: OHKO moves are banned","|rule|Moody Clause: Moody is banned","|rule|Evasion Moves Clause: Evasion moves are banned","|rule|Endless Battle Clause: Forcing endless battles is banned","|rule|HP Percentage Mod: HP is shown in percentages","|teampreview","|","|start","|switch|p1a: Krookodile|Krookodile, M|394/394","|switch|p2a: Aerodactyl|Aerodactyl, F, shiny|301/301","|-ability|p2a: Aerodactyl|Unnerve|p1: dezonmatta","|-ability|p1a: Krookodile|Intimidate","|-unboost|p2a: Aerodactyl|atk|1","|turn|1","|","|move|p2a: Aerodactyl|Taunt|p1a: Krookodile","|-start|p1a: Krookodile|move: Taunt","|cant|p1a: Krookodile|move: Taunt|Stealth Rock","|","|turn|2","|","|move|p2a: Aerodactyl|Stealth Rock|p1a: Krookodile","|-sidestart|p1: dezonmatta|move: Stealth Rock","|move|p1a: Krookodile|Knock Off|p2a: Aerodactyl","|-damage|p2a: Aerodactyl|97/301","|-enditem|p2a: Aerodactyl|Focus Sash|[from] move: Knock Off|[of] p1a: Krookodile","|","|turn|3","|","|move|p2a: Aerodactyl|Fire Blast|p1a: Krookodile","|-damage|p1a: Krookodile|287/394","|move|p1a: Krookodile|Knock Off|p2a: Aerodactyl","|-damage|p2a: Aerodactyl|0 fnt","|faint|p2a: Aerodactyl","|","|-heal|p1a: Krookodile|311/394|[from] item: Leftovers","|-end|p1a: Krookodile|move: Taunt","|","|switch|p2a: Hawlucha|Hawlucha, M|347/347","|turn|4","|","|move|p2a: Hawlucha|Swords Dance|p2a: Hawlucha","|-boost|p2a: Hawlucha|atk|2","|move|p1a: Krookodile|Dragon Tail|p2a: Hawlucha","|-damage|p2a: Hawlucha|283/347","|drag|p2a: Weavile|Weavile, F|281/281","|-ability|p2a: Weavile|Pressure","|","|-heal|p1a: Krookodile|335/394|[from] item: Leftovers","|turn|5","|","|switch|p1a: Heatran|Heatran, F|323/323","|-damage|p1a: Heatran|283/323|[from] Stealth Rock","|move|p2a: Weavile|Ice Punch|p1a: Heatran","|-crit|p1a: Heatran","|-resisted|p1a: Heatran","|-damage|p1a: Heatran|223/323","|-damage|p2a: Weavile|253/281|[from] item: Life Orb","|","|turn|6","|","|switch|p2a: Starmie|Starmie|261/261","|move|p1a: Heatran|Overheat|p2a: Starmie","|-resisted|p2a: Starmie","|-damage|p2a: Starmie|124/261","|-unboost|p1a: Heatran|spa|2","|","|turn|7","|","|switch|p1a: Slowking|Slowking, M|365/365","|-damage|p1a: Slowking|320/365|[from] Stealth Rock","|switch|p2a: SmogonFlame|Talonflame, M, shiny|310/310","|","|turn|8","|","|move|p2a: SmogonFlame|Brave Bird|p1a: Slowking","|-damage|p1a: Slowking|143/365","|-damage|p2a: SmogonFlame|252/310|[from] recoil|[of] p1a: Slowking","|move|p1a: Slowking|Scald|p2a: SmogonFlame","|-supereffective|p2a: SmogonFlame","|-damage|p2a: SmogonFlame|0 fnt","|faint|p2a: SmogonFlame","|","|","|switch|p2a: Weavile|Weavile, F|253/281","|-ability|p2a: Weavile|Pressure","|turn|9","|","|move|p2a: Weavile|Knock Off|p1a: Slowking","|-supereffective|p1a: Slowking","|-damage|p1a: Slowking|0 fnt","|-enditem|p1a: Slowking|Assault Vest|[from] move: Knock Off|[of] p2a: Weavile","|-damage|p2a: Weavile|225/281|[from] item: Life Orb","|faint|p1a: Slowking","|","|","|switch|p1a: Heatran|Heatran, F|223/323","|-damage|p1a: Heatran|183/323|[from] Stealth Rock","|turn|10","|","|move|p2a: Weavile|Low Kick|p1a: Heatran","|-supereffective|p1a: Heatran","|-damage|p1a: Heatran|0 fnt","|-damage|p2a: Weavile|197/281|[from] item: Life Orb","|faint|p1a: Heatran","|","|","|switch|p1a: Tangrowth|Tangrowth, M|404/404","|-damage|p1a: Tangrowth|354/404|[from] Stealth Rock","|turn|11","|","|move|p2a: Weavile|Ice Punch|p1a: Tangrowth","|-supereffective|p1a: Tangrowth","|-damage|p1a: Tangrowth|141/404","|-damage|p2a: Weavile|169/281|[from] item: Life Orb","|move|p1a: Tangrowth|Giga Drain|p2a: Weavile","|-damage|p2a: Weavile|54/281","|-heal|p1a: Tangrowth|216/404|[from] drain|[of] p2a: Weavile","|","|turn|12","|","|move|p2a: Weavile|Ice Punch|p1a: Tangrowth","|-supereffective|p1a: Tangrowth","|-damage|p1a: Tangrowth|21/404","|-damage|p2a: Weavile|26/281|[from] item: Life Orb","|move|p1a: Tangrowth|Giga Drain|p2a: Weavile","|-damage|p2a: Weavile|0 fnt","|-heal|p1a: Tangrowth|38/404|[from] drain|[of] p2a: Weavile","|faint|p2a: Weavile","|","|","|switch|p2a: Metagross|Metagross|301/301","|turn|13","|","|detailschange|p2a: Metagross|Metagross-Mega","|-mega|p2a: Metagross|Metagross|Metagrossite","|move|p2a: Metagross|Meteor Mash|p1a: Tangrowth","|-damage|p1a: Tangrowth|0 fnt","|faint|p1a: Tangrowth","|","|","|switch|p1a: Krookodile|Krookodile, M|335/394","|-damage|p1a: Krookodile|311/394|[from] Stealth Rock","|-ability|p1a: Krookodile|Intimidate","|-unboost|p2a: Metagross|atk|1","|turn|14","|","|switch|p2a: Hawlucha|Hawlucha, M|283/347","|move|p1a: Krookodile|Earthquake|p2a: Hawlucha","|-immune|p2a: Hawlucha|[msg]","|","|-heal|p1a: Krookodile|335/394|[from] item: Leftovers","|turn|15","|","|move|p2a: Hawlucha|High Jump Kick|p1a: Krookodile","|-supereffective|p1a: Krookodile","|-damage|p1a: Krookodile|0 fnt","|faint|p1a: Krookodile","|","|","|switch|p1a: Gardevoir|Gardevoir, F|277/277","|-damage|p1a: Gardevoir|243/277|[from] Stealth Rock","|-ability|p1a: Gardevoir|Unburden|[from] ability: Trace|[of] p2a: Hawlucha","|turn|16","|","|detailschange|p1a: Gardevoir|Gardevoir-Mega, F","|-mega|p1a: Gardevoir|Gardevoir|Gardevoirite","|move|p1a: Gardevoir|Shadow Ball|p2a: Hawlucha","|-damage|p2a: Hawlucha|120/347","|-enditem|p2a: Hawlucha|Sitrus Berry|[eat]","|-heal|p2a: Hawlucha|206/347|[from] item: Sitrus Berry","|move|p2a: Hawlucha|Poison Jab|p1a: Gardevoir","|-supereffective|p1a: Gardevoir","|-damage|p1a: Gardevoir|33/277","|-status|p1a: Gardevoir|psn","|","|-damage|p1a: Gardevoir|0 fnt|[from] psn","|faint|p1a: Gardevoir","|","|switch|p1a: Dragonite|Dragonite, F|323/323","|-damage|p1a: Dragonite|243/323|[from] Stealth Rock","|turn|17","|","|move|p2a: Hawlucha|Acrobatics|p1a: Dragonite","|-damage|p1a: Dragonite|62/323","|move|p1a: Dragonite|Thunder Punch|p2a: Hawlucha","|-supereffective|p2a: Hawlucha","|-damage|p2a: Hawlucha|0 fnt","|faint|p2a: Hawlucha","|","|","|switch|p2a: Metagross|Metagross-Mega|301/301","|turn|18","|","|move|p2a: Metagross|Bullet Punch|p1a: Dragonite","|-damage|p1a: Dragonite|0 fnt","|faint|p1a: Dragonite","|","|win|Rytíř temnoty"],"p1rating":{"entryid":"7587407","serverid":"eos","formatid":"ou","userid":"dezonmatta","username":"dezonmatta","w":"0","l":2,"t":"0","gxe":41,"r":"1500","rd":"130","sigma":"0","rptime":"1439370000","rpr":1427.4328741711,"rprd":116.77753930647,"rpsigma":"0","acre":1000,"lacre":1000,"oldacre":"1000"},"p2rating":{"entryid":7587639,"formatid":"ou","userid":"ryttemnoty","username":"Rytíř temnoty","r":1500,"rd":130,"sigma":0,"rpr":1540.1606143388,"rprd":122.8583080769,"rpsigma":0,"rptime":1439370000,"w":1,"l":0,"t":0,"gxe":55,"acre":1040,"lacre":1040,"oldacre":1000},"endType":"normal"}