{"seed":[33030,53643,5796,19089],"turns":23,"p1":"dezonmatta","p2":"Runner1325478","p1team":[{"name":"Metagross","species":"Meta-GROSS","item":"metagrossite","ability":"Clear Body","moves":["meteormash","zenheadbutt","hammerarm","substitute"],"nature":"Jolly","evs":{"hp":0,"atk":252,"def":0,"spa":0,"spd":4,"spe":252},"ivs":{"hp":31,"atk":31,"def":31,"spa":31,"spd":31,"spe":31}},{"name":"Thundurus","species":"Thundurus","item":"lifeorb","ability":"Defiant","moves":["thunderbolt","superpower","grassknot","knockoff"],"nature":"Naive","evs":{"hp":0,"atk":80,"def":0,"spa":176,"spd":0,"spe":252},"ivs":{"hp":31,"atk":31,"def":31,"spa":31,"spd":31,"spe":31}},{"name":"Keldeo","species":"Keldeo","item":"choicescarf","ability":"Justified","moves":["hydropump","scald","secretsword","hiddenpowerbug"],"nature":"Timid","evs":{"hp":0,"atk":0,"def":0,"spa":252,"spd":4,"spe":252},"ivs":{"hp":31,"atk":30,"def":30,"spa":31,"spd":30,"spe":31}},{"name":"Talonflame","species":"Talonflame","item":"sharpbeak","ability":"Gale Wings","moves":["swordsdance","bravebird","flareblitz","roost"],"nature":"Jolly","evs":{"hp":80,"atk":252,"def":0,"spa":0,"spd":0,"spe":176},"gender":"F","ivs":{"hp":31,"atk":31,"def":31,"spa":31,"spd":31,"spe":31}},{"name":"Latios","species":"Latios","item":"lifeorb","ability":"Levitate","moves":["dracometeor","psyshock","defog","hiddenpowerfire"],"nature":"Timid","evs":{"hp":0,"atk":0,"def":0,"spa":252,"spd":4,"spe":252},"ivs":{"hp":31,"atk":30,"def":31,"spa":30,"spd":31,"spe":30}},{"name":"Garchomp","species":"Garchomp","item":"rockyhelmet","ability":"Rough Skin","moves":["stealthrock","toxic","dragontail","earthquake"],"nature":"Impish","evs":{"hp":252,"atk":0,"def":252,"spa":0,"spd":4,"spe":0},"gender":"F","ivs":{"hp":31,"atk":31,"def":31,"spa":31,"spd":31,"spe":31}}],"p2team":[{"name":"Alakazam","species":"Alakazam","item":"alakazite","ability":"Magic Guard","moves":["psychic","shadowball","focusblast","calmmind"],"nature":"Timid","evs":{"hp":0,"atk":0,"def":0,"spa":252,"spd":0,"spe":252},"ivs":{"hp":31,"atk":31,"def":31,"spa":31,"spd":31,"spe":31}},{"name":"Weavile","species":"Weavile","item":"lifeorb","ability":"Pressure","moves":["iceshard","iciclecrash","knockoff","lowkick"],"nature":"Jolly","evs":{"hp":0,"atk":252,"def":0,"spa":0,"spd":0,"spe":252},"ivs":{"hp":31,"atk":31,"def":31,"spa":31,"spd":31,"spe":31}},{"name":"Scizor","species":"Scizor","item":"ironplate","ability":"Technician","moves":["bulletpunch","bugbite","swordsdance","roost"],"nature":"Adamant","evs":{"hp":156,"atk":100,"def":252,"spa":0,"spd":0,"spe":0},"ivs":{"hp":31,"atk":31,"def":31,"spa":31,"spd":31,"spe":31}},{"name":"Talonflame","species":"Talonflame","item":"","ability":"Gale Wings","moves":["acrobatics","swordsdance","roost","willowisp"],"nature":"Adamant","evs":{"hp":4,"atk":252,"def":252,"spa":0,"spd":0,"spe":0},"ivs":{"hp":31,"atk":31,"def":31,"spa":31,"spd":31,"spe":31}},{"name":"Excadrill","species":"Excadrill","item":"choicescarf","ability":"Mold Breaker","moves":["earthquake","ironhead","rapidspin","rockslide"],"nature":"Jolly","evs":{"hp":4,"atk":252,"def":0,"spa":0,"spd":0,"spe":252},"ivs":{"hp":31,"atk":31,"def":31,"spa":31,"spd":31,"spe":31}},{"name":"Azelf","species":"Azelf","item":"focussash","ability":"Levitate","moves":["stealthrock","taunt","skillswap","explosion"],"nature":"Jolly","evs":{"hp":4,"atk":252,"def":0,"spa":0,"spd":0,"spe":252},"ivs":{"hp":31,"atk":31,"def":31,"spa":31,"spd":31,"spe":31}}],"log":["|player|p1|dezonmatta|278","|player|p2|Runner1325478|236","|gametype|singles","|gen|6","|tier|OU","|rated","|clearpoke","|poke|p1|Metagross","|poke|p1|Thundurus, M","|poke|p1|Keldeo","|poke|p1|Talonflame, F","|poke|p1|Latios, M","|poke|p1|Garchomp, F","|poke|p2|Alakazam, M","|poke|p2|Weavile, F","|poke|p2|Scizor, F","|poke|p2|Talonflame, F","|poke|p2|Excadrill, M","|poke|p2|Azelf","|rule|Swagger Clause: Swagger is banned","|rule|Baton Pass Clause: Limit one Baton Passer, can't pass Spe and other stats simultaneously","|rule|Sleep Clause Mod: Limit one foe put to sleep","|rule|Species Clause: Limit one of each Pokémon","|rule|OHKO Clause: OHKO moves are banned","|rule|Moody Clause: Moody is banned","|rule|Evasion Moves Clause: Evasion moves are banned","|rule|Endless Battle Clause: Forcing endless battles is banned","|rule|HP Percentage Mod: HP is shown in percentages","|teampreview","|","|start","|switch|p1a: Garchomp|Garchomp, F|420/420","|switch|p2a: Azelf|Azelf|292/292","|turn|1","|","|move|p2a: Azelf|Stealth Rock|p1a: Garchomp","|-sidestart|p1: dezonmatta|move: Stealth Rock","|move|p1a: Garchomp|Stealth Rock|p2a: Azelf","|-sidestart|p2: Runner1325478|move: Stealth Rock","|","|turn|2","|","|move|p2a: Azelf|Explosion|p1a: Garchomp","|-damage|p1a: Garchomp|211/420","|faint|p2a: Azelf","|move|p1a: Garchomp|Dragon Tail|p2: Azelf|[notarget]","|-notarget","|","|","|switch|p2a: Weavile|Weavile, F|281/281","|-damage|p2a: Weavile|211/281|[from] Stealth Rock","|-ability|p2a: Weavile|Pressure","|turn|3","|","|move|p2a: Weavile|Knock Off|p1a: Garchomp","|-damage|p1a: Garchomp|65/420","|-damage|p2a: Weavile|176/281|[from] ability: Rough Skin|[of] p1a: Garchomp","|-damage|p2a: Weavile|130/281|[from] item: Rocky Helmet|[of] p1a: Garchomp","|-enditem|p1a: Garchomp|Rocky Helmet|[from] move: Knock Off|[of] p2a: Weavile","|-damage|p2a: Weavile|102/281|[from] item: Life Orb","|move|p1a: Garchomp|Earthquake|p2a: Weavile","|-damage|p2a: Weavile|0 fnt","|faint|p2a: Weavile","|","|","|switch|p2a: Alakazam|Alakazam, M|251/251","|turn|4","|","|detailschange|p2a: Alakazam|Alakazam-Mega, M","|-mega|p2a: Alakazam|Alakazam|Alakazite","|-ability|p2a: Alakazam|Rough Skin|[from] ability: Trace|[of] p1a: Garchomp","|move|p2a: Alakazam|Psychic|p1a: Garchomp","|-damage|p1a: Garchomp|0 fnt","|faint|p1a: Garchomp","|","|","|switch|p1a: Talonflame|Talonflame, F|317/317","|-damage|p1a: Talonflame|159/317|[from] Stealth Rock","|turn|5","|","|move|p1a: Talonflame|Brave Bird|p2a: Alakazam","|-damage|p2a: Alakazam|7/251","|-damage|p1a: Talonflame|120/317|[from] ability: Rough Skin|[of] p2a: Alakazam","|-damage|p1a: Talonflame|39/317|[from] recoil|[of] p2a: Alakazam","|move|p2a: Alakazam|Psychic|p1a: Talonflame","|-crit|p1a: Talonflame","|-damage|p1a: Talonflame|0 fnt","|faint|p1a: Talonflame","|","|","|switch|p1a: Keldeo|Keldeo|323/323","|-damage|p1a: Keldeo|303/323|[from] Stealth Rock","|turn|6","|","|move|p1a: Keldeo|Secret Sword|p2a: Alakazam","|-resisted|p2a: Alakazam","|-damage|p2a: Alakazam|0 fnt","|faint|p2a: Alakazam","|","|","|switch|p2a: Talonflame|Talonflame, F|298/298","|-damage|p2a: Talonflame|149/298|[from] Stealth Rock","|turn|7","|","|switch|p1a: Thundurus|Thundurus, M|299/299","|-damage|p1a: Thundurus|225/299|[from] Stealth Rock","|move|p2a: Talonflame|Swords Dance|p2a: Talonflame","|-boost|p2a: Talonflame|atk|2","|","|turn|8","|","|move|p2a: Talonflame|Roost|p2a: Talonflame","|-heal|p2a: Talonflame|298/298","|move|p1a: Thundurus|Thunderbolt|p2a: Talonflame","|-damage|p2a: Talonflame|47/298","|-damage|p1a: Thundurus|196/299|[from] item: Life Orb","|","|turn|9","|","|move|p2a: Talonflame|Acrobatics|p1a: Thundurus","|-resisted|p1a: Thundurus","|-damage|p1a: Thundurus|0 fnt","|faint|p1a: Thundurus","|","|","|switch|p1a: Metagross|Metagross|301/301","|-damage|p1a: Metagross|283/301|[from] Stealth Rock","|turn|10","|","|detailschange|p1a: Metagross|Metagross-Mega","|-mega|p1a: Metagross|Metagross|Metagrossite","|move|p2a: Talonflame|Roost|p2a: Talonflame","|-heal|p2a: Talonflame|196/298","|move|p1a: Metagross|Zen Headbutt|p2a: Talonflame","|-damage|p2a: Talonflame|4/298","|","|turn|11","|","|move|p2a: Talonflame|Acrobatics|p1a: Metagross","|-resisted|p1a: Metagross","|-damage|p1a: Metagross|175/301","|move|p1a: Metagross|Meteor Mash|p2a: Talonflame","|-resisted|p2a: Talonflame","|-damage|p2a: Talonflame|0 fnt","|-boost|p1a: Metagross|atk|1","|faint|p2a: Talonflame","|","|","|switch|p2a: Excadrill|Excadrill, M|362/362","|-damage|p2a: Excadrill|351/362|[from] Stealth Rock","|-ability|p2a: Excadrill|Mold Breaker","|turn|12","|","|move|p2a: Excadrill|Earthquake|p1a: Metagross","|-supereffective|p1a: Metagross","|-damage|p1a: Metagross|0 fnt","|faint|p1a: Metagross","|","|","|switch|p1a: Keldeo|Keldeo|303/323","|-damage|p1a: Keldeo|283/323|[from] Stealth Rock","|turn|13","|","|move|p1a: Keldeo|Secret Sword|p2a: Excadrill","|-supereffective|p2a: Excadrill","|-damage|p2a: Excadrill|0 fnt","|faint|p2a: Excadrill","|","|","|switch|p2a: Scizor|Scizor, F|320/320","|-damage|p2a: Scizor|280/320|[from] Stealth Rock","|turn|14","|","|move|p1a: Keldeo|Secret Sword|p2a: Scizor","|-damage|p2a: Scizor|163/320","|move|p2a: Scizor|Swords Dance|p2a: Scizor","|-boost|p2a: Scizor|atk|2","|","|turn|15","|","|move|p1a: Keldeo|Secret Sword|p2a: Scizor","|-damage|p2a: Scizor|43/320","|move|p2a: Scizor|Roost|p2a: Scizor","|-heal|p2a: Scizor|203/320","|","|turn|16","|","|move|p1a: Keldeo|Secret Sword|p2a: Scizor","|-damage|p2a: Scizor|80/320","|move|p2a: Scizor|Roost|p2a: Scizor","|-heal|p2a: Scizor|240/320","|","|turn|17","|","|move|p1a: Keldeo|Secret Sword|p2a: Scizor","|-damage|p2a: Scizor|123/320","|move|p2a: Scizor|Roost|p2a: Scizor","|-heal|p2a: Scizor|283/320","|","|turn|18","|","|move|p1a: Keldeo|Secret Sword|p2a: Scizor","|-damage|p2a: Scizor|174/320","|move|p2a: Scizor|Swords Dance|p2a: Scizor","|-boost|p2a: Scizor|atk|2","|","|turn|19","|","|move|p1a: Keldeo|Secret Sword|p2a: Scizor","|-damage|p2a: Scizor|47/320","|move|p2a: Scizor|Roost|p2a: Scizor","|-heal|p2a: Scizor|207/320","|","|turn|20","|","|switch|p1a: Latios|Latios, M|301/301","|-damage|p1a: Latios|264/301|[from] Stealth Rock","|move|p2a: Scizor|Roost|p2a: Scizor","|-heal|p2a: Scizor|320/320","|","|turn|21","|","|move|p2a: Scizor|Bullet Punch|p1a: Latios","|-damage|p1a: Latios|0 fnt","|faint|p1a: Latios","|","|","|switch|p1a: Keldeo|Keldeo|283/323","|-damage|p1a: Keldeo|263/323|[from] Stealth Rock","|turn|22","|","|move|p2a: Scizor|Bullet Punch|p1a: Keldeo","|-resisted|p1a: Keldeo","|-damage|p1a: Keldeo|73/323","|move|p1a: Keldeo|Hydro Pump|p2a: Scizor","|-damage|p2a: Scizor|101/320","|","|turn|23","|","|move|p2a: Scizor|Bullet Punch|p1a: Keldeo","|-resisted|p1a: Keldeo","|-damage|p1a: Keldeo|0 fnt","|faint|p1a: Keldeo","|","|win|Runner1325478"],"p1rating":{"entryid":"7587407","serverid":"eos","formatid":"ou","userid":"dezonmatta","username":"dezonmatta","w":"0","l":3,"t":"0","gxe":37.7,"r":"1500","rd":"130","sigma":"0","rptime":"1439370000","rpr":1400.7324649166,"rprd":111.51861011339,"rpsigma":"0","acre":1000,"lacre":1000,"oldacre":"1000"},"p2rating":{"entryid":7588679,"formatid":"ou","userid":"runner1325478","username":"Runner1325478","r":1500,"rd":130,"sigma":0,"rpr":1540.1606143388,"rprd":122.8583080769,"rpsigma":0,"rptime":1439370000,"w":1,"l":0,"t":0,"gxe":55,"acre":1040,"lacre":1040,"oldacre":1000},"endType":"normal"}