{"seed":[33183,31632,58804,6055],"turns":37,"p1":"mortal jordean","p2":"sl ice rapton","p1team":[{"name":"Hoopa-Unbound","species":"Hoopa-Unbound","item":"lifeorb","ability":"Magician","moves":["knockoff","drainpunch","gunkshot","grassknot"],"nature":"Hasty","evs":{"hp":0,"atk":252,"def":0,"spa":4,"spd":0,"spe":252},"ivs":{"hp":31,"atk":31,"def":31,"spa":31,"spd":31,"spe":31}},{"name":"Scizor","species":"Scizor","item":"scizorite","ability":"Light Metal","moves":["swordsdance","roost","bulletpunch","bugbite"],"nature":"Impish","evs":{"hp":248,"atk":252,"def":0,"spa":0,"spd":8,"spe":0},"ivs":{"hp":31,"atk":31,"def":31,"spa":31,"spd":31,"spe":31}},{"name":"Thundurus","species":"Thundurus","item":"leftovers","ability":"Prankster","moves":["thunderwave","thunderbolt","focusblast","hiddenpowerice"],"nature":"Timid","evs":{"hp":0,"atk":0,"def":0,"spa":252,"spd":4,"spe":252},"ivs":{"hp":31,"atk":30,"def":30,"spa":31,"spd":31,"spe":31}},{"name":"Manaphy","species":"Manaphy","item":"leftovers","ability":"Hydration","moves":["tailglow","scald","psychic","energyball"],"nature":"Timid","evs":{"hp":252,"atk":0,"def":0,"spa":252,"spd":4,"spe":0},"ivs":{"hp":31,"atk":31,"def":31,"spa":31,"spd":31,"spe":31}},{"name":"Landorus-Therian","species":"Landorus-Therian","item":"leftovers","ability":"Intimidate","moves":["stealthrock","stoneedge","earthquake","uturn"],"nature":"Impish","evs":{"hp":252,"atk":252,"def":0,"spa":0,"spd":4,"spe":0},"ivs":{"hp":31,"atk":31,"def":31,"spa":31,"spd":31,"spe":31}},{"name":"Latias","species":"Latias","item":"lifeorb","ability":"Levitate","moves":["healingwish","defog","dracometeor","psyshock"],"nature":"Timid","evs":{"hp":0,"atk":0,"def":0,"spa":252,"spd":4,"spe":252},"ivs":{"hp":31,"atk":31,"def":31,"spa":31,"spd":31,"spe":31}}],"p2team":[{"name":"Aurorus","species":"Aurorus","item":"focussash","ability":"Snow Warning","moves":["stealthrock","encore","ancientpower","thunderwave"],"nature":"","evs":{"hp":252,"atk":0,"def":4,"spa":0,"spd":252,"spe":0},"ivs":{"hp":31,"atk":31,"def":31,"spa":31,"spd":31,"spe":31}},{"name":"Avalugg","species":"Avalugg","item":"rockyhelmet","ability":"Sturdy","moves":["rapidspin","recover","avalanche","earthquake"],"nature":"Impish","evs":{"hp":252,"atk":4,"def":252,"spa":0,"spd":0,"spe":0},"ivs":{"hp":31,"atk":31,"def":31,"spa":31,"spd":31,"spe":31}},{"name":"Kyurem-Black","species":"Kyurem-Black","item":"lumberry","ability":"Teravolt","moves":["outrage","fusionbolt","ironhead","honeclaws"],"nature":"","evs":{"hp":4,"atk":252,"def":0,"spa":0,"spd":0,"spe":252},"ivs":{"hp":31,"atk":31,"def":31,"spa":31,"spd":31,"spe":31}},{"name":"Mamoswine","species":"Mamoswine","item":"choicescarf","ability":"Thick Fat","moves":["earthquake","iciclecrash","superpower","rockslide"],"nature":"Jolly","evs":{"hp":4,"atk":252,"def":0,"spa":0,"spd":0,"spe":252},"ivs":{"hp":31,"atk":31,"def":31,"spa":31,"spd":31,"spe":31}},{"name":"Cloyster","species":"Cloyster","item":"focussash","ability":"Skill Link","moves":["iciclespear","rockblast","shellsmash","rapidspin"],"nature":"Adamant","evs":{"hp":0,"atk":252,"def":0,"spa":0,"spd":4,"spe":252},"ivs":{"hp":31,"atk":31,"def":31,"spa":31,"spd":31,"spe":31}},{"name":"Froslass","species":"Froslass","item":"sitrusberry","ability":"Cursed Body","moves":["spikes","hiddenpowerfire","shadowball","icebeam"],"nature":"Timid","evs":{"hp":0,"atk":0,"def":0,"spa":252,"spd":4,"spe":252},"ivs":{"hp":31,"atk":30,"def":31,"spa":30,"spd":31,"spe":30}}],"log":["|player|p1|mortal jordean|229","|player|p2|sl ice rapton|225","|gametype|singles","|gen|6","|tier|OU","|rated","|clearpoke","|poke|p1|Hoopa-Unbound","|poke|p1|Scizor, F","|poke|p1|Thundurus, M","|poke|p1|Manaphy","|poke|p1|Landorus-Therian, M","|poke|p1|Latias, F","|poke|p2|Aurorus, M","|poke|p2|Avalugg, M","|poke|p2|Kyurem-Black","|poke|p2|Mamoswine, F","|poke|p2|Cloyster, M","|poke|p2|Froslass, F","|rule|Swagger Clause: Swagger is banned","|rule|Baton Pass Clause: Limit one Baton Passer, can't pass Spe and other stats simultaneously","|rule|Sleep Clause Mod: Limit one foe put to sleep","|rule|Species Clause: Limit one of each Pokémon","|rule|OHKO Clause: OHKO moves are banned","|rule|Moody Clause: Moody is banned","|rule|Evasion Moves Clause: Evasion moves are banned","|rule|Endless Battle Clause: Forcing endless battles is banned","|rule|HP Percentage Mod: HP is shown in percentages","|teampreview","|","|start","|switch|p1a: Scizor|Scizor, F|343/343","|switch|p2a: Aurorus|Aurorus, M|450/450","|-weather|Hail","|turn|1","|","|detailschange|p1a: Scizor|Scizor-Mega, F","|-mega|p1a: Scizor|Scizor|Scizorite","|move|p1a: Scizor|Bug Bite|p2a: Aurorus","|-damage|p2a: Aurorus|204/450","|move|p2a: Aurorus|Stealth Rock|p1a: Scizor","|-sidestart|p1: mortal jordean|move: Stealth Rock","|","|-weather|Hail|[upkeep]","|-damage|p1a: Scizor|322/343|[from] hail","|turn|2","|","|move|p1a: Scizor|Bug Bite|p2a: Aurorus","|-damage|p2a: Aurorus|0 fnt","|faint|p2a: Aurorus","|","|-weather|Hail|[upkeep]","|-damage|p1a: Scizor|301/343|[from] hail","|","|switch|p2a: Avalugg|Avalugg, M|394/394","|turn|3","|","|move|p1a: Scizor|Bug Bite|p2a: Avalugg","|-damage|p2a: Avalugg|318/394","|-damage|p1a: Scizor|244/343|[from] item: Rocky Helmet|[of] p2a: Avalugg","|move|p2a: Avalugg|Recover|p2a: Avalugg","|-heal|p2a: Avalugg|394/394","|","|-weather|Hail|[upkeep]","|-damage|p1a: Scizor|223/343|[from] hail","|turn|4","|","|move|p1a: Scizor|Bullet Punch|p2a: Avalugg","|-supereffective|p2a: Avalugg","|-damage|p2a: Avalugg|286/394","|-damage|p1a: Scizor|166/343|[from] item: Rocky Helmet|[of] p2a: Avalugg","|move|p2a: Avalugg|Avalanche|p1a: Scizor","|-resisted|p1a: Scizor","|-damage|p1a: Scizor|111/343","|","|-weather|Hail|[upkeep]","|-damage|p1a: Scizor|90/343|[from] hail","|turn|5","|","|move|p1a: Scizor|Roost|p1a: Scizor","|-heal|p1a: Scizor|262/343","|move|p2a: Avalugg|Recover|p2a: Avalugg","|-heal|p2a: Avalugg|394/394","|","|-weather|none","|turn|6","|","|move|p1a: Scizor|Swords Dance|p1a: Scizor","|-boost|p1a: Scizor|atk|2","|move|p2a: Avalugg|Earthquake|p1a: Scizor","|-damage|p1a: Scizor|203/343","|","|turn|7","|","|switch|p2a: Froslass|Froslass, F|281/281","|move|p1a: Scizor|Roost|p1a: Scizor","|-heal|p1a: Scizor|343/343","|","|turn|8","|","|move|p2a: Froslass|Hidden Power|p1a: Scizor","|-crit|p1a: Scizor","|-supereffective|p1a: Scizor","|-damage|p1a: Scizor|27/343","|move|p1a: Scizor|Bug Bite|p2a: Froslass","|-resisted|p2a: Froslass","|-damage|p2a: Froslass|26/281","|-enditem|p2a: Froslass|Sitrus Berry|[from] stealeat|[move] Bug Bite|[of] p1a: Scizor","|-heal|p1a: Scizor|112/343|[from] item: Sitrus Berry","|","|turn|9","|","|switch|p2a: Avalugg|Avalugg, M|394/394","|move|p1a: Scizor|Bug Bite|p2a: Avalugg","|-damage|p2a: Avalugg|225/394","|-damage|p1a: Scizor|55/343|[from] item: Rocky Helmet|[of] p2a: Avalugg","|","|turn|10","|","|move|p1a: Scizor|Roost|p1a: Scizor","|-heal|p1a: Scizor|227/343","|move|p2a: Avalugg|Recover|p2a: Avalugg","|-heal|p2a: Avalugg|394/394","|","|turn|11","|","|switch|p2a: Froslass|Froslass, F|26/281","|move|p1a: Scizor|Roost|p1a: Scizor","|-heal|p1a: Scizor|343/343","|","|turn|12","|","|move|p2a: Froslass|Hidden Power|p1a: Scizor","|-supereffective|p1a: Scizor","|-damage|p1a: Scizor|127/343","|move|p1a: Scizor|Bug Bite|p2a: Froslass","|-resisted|p2a: Froslass","|-damage|p2a: Froslass|0 fnt","|faint|p2a: Froslass","|","|","|switch|p2a: Cloyster|Cloyster, M|241/241","|turn|13","|","|move|p2a: Cloyster|Shell Smash|p2a: Cloyster","|-unboost|p2a: Cloyster|def|1","|-unboost|p2a: Cloyster|spd|1","|-boost|p2a: Cloyster|atk|2","|-boost|p2a: Cloyster|spa|2","|-boost|p2a: Cloyster|spe|2","|move|p1a: Scizor|Roost|p1a: Scizor","|-heal|p1a: Scizor|299/343","|","|turn|14","|","|move|p2a: Cloyster|Icicle Spear|p1a: Scizor","|-resisted|p1a: Scizor","|-damage|p1a: Scizor|269/343","|-resisted|p1a: Scizor","|-damage|p1a: Scizor|244/343","|-resisted|p1a: Scizor","|-damage|p1a: Scizor|216/343","|-resisted|p1a: Scizor","|-damage|p1a: Scizor|187/343","|-resisted|p1a: Scizor","|-damage|p1a: Scizor|160/343","|-hitcount|p1a: Scizor|5","|move|p1a: Scizor|Bug Bite|p2a: Cloyster","|-enditem|p2a: Cloyster|Focus Sash","|-damage|p2a: Cloyster|1/241","|","|turn|15","|","|move|p2a: Cloyster|Icicle Spear|p1a: Scizor","|-resisted|p1a: Scizor","|-damage|p1a: Scizor|134/343","|-resisted|p1a: Scizor","|-damage|p1a: Scizor|106/343","|-resisted|p1a: Scizor","|-damage|p1a: Scizor|78/343","|-resisted|p1a: Scizor","|-damage|p1a: Scizor|50/343","|-resisted|p1a: Scizor","|-damage|p1a: Scizor|22/343","|-hitcount|p1a: Scizor|5","|move|p1a: Scizor|Roost|p1a: Scizor","|-heal|p1a: Scizor|194/343","|","|turn|16","|","|move|p2a: Cloyster|Rock Blast|p1a: Scizor","|-damage|p1a: Scizor|159/343","|-damage|p1a: Scizor|121/343","|-damage|p1a: Scizor|81/343","|-damage|p1a: Scizor|45/343","|-damage|p1a: Scizor|9/343","|-hitcount|p1a: Scizor|5","|move|p1a: Scizor|Bug Bite|p2a: Cloyster","|-damage|p2a: Cloyster|0 fnt","|faint|p2a: Cloyster","|","|","|switch|p2a: Avalugg|Avalugg, M|394/394","|turn|17","|","|move|p1a: Scizor|Roost|p1a: Scizor","|-heal|p1a: Scizor|181/343","|move|p2a: Avalugg|Earthquake|p1a: Scizor","|-damage|p1a: Scizor|119/343","|","|turn|18","|","|move|p1a: Scizor|Roost|p1a: Scizor","|-heal|p1a: Scizor|291/343","|move|p2a: Avalugg|Earthquake|p1a: Scizor","|-damage|p1a: Scizor|233/343","|","|turn|19","|","|move|p1a: Scizor|Bullet Punch|p2a: Avalugg","|-supereffective|p2a: Avalugg","|-damage|p2a: Avalugg|190/394","|-damage|p1a: Scizor|176/343|[from] item: Rocky Helmet|[of] p2a: Avalugg","|move|p2a: Avalugg|Earthquake|p1a: Scizor","|-damage|p1a: Scizor|116/343","|","|turn|20","|","|move|p1a: Scizor|Roost|p1a: Scizor","|-heal|p1a: Scizor|288/343","|move|p2a: Avalugg|Recover|p2a: Avalugg","|-heal|p2a: Avalugg|387/394","|","|turn|21","|","|move|p1a: Scizor|Bullet Punch|p2a: Avalugg","|-supereffective|p2a: Avalugg","|-damage|p2a: Avalugg|153/394","|-damage|p1a: Scizor|231/343|[from] item: Rocky Helmet|[of] p2a: Avalugg","|move|p2a: Avalugg|Earthquake|p1a: Scizor","|-damage|p1a: Scizor|171/343","|","|turn|22","|","|move|p1a: Scizor|Roost|p1a: Scizor","|-heal|p1a: Scizor|343/343","|move|p2a: Avalugg|Recover|p2a: Avalugg","|-heal|p2a: Avalugg|350/394","|","|turn|23","|","|move|p1a: Scizor|Bullet Punch|p2a: Avalugg","|-supereffective|p2a: Avalugg","|-damage|p2a: Avalugg|126/394","|-damage|p1a: Scizor|286/343|[from] item: Rocky Helmet|[of] p2a: Avalugg","|move|p2a: Avalugg|Recover|p2a: Avalugg","|-heal|p2a: Avalugg|323/394","|","|turn|24","|","|move|p1a: Scizor|Bullet Punch|p2a: Avalugg","|-supereffective|p2a: Avalugg","|-damage|p2a: Avalugg|117/394","|-damage|p1a: Scizor|229/343|[from] item: Rocky Helmet|[of] p2a: Avalugg","|move|p2a: Avalugg|Recover|p2a: Avalugg","|-heal|p2a: Avalugg|314/394","|","|turn|25","|","|move|p1a: Scizor|Bullet Punch|p2a: Avalugg","|-supereffective|p2a: Avalugg","|-damage|p2a: Avalugg|102/394","|-damage|p1a: Scizor|172/343|[from] item: Rocky Helmet|[of] p2a: Avalugg","|move|p2a: Avalugg|Recover|p2a: Avalugg","|-heal|p2a: Avalugg|299/394","|","|turn|26","|","|move|p1a: Scizor|Bullet Punch|p2a: Avalugg","|-supereffective|p2a: Avalugg","|-damage|p2a: Avalugg|95/394","|-damage|p1a: Scizor|115/343|[from] item: Rocky Helmet|[of] p2a: Avalugg","|move|p2a: Avalugg|Recover|p2a: Avalugg","|-heal|p2a: Avalugg|292/394","|","|turn|27","|","|move|p1a: Scizor|Roost|p1a: Scizor","|-heal|p1a: Scizor|287/343","|move|p2a: Avalugg|Avalanche|p1a: Scizor","|-resisted|p1a: Scizor","|-damage|p1a: Scizor|259/343","|","|turn|28","|","|move|p1a: Scizor|Swords Dance|p1a: Scizor","|-boost|p1a: Scizor|atk|2","|move|p2a: Avalugg|Recover|p2a: Avalugg","|-heal|p2a: Avalugg|394/394","|","|turn|29","|","|move|p1a: Scizor|Roost|p1a: Scizor","|-heal|p1a: Scizor|343/343","|move|p2a: Avalugg|Earthquake|p1a: Scizor","|-damage|p1a: Scizor|280/343","|","|turn|30","|","|move|p1a: Scizor|Swords Dance|p1a: Scizor","|-boost|p1a: Scizor|atk|2","|move|p2a: Avalugg|Earthquake|p1a: Scizor","|-damage|p1a: Scizor|213/343","|","|turn|31","|","|move|p1a: Scizor|Bullet Punch|p2a: Avalugg","|-supereffective|p2a: Avalugg","|-ability|p2a: Avalugg|Sturdy","|-damage|p2a: Avalugg|1/394","|-damage|p1a: Scizor|156/343|[from] item: Rocky Helmet|[of] p2a: Avalugg","|move|p2a: Avalugg|Earthquake|p1a: Scizor","|-damage|p1a: Scizor|96/343","|","|turn|32","|","|move|p1a: Scizor|Roost|p1a: Scizor","|-heal|p1a: Scizor|268/343","|move|p2a: Avalugg|Earthquake|p1a: Scizor","|-damage|p1a: Scizor|206/343","|","|turn|33","|","|move|p1a: Scizor|Bullet Punch|p2a: Avalugg","|-supereffective|p2a: Avalugg","|-damage|p2a: Avalugg|0 fnt","|-damage|p1a: Scizor|149/343|[from] item: Rocky Helmet|[of] p2a: Avalugg","|faint|p2a: Avalugg","|","|","|switch|p2a: Mamoswine|Mamoswine, F|362/362","|turn|34","|","|move|p2a: Mamoswine|Earthquake|p1a: Scizor","|-damage|p1a: Scizor|29/343","|move|p1a: Scizor|Roost|p1a: Scizor","|-heal|p1a: Scizor|201/343","|","|turn|35","|","|move|p2a: Mamoswine|Earthquake|p1a: Scizor","|-damage|p1a: Scizor|86/343","|move|p1a: Scizor|Roost|p1a: Scizor","|-heal|p1a: Scizor|258/343","|","|turn|36","|","|move|p2a: Mamoswine|Earthquake|p1a: Scizor","|-damage|p1a: Scizor|135/343","|move|p1a: Scizor|Bug Bite|p2a: Mamoswine","|-damage|p2a: Mamoswine|0 fnt","|faint|p2a: Mamoswine","|","|","|switch|p2a: Kyurem-Black|Kyurem-Black|392/392","|-ability|p2a: Kyurem-Black|Teravolt","|turn|37","|","|move|p2a: Kyurem-Black|Outrage|p1a: Scizor","|-resisted|p1a: Scizor","|-damage|p1a: Scizor|53/343","|move|p1a: Scizor|Bug Bite|p2a: Kyurem-Black","|-damage|p2a: Kyurem-Black|0 fnt","|-enditem|p2a: Kyurem-Black|Lum Berry|[from] stealeat|[move] Bug Bite|[of] p1a: Scizor","|faint|p2a: Kyurem-Black","|","|win|mortal jordean"],"p1rating":{"entryid":"6786509","serverid":"eos","formatid":"ou","userid":"mortaljordean","username":"mortal jordean","w":2,"l":"4","t":"0","gxe":43.6,"r":"1413.3300198412","rd":"108.6213285712","sigma":"0","rptime":"1439370000","rpr":1449.0085936316,"rprd":104.55793063728,"rpsigma":"0","acre":1073.6456820867,"lacre":1073.6456820867,"oldacre":"1044.584930701"},"p2rating":{"entryid":"7569158","serverid":"eos","formatid":"ou","userid":"slicerapton","username":"sl ice rapton","w":"0","l":2,"t":"0","gxe":40.8,"r":1468.1611766607,"rd":122.72880368257,"sigma":"0","rptime":1439370000,"rpr":1425.7331676969,"rprd":116.53734049095,"rpsigma":"0","acre":1000,"lacre":1000,"oldacre":"1000"},"endType":"normal"}