{"seed":[20523,20011,41381,6224],"turns":24,"p1":"Galaxy Emilice","p2":"LexiLynn","p1team":[{"name":"Lapras","moves":["icebeam","substitute","thunderbolt","hydropump"],"ability":"Water Absorb","evs":{"hp":85,"atk":85,"def":85,"spa":85,"spd":85,"spe":85},"ivs":{"hp":31,"atk":31,"def":31,"spa":31,"spd":31,"spe":31},"item":"Leftovers","level":83,"shiny":false},{"name":"Infernape","moves":["thunderpunch","grassknot","flareblitz","closecombat"],"ability":"Iron Fist","evs":{"hp":85,"atk":85,"def":85,"spa":85,"spd":85,"spe":85},"ivs":{"hp":31,"atk":31,"def":31,"spa":31,"spd":31,"spe":31},"item":"Expert Belt","level":77,"shiny":false},{"name":"Spinda","moves":["suckerpunch","trickroom","superpower","return"],"ability":"Contrary","evs":{"hp":170,"atk":85,"def":85,"spa":85,"spd":85,"spe":0},"ivs":{"hp":31,"atk":31,"def":31,"spa":31,"spd":31,"spe":0},"item":"Life Orb","level":83,"shiny":false},{"name":"Krookodile","moves":["knockoff","earthquake","stealthrock","superpower"],"ability":"Moxie","evs":{"hp":85,"atk":85,"def":85,"spa":85,"spd":85,"spe":85},"ivs":{"hp":31,"atk":31,"def":31,"spa":31,"spd":31,"spe":31},"item":"Life Orb","level":77,"shiny":false},{"name":"Magcargo","moves":["shellsmash","ancientpower","hiddenpowergrass","lavaplume"],"ability":"Flame Body","evs":{"hp":85,"atk":85,"def":85,"spa":85,"spd":85,"spe":85},"ivs":{"hp":31,"atk":30,"def":31,"spa":30,"spd":31,"spe":31},"item":"White Herb","level":83,"shiny":false},{"name":"Mantine","moves":["airslash","defog","toxic","scald"],"ability":"Water Absorb","evs":{"hp":85,"atk":85,"def":85,"spa":85,"spd":85,"spe":85},"ivs":{"hp":31,"atk":31,"def":31,"spa":31,"spd":31,"spe":31},"item":"Leftovers","level":81,"shiny":false}],"p2team":[{"name":"Delcatty","moves":["wildcharge","suckerpunch","healbell","doubleedge"],"ability":"Wonder Skin","evs":{"hp":85,"atk":85,"def":85,"spa":85,"spd":85,"spe":85},"ivs":{"hp":31,"atk":31,"def":31,"spa":31,"spd":31,"spe":31},"item":"Life Orb","level":83,"shiny":false},{"name":"Druddigon","moves":["substitute","gunkshot","firepunch","dragontail"],"ability":"Sheer Force","evs":{"hp":85,"atk":85,"def":85,"spa":85,"spd":85,"spe":85},"ivs":{"hp":31,"atk":31,"def":31,"spa":31,"spd":31,"spe":31},"item":"Life Orb","level":79,"shiny":false},{"name":"Drapion","moves":["aquatail","poisonjab","swordsdance","taunt"],"ability":"Battle Armor","evs":{"hp":85,"atk":85,"def":85,"spa":85,"spd":85,"spe":85},"ivs":{"hp":31,"atk":31,"def":31,"spa":31,"spd":31,"spe":31},"item":"Black Sludge","level":79,"shiny":false},{"name":"Dusknoir","moves":["earthquake","willowisp","painsplit","shadowsneak"],"ability":"Pressure","evs":{"hp":85,"atk":85,"def":85,"spa":85,"spd":85,"spe":85},"ivs":{"hp":31,"atk":31,"def":31,"spa":31,"spd":31,"spe":31},"item":"Leftovers","level":83,"shiny":false},{"name":"Raikou","moves":["extrasensory","thunderbolt","voltswitch","hiddenpowerice"],"ability":"Volt Absorb","evs":{"hp":85,"atk":85,"def":85,"spa":85,"spd":85,"spe":85},"ivs":{"hp":31,"atk":30,"def":30,"spa":31,"spd":31,"spe":31},"item":"Choice Specs","level":75,"shiny":false},{"name":"Virizion","moves":["gigadrain","calmmind","hiddenpowerice","focusblast"],"ability":"Justified","evs":{"hp":85,"atk":85,"def":85,"spa":85,"spd":85,"spe":85},"ivs":{"hp":31,"atk":30,"def":30,"spa":31,"spd":31,"spe":31},"item":"Leftovers","level":79,"shiny":false}],"log":["|player|p1|Galaxy Emilice|99","|player|p2|LexiLynn|lexilynn.gif","|gametype|singles","|gen|6","|tier|Random Battle","|rated","|rule|Sleep Clause Mod: Limit one foe put to sleep","|rule|HP Percentage Mod: HP is shown in percentages","|","|start","|switch|p1a: Lapras|Lapras, L83, F|351/351","|switch|p2a: Delcatty|Delcatty, L83, F|252/252","|turn|1","|","|switch|p2a: Virizion|Virizion, L79|273/273","|move|p1a: Lapras|Substitute|p1a: Lapras","|-start|p1a: Lapras|Substitute","|-damage|p1a: Lapras|264/351","|","|-heal|p1a: Lapras|285/351|[from] item: Leftovers","|turn|2","|","|move|p2a: Virizion|Giga Drain|p1a: Lapras","|-supereffective|p1a: Lapras","|-end|p1a: Lapras|Substitute","|move|p1a: Lapras|Ice Beam|p2a: Virizion","|-supereffective|p2a: Virizion","|-damage|p2a: Virizion|151/273","|","|-heal|p2a: Virizion|168/273|[from] item: Leftovers","|-heal|p1a: Lapras|306/351|[from] item: Leftovers","|turn|3","|","|switch|p1a: Infernape|Infernape, L77, M|244/244","|move|p2a: Virizion|Giga Drain|p1a: Infernape","|-resisted|p1a: Infernape","|-damage|p1a: Infernape|202/244","|-heal|p2a: Virizion|189/273|[from] drain|[of] p1a: Infernape","|","|-heal|p2a: Virizion|206/273|[from] item: Leftovers","|turn|4","|","|switch|p2a: Drapion|Drapion, L79, F|240/240","|move|p1a: Infernape|Flare Blitz|p2a: Drapion","|-damage|p2a: Drapion|140/240","|-damage|p1a: Infernape|169/244|[from] recoil|[of] p2a: Drapion","|","|-heal|p2a: Drapion|155/240|[from] item: Black Sludge","|turn|5","|","|move|p1a: Infernape|Thunder Punch|p2a: Drapion","|-damage|p2a: Drapion|109/240","|move|p2a: Drapion|Aqua Tail|p1a: Infernape","|-supereffective|p1a: Infernape","|-damage|p1a: Infernape|37/244","|","|-heal|p2a: Drapion|124/240|[from] item: Black Sludge","|turn|6","|","|move|p1a: Infernape|Flare Blitz|p2a: Drapion","|-damage|p2a: Drapion|31/240","|-damage|p1a: Infernape|6/244|[from] recoil|[of] p2a: Drapion","|move|p2a: Drapion|Aqua Tail|p1a: Infernape","|-crit|p1a: Infernape","|-supereffective|p1a: Infernape","|-damage|p1a: Infernape|0 fnt","|faint|p1a: Infernape","|","|-heal|p2a: Drapion|46/240|[from] item: Black Sludge","|","|switch|p1a: Spinda|Spinda, L83, F|253/253","|turn|7","|","|switch|p2a: Dusknoir|Dusknoir, L83, F|210/210","|-ability|p2a: Dusknoir|Pressure","|move|p1a: Spinda|Trick Room|p1a: Spinda","|-fieldstart|move: Trick Room|[of] p1a: Spinda","|","|turn|8","|","|move|p1a: Spinda|Sucker Punch|p2a: Dusknoir","|-supereffective|p2a: Dusknoir","|-damage|p2a: Dusknoir|135/210","|-damage|p1a: Spinda|228/253|[from] item: Life Orb","|move|p2a: Dusknoir|Earthquake|p1a: Spinda","|-damage|p1a: Spinda|130/253","|","|-heal|p2a: Dusknoir|148/210|[from] item: Leftovers","|turn|9","|","|move|p1a: Spinda|Sucker Punch|p2a: Dusknoir","|-supereffective|p2a: Dusknoir","|-damage|p2a: Dusknoir|78/210","|-damage|p1a: Spinda|105/253|[from] item: Life Orb","|move|p2a: Dusknoir|Shadow Sneak|p1a: Spinda","|-immune|p1a: Spinda|[msg]","|","|-heal|p2a: Dusknoir|91/210|[from] item: Leftovers","|turn|10","|","|move|p1a: Spinda|Sucker Punch|p2a: Dusknoir","|-fail|p1a: Spinda","|move|p2a: Dusknoir|Pain Split|p1a: Spinda","|-sethp|p1a: Spinda|98/253|p2a: Dusknoir|98/210|[from] move: Pain Split","|","|-heal|p2a: Dusknoir|111/210|[from] item: Leftovers","|turn|11","|","|switch|p2a: Virizion|Virizion, L79|206/273","|move|p1a: Spinda|Sucker Punch|p2a: Virizion","|-fail|p1a: Spinda","|","|-heal|p2a: Virizion|223/273|[from] item: Leftovers","|-fieldend|move: Trick Room","|turn|12","|","|move|p2a: Virizion|Focus Blast|p1a: Spinda","|-supereffective|p1a: Spinda","|-damage|p1a: Spinda|0 fnt","|faint|p1a: Spinda","|","|-heal|p2a: Virizion|240/273|[from] item: Leftovers","|","|switch|p1a: Mantine|Mantine, L81, F|238/238","|turn|13","|","|move|p2a: Virizion|Hidden Power|p1a: Mantine","|-damage|p1a: Mantine|210/238","|move|p1a: Mantine|Air Slash|p2a: Virizion","|-supereffective|p2a: Virizion","|-damage|p2a: Virizion|24/273","|","|-heal|p2a: Virizion|41/273|[from] item: Leftovers","|-heal|p1a: Mantine|224/238|[from] item: Leftovers","|turn|14","|","|move|p2a: Virizion|Giga Drain|p1a: Mantine","|-damage|p1a: Mantine|178/238","|-heal|p2a: Virizion|64/273|[from] drain|[of] p1a: Mantine","|move|p1a: Mantine|Air Slash|p2a: Virizion","|-supereffective|p2a: Virizion","|-damage|p2a: Virizion|0 fnt","|faint|p2a: Virizion","|","|-heal|p1a: Mantine|192/238|[from] item: Leftovers","|","|switch|p2a: Raikou|Raikou, L75|259/259","|turn|15","|","|switch|p1a: Krookodile|Krookodile, L77, M|273/273","|move|p2a: Raikou|Thunderbolt|p1a: Krookodile","|-immune|p1a: Krookodile|[msg]","|","|turn|16","|","|switch|p2a: Delcatty|Delcatty, L83, F|252/252","|move|p1a: Krookodile|Stealth Rock|p2a: Delcatty","|-sidestart|p2: LexiLynn|move: Stealth Rock","|","|turn|17","|","|move|p2a: Delcatty|Sucker Punch|p1a: Krookodile","|-resisted|p1a: Krookodile","|-damage|p1a: Krookodile|239/273","|-damage|p2a: Delcatty|227/252|[from] item: Life Orb","|move|p1a: Krookodile|Superpower|p2a: Delcatty","|-supereffective|p2a: Delcatty","|-damage|p2a: Delcatty|0 fnt","|-unboost|p1a: Krookodile|atk|1","|-unboost|p1a: Krookodile|def|1","|-damage|p1a: Krookodile|212/273|[from] item: Life Orb","|faint|p2a: Delcatty","|-boost|p1a: Krookodile|atk|1|[from] ability: Moxie","|","|","|switch|p2a: Druddigon|Druddigon, L79, F|251/251","|-damage|p2a: Druddigon|220/251|[from] Stealth Rock","|turn|18","|","|move|p1a: Krookodile|Knock Off|p2a: Druddigon","|-damage|p2a: Druddigon|84/251","|-enditem|p2a: Druddigon|Life Orb|[from] move: Knock Off|[of] p1a: Krookodile","|-damage|p1a: Krookodile|185/273|[from] item: Life Orb","|move|p2a: Druddigon|Gunk Shot|p1a: Krookodile","|-resisted|p1a: Krookodile","|-damage|p1a: Krookodile|87/273","|","|turn|19","|","|move|p1a: Krookodile|Knock Off|p2a: Druddigon","|-damage|p2a: Druddigon|1/251","|-damage|p1a: Krookodile|60/273|[from] item: Life Orb","|move|p2a: Druddigon|Dragon Tail|p1a: Krookodile","|-damage|p1a: Krookodile|0 fnt","|faint|p1a: Krookodile","|","|","|switch|p1a: Mantine|Mantine, L81, F|192/238","|turn|20","|","|switch|p2a: Raikou|Raikou, L75|259/259","|-damage|p2a: Raikou|227/259|[from] Stealth Rock","|move|p1a: Mantine|Scald|p2a: Raikou","|-damage|p2a: Raikou|161/259","|","|-heal|p1a: Mantine|206/238|[from] item: Leftovers","|turn|21","|","|switch|p1a: Magcargo|Magcargo, L83, F|219/219","|move|p2a: Raikou|Thunderbolt|p1a: Magcargo","|-damage|p1a: Magcargo|75/219","|","|turn|22","|","|move|p2a: Raikou|Thunderbolt|p1a: Magcargo","|-damage|p1a: Magcargo|0 fnt","|faint|p1a: Magcargo","|","|","|switch|p1a: Lapras|Lapras, L83, F|306/351","|turn|23","|","|move|p2a: Raikou|Thunderbolt|p1a: Lapras","|-crit|p1a: Lapras","|-supereffective|p1a: Lapras","|-damage|p1a: Lapras|0 fnt","|faint|p1a: Lapras","|","|","|switch|p1a: Mantine|Mantine, L81, F|206/238","|turn|24","|","|move|p2a: Raikou|Thunderbolt|p1a: Mantine","|-supereffective|p1a: Mantine","|-damage|p1a: Mantine|0 fnt","|faint|p1a: Mantine","|","|win|LexiLynn"],"p1rating":{"entryid":"663972","serverid":"eos","formatid":"randombattle","userid":"galaxyemilice","username":"Galaxy Emilice","w":"1","l":2,"t":"0","gxe":45.6,"r":1498.6265818927,"rd":116.35197363399,"sigma":"0","rptime":1441011600,"rpr":1464.8571731254,"rprd":110.78072639345,"rpsigma":"0","acre":1015.176067005,"lacre":1015.176067005,"oldacre":"1026.7546469866"},"p2rating":{"entryid":"558092","serverid":"eos","formatid":"randombattle","userid":"lexilynn","username":"Lexi_Lynn","w":9,"l":"6","t":"0","gxe":56.2,"r":1533.3399778501,"rd":79.570329942348,"sigma":"0","rptime":1441011600,"rpr":1548.0416290028,"rprd":77.857969090352,"rpsigma":"0","acre":1109.9123835536,"lacre":1109.9123835536,"oldacre":"1087.7358026519"},"endType":"normal"}