{"seed":[5423,18748,27044,38799],"turns":25,"p1":"Z_A101","p2":"Outcast Brett","p1team":[{"name":"Togekiss","moves":["aurasphere","roost","defog","airslash"],"ability":"Serene Grace","evs":{"hp":85,"atk":85,"def":85,"spa":85,"spd":85,"spe":85},"ivs":{"hp":31,"atk":31,"def":31,"spa":31,"spd":31,"spe":31},"item":"Leftovers","level":76,"shiny":false},{"name":"Samurott","moves":["swordsdance","megahorn","aquajet","waterfall"],"ability":"Torrent","evs":{"hp":85,"atk":85,"def":85,"spa":85,"spd":85,"spe":85},"ivs":{"hp":31,"atk":31,"def":31,"spa":31,"spd":31,"spe":31},"item":"Life Orb","level":81,"shiny":false},{"name":"Ledian","moves":["lightscreen","reflect","encore","uturn"],"ability":"Early Bird","evs":{"hp":85,"atk":85,"def":85,"spa":85,"spd":85,"spe":85},"ivs":{"hp":31,"atk":31,"def":31,"spa":31,"spd":31,"spe":31},"item":"Light Clay","level":83,"shiny":false},{"name":"Chesnaught","moves":["synthesis","leechseed","spikes","drainpunch"],"ability":"Bulletproof","evs":{"hp":85,"atk":85,"def":85,"spa":85,"spd":85,"spe":85},"ivs":{"hp":31,"atk":31,"def":31,"spa":31,"spd":31,"spe":31},"item":"Leftovers","level":77,"shiny":false},{"name":"Beartic","moves":["aquajet","nightslash","iciclecrash","swordsdance"],"ability":"Snow Cloak","evs":{"hp":85,"atk":85,"def":85,"spa":85,"spd":85,"spe":85},"ivs":{"hp":31,"atk":31,"def":31,"spa":31,"spd":31,"spe":31},"item":"Life Orb","level":83,"shiny":false},{"name":"Ferrothorn","moves":["stealthrock","powerwhip","protect","gyroball"],"ability":"Iron Barbs","evs":{"hp":85,"atk":170,"def":85,"spa":85,"spd":85,"spe":0},"ivs":{"hp":31,"atk":31,"def":31,"spa":31,"spd":31,"spe":0},"item":"Leftovers","level":75,"shiny":false}],"p2team":[{"name":"Shedinja","moves":["shadowclaw","willowisp","xscissor","swordsdance"],"ability":"Wonder Guard","evs":{"hp":0,"atk":255,"def":0,"spa":85,"spd":0,"spe":85},"ivs":{"hp":31,"atk":31,"def":31,"spa":31,"spd":31,"spe":31},"item":"Focus Sash","level":83,"shiny":false},{"name":"Latias","moves":["hiddenpowerfire","dragonpulse","surf","roost"],"ability":"Levitate","evs":{"hp":85,"atk":85,"def":85,"spa":85,"spd":85,"spe":85},"ivs":{"hp":31,"atk":30,"def":31,"spa":30,"spd":31,"spe":30},"item":"Latiasite","level":90,"shiny":false},{"name":"Tangrowth","moves":["synthesis","leechseed","rockslide","leafstorm"],"ability":"Regenerator","evs":{"hp":85,"atk":85,"def":85,"spa":85,"spd":85,"spe":85},"ivs":{"hp":31,"atk":31,"def":31,"spa":31,"spd":31,"spe":31},"item":"Leftovers","level":79,"shiny":false},{"name":"Farfetch'd","moves":["nightslash","bravebird","swordsdance","roost"],"ability":"Defiant","evs":{"hp":85,"atk":85,"def":85,"spa":85,"spd":85,"spe":85},"ivs":{"hp":31,"atk":31,"def":31,"spa":31,"spd":31,"spe":31},"item":"Stick","level":83,"shiny":false},{"name":"Stunfisk","moves":["toxic","discharge","scald","stealthrock"],"ability":"Static","evs":{"hp":85,"atk":85,"def":85,"spa":85,"spd":85,"spe":85},"ivs":{"hp":31,"atk":31,"def":31,"spa":31,"spd":31,"spe":31},"item":"Air Balloon","level":83,"shiny":false},{"name":"Tyranitar","moves":["stoneedge","fireblast","crunch","earthquake"],"ability":"Sand Stream","evs":{"hp":85,"atk":85,"def":85,"spa":85,"spd":85,"spe":85},"ivs":{"hp":31,"atk":31,"def":31,"spa":31,"spd":31,"spe":31},"item":"Assault Vest","level":75,"shiny":false}],"log":["|player|p1|Z_A101|2","|player|p2|Outcast Brett|262","|gametype|singles","|gen|6","|tier|Random Battle","|rated","|rule|Sleep Clause Mod: Limit one foe put to sleep","|rule|HP Percentage Mod: HP is shown in percentages","|","|start","|switch|p1a: Togekiss|Togekiss, L76, M|254/254","|switch|p2a: Shedinja|Shedinja, L83|1/1","|turn|1","|","|switch|p2a: Stunfisk|Stunfisk, L83, M|317/317","|-item|p2a: Stunfisk|Air Balloon","|move|p1a: Togekiss|Air Slash|p2a: Stunfisk","|-resisted|p2a: Stunfisk","|-damage|p2a: Stunfisk|281/317","|-enditem|p2a: Stunfisk|Air Balloon","|","|turn|2","|","|switch|p1a: Chesnaught|Chesnaught, L77, M|262/262","|move|p2a: Stunfisk|Discharge|p1a: Chesnaught","|-resisted|p1a: Chesnaught","|-damage|p1a: Chesnaught|221/262","|","|-heal|p1a: Chesnaught|237/262|[from] item: Leftovers","|turn|3","|","|switch|p2a: Farfetch'd|Farfetch'd, L83, M|222/222","|move|p1a: Chesnaught|Leech Seed|p2a: Farfetch'd","|-start|p2a: Farfetch'd|move: Leech Seed","|","|-heal|p1a: Chesnaught|253/262|[from] item: Leftovers","|-damage|p2a: Farfetch'd|195/222|[from] Leech Seed|[of] p1a: Chesnaught","|-heal|p1a: Chesnaught|262/262|[silent]","|turn|4","|","|switch|p1a: Beartic|Beartic, L83, F|293/293","|move|p2a: Farfetch'd|Swords Dance|p2a: Farfetch'd","|-boost|p2a: Farfetch'd|atk|2","|","|-damage|p2a: Farfetch'd|168/222|[from] Leech Seed|[of] p1a: Beartic","|turn|5","|","|move|p2a: Farfetch'd|Brave Bird|p1a: Beartic","|-crit|p1a: Beartic","|-damage|p1a: Beartic|10/293","|-damage|p2a: Farfetch'd|75/222|[from] recoil|[of] p1a: Beartic","|move|p1a: Beartic|Icicle Crash|p2a: Farfetch'd","|-supereffective|p2a: Farfetch'd","|-damage|p2a: Farfetch'd|0 fnt","|-damage|p1a: Beartic|0 fnt|[from] item: Life Orb","|faint|p2a: Farfetch'd","|faint|p1a: Beartic","|","|","|switch|p2a: Latias|Latias, L90, F|290/290","|switch|p1a: Samurott|Samurott, L81, F|287/287","|turn|6","|","|detailschange|p2a: Latias|Latias-Mega, L90, F","|-mega|p2a: Latias|Latias|Latiasite","|move|p2a: Latias|Dragon Pulse|p1a: Samurott","|-damage|p1a: Samurott|122/287","|move|p1a: Samurott|Megahorn|p2a: Latias|[miss]","|-miss|p1a: Samurott|p2a: Latias","|","|turn|7","|","|move|p2a: Latias|Dragon Pulse|p1a: Samurott","|-damage|p1a: Samurott|0 fnt","|faint|p1a: Samurott","|","|","|switch|p1a: Ledian|Ledian, L83, M|227/227","|turn|8","|","|move|p2a: Latias|Hidden Power|p1a: Ledian","|-supereffective|p1a: Ledian","|-damage|p1a: Ledian|119/227","|move|p1a: Ledian|Reflect|p1a: Ledian","|-sidestart|p1: Z_A101|Reflect","|","|turn|9","|","|move|p2a: Latias|Dragon Pulse|p1a: Ledian","|-damage|p1a: Ledian|0 fnt","|faint|p1a: Ledian","|","|","|switch|p1a: Ferrothorn|Ferrothorn, L75, M|235/235","|turn|10","|","|move|p2a: Latias|Hidden Power|p1a: Ferrothorn","|-supereffective|p1a: Ferrothorn","|-damage|p1a: Ferrothorn|0 fnt","|faint|p1a: Ferrothorn","|","|","|switch|p1a: Togekiss|Togekiss, L76, M|254/254","|turn|11","|","|move|p2a: Latias|Surf|p1a: Togekiss","|-damage|p1a: Togekiss|159/254","|move|p1a: Togekiss|Air Slash|p2a: Latias","|-damage|p2a: Latias|247/290","|","|-heal|p1a: Togekiss|174/254|[from] item: Leftovers","|turn|12","|","|switch|p2a: Stunfisk|Stunfisk, L83, M|281/317","|move|p1a: Togekiss|Air Slash|p2a: Stunfisk","|-resisted|p2a: Stunfisk","|-damage|p2a: Stunfisk|245/317","|","|-heal|p1a: Togekiss|189/254|[from] item: Leftovers","|turn|13","|","|switch|p1a: Chesnaught|Chesnaught, L77, M|262/262","|move|p2a: Stunfisk|Stealth Rock|p1a: Chesnaught","|-sidestart|p1: Z_A101|move: Stealth Rock","|","|turn|14","|","|switch|p2a: Shedinja|Shedinja, L83|1/1","|move|p1a: Chesnaught|Leech Seed|p2a: Shedinja","|-start|p2a: Shedinja|move: Leech Seed","|","|-damage|p2a: Shedinja|0 fnt|[from] Leech Seed|[of] p1a: Chesnaught","|faint|p2a: Shedinja","|","|switch|p2a: Stunfisk|Stunfisk, L83, M|245/317","|turn|15","|","|move|p1a: Chesnaught|Leech Seed|p2a: Stunfisk","|-start|p2a: Stunfisk|move: Leech Seed","|move|p2a: Stunfisk|Toxic|p1a: Chesnaught","|-status|p1a: Chesnaught|tox","|","|-damage|p2a: Stunfisk|206/317|[from] Leech Seed|[of] p1a: Chesnaught","|-damage|p1a: Chesnaught|246/262 tox|[from] psn","|-sideend|p1: Z_A101|Reflect","|turn|16","|","|switch|p2a: Tangrowth|Tangrowth, L79, F|288/288","|move|p1a: Chesnaught|Synthesis|p1a: Chesnaught","|-heal|p1a: Chesnaught|262/262 tox","|","|-damage|p1a: Chesnaught|230/262 tox|[from] psn","|turn|17","|","|move|p1a: Chesnaught|Spikes|p2a: Tangrowth","|-sidestart|p2: Outcast Brett|Spikes","|move|p2a: Tangrowth|Rock Slide|p1a: Chesnaught","|-resisted|p1a: Chesnaught","|-damage|p1a: Chesnaught|210/262 tox","|","|-heal|p1a: Chesnaught|226/262 tox|[from] item: Leftovers","|-damage|p1a: Chesnaught|178/262 tox|[from] psn","|turn|18","|","|switch|p1a: Togekiss|Togekiss, L76, M|189/254","|-damage|p1a: Togekiss|126/254|[from] Stealth Rock","|move|p2a: Tangrowth|Leaf Storm|p1a: Togekiss","|-resisted|p1a: Togekiss","|-damage|p1a: Togekiss|68/254","|-unboost|p2a: Tangrowth|spa|2","|","|-heal|p1a: Togekiss|83/254|[from] item: Leftovers","|turn|19","|","|move|p1a: Togekiss|Air Slash|p2a: Tangrowth","|-supereffective|p2a: Tangrowth","|-damage|p2a: Tangrowth|66/288","|cant|p2a: Tangrowth|flinch","|","|-heal|p1a: Togekiss|98/254|[from] item: Leftovers","|-heal|p2a: Tangrowth|84/288|[from] item: Leftovers","|turn|20","|","|switch|p2a: Tyranitar|Tyranitar, L75, F|274/274","|-damage|p2a: Tyranitar|240/274|[from] Spikes","|-weather|Sandstorm","|move|p1a: Togekiss|Air Slash|p2a: Tyranitar","|-resisted|p2a: Tyranitar","|-damage|p2a: Tyranitar|223/274","|","|-weather|Sandstorm|[upkeep]","|-damage|p1a: Togekiss|83/254|[from] sandstorm","|-heal|p1a: Togekiss|98/254|[from] item: Leftovers","|turn|21","|","|move|p1a: Togekiss|Roost|p1a: Togekiss","|-heal|p1a: Togekiss|225/254","|move|p2a: Tyranitar|Stone Edge|p1a: Togekiss|[miss]","|-miss|p2a: Tyranitar|p1a: Togekiss","|","|-weather|Sandstorm|[upkeep]","|-damage|p1a: Togekiss|210/254|[from] sandstorm","|-heal|p1a: Togekiss|225/254|[from] item: Leftovers","|turn|22","|","|move|p1a: Togekiss|Defog|p2a: Tyranitar","|-unboost|p2a: Tyranitar|evasion|1","|-sideend|p2: Outcast Brett|Spikes|[from] move: Defog|[of] p2a: Tyranitar","|-sideend|p1: Z_A101|Stealth Rock|[from] move: Defog|[of] p1a: Togekiss","|move|p2a: Tyranitar|Stone Edge|p1a: Togekiss","|-supereffective|p1a: Togekiss","|-damage|p1a: Togekiss|0 fnt","|faint|p1a: Togekiss","|","|-weather|Sandstorm|[upkeep]","|","|switch|p1a: Chesnaught|Chesnaught, L77, M|178/262 tox","|turn|23","|","|move|p1a: Chesnaught|Drain Punch|p2a: Tyranitar","|-supereffective|p2a: Tyranitar","|-damage|p2a: Tyranitar|0 fnt","|-heal|p1a: Chesnaught|262/262 tox|[from] drain|[of] p2a: Tyranitar","|faint|p2a: Tyranitar","|","|-weather|Sandstorm|[upkeep]","|-damage|p1a: Chesnaught|246/262 tox|[from] sandstorm","|-heal|p1a: Chesnaught|262/262 tox|[from] item: Leftovers","|-damage|p1a: Chesnaught|246/262 tox|[from] psn","|","|switch|p2a: Latias|Latias-Mega, L90, F|247/290","|turn|24","|","|move|p2a: Latias|Hidden Power|p1a: Chesnaught","|-supereffective|p1a: Chesnaught","|-damage|p1a: Chesnaught|70/262 tox","|move|p1a: Chesnaught|Leech Seed|p2a: Latias|[miss]","|-miss|p1a: Chesnaught|p2a: Latias","|","|-weather|none","|-heal|p1a: Chesnaught|86/262 tox|[from] item: Leftovers","|-damage|p1a: Chesnaught|54/262 tox|[from] psn","|turn|25","|","|move|p2a: Latias|Hidden Power|p1a: Chesnaught","|-supereffective|p1a: Chesnaught","|-damage|p1a: Chesnaught|0 fnt","|faint|p1a: Chesnaught","|","|win|Outcast Brett"],"p1rating":{"entryid":719578,"formatid":"randombattle","userid":"za101","username":"Z_A101","r":1500,"rd":130,"sigma":0,"rpr":1459.8393856612,"rprd":122.8583080769,"rpsigma":0,"rptime":1441011600,"w":0,"l":1,"t":0,"gxe":45,"acre":1000,"lacre":1000,"oldacre":1000},"p2rating":{"entryid":719579,"formatid":"randombattle","userid":"outcastbrett","username":"Outcast Brett","r":1500,"rd":130,"sigma":0,"rpr":1540.1606143388,"rprd":122.8583080769,"rpsigma":0,"rptime":1441011600,"w":1,"l":0,"t":0,"gxe":55,"acre":1040,"lacre":1040,"oldacre":1000},"endType":"normal"}