{"seed":[33371,55355,28595,13341],"turns":39,"p1":"LexiLynn","p2":"nexgenken","p1team":[{"name":"Shedinja","moves":["shadowsneak","swordsdance","xscissor","batonpass"],"ability":"Wonder Guard","evs":{"hp":0,"atk":255,"def":0,"spa":85,"spd":0,"spe":85},"ivs":{"hp":31,"atk":31,"def":31,"spa":31,"spd":31,"spe":31},"item":"Focus Sash","level":83,"shiny":false},{"name":"Lickilicky","moves":["healbell","bodyslam","powerwhip","protect"],"ability":"Cloud Nine","evs":{"hp":85,"atk":85,"def":85,"spa":85,"spd":85,"spe":85},"ivs":{"hp":31,"atk":31,"def":31,"spa":31,"spd":31,"spe":31},"item":"Leftovers","level":83,"shiny":false},{"name":"Pinsir","moves":["quickattack","closecombat","earthquake","swordsdance"],"ability":"Mold Breaker","evs":{"hp":81,"atk":89,"def":85,"spa":85,"spd":85,"spe":85},"ivs":{"hp":31,"atk":31,"def":31,"spa":31,"spd":31,"spe":31},"item":"Pinsirite","level":76,"shiny":false},{"name":"Hippowdon","moves":["whirlwind","earthquake","stealthrock","stoneedge"],"ability":"Sand Stream","evs":{"hp":85,"atk":85,"def":85,"spa":85,"spd":85,"spe":85},"ivs":{"hp":31,"atk":31,"def":31,"spa":31,"spd":31,"spe":31},"item":"Leftovers","level":75,"shiny":false},{"name":"Arcanine","moves":["willowisp","crunch","roar","flareblitz"],"ability":"Intimidate","evs":{"hp":85,"atk":85,"def":85,"spa":85,"spd":85,"spe":85},"ivs":{"hp":31,"atk":31,"def":31,"spa":31,"spd":31,"spe":31},"item":"Leftovers","level":77,"shiny":false},{"name":"Rotom-Wash","moves":["trick","voltswitch","willowisp","hiddenpowerice"],"ability":"Levitate","evs":{"hp":85,"atk":85,"def":85,"spa":85,"spd":85,"spe":85},"ivs":{"hp":31,"atk":30,"def":30,"spa":31,"spd":31,"spe":31},"item":"Choice Scarf","level":75,"shiny":false}],"p2team":[{"name":"Kabutops","moves":["stoneedge","swordsdance","aquajet","waterfall"],"ability":"Swift Swim","evs":{"hp":85,"atk":85,"def":85,"spa":85,"spd":85,"spe":85},"ivs":{"hp":31,"atk":31,"def":31,"spa":31,"spd":31,"spe":31},"item":"Life Orb","level":81,"shiny":false},{"name":"Dunsparce","moves":["rockslide","roost","glare","headbutt"],"ability":"Serene Grace","evs":{"hp":85,"atk":85,"def":85,"spa":85,"spd":85,"spe":85},"ivs":{"hp":31,"atk":31,"def":31,"spa":31,"spd":31,"spe":31},"item":"Leftovers","level":83,"shiny":false},{"name":"Grumpig","moves":["focusblast","psychic","whirlwind","lightscreen"],"ability":"Thick Fat","evs":{"hp":85,"atk":85,"def":85,"spa":85,"spd":85,"spe":85},"ivs":{"hp":31,"atk":31,"def":31,"spa":31,"spd":31,"spe":31},"item":"Light Clay","level":83,"shiny":false},{"name":"Primeape","moves":["icepunch","earthquake","stoneedge","closecombat"],"ability":"Defiant","evs":{"hp":85,"atk":85,"def":85,"spa":85,"spd":85,"spe":85},"ivs":{"hp":31,"atk":31,"def":31,"spa":31,"spd":31,"spe":31},"item":"Choice Scarf","level":81,"shiny":false},{"name":"Venusaur","moves":["sleeppowder","synthesis","leechseed","sludgebomb"],"ability":"Chlorophyll","evs":{"hp":85,"atk":85,"def":85,"spa":85,"spd":85,"spe":85},"ivs":{"hp":31,"atk":31,"def":31,"spa":31,"spd":31,"spe":31},"item":"Venusaurite","level":75,"shiny":false},{"name":"Swampert","moves":["icebeam","roar","earthquake","protect"],"ability":"Torrent","evs":{"hp":85,"atk":85,"def":85,"spa":85,"spd":85,"spe":85},"ivs":{"hp":31,"atk":31,"def":31,"spa":31,"spd":31,"spe":31},"item":"Leftovers","level":77,"shiny":false}],"log":["|player|p1|LexiLynn|lexilynn.gif","|player|p2|nexgenken|101","|gametype|singles","|gen|6","|tier|Random Battle","|rated","|rule|Sleep Clause Mod: Limit one foe put to sleep","|rule|HP Percentage Mod: HP is shown in percentages","|","|start","|switch|p1a: Shedinja|Shedinja, L83|1/1","|switch|p2a: Kabutops|Kabutops, L81, M|230/230","|turn|1","|","|switch|p1a: Hippowdon|Hippowdon, L75, M|286/286","|-weather|Sandstorm","|move|p2a: Kabutops|Swords Dance|p2a: Kabutops","|-boost|p2a: Kabutops|atk|2","|","|-weather|Sandstorm|[upkeep]","|turn|2","|","|move|p2a: Kabutops|Waterfall|p1a: Hippowdon","|-supereffective|p1a: Hippowdon","|-damage|p1a: Hippowdon|0 fnt","|-damage|p2a: Kabutops|207/230|[from] item: Life Orb","|faint|p1a: Hippowdon","|","|-weather|Sandstorm|[upkeep]","|","|switch|p1a: Rotom-Wash|Rotom-Wash, L75|199/199","|turn|3","|","|move|p1a: Rotom-Wash|Volt Switch|p2a: Kabutops","|-supereffective|p2a: Kabutops","|-damage|p2a: Kabutops|91/230","|","|switch|p1a: Lickilicky|Lickilicky, L83, F|318/318","|-ability|p1a: Lickilicky|Cloud Nine","|move|p2a: Kabutops|Stone Edge|p1a: Lickilicky","|-damage|p1a: Lickilicky|14/318","|-damage|p2a: Kabutops|68/230|[from] item: Life Orb","|","|-weather|Sandstorm|[upkeep]","|-heal|p1a: Lickilicky|33/318|[from] item: Leftovers","|turn|4","|","|move|p2a: Kabutops|Aqua Jet|p1a: Lickilicky","|-damage|p1a: Lickilicky|0 fnt","|-damage|p2a: Kabutops|45/230|[from] item: Life Orb","|faint|p1a: Lickilicky","|","|-weather|Sandstorm|[upkeep]","|","|switch|p1a: Rotom-Wash|Rotom-Wash, L75|199/199","|turn|5","|","|move|p1a: Rotom-Wash|Hidden Power|p2a: Kabutops","|-resisted|p2a: Kabutops","|-damage|p2a: Kabutops|30/230","|move|p2a: Kabutops|Stone Edge|p1a: Rotom-Wash|[miss]","|-miss|p2a: Kabutops|p1a: Rotom-Wash","|","|-weather|none","|turn|6","|","|switch|p1a: Shedinja|Shedinja, L83|1/1","|move|p2a: Kabutops|Waterfall|p1a: Shedinja","|-activate|p1a: Shedinja|ability: Wonder Guard","|","|turn|7","|","|move|p1a: Shedinja|Shadow Sneak|p2a: Kabutops","|-damage|p2a: Kabutops|0 fnt","|faint|p2a: Kabutops","|","|","|switch|p2a: Primeape|Primeape, L81, F|238/238","|turn|8","|","|move|p2a: Primeape|Close Combat|p1a: Shedinja","|-immune|p1a: Shedinja|[msg]","|move|p1a: Shedinja|X-Scissor|p2a: Primeape","|-resisted|p2a: Primeape","|-damage|p2a: Primeape|173/238","|","|turn|9","|","|switch|p2a: Venusaur|Venusaur, L75, F|244/244","|move|p1a: Shedinja|Shadow Sneak|p2a: Venusaur","|-damage|p2a: Venusaur|193/244","|","|turn|10","|","|switch|p1a: Arcanine|Arcanine, L77, F|265/265","|-ability|p1a: Arcanine|Intimidate","|-unboost|p2a: Venusaur|atk|1","|detailschange|p2a: Venusaur|Venusaur-Mega, L75, F","|-mega|p2a: Venusaur|Venusaur|Venusaurite","|move|p2a: Venusaur|Sleep Powder|p1a: Arcanine","|-status|p1a: Arcanine|slp","|","|turn|11","|","|cant|p1a: Arcanine|slp","|move|p2a: Venusaur|Sludge Bomb|p1a: Arcanine","|-damage|p1a: Arcanine|151/265 slp","|","|-heal|p1a: Arcanine|167/265 slp|[from] item: Leftovers","|turn|12","|","|cant|p1a: Arcanine|slp","|move|p2a: Venusaur|Leech Seed|p1a: Arcanine","|-start|p1a: Arcanine|move: Leech Seed","|","|-heal|p1a: Arcanine|183/265 slp|[from] item: Leftovers","|-damage|p1a: Arcanine|150/265 slp|[from] Leech Seed|[of] p2a: Venusaur","|-heal|p2a: Venusaur|226/244|[silent]","|turn|13","|","|cant|p1a: Arcanine|slp","|move|p2a: Venusaur|Sludge Bomb|p1a: Arcanine","|-damage|p1a: Arcanine|41/265 slp","|","|-heal|p1a: Arcanine|57/265 slp|[from] item: Leftovers","|-damage|p1a: Arcanine|24/265 slp|[from] Leech Seed|[of] p2a: Venusaur","|-heal|p2a: Venusaur|244/244|[silent]","|turn|14","|","|-curestatus|p1a: Arcanine|slp","|move|p1a: Arcanine|Flare Blitz|p2a: Venusaur","|-supereffective|p2a: Venusaur","|-damage|p2a: Venusaur|148/244","|-status|p2a: Venusaur|brn","|-damage|p1a: Arcanine|0 fnt|[from] recoil|[of] p2a: Venusaur","|faint|p1a: Arcanine","|move|p2a: Venusaur|Sludge Bomb|p1: Arcanine|[notarget]","|-notarget","|","|-damage|p2a: Venusaur|118/244 brn|[from] brn","|","|switch|p1a: Pinsir|Pinsir, L76, F|223/223","|-ability|p1a: Pinsir|Mold Breaker","|turn|15","|","|detailschange|p1a: Pinsir|Pinsir-Mega, L76, F","|-mega|p1a: Pinsir|Pinsir|Pinsirite","|move|p1a: Pinsir|Earthquake|p2a: Venusaur","|-damage|p2a: Venusaur|50/244 brn","|move|p2a: Venusaur|Sleep Powder|p1a: Pinsir","|-status|p1a: Pinsir|slp","|","|-damage|p2a: Venusaur|20/244 brn|[from] brn","|turn|16","|","|cant|p1a: Pinsir|slp","|move|p2a: Venusaur|Synthesis|p2a: Venusaur","|-heal|p2a: Venusaur|142/244 brn","|","|-damage|p2a: Venusaur|112/244 brn|[from] brn","|turn|17","|","|-curestatus|p1a: Pinsir|slp","|move|p1a: Pinsir|Close Combat|p2a: Venusaur","|-crit|p2a: Venusaur","|-resisted|p2a: Venusaur","|-damage|p2a: Venusaur|51/244 brn","|-unboost|p1a: Pinsir|def|1","|-unboost|p1a: Pinsir|spd|1","|move|p2a: Venusaur|Sludge Bomb|p1a: Pinsir","|-damage|p1a: Pinsir|81/223","|","|-damage|p2a: Venusaur|21/244 brn|[from] brn","|turn|18","|","|move|p1a: Pinsir|Quick Attack|p2a: Venusaur","|-supereffective|p2a: Venusaur","|-damage|p2a: Venusaur|0 fnt","|faint|p2a: Venusaur","|","|","|switch|p2a: Primeape|Primeape, L81, F|173/238","|turn|19","|","|move|p2a: Primeape|Close Combat|p1a: Pinsir","|-resisted|p1a: Pinsir","|-damage|p1a: Pinsir|37/223","|-unboost|p2a: Primeape|def|1","|-unboost|p2a: Primeape|spd|1","|move|p1a: Pinsir|Earthquake|p2a: Primeape","|-crit|p2a: Primeape","|-damage|p2a: Primeape|0 fnt","|faint|p2a: Primeape","|","|","|switch|p2a: Swampert|Swampert, L77, M|281/281","|turn|20","|","|move|p1a: Pinsir|Close Combat|p2a: Swampert","|-damage|p2a: Swampert|162/281","|-unboost|p1a: Pinsir|def|1","|-unboost|p1a: Pinsir|spd|1","|move|p2a: Swampert|Ice Beam|p1a: Pinsir","|-supereffective|p1a: Pinsir","|-damage|p1a: Pinsir|0 fnt","|faint|p1a: Pinsir","|","|-heal|p2a: Swampert|179/281|[from] item: Leftovers","|","|switch|p1a: Rotom-Wash|Rotom-Wash, L75|199/199","|turn|21","|","|move|p1a: Rotom-Wash|Volt Switch|p2a: Swampert","|-immune|p2a: Swampert|[msg]","|move|p2a: Swampert|Roar|p1a: Rotom-Wash","|drag|p1a: Shedinja|Shedinja, L83|1/1","|","|-heal|p2a: Swampert|196/281|[from] item: Leftovers","|turn|22","|","|move|p2a: Swampert|Ice Beam|p1a: Shedinja","|-activate|p1a: Shedinja|ability: Wonder Guard","|move|p1a: Shedinja|X-Scissor|p2a: Swampert","|-damage|p2a: Swampert|97/281","|","|-heal|p2a: Swampert|114/281|[from] item: Leftovers","|turn|23","|","|move|p1a: Shedinja|X-Scissor|p2a: Swampert","|-damage|p2a: Swampert|12/281","|move|p2a: Swampert|Roar|p1a: Shedinja","|drag|p1a: Rotom-Wash|Rotom-Wash, L75|199/199","|","|-heal|p2a: Swampert|29/281|[from] item: Leftovers","|turn|24","|","|move|p1a: Rotom-Wash|Hidden Power|p2a: Swampert","|-damage|p2a: Swampert|0 fnt","|faint|p2a: Swampert","|","|","|switch|p2a: Grumpig|Grumpig, L83, F|268/268","|turn|25","|","|move|p1a: Rotom-Wash|Hidden Power|p2a: Grumpig","|-damage|p2a: Grumpig|252/268","|move|p2a: Grumpig|Psychic|p1a: Rotom-Wash","|-damage|p1a: Rotom-Wash|109/199","|","|turn|26","|","|switch|p1a: Shedinja|Shedinja, L83|1/1","|move|p2a: Grumpig|Focus Blast|p1a: Shedinja","|-immune|p1a: Shedinja|[msg]","|","|turn|27","|","|move|p1a: Shedinja|Shadow Sneak|p2a: Grumpig","|-supereffective|p2a: Grumpig","|-damage|p2a: Grumpig|124/268","|move|p2a: Grumpig|Psychic|p1a: Shedinja","|-activate|p1a: Shedinja|ability: Wonder Guard","|","|turn|28","|","|move|p1a: Shedinja|Shadow Sneak|p2a: Grumpig","|-supereffective|p2a: Grumpig","|-damage|p2a: Grumpig|8/268","|move|p2a: Grumpig|Whirlwind|p1a: Shedinja","|drag|p1a: Rotom-Wash|Rotom-Wash, L75|109/199","|","|turn|29","|","|move|p1a: Rotom-Wash|Volt Switch|p2a: Grumpig","|-damage|p2a: Grumpig|0 fnt","|faint|p2a: Grumpig","|","|switch|p1a: Shedinja|Shedinja, L83|1/1","|","|","|switch|p2a: Dunsparce|Dunsparce, L83, F|302/302","|turn|30","|","|move|p2a: Dunsparce|Glare|p1a: Shedinja","|-status|p1a: Shedinja|par","|move|p1a: Shedinja|X-Scissor|p2a: Dunsparce","|-damage|p2a: Dunsparce|181/302","|","|-heal|p2a: Dunsparce|199/302|[from] item: Leftovers","|turn|31","|","|move|p2a: Dunsparce|Headbutt|p1a: Shedinja","|-immune|p1a: Shedinja|[msg]","|move|p1a: Shedinja|Swords Dance|p1a: Shedinja","|-boost|p1a: Shedinja|atk|2","|","|-heal|p2a: Dunsparce|217/302|[from] item: Leftovers","|turn|32","|","|move|p2a: Dunsparce|Rock Slide|p1a: Shedinja","|-supereffective|p1a: Shedinja","|-enditem|p1a: Shedinja|Focus Sash","|-damage|p1a: Shedinja|1/1 par","|cant|p1a: Shedinja|flinch","|","|-heal|p2a: Dunsparce|235/302|[from] item: Leftovers","|turn|33","|","|move|p2a: Dunsparce|Rock Slide|p1a: Shedinja","|-supereffective|p1a: Shedinja","|-damage|p1a: Shedinja|0 fnt","|faint|p1a: Shedinja","|","|-heal|p2a: Dunsparce|253/302|[from] item: Leftovers","|","|switch|p1a: Rotom-Wash|Rotom-Wash, L75|109/199","|turn|34","|","|move|p1a: Rotom-Wash|Volt Switch|p2a: Dunsparce","|-damage|p2a: Dunsparce|175/302","|move|p2a: Dunsparce|Rock Slide|p1a: Rotom-Wash","|-damage|p1a: Rotom-Wash|69/199","|","|-heal|p2a: Dunsparce|193/302|[from] item: Leftovers","|turn|35","|","|move|p1a: Rotom-Wash|Volt Switch|p2a: Dunsparce","|-damage|p2a: Dunsparce|111/302","|move|p2a: Dunsparce|Roost|p2a: Dunsparce","|-heal|p2a: Dunsparce|262/302","|","|-heal|p2a: Dunsparce|280/302|[from] item: Leftovers","|turn|36","|","|move|p1a: Rotom-Wash|Volt Switch|p2a: Dunsparce","|-damage|p2a: Dunsparce|195/302","|move|p2a: Dunsparce|Rock Slide|p1a: Rotom-Wash","|-miss|p2a: Dunsparce|p1a: Rotom-Wash","|","|-heal|p2a: Dunsparce|213/302|[from] item: Leftovers","|turn|37","|","|move|p1a: Rotom-Wash|Volt Switch|p2a: Dunsparce","|-damage|p2a: Dunsparce|125/302","|move|p2a: Dunsparce|Rock Slide|p1a: Rotom-Wash","|-damage|p1a: Rotom-Wash|32/199","|","|-heal|p2a: Dunsparce|143/302|[from] item: Leftovers","|turn|38","|","|move|p1a: Rotom-Wash|Volt Switch|p2a: Dunsparce","|-damage|p2a: Dunsparce|65/302","|move|p2a: Dunsparce|Roost|p2a: Dunsparce","|-heal|p2a: Dunsparce|216/302","|","|-heal|p2a: Dunsparce|234/302|[from] item: Leftovers","|turn|39","|","|move|p1a: Rotom-Wash|Volt Switch|p2a: Dunsparce","|-damage|p2a: Dunsparce|150/302","|move|p2a: Dunsparce|Rock Slide|p1a: Rotom-Wash","|-damage|p1a: Rotom-Wash|0 fnt","|faint|p1a: Rotom-Wash","|","|win|nexgenken"],"p1rating":{"entryid":"558092","serverid":"eos","formatid":"randombattle","userid":"lexilynn","username":"Lexi_Lynn","w":"9","l":7,"t":"0","gxe":54,"r":"1533.3399778501","rd":"79.570329942348","sigma":"0","rptime":"1441011600","rpr":1530.6025744694,"rprd":76.251604471724,"rpsigma":"0","acre":1080.0694076973,"lacre":1080.0694076973,"oldacre":"1109.9123835536"},"p2rating":{"entryid":"704820","serverid":"eos","formatid":"randombattle","userid":"nexgenken","username":"nexgenken","w":2,"l":"0","t":"0","gxe":59.6,"r":"1500","rd":"130","sigma":"0","rptime":"1441011600","rpr":1577.3707115534,"rprd":116.1047925825,"rpsigma":"0","acre":1082.0198933627,"lacre":1082.0198933627,"oldacre":"1041.7460989268"},"endType":"normal"}