{"seed":[65306,64644,37156,16652],"turns":46,"p1":"Director Beast","p2":"DpxYT","p1team":[{"name":"Chatot","moves":["nastyplot","heatwave","chatter","boomburst"],"ability":"Keen Eye","evs":{"hp":85,"atk":85,"def":85,"spa":85,"spd":85,"spe":85},"ivs":{"hp":31,"atk":31,"def":31,"spa":31,"spd":31,"spe":31},"item":"Life Orb","level":83,"shiny":false},{"name":"Corsola","moves":["stealthrock","toxic","recover","scald"],"ability":"Natural Cure","evs":{"hp":85,"atk":85,"def":85,"spa":85,"spd":85,"spe":85},"ivs":{"hp":31,"atk":31,"def":31,"spa":31,"spd":31,"spe":31},"item":"Air Balloon","level":83,"shiny":false},{"name":"Weezing","moves":["willowisp","sludgebomb","fireblast","painsplit"],"ability":"Levitate","evs":{"hp":85,"atk":85,"def":85,"spa":85,"spd":85,"spe":85},"ivs":{"hp":31,"atk":31,"def":31,"spa":31,"spd":31,"spe":31},"item":"Black Sludge","level":81,"shiny":false},{"name":"Shaymin","moves":["leechseed","rest","substitute","seedflare"],"ability":"Natural Cure","evs":{"hp":85,"atk":85,"def":85,"spa":85,"spd":85,"spe":85},"ivs":{"hp":31,"atk":31,"def":31,"spa":31,"spd":31,"spe":31},"item":"Leftovers","level":77,"shiny":false},{"name":"Magmortar","moves":["substitute","hiddenpowergrass","earthquake","fireblast"],"ability":"Vital Spirit","evs":{"hp":85,"atk":85,"def":85,"spa":85,"spd":85,"spe":85},"ivs":{"hp":31,"atk":30,"def":31,"spa":30,"spd":31,"spe":31},"item":"Leftovers","level":81,"shiny":false},{"name":"Thundurus","moves":["substitute","hiddenpowerice","nastyplot","thunderbolt"],"ability":"Prankster","evs":{"hp":85,"atk":85,"def":85,"spa":85,"spd":85,"spe":85},"ivs":{"hp":31,"atk":30,"def":30,"spa":31,"spd":31,"spe":31},"item":"Leftovers","level":75,"shiny":false}],"p2team":[{"name":"Dragalge","moves":["hiddenpowerfire","dragonpulse","scald","focusblast"],"ability":"Adaptability","evs":{"hp":85,"atk":85,"def":85,"spa":85,"spd":85,"spe":85},"ivs":{"hp":31,"atk":30,"def":31,"spa":30,"spd":31,"spe":30},"item":"Choice Specs","level":77,"shiny":false},{"name":"Gorebyss","moves":["substitute","hydropump","icebeam","shellsmash"],"ability":"Hydration","evs":{"hp":85,"atk":85,"def":85,"spa":85,"spd":85,"spe":85},"ivs":{"hp":31,"atk":31,"def":31,"spa":31,"spd":31,"spe":31},"item":"White Herb","level":81,"shiny":false},{"name":"Shaymin","moves":["seedflare","leechseed","rest","earthpower"],"ability":"Natural Cure","evs":{"hp":85,"atk":85,"def":85,"spa":85,"spd":85,"spe":85},"ivs":{"hp":31,"atk":31,"def":31,"spa":31,"spd":31,"spe":31},"item":"Leftovers","level":77,"shiny":false},{"name":"Chansey","moves":["stealthrock","healbell","softboiled","seismictoss"],"ability":"Natural Cure","evs":{"hp":85,"atk":85,"def":85,"spa":85,"spd":85,"spe":85},"ivs":{"hp":31,"atk":31,"def":31,"spa":31,"spd":31,"spe":31},"item":"Eviolite","level":75,"shiny":false},{"name":"Wormadam","moves":["protect","signalbeam","synthesis","toxic"],"ability":"Overcoat","evs":{"hp":85,"atk":85,"def":85,"spa":85,"spd":85,"spe":85},"ivs":{"hp":31,"atk":31,"def":31,"spa":31,"spd":31,"spe":31},"item":"Leftovers","level":83,"shiny":false},{"name":"Relicanth","moves":["doubleedge","headsmash","stealthrock","waterfall"],"ability":"Rock Head","evs":{"hp":85,"atk":85,"def":85,"spa":85,"spd":85,"spe":85},"ivs":{"hp":31,"atk":31,"def":31,"spa":31,"spd":31,"spe":31},"item":"Leftovers","level":83,"shiny":false}],"log":["|player|p1|Director Beast|64","|player|p2|DpxYT|290","|gametype|singles","|gen|6","|tier|Random Battle","|rated","|rule|Sleep Clause Mod: Limit one foe put to sleep","|rule|HP Percentage Mod: HP is shown in percentages","|","|start","|switch|p1a: Chatot|Chatot, L83, M|262/262","|switch|p2a: Dragalge|Dragalge, L77, F|227/227","|turn|1","|","|move|p1a: Chatot|Nasty Plot|p1a: Chatot","|-boost|p1a: Chatot|spa|2","|move|p2a: Dragalge|Dragon Pulse|p1a: Chatot","|-damage|p1a: Chatot|26/262","|","|turn|2","|","|move|p1a: Chatot|Boomburst|p2a: Dragalge","|-damage|p2a: Dragalge|0 fnt","|-damage|p1a: Chatot|0 fnt|[from] item: Life Orb","|faint|p2a: Dragalge","|faint|p1a: Chatot","|","|","|switch|p2a: Shaymin|Shaymin, L77|281/281","|switch|p1a: Corsola|Corsola, L83, M|227/227","|-item|p1a: Corsola|Air Balloon","|turn|3","|","|switch|p1a: Magmortar|Magmortar, L81, M|254/254","|move|p2a: Shaymin|Leech Seed|p1a: Magmortar|[miss]","|-miss|p2a: Shaymin|p1a: Magmortar","|","|turn|4","|","|move|p2a: Shaymin|Earth Power|p1a: Magmortar","|-supereffective|p1a: Magmortar","|-damage|p1a: Magmortar|148/254","|move|p1a: Magmortar|Fire Blast|p2a: Shaymin","|-supereffective|p2a: Shaymin","|-damage|p2a: Shaymin|15/281","|","|-heal|p2a: Shaymin|32/281|[from] item: Leftovers","|-heal|p1a: Magmortar|163/254|[from] item: Leftovers","|turn|5","|","|switch|p2a: Gorebyss|Gorebyss, L81, M|222/222","|move|p1a: Magmortar|Earthquake|p2a: Gorebyss","|-damage|p2a: Gorebyss|168/222","|","|-heal|p1a: Magmortar|178/254|[from] item: Leftovers","|turn|6","|","|move|p1a: Magmortar|Substitute|p1a: Magmortar","|-start|p1a: Magmortar|Substitute","|-damage|p1a: Magmortar|115/254","|move|p2a: Gorebyss|Shell Smash|p2a: Gorebyss","|-unboost|p2a: Gorebyss|def|1","|-unboost|p2a: Gorebyss|spd|1","|-boost|p2a: Gorebyss|atk|2","|-boost|p2a: Gorebyss|spa|2","|-boost|p2a: Gorebyss|spe|2","|-enditem|p2a: Gorebyss|White Herb","|-restoreboost|p2a: Gorebyss|[silent]","|","|-heal|p1a: Magmortar|130/254|[from] item: Leftovers","|turn|7","|","|move|p2a: Gorebyss|Ice Beam|p1a: Magmortar","|-resisted|p1a: Magmortar","|-activate|p1a: Magmortar|Substitute|[damage]","|move|p1a: Magmortar|Hidden Power|p2a: Gorebyss","|-supereffective|p2a: Gorebyss","|-damage|p2a: Gorebyss|44/222","|","|-heal|p1a: Magmortar|145/254|[from] item: Leftovers","|turn|8","|","|move|p2a: Gorebyss|Hydro Pump|p1a: Magmortar|[miss]","|-miss|p2a: Gorebyss|p1a: Magmortar","|move|p1a: Magmortar|Hidden Power|p2a: Gorebyss","|-supereffective|p2a: Gorebyss","|-damage|p2a: Gorebyss|0 fnt","|faint|p2a: Gorebyss","|","|-heal|p1a: Magmortar|160/254|[from] item: Leftovers","|","|switch|p2a: Relicanth|Relicanth, L83, F|302/302","|turn|9","|","|move|p1a: Magmortar|Hidden Power|p2a: Relicanth","|-supereffective|p2a: Relicanth","|-damage|p2a: Relicanth|74/302","|move|p2a: Relicanth|Waterfall|p1a: Magmortar","|-supereffective|p1a: Magmortar","|-end|p1a: Magmortar|Substitute","|","|-heal|p1a: Magmortar|175/254|[from] item: Leftovers","|-heal|p2a: Relicanth|92/302|[from] item: Leftovers","|turn|10","|","|switch|p2a: Chansey|Chansey, L75, F|499/499","|move|p1a: Magmortar|Earthquake|p2a: Chansey","|-damage|p2a: Chansey|330/499","|","|-heal|p1a: Magmortar|190/254|[from] item: Leftovers","|turn|11","|","|move|p1a: Magmortar|Substitute|p1a: Magmortar","|-start|p1a: Magmortar|Substitute","|-damage|p1a: Magmortar|127/254","|move|p2a: Chansey|Seismic Toss|p1a: Magmortar","|-end|p1a: Magmortar|Substitute","|","|-heal|p1a: Magmortar|142/254|[from] item: Leftovers","|turn|12","|","|switch|p1a: Corsola|Corsola, L83, M|227/227","|-item|p1a: Corsola|Air Balloon","|move|p2a: Chansey|Seismic Toss|p1a: Corsola","|-damage|p1a: Corsola|152/227","|-enditem|p1a: Corsola|Air Balloon","|","|turn|13","|","|move|p2a: Chansey|Seismic Toss|p1a: Corsola","|-damage|p1a: Corsola|77/227","|move|p1a: Corsola|Stealth Rock|p2a: Chansey","|-sidestart|p2: DpxYT|move: Stealth Rock","|","|turn|14","|","|move|p2a: Chansey|Stealth Rock|p1a: Corsola","|-sidestart|p1: Director Beast|move: Stealth Rock","|move|p1a: Corsola|Recover|p1a: Corsola","|-heal|p1a: Corsola|191/227","|","|turn|15","|","|move|p2a: Chansey|Seismic Toss|p1a: Corsola","|-damage|p1a: Corsola|116/227","|move|p1a: Corsola|Toxic|p2a: Chansey","|-status|p2a: Chansey|tox","|","|-damage|p2a: Chansey|299/499 tox|[from] psn","|turn|16","|","|move|p2a: Chansey|Seismic Toss|p1a: Corsola","|-damage|p1a: Corsola|41/227","|move|p1a: Corsola|Recover|p1a: Corsola","|-heal|p1a: Corsola|155/227","|","|-damage|p2a: Chansey|237/499 tox|[from] psn","|turn|17","|","|move|p2a: Chansey|Heal Bell|p2a: Chansey","|-cureteam|p2a: Chansey|[from] move: HealBell","|move|p1a: Corsola|Scald|p2a: Chansey","|-damage|p2a: Chansey|198/499","|","|turn|18","|","|move|p2a: Chansey|Soft-Boiled|p2a: Chansey","|-heal|p2a: Chansey|448/499","|move|p1a: Corsola|Toxic|p2a: Chansey","|-status|p2a: Chansey|tox","|","|-damage|p2a: Chansey|417/499 tox|[from] psn","|turn|19","|","|move|p2a: Chansey|Seismic Toss|p1a: Corsola","|-damage|p1a: Corsola|80/227","|move|p1a: Corsola|Scald|p2a: Chansey","|-damage|p2a: Chansey|378/499 tox","|","|-damage|p2a: Chansey|316/499 tox|[from] psn","|turn|20","|","|move|p2a: Chansey|Seismic Toss|p1a: Corsola","|-damage|p1a: Corsola|5/227","|move|p1a: Corsola|Recover|p1a: Corsola","|-heal|p1a: Corsola|119/227","|","|-damage|p2a: Chansey|223/499 tox|[from] psn","|turn|21","|","|move|p2a: Chansey|Heal Bell|p2a: Chansey","|-cureteam|p2a: Chansey|[from] move: HealBell","|move|p1a: Corsola|Toxic|p2a: Chansey","|-status|p2a: Chansey|tox","|","|-damage|p2a: Chansey|192/499 tox|[from] psn","|turn|22","|","|move|p2a: Chansey|Soft-Boiled|p2a: Chansey","|-heal|p2a: Chansey|442/499 tox","|move|p1a: Corsola|Toxic|p2a: Chansey","|-fail|p2a: Chansey|tox","|","|-damage|p2a: Chansey|380/499 tox|[from] psn","|turn|23","|","|move|p2a: Chansey|Heal Bell|p2a: Chansey","|-cureteam|p2a: Chansey|[from] move: HealBell","|move|p1a: Corsola|Recover|p1a: Corsola","|-heal|p1a: Corsola|227/227","|","|turn|24","|","|move|p2a: Chansey|Stealth Rock|p1a: Corsola","|-fail|p1a: Corsola","|move|p1a: Corsola|Toxic|p2a: Chansey|[miss]","|-miss|p1a: Corsola|p2a: Chansey","|","|turn|25","|","|move|p2a: Chansey|Seismic Toss|p1a: Corsola","|-damage|p1a: Corsola|152/227","|move|p1a: Corsola|Toxic|p2a: Chansey","|-status|p2a: Chansey|tox","|","|-damage|p2a: Chansey|349/499 tox|[from] psn","|turn|26","|","|move|p2a: Chansey|Seismic Toss|p1a: Corsola","|-damage|p1a: Corsola|77/227","|move|p1a: Corsola|Scald|p2a: Chansey","|-damage|p2a: Chansey|304/499 tox","|","|-damage|p2a: Chansey|242/499 tox|[from] psn","|turn|27","|","|move|p2a: Chansey|Seismic Toss|p1a: Corsola","|-damage|p1a: Corsola|2/227","|move|p1a: Corsola|Recover|p1a: Corsola","|-heal|p1a: Corsola|116/227","|","|-damage|p2a: Chansey|149/499 tox|[from] psn","|turn|28","|","|move|p2a: Chansey|Heal Bell|p2a: Chansey","|-cureteam|p2a: Chansey|[from] move: HealBell","|move|p1a: Corsola|Scald|p2a: Chansey","|-damage|p2a: Chansey|110/499","|","|turn|29","|","|move|p2a: Chansey|Soft-Boiled|p2a: Chansey","|-heal|p2a: Chansey|360/499","|move|p1a: Corsola|Toxic|p2a: Chansey","|-status|p2a: Chansey|tox","|","|-damage|p2a: Chansey|329/499 tox|[from] psn","|turn|30","|","|move|p2a: Chansey|Soft-Boiled|p2a: Chansey","|-heal|p2a: Chansey|499/499 tox","|move|p1a: Corsola|Recover|p1a: Corsola","|-heal|p1a: Corsola|227/227","|","|-damage|p2a: Chansey|437/499 tox|[from] psn","|turn|31","|","|move|p2a: Chansey|Stealth Rock|p1a: Corsola","|-fail|p1a: Corsola","|move|p1a: Corsola|Scald|p2a: Chansey","|-damage|p2a: Chansey|398/499 tox","|","|-damage|p2a: Chansey|305/499 tox|[from] psn","|turn|32","|","|switch|p2a: Shaymin|Shaymin, L77|32/281","|-damage|p2a: Shaymin|0 fnt|[from] Stealth Rock","|faint|p2a: Shaymin","|move|p1a: Corsola|Scald|p2: Shaymin|[notarget]","|-notarget","|","|","|switch|p2a: Wormadam|Wormadam, L83, F|235/235","|-damage|p2a: Wormadam|177/235|[from] Stealth Rock","|turn|33","|","|move|p2a: Wormadam|Toxic|p1a: Corsola","|-status|p1a: Corsola|tox","|move|p1a: Corsola|Toxic|p2a: Wormadam","|-status|p2a: Wormadam|tox","|","|-heal|p2a: Wormadam|191/235 tox|[from] item: Leftovers","|-damage|p2a: Wormadam|177/235 tox|[from] psn","|-damage|p1a: Corsola|213/227 tox|[from] psn","|turn|34","|","|switch|p2a: Relicanth|Relicanth, L83, F|92/302","|-damage|p2a: Relicanth|55/302|[from] Stealth Rock","|move|p1a: Corsola|Scald|p2a: Relicanth","|-damage|p2a: Relicanth|0 fnt","|faint|p2a: Relicanth","|","|-damage|p1a: Corsola|185/227 tox|[from] psn","|","|switch|p2a: Chansey|Chansey, L75, F|305/499","|-damage|p2a: Chansey|243/499|[from] Stealth Rock","|turn|35","|","|move|p2a: Chansey|Seismic Toss|p1a: Corsola","|-damage|p1a: Corsola|110/227 tox","|move|p1a: Corsola|Toxic|p2a: Chansey|[miss]","|-miss|p1a: Corsola|p2a: Chansey","|","|-damage|p1a: Corsola|68/227 tox|[from] psn","|turn|36","|","|move|p2a: Chansey|Seismic Toss|p1a: Corsola","|-damage|p1a: Corsola|0 fnt","|faint|p1a: Corsola","|","|","|switch|p1a: Thundurus|Thundurus, L75, M|242/242","|-damage|p1a: Thundurus|182/242|[from] Stealth Rock","|turn|37","|","|move|p1a: Thundurus|Substitute|p1a: Thundurus","|-start|p1a: Thundurus|Substitute","|-damage|p1a: Thundurus|122/242","|move|p2a: Chansey|Soft-Boiled|p2a: Chansey","|-heal|p2a: Chansey|493/499","|","|-heal|p1a: Thundurus|137/242|[from] item: Leftovers","|turn|38","|","|move|p1a: Thundurus|Nasty Plot|p1a: Thundurus","|-boost|p1a: Thundurus|spa|2","|move|p2a: Chansey|Seismic Toss|p1a: Thundurus","|-end|p1a: Thundurus|Substitute","|","|-heal|p1a: Thundurus|152/242|[from] item: Leftovers","|turn|39","|","|move|p1a: Thundurus|Nasty Plot|p1a: Thundurus","|-boost|p1a: Thundurus|spa|2","|move|p2a: Chansey|Seismic Toss|p1a: Thundurus","|-damage|p1a: Thundurus|77/242","|","|-heal|p1a: Thundurus|92/242|[from] item: Leftovers","|turn|40","|","|move|p1a: Thundurus|Nasty Plot|p1a: Thundurus","|-boost|p1a: Thundurus|spa|2","|move|p2a: Chansey|Seismic Toss|p1a: Thundurus","|-damage|p1a: Thundurus|17/242","|","|-heal|p1a: Thundurus|32/242|[from] item: Leftovers","|turn|41","|","|move|p1a: Thundurus|Thunderbolt|p2a: Chansey","|-damage|p2a: Chansey|246/499","|move|p2a: Chansey|Seismic Toss|p1a: Thundurus","|-damage|p1a: Thundurus|0 fnt","|faint|p1a: Thundurus","|","|","|switch|p1a: Shaymin|Shaymin, L77|281/281","|-damage|p1a: Shaymin|246/281|[from] Stealth Rock","|turn|42","|","|move|p1a: Shaymin|Leech Seed|p2a: Chansey","|-start|p2a: Chansey|move: Leech Seed","|move|p2a: Chansey|Soft-Boiled|p2a: Chansey","|-heal|p2a: Chansey|496/499","|","|-heal|p1a: Shaymin|263/281|[from] item: Leftovers","|-damage|p2a: Chansey|434/499|[from] Leech Seed|[of] p1a: Shaymin","|-heal|p1a: Shaymin|281/281|[silent]","|turn|43","|","|switch|p1a: Magmortar|Magmortar, L81, M|142/254","|-damage|p1a: Magmortar|79/254|[from] Stealth Rock","|move|p2a: Chansey|Seismic Toss|p1a: Magmortar","|-damage|p1a: Magmortar|4/254","|","|-heal|p1a: Magmortar|19/254|[from] item: Leftovers","|-damage|p2a: Chansey|372/499|[from] Leech Seed|[of] p1a: Magmortar","|-heal|p1a: Magmortar|81/254|[silent]","|turn|44","|","|move|p1a: Magmortar|Earthquake|p2a: Chansey","|-crit|p2a: Chansey","|-damage|p2a: Chansey|129/499","|move|p2a: Chansey|Seismic Toss|p1a: Magmortar","|-damage|p1a: Magmortar|6/254","|","|-heal|p1a: Magmortar|21/254|[from] item: Leftovers","|-damage|p2a: Chansey|67/499|[from] Leech Seed|[of] p1a: Magmortar","|-heal|p1a: Magmortar|83/254|[silent]","|turn|45","|","|move|p1a: Magmortar|Earthquake|p2a: Chansey","|-damage|p2a: Chansey|0 fnt","|faint|p2a: Chansey","|","|-heal|p1a: Magmortar|98/254|[from] item: Leftovers","|","|switch|p2a: Wormadam|Wormadam, L83, F|177/235 tox","|-damage|p2a: Wormadam|119/235 tox|[from] Stealth Rock","|turn|46","|","|move|p1a: Magmortar|Fire Blast|p2a: Wormadam","|-supereffective|p2a: Wormadam","|-damage|p2a: Wormadam|0 fnt","|faint|p2a: Wormadam","|","|win|Director Beast"],"p1rating":{"entryid":"171610","serverid":"eos","formatid":"randombattle","userid":"directorbeast","username":"Director Beast","w":1,"l":"1","t":"0","gxe":49.7,"r":"1459.8393856612","rd":"124.8384688931","sigma":"0","rptime":"1441011600","rpr":1497.3283170472,"rprd":118.39968486762,"rpsigma":"0","acre":1040,"lacre":1040,"oldacre":"1000"},"p2rating":{"entryid":"249004","serverid":"eos","formatid":"randombattle","userid":"dpxyt","username":"DpxYT","w":"0","l":2,"t":"0","gxe":40.3,"r":"1459.3949138258","rd":"124.29663056167","sigma":"0","rptime":"1441011600","rpr":1422.2158063889,"rprd":117.94404408191,"rpsigma":"0","acre":1000,"lacre":1000,"oldacre":"1000"},"endType":"normal"}