{"seed":[204,567,6160,36526],"turns":30,"p1":"Diamond Jax","p2":"Knight♕Zygarde","p1team":[{"name":"Serpentine","species":"gyarados","item":"lifeorb","ability":"Moxie","moves":["dragondance","waterfall","earthquake","icefang"],"nature":"Adamant","evs":{"hp":0,"atk":252,"def":0,"spa":0,"spd":4,"spe":252},"ivs":{"hp":31,"atk":31,"def":31,"spa":31,"spd":31,"spe":31}},{"name":"Pikablu","species":"azumarill","item":"sitrusberry","ability":"Huge Power","moves":["bellydrum","aquajet","waterfall","playrough"],"nature":"Adamant","evs":{"hp":252,"atk":252,"def":0,"spa":0,"spd":4,"spe":0},"ivs":{"hp":31,"atk":31,"def":31,"spa":31,"spd":31,"spe":31}},{"name":"Butt Stallion","species":"keldeo","item":"leftovers","ability":"Justified","moves":["hydropump","secretsword","calmmind","substitute"],"nature":"Timid","evs":{"hp":0,"atk":0,"def":0,"spa":252,"spd":4,"spe":252},"ivs":{"hp":31,"atk":31,"def":31,"spa":31,"spd":31,"spe":31}},{"name":"Eyebrows On Fleek","species":"milotic","item":"leftovers","ability":"Marvel Scale","moves":["scald","recover","toxic","protect"],"nature":"Bold","evs":{"hp":252,"atk":0,"def":252,"spa":0,"spd":4,"spe":0},"ivs":{"hp":31,"atk":31,"def":31,"spa":31,"spd":31,"spe":31}},{"name":"Nightmare","species":"mantyke","item":"eviolite","ability":"Water Absorb","moves":["scald","icebeam","toxic","rest"],"nature":"Calm","evs":{"hp":252,"atk":0,"def":0,"spa":4,"spd":252,"spe":0},"ivs":{"hp":31,"atk":31,"def":31,"spa":31,"spd":31,"spe":31}},{"name":"Plankton","species":"clawitzer","item":"lifeorb","ability":"Mega Launcher","moves":["waterpulse","darkpulse","aurasphere","icebeam"],"nature":"Modest","evs":{"hp":248,"atk":0,"def":0,"spa":252,"spd":8,"spe":0},"shiny":true,"ivs":{"hp":31,"atk":31,"def":31,"spa":31,"spd":31,"spe":31}}],"p2team":[{"name":"Azumarill","species":"Azumarill","item":"sitrusberry","ability":"Huge Power","moves":["aquajet","bellydrum","playrough","superpower"],"nature":"Adamant","evs":{"hp":252,"atk":252,"def":0,"spa":0,"spd":4,"spe":0},"ivs":{"hp":31,"atk":31,"def":31,"spa":31,"spd":31,"spe":31}},{"name":"Diancie","species":"Diancie","item":"diancite","ability":"Clear Body","moves":["ancientpower","dazzlinggleam","earthpower","protect"],"nature":"Modest","evs":{"hp":248,"atk":0,"def":0,"spa":252,"spd":8,"spe":0},"ivs":{"hp":31,"atk":31,"def":31,"spa":31,"spd":31,"spe":31}},{"name":"Togekiss","species":"Togekiss","item":"leftovers","ability":"Serene Grace","moves":["airslash","dazzlinggleam","nastyplot","batonpass"],"nature":"Modest","evs":{"hp":248,"atk":0,"def":0,"spa":252,"spd":4,"spe":0},"ivs":{"hp":31,"atk":31,"def":31,"spa":31,"spd":31,"spe":31}},{"name":"Sylveon","species":"Sylveon","item":"choicescarf","ability":"Pixilate","moves":["hyperbeam","hypervoice","psyshock","shadowball"],"nature":"Timid","evs":{"hp":0,"atk":0,"def":0,"spa":252,"spd":4,"spe":252},"ivs":{"hp":31,"atk":31,"def":31,"spa":31,"spd":31,"spe":31}},{"name":"Klefki","species":"Klefki","item":"lightclay","ability":"Prankster","moves":["thunderwave","reflect","lightscreen","foulplay"],"nature":"Bold","evs":{"hp":252,"atk":0,"def":252,"spa":0,"spd":4,"spe":0},"ivs":{"hp":31,"atk":31,"def":31,"spa":31,"spd":31,"spe":31}},{"name":"Whimsicott","species":"Whimsicott","item":"leftovers","ability":"Prankster","moves":["leechseed","substitute","protect","moonblast"],"nature":"Bold","evs":{"hp":248,"atk":0,"def":252,"spa":8,"spd":0,"spe":0},"ivs":{"hp":31,"atk":31,"def":31,"spa":31,"spd":31,"spe":31}}],"log":["|player|p1|Diamond Jax|diamondjax.png","|player|p2|Knight♕Zygarde|167","|gametype|singles","|gen|6","|tier|Monotype","|rated","|rule|Baton Pass Clause: Limit one Baton Passer, can't pass Spe and other stats simultaneously","|rule|Swagger Clause: Swagger is banned","|rule|Same Type Clause: Pokémon in a team must share a type","|clearpoke","|poke|p1|Gyarados, M","|poke|p1|Azumarill, F","|poke|p1|Keldeo","|poke|p1|Milotic, F","|poke|p1|Mantyke, M","|poke|p1|Clawitzer, F, shiny","|poke|p2|Azumarill, F","|poke|p2|Diancie","|poke|p2|Togekiss, M","|poke|p2|Sylveon, M","|poke|p2|Klefki, F","|poke|p2|Whimsicott, F","|rule|Sleep Clause Mod: Limit one foe put to sleep","|rule|Species Clause: Limit one of each Pokémon","|rule|OHKO Clause: OHKO moves are banned","|rule|Moody Clause: Moody is banned","|rule|Evasion Moves Clause: Evasion moves are banned","|rule|Endless Battle Clause: Forcing endless battles is banned","|rule|HP Percentage Mod: HP is shown in percentages","|teampreview","|","|start","|switch|p1a: Butt Stallion|Keldeo|323/323","|switch|p2a: Klefki|Klefki, F|318/318","|turn|1","|","|switch|p1a: Eyebrows On Fleek|Milotic, F|394/394","|move|p2a: Klefki|Light Screen|p2a: Klefki","|-sidestart|p2: Knight♕Zygarde|move: Light Screen","|","|turn|2","|","|move|p2a: Klefki|Reflect|p2a: Klefki","|-sidestart|p2: Knight♕Zygarde|Reflect","|move|p1a: Eyebrows On Fleek|Scald|p2a: Klefki","|-damage|p2a: Klefki|264/318","|","|turn|3","|","|switch|p2a: Togekiss|Togekiss, M|373/373","|move|p1a: Eyebrows On Fleek|Scald|p2a: Togekiss","|-damage|p2a: Togekiss|329/373","|","|-heal|p2a: Togekiss|352/373|[from] item: Leftovers","|turn|4","|","|move|p1a: Eyebrows On Fleek|Toxic|p2a: Togekiss","|-status|p2a: Togekiss|tox","|move|p2a: Togekiss|Nasty Plot|p2a: Togekiss","|-boost|p2a: Togekiss|spa|2","|","|-heal|p2a: Togekiss|373/373 tox|[from] item: Leftovers","|-damage|p2a: Togekiss|350/373 tox|[from] psn","|turn|5","|","|switch|p1a: Nightmare|Mantyke, M|294/294","|move|p2a: Togekiss|Baton Pass|p2a: Togekiss","|","|switch|p2a: Sylveon|Sylveon, M|331/331","|","|turn|6","|","|move|p2a: Sylveon|Hyper Voice|p1a: Nightmare","|-damage|p1a: Nightmare|129/294","|move|p1a: Nightmare|Toxic|p2a: Sylveon","|-status|p2a: Sylveon|tox","|","|-damage|p2a: Sylveon|311/331 tox|[from] psn","|turn|7","|","|move|p2a: Sylveon|Hyper Voice|p1a: Nightmare","|-damage|p1a: Nightmare|0 fnt","|faint|p1a: Nightmare","|","|-damage|p2a: Sylveon|271/331 tox|[from] psn","|","|switch|p1a: Serpentine|Gyarados, M|331/331","|turn|8","|","|move|p2a: Sylveon|Hyper Voice|p1a: Serpentine","|-damage|p1a: Serpentine|0 fnt","|faint|p1a: Serpentine","|","|-damage|p2a: Sylveon|211/331 tox|[from] psn","|-sideend|p2: Knight♕Zygarde|move: Light Screen","|","|switch|p1a: Butt Stallion|Keldeo|323/323","|turn|9","|","|move|p2a: Sylveon|Hyper Voice|p1a: Butt Stallion","|-supereffective|p1a: Butt Stallion","|-damage|p1a: Butt Stallion|0 fnt","|faint|p1a: Butt Stallion","|","|-damage|p2a: Sylveon|131/331 tox|[from] psn","|-sideend|p2: Knight♕Zygarde|Reflect","|","|switch|p1a: Pikablu|Azumarill, F|404/404","|turn|10","|","|move|p1a: Pikablu|Aqua Jet|p2a: Sylveon","|-damage|p2a: Sylveon|0 fnt","|faint|p2a: Sylveon","|","|","|switch|p2a: Azumarill|Azumarill, F|404/404","|turn|11","|","|move|p1a: Pikablu|Belly Drum|p1a: Pikablu","|-damage|p1a: Pikablu|202/404","|-setboost|p1a: Pikablu|atk|6|[from] move: Belly Drum","|-enditem|p1a: Pikablu|Sitrus Berry|[eat]","|-heal|p1a: Pikablu|303/404|[from] item: Sitrus Berry","|move|p2a: Azumarill|Belly Drum|p2a: Azumarill","|-damage|p2a: Azumarill|202/404","|-setboost|p2a: Azumarill|atk|6|[from] move: Belly Drum","|-enditem|p2a: Azumarill|Sitrus Berry|[eat]","|-heal|p2a: Azumarill|303/404|[from] item: Sitrus Berry","|","|turn|12","|","|move|p2a: Azumarill|Aqua Jet|p1a: Pikablu","|-resisted|p1a: Pikablu","|-damage|p1a: Pikablu|105/404","|move|p1a: Pikablu|Play Rough|p2a: Azumarill","|-damage|p2a: Azumarill|0 fnt","|faint|p2a: Azumarill","|","|","|switch|p2a: Whimsicott|Whimsicott, F|323/323","|turn|13","|","|move|p2a: Whimsicott|Moonblast|p1a: Pikablu","|-damage|p1a: Pikablu|0 fnt","|faint|p1a: Pikablu","|","|","|switch|p1a: Plankton|Clawitzer, F, shiny|345/345","|turn|14","|","|move|p2a: Whimsicott|Leech Seed|p1a: Plankton","|-start|p1a: Plankton|move: Leech Seed","|move|p1a: Plankton|Ice Beam|p2a: Whimsicott","|-supereffective|p2a: Whimsicott","|-damage|p2a: Whimsicott|0 fnt","|-damage|p1a: Plankton|311/345|[from] item: Life Orb","|faint|p2a: Whimsicott","|","|","|switch|p2a: Togekiss|Togekiss, M|350/373 tox","|turn|15","|","|move|p2a: Togekiss|Air Slash|p1a: Plankton","|-damage|p1a: Plankton|160/345","|cant|p1a: Plankton|flinch","|","|-heal|p2a: Togekiss|373/373 tox|[from] item: Leftovers","|-damage|p1a: Plankton|117/345|[from] Leech Seed|[of] p2a: Togekiss","|-damage|p2a: Togekiss|350/373 tox|[from] psn","|turn|16","|","|move|p2a: Togekiss|Air Slash|p1a: Plankton","|-damage|p1a: Plankton|0 fnt","|faint|p1a: Plankton","|","|-heal|p2a: Togekiss|373/373 tox|[from] item: Leftovers","|-damage|p2a: Togekiss|327/373 tox|[from] psn","|","|switch|p1a: Eyebrows On Fleek|Milotic, F|394/394","|turn|17","|","|move|p1a: Eyebrows On Fleek|Scald|p2a: Togekiss","|-damage|p2a: Togekiss|239/373 tox","|move|p2a: Togekiss|Air Slash|p1a: Eyebrows On Fleek","|-damage|p1a: Eyebrows On Fleek|277/394","|","|-heal|p1a: Eyebrows On Fleek|301/394|[from] item: Leftovers","|-heal|p2a: Togekiss|262/373 tox|[from] item: Leftovers","|-damage|p2a: Togekiss|193/373 tox|[from] psn","|turn|18","|","|move|p1a: Eyebrows On Fleek|Protect|p1a: Eyebrows On Fleek","|-singleturn|p1a: Eyebrows On Fleek|Protect","|move|p2a: Togekiss|Air Slash|p1a: Eyebrows On Fleek","|-activate|p1a: Eyebrows On Fleek|Protect","|","|-heal|p1a: Eyebrows On Fleek|325/394|[from] item: Leftovers","|-heal|p2a: Togekiss|216/373 tox|[from] item: Leftovers","|-damage|p2a: Togekiss|124/373 tox|[from] psn","|turn|19","|","|move|p1a: Eyebrows On Fleek|Scald|p2a: Togekiss","|-crit|p2a: Togekiss","|-damage|p2a: Togekiss|1/373 tox","|move|p2a: Togekiss|Air Slash|p1a: Eyebrows On Fleek","|-damage|p1a: Eyebrows On Fleek|208/394","|","|-heal|p1a: Eyebrows On Fleek|232/394|[from] item: Leftovers","|-heal|p2a: Togekiss|24/373 tox|[from] item: Leftovers","|-damage|p2a: Togekiss|0 fnt|[from] psn","|faint|p2a: Togekiss","|","|switch|p2a: Klefki|Klefki, F|264/318","|turn|20","|","|move|p2a: Klefki|Light Screen|p2a: Klefki","|-sidestart|p2: Knight♕Zygarde|move: Light Screen","|move|p1a: Eyebrows On Fleek|Recover|p1a: Eyebrows On Fleek","|-heal|p1a: Eyebrows On Fleek|394/394","|","|turn|21","|","|switch|p2a: Diancie|Diancie|303/303","|move|p1a: Eyebrows On Fleek|Scald|p2a: Diancie","|-supereffective|p2a: Diancie","|-damage|p2a: Diancie|239/303","|","|turn|22","|","|detailschange|p2a: Diancie|Diancie-Mega","|-mega|p2a: Diancie|Diancie|Diancite","|move|p1a: Eyebrows On Fleek|Toxic|p2a: Diancie","|move|p2a: Diancie|Toxic|p1a: Eyebrows On Fleek|[from]Magic Bounce","|-status|p1a: Eyebrows On Fleek|tox","|move|p2a: Diancie|Dazzling Gleam|p1a: Eyebrows On Fleek","|-damage|p1a: Eyebrows On Fleek|244/394 tox","|","|-heal|p1a: Eyebrows On Fleek|268/394 tox|[from] item: Leftovers","|-damage|p1a: Eyebrows On Fleek|244/394 tox|[from] psn","|turn|23","|","|move|p2a: Diancie|Dazzling Gleam|p1a: Eyebrows On Fleek","|-damage|p1a: Eyebrows On Fleek|91/394 tox","|move|p1a: Eyebrows On Fleek|Scald|p2a: Diancie","|-crit|p2a: Diancie","|-supereffective|p2a: Diancie","|-damage|p2a: Diancie|0 fnt","|faint|p2a: Diancie","|","|-heal|p1a: Eyebrows On Fleek|115/394 tox|[from] item: Leftovers","|-damage|p1a: Eyebrows On Fleek|67/394 tox|[from] psn","|","|switch|p2a: Klefki|Klefki, F|264/318","|turn|24","|","|move|p1a: Eyebrows On Fleek|Recover|p1a: Eyebrows On Fleek","|-heal|p1a: Eyebrows On Fleek|264/394 tox","|move|p2a: Klefki|Foul Play|p1a: Eyebrows On Fleek","|-damage|p1a: Eyebrows On Fleek|238/394 tox","|","|-heal|p1a: Eyebrows On Fleek|262/394 tox|[from] item: Leftovers","|-damage|p1a: Eyebrows On Fleek|190/394 tox|[from] psn","|turn|25","|","|move|p1a: Eyebrows On Fleek|Scald|p2a: Klefki","|-damage|p2a: Klefki|210/318","|-status|p2a: Klefki|brn","|move|p2a: Klefki|Foul Play|p1a: Eyebrows On Fleek","|-crit|p1a: Eyebrows On Fleek","|-damage|p1a: Eyebrows On Fleek|173/394 tox","|","|-heal|p1a: Eyebrows On Fleek|197/394 tox|[from] item: Leftovers","|-damage|p1a: Eyebrows On Fleek|101/394 tox|[from] psn","|-damage|p2a: Klefki|171/318 brn|[from] brn","|turn|26","|","|move|p1a: Eyebrows On Fleek|Recover|p1a: Eyebrows On Fleek","|-heal|p1a: Eyebrows On Fleek|298/394 tox","|move|p2a: Klefki|Foul Play|p1a: Eyebrows On Fleek","|-damage|p1a: Eyebrows On Fleek|286/394 tox","|","|-heal|p1a: Eyebrows On Fleek|310/394 tox|[from] item: Leftovers","|-damage|p1a: Eyebrows On Fleek|190/394 tox|[from] psn","|-damage|p2a: Klefki|132/318 brn|[from] brn","|turn|27","|","|move|p1a: Eyebrows On Fleek|Recover|p1a: Eyebrows On Fleek","|-heal|p1a: Eyebrows On Fleek|387/394 tox","|move|p2a: Klefki|Foul Play|p1a: Eyebrows On Fleek","|-crit|p1a: Eyebrows On Fleek","|-damage|p1a: Eyebrows On Fleek|367/394 tox","|","|-heal|p1a: Eyebrows On Fleek|391/394 tox|[from] item: Leftovers","|-damage|p1a: Eyebrows On Fleek|247/394 tox|[from] psn","|-damage|p2a: Klefki|93/318 brn|[from] brn","|-sideend|p2: Knight♕Zygarde|move: Light Screen","|turn|28","|","|move|p2a: Klefki|Light Screen|p2a: Klefki","|-sidestart|p2: Knight♕Zygarde|move: Light Screen","|move|p1a: Eyebrows On Fleek|Recover|p1a: Eyebrows On Fleek","|-heal|p1a: Eyebrows On Fleek|394/394 tox","|","|-damage|p1a: Eyebrows On Fleek|226/394 tox|[from] psn","|-damage|p2a: Klefki|54/318 brn|[from] brn","|turn|29","|","|move|p1a: Eyebrows On Fleek|Recover|p1a: Eyebrows On Fleek","|-heal|p1a: Eyebrows On Fleek|394/394 tox","|move|p2a: Klefki|Foul Play|p1a: Eyebrows On Fleek","|-damage|p1a: Eyebrows On Fleek|382/394 tox","|","|-heal|p1a: Eyebrows On Fleek|394/394 tox|[from] item: Leftovers","|-damage|p1a: Eyebrows On Fleek|202/394 tox|[from] psn","|-damage|p2a: Klefki|15/318 brn|[from] brn","|turn|30","|","|move|p1a: Eyebrows On Fleek|Scald|p2a: Klefki","|-damage|p2a: Klefki|0 fnt","|faint|p2a: Klefki","|","|win|Diamond Jax"],"p1rating":{"entryid":"6934379","serverid":"eos","formatid":"monotype","userid":"diamondjax","username":"Diamond Jax","w":57,"l":"27","t":"0","gxe":64.9,"r":"1611.9470135528","rd":"40.711428747703","sigma":"0","rptime":"1438506000","rpr":1616.721001168,"rprd":40.444571253278,"rpsigma":"0","acre":1281.95463364,"lacre":1281.95463364,"oldacre":"1256.3272263208"},"p2rating":{"entryid":"7130918","serverid":"eos","formatid":"monotype","userid":"knightzygarde","username":"Knight♕Zygarde","w":"23","l":12,"t":"0","gxe":64.4,"r":"1623.2958074289","rd":"59.779159880695","sigma":"0","rptime":"1438506000","rpr":1613.0624279697,"rprd":58.928267882216,"rpsigma":"0","acre":1239.4209954169,"lacre":1239.4209954169,"oldacre":"1265.0484027361"},"endType":"normal"}