{"seed":[30289,22057,9606,31180],"turns":22,"p1":"Sovereign♕Cactus","p2":"GL♅Zeno - ⓘ","p1team":[{"name":"Slippy","species":"politoed","item":"choicespecs","ability":"Drizzle","moves":["focusblast","icebeam","hydropump","psychic"],"nature":"Modest","evs":{"hp":248,"atk":0,"def":0,"spa":252,"spd":8,"spe":0},"gender":"M","ivs":{"hp":31,"atk":31,"def":31,"spa":31,"spd":31,"spe":31}},{"name":"Hentai","species":"tentacruel","item":"blacksludge","ability":"Liquid Ooze","moves":["scald","rapidspin","sludgewave","raindance"],"nature":"Timid","evs":{"hp":0,"atk":0,"def":0,"spa":252,"spd":4,"spe":252},"gender":"M","shiny":true,"ivs":{"hp":31,"atk":31,"def":31,"spa":31,"spd":31,"spe":31}},{"name":"Minty Churro","species":"ludicolo","item":"lifeorb","ability":"Swift Swim","moves":["focusblast","icebeam","energyball","surf"],"nature":"Modest","evs":{"hp":0,"atk":0,"def":0,"spa":252,"spd":4,"spe":252},"gender":"M","shiny":true,"ivs":{"hp":31,"atk":31,"def":31,"spa":31,"spd":31,"spe":31}},{"name":"My Little Ponyta","species":"keldeo","item":"lifeorb","ability":"Justified","moves":["hydropump","secretsword","scald","icywind"],"nature":"Timid","evs":{"hp":0,"atk":0,"def":0,"spa":252,"spd":4,"spe":252},"ivs":{"hp":31,"atk":30,"def":30,"spa":31,"spd":31,"spe":31}},{"name":"Bareny","species":"sharpedo","item":"lifeorb","ability":"Speed Boost","moves":["crunch","icefang","waterfall","earthquake"],"nature":"Adamant","evs":{"hp":0,"atk":252,"def":0,"spa":0,"spd":4,"spe":252},"gender":"M","shiny":true,"ivs":{"hp":31,"atk":31,"def":31,"spa":31,"spd":31,"spe":31}},{"name":"Mulan","species":"gyarados","item":"gyaradosite","ability":"Intimidate","moves":["crunch","dragondance","waterfall","earthquake"],"nature":"Adamant","evs":{"hp":0,"atk":252,"def":0,"spa":0,"spd":4,"spe":252},"shiny":true,"ivs":{"hp":31,"atk":31,"def":31,"spa":31,"spd":31,"spe":31}}],"p2team":[{"name":"Sneasel","species":"Sneasel","item":"focussash","ability":"Pickpocket","moves":["swordsdance","iceshard","knockoff","lowkick"],"nature":"Jolly","evs":{"hp":0,"atk":252,"def":0,"spa":0,"spd":4,"spe":252},"ivs":{"hp":31,"atk":31,"def":31,"spa":31,"spd":31,"spe":31}},{"name":"Kyurem","species":"Kyurem","item":"choicescarf","ability":"Pressure","moves":["flashcannon","dragonpulse","shadowball","signalbeam"],"nature":"Timid","evs":{"hp":0,"atk":0,"def":0,"spa":252,"spd":4,"spe":252},"ivs":{"hp":31,"atk":31,"def":31,"spa":31,"spd":31,"spe":31}},{"name":"Abomasnow","species":"Abomasnow","item":"abomasite","ability":"Snow Warning","moves":["avalanche","woodhammer","iceshard","brickbreak"],"nature":"Adamant","evs":{"hp":252,"atk":4,"def":252,"spa":0,"spd":0,"spe":0},"ivs":{"hp":31,"atk":31,"def":31,"spa":31,"spd":31,"spe":31}},{"name":"Glaceon","species":"Glaceon","item":"leftovers","ability":"Ice Body","moves":["toxic","wish","substitute","shadowball"],"nature":"Calm","evs":{"hp":252,"atk":0,"def":0,"spa":4,"spd":252,"spe":0},"ivs":{"hp":31,"atk":31,"def":31,"spa":31,"spd":31,"spe":31}},{"name":"Cloyster","species":"Cloyster","item":"focussash","ability":"Skill Link","moves":["iceshard","rockblast","razorshell","shellsmash"],"nature":"Jolly","evs":{"hp":0,"atk":252,"def":0,"spa":0,"spd":4,"spe":252},"ivs":{"hp":31,"atk":31,"def":31,"spa":31,"spd":31,"spe":31}},{"name":"Snover","species":"Snover","item":"focussash","ability":"Snow Warning","moves":["blizzard","energyball","leechseed","shadowball"],"nature":"Modest","evs":{"hp":252,"atk":0,"def":0,"spa":252,"spd":4,"spe":0},"ivs":{"hp":31,"atk":31,"def":31,"spa":31,"spd":31,"spe":31}}],"log":["|player|p1|Sovereign♕Cactus|251","|player|p2|GL♅Zeno - ⓘ|glzeno.png","|gametype|singles","|gen|6","|tier|Monotype","|rated","|rule|Baton Pass Clause: Limit one Baton Passer, can't pass Spe and other stats simultaneously","|rule|Swagger Clause: Swagger is banned","|rule|Same Type Clause: Pokémon in a team must share a type","|clearpoke","|poke|p1|Politoed, M","|poke|p1|Tentacruel, M, shiny","|poke|p1|Ludicolo, M, shiny","|poke|p1|Keldeo","|poke|p1|Sharpedo, M, shiny","|poke|p1|Gyarados, F, shiny","|poke|p2|Sneasel, M","|poke|p2|Kyurem","|poke|p2|Abomasnow, F","|poke|p2|Glaceon, M","|poke|p2|Cloyster, M","|poke|p2|Snover, M","|rule|Sleep Clause Mod: Limit one foe put to sleep","|rule|Species Clause: Limit one of each Pokémon","|rule|OHKO Clause: OHKO moves are banned","|rule|Moody Clause: Moody is banned","|rule|Evasion Moves Clause: Evasion moves are banned","|rule|Endless Battle Clause: Forcing endless battles is banned","|rule|HP Percentage Mod: HP is shown in percentages","|teampreview","|","|start","|switch|p1a: Mulan|Gyarados, F, shiny|331/331","|switch|p2a: Abomasnow|Abomasnow, F|384/384","|-ability|p1a: Mulan|Intimidate","|-unboost|p2a: Abomasnow|atk|1","|-weather|Hail","|turn|1","|","|detailschange|p1a: Mulan|Gyarados-Mega, F, shiny","|-mega|p1a: Mulan|Gyarados|Gyaradosite","|-ability|p1a: Mulan|Mold Breaker","|detailschange|p2a: Abomasnow|Abomasnow-Mega, F","|-mega|p2a: Abomasnow|Abomasnow|Abomasite","|move|p1a: Mulan|Dragon Dance|p1a: Mulan","|-boost|p1a: Mulan|atk|1","|-boost|p1a: Mulan|spe|1","|move|p2a: Abomasnow|Wood Hammer|p1a: Mulan","|-supereffective|p1a: Mulan","|-damage|p1a: Mulan|85/331","|-damage|p2a: Abomasnow|303/384|[from] recoil|[of] p1a: Mulan","|","|-weather|Hail|[upkeep]","|-damage|p1a: Mulan|65/331|[from] hail","|turn|2","|","|move|p1a: Mulan|Crunch|p2a: Abomasnow","|-damage|p2a: Abomasnow|116/384","|move|p2a: Abomasnow|Avalanche|p1a: Mulan","|-resisted|p1a: Mulan","|-damage|p1a: Mulan|6/331","|","|-weather|Hail|[upkeep]","|-damage|p1a: Mulan|0 fnt|[from] hail","|faint|p1a: Mulan","|","|switch|p1a: Slippy|Politoed, M|383/383","|-weather|RainDance","|turn|3","|","|move|p1a: Slippy|Focus Blast|p2a: Abomasnow|[miss]","|-miss|p1a: Slippy|p2a: Abomasnow","|move|p2a: Abomasnow|Wood Hammer|p1a: Slippy","|-supereffective|p1a: Slippy","|-damage|p1a: Slippy|41/383","|-damage|p2a: Abomasnow|3/384|[from] recoil|[of] p1a: Slippy","|","|-weather|RainDance|[upkeep]","|turn|4","|","|switch|p1a: Hentai|Tentacruel, M, shiny|301/301","|move|p2a: Abomasnow|Ice Shard|p1a: Hentai","|-crit|p1a: Hentai","|-resisted|p1a: Hentai","|-damage|p1a: Hentai|229/301","|","|-weather|RainDance|[upkeep]","|-heal|p1a: Hentai|247/301|[from] item: Black Sludge","|turn|5","|","|move|p1a: Hentai|Sludge Wave|p2a: Abomasnow","|-supereffective|p2a: Abomasnow","|-damage|p2a: Abomasnow|0 fnt","|faint|p2a: Abomasnow","|","|-weather|RainDance|[upkeep]","|-heal|p1a: Hentai|265/301|[from] item: Black Sludge","|","|switch|p2a: Glaceon|Glaceon, M|334/334","|turn|6","|","|move|p1a: Hentai|Scald|p2a: Glaceon","|-damage|p2a: Glaceon|217/334","|move|p2a: Glaceon|Substitute|p2a: Glaceon","|-start|p2a: Glaceon|Substitute","|-damage|p2a: Glaceon|134/334","|","|-weather|RainDance|[upkeep]","|-heal|p1a: Hentai|283/301|[from] item: Black Sludge","|-heal|p2a: Glaceon|154/334|[from] item: Leftovers","|turn|7","|","|move|p1a: Hentai|Scald|p2a: Glaceon","|-end|p2a: Glaceon|Substitute","|move|p2a: Glaceon|Wish|p2a: Glaceon","|","|-weather|none","|-heal|p1a: Hentai|301/301|[from] item: Black Sludge","|-heal|p2a: Glaceon|174/334|[from] item: Leftovers","|turn|8","|","|switch|p1a: My Little Ponyta|Keldeo|323/323","|move|p2a: Glaceon|Substitute|p2a: Glaceon","|-start|p2a: Glaceon|Substitute","|-damage|p2a: Glaceon|91/334","|","|-heal|p2a: Glaceon|258/334|[from] move: Wish|[wisher] Glaceon","|-heal|p2a: Glaceon|278/334|[from] item: Leftovers","|turn|9","|","|move|p1a: My Little Ponyta|Secret Sword|p2a: Glaceon","|-supereffective|p2a: Glaceon","|-end|p2a: Glaceon|Substitute","|-damage|p1a: My Little Ponyta|291/323|[from] item: Life Orb","|move|p2a: Glaceon|Shadow Ball|p1a: My Little Ponyta","|-damage|p1a: My Little Ponyta|198/323","|","|-heal|p2a: Glaceon|298/334|[from] item: Leftovers","|turn|10","|","|move|p1a: My Little Ponyta|Secret Sword|p2a: Glaceon","|-supereffective|p2a: Glaceon","|-damage|p2a: Glaceon|0 fnt","|-damage|p1a: My Little Ponyta|166/323|[from] item: Life Orb","|faint|p2a: Glaceon","|","|","|switch|p2a: Cloyster|Cloyster, M|241/241","|turn|11","|","|move|p1a: My Little Ponyta|Secret Sword|p2a: Cloyster","|-supereffective|p2a: Cloyster","|-damage|p2a: Cloyster|20/241","|-damage|p1a: My Little Ponyta|134/323|[from] item: Life Orb","|move|p2a: Cloyster|Shell Smash|p2a: Cloyster","|-unboost|p2a: Cloyster|def|1","|-unboost|p2a: Cloyster|spd|1","|-boost|p2a: Cloyster|atk|2","|-boost|p2a: Cloyster|spa|2","|-boost|p2a: Cloyster|spe|2","|","|turn|12","|","|switch|p1a: Slippy|Politoed, M|41/383","|-weather|RainDance","|move|p2a: Cloyster|Rock Blast|p1a: Slippy","|-damage|p1a: Slippy|0 fnt","|-hitcount|p1a: Slippy|1","|faint|p1a: Slippy","|","|-weather|RainDance|[upkeep]","|","|switch|p1a: Minty Churro|Ludicolo, M, shiny|301/301","|turn|13","|","|move|p2a: Cloyster|Ice Shard|p1a: Minty Churro","|-damage|p1a: Minty Churro|136/301","|move|p1a: Minty Churro|Energy Ball|p2a: Cloyster","|-supereffective|p2a: Cloyster","|-damage|p2a: Cloyster|0 fnt","|-damage|p1a: Minty Churro|106/301|[from] item: Life Orb","|faint|p2a: Cloyster","|","|-weather|RainDance|[upkeep]","|","|switch|p2a: Sneasel|Sneasel, M|251/251","|turn|14","|","|move|p1a: Minty Churro|Focus Blast|p2a: Sneasel","|-supereffective|p2a: Sneasel","|-enditem|p2a: Sneasel|Focus Sash","|-damage|p2a: Sneasel|1/251","|-damage|p1a: Minty Churro|76/301|[from] item: Life Orb","|move|p2a: Sneasel|Swords Dance|p2a: Sneasel","|-boost|p2a: Sneasel|atk|2","|","|-weather|RainDance|[upkeep]","|turn|15","|","|move|p2a: Sneasel|Ice Shard|p1a: Minty Churro","|-damage|p1a: Minty Churro|0 fnt","|faint|p1a: Minty Churro","|","|-weather|RainDance|[upkeep]","|","|switch|p1a: Bareny|Sharpedo, M, shiny|281/281","|turn|16","|","|move|p2a: Sneasel|Low Kick|p1a: Bareny","|-supereffective|p1a: Bareny","|-damage|p1a: Bareny|0 fnt","|faint|p1a: Bareny","|","|-weather|none","|","|switch|p1a: My Little Ponyta|Keldeo|134/323","|turn|17","|","|move|p2a: Sneasel|Ice Shard|p1a: My Little Ponyta","|-resisted|p1a: My Little Ponyta","|-damage|p1a: My Little Ponyta|70/323","|move|p1a: My Little Ponyta|Secret Sword|p2a: Sneasel","|-supereffective|p2a: Sneasel","|-damage|p2a: Sneasel|0 fnt","|-damage|p1a: My Little Ponyta|38/323|[from] item: Life Orb","|faint|p2a: Sneasel","|","|","|switch|p2a: Snover|Snover, M|324/324","|-weather|Hail","|turn|18","|","|move|p1a: My Little Ponyta|Secret Sword|p2a: Snover","|-supereffective|p2a: Snover","|-enditem|p2a: Snover|Focus Sash","|-damage|p2a: Snover|1/324","|-damage|p1a: My Little Ponyta|6/323|[from] item: Life Orb","|move|p2a: Snover|Energy Ball|p1a: My Little Ponyta","|-supereffective|p1a: My Little Ponyta","|-damage|p1a: My Little Ponyta|0 fnt","|faint|p1a: My Little Ponyta","|","|-weather|Hail|[upkeep]","|","|switch|p1a: Hentai|Tentacruel, M, shiny|301/301","|turn|19","|","|move|p1a: Hentai|Sludge Wave|p2a: Snover","|-supereffective|p2a: Snover","|-damage|p2a: Snover|0 fnt","|faint|p2a: Snover","|","|-weather|Hail|[upkeep]","|-damage|p1a: Hentai|283/301|[from] hail","|-heal|p1a: Hentai|301/301|[from] item: Black Sludge","|","|switch|p2a: Kyurem|Kyurem|391/391","|-ability|p2a: Kyurem|Pressure","|turn|20","|","|move|p2a: Kyurem|Dragon Pulse|p1a: Hentai","|-damage|p1a: Hentai|162/301","|move|p1a: Hentai|Sludge Wave|p2a: Kyurem","|-damage|p2a: Kyurem|258/391","|","|-weather|Hail|[upkeep]","|-damage|p1a: Hentai|144/301|[from] hail","|-heal|p1a: Hentai|162/301|[from] item: Black Sludge","|turn|21","|","|move|p2a: Kyurem|Dragon Pulse|p1a: Hentai","|-damage|p1a: Hentai|26/301","|move|p1a: Hentai|Scald|p2a: Kyurem","|-resisted|p2a: Kyurem","|-damage|p2a: Kyurem|204/391","|","|-weather|Hail|[upkeep]","|-damage|p1a: Hentai|8/301|[from] hail","|-heal|p1a: Hentai|26/301|[from] item: Black Sludge","|turn|22","|","|move|p2a: Kyurem|Dragon Pulse|p1a: Hentai","|-damage|p1a: Hentai|0 fnt","|faint|p1a: Hentai","|","|win|GL♅Zeno - ⓘ"],"p1rating":{"entryid":"6867552","serverid":"eos","formatid":"monotype","userid":"sovereigncactus","username":"Sovereign♕Cactus","w":"60","l":77,"t":"0","gxe":43.3,"r":"1459.3771430334","rd":"32.514639404528","sigma":"0","rptime":"1438506000","rpr":1449.4633044764,"rprd":31.106308470325,"rpsigma":"0","acre":1022.3204408878,"lacre":1022.3204408878,"oldacre":"1032.8450658845"},"p2rating":{"entryid":"6768172","serverid":"eos","formatid":"monotype","userid":"glzeno","username":"GL♅Zeno","w":11,"l":"9","t":"0","gxe":55.2,"r":"1519.1509103709","rd":"75.862538591904","sigma":"0","rptime":"1438506000","rpr":1539.8652632022,"rprd":72.929170832175,"rpsigma":"0","acre":1156.0723314801,"lacre":1156.0723314801,"oldacre":"1138.4452223831"},"endType":"normal"}