{"seed":[39351,12098,24798,21323],"turns":32,"p1":"Alliance-C-Control","p2":"V SevM","p1team":[{"name":"Raichu","species":"Raichu","item":"custapberry","ability":"Lightning Rod","moves":["brickbreak","endure","fakeout","flail"],"nature":"Jolly","evs":{"hp":0,"atk":252,"def":0,"spa":0,"spd":4,"spe":252},"ivs":{"hp":31,"atk":31,"def":31,"spa":31,"spd":31,"spe":31}},{"name":"Thundurus","species":"Thundurus","item":"leftovers","ability":"Prankster","moves":["flashcannon","thunderbolt","thunderwave","psychic"],"nature":"Timid","evs":{"hp":0,"atk":0,"def":0,"spa":252,"spd":4,"spe":252},"ivs":{"hp":31,"atk":31,"def":31,"spa":31,"spd":31,"spe":31}},{"name":"Magnezone","species":"Magnezone","item":"choicescarf","ability":"Sturdy","moves":["flashcannon","hiddenpowerice","voltswitch","mirrorcoat"],"nature":"Timid","evs":{"hp":0,"atk":0,"def":0,"spa":252,"spd":4,"spe":252},"ivs":{"hp":31,"atk":30,"def":30,"spa":31,"spd":31,"spe":31}},{"name":"Zapdos","species":"Zapdos","item":"rockyhelmet","ability":"Pressure","moves":["defog","roost","heatwave","voltswitch"],"nature":"Modest","evs":{"hp":248,"atk":0,"def":0,"spa":252,"spd":8,"spe":0},"ivs":{"hp":31,"atk":31,"def":31,"spa":31,"spd":31,"spe":31}},{"name":"Rotom-Wash","species":"Rotom-Wash","item":"chestoberry","ability":"Levitate","moves":["hydropump","rest","willowisp","confuseray"],"nature":"Bold","evs":{"hp":252,"atk":0,"def":252,"spa":4,"spd":0,"spe":0},"ivs":{"hp":31,"atk":31,"def":31,"spa":31,"spd":31,"spe":31}},{"name":"Electivire","species":"Electivire","item":"custapberry","ability":"Vital Spirit","moves":["earthquake","icepunch","thunderpunch","facade"],"nature":"Adamant","evs":{"hp":248,"atk":252,"def":0,"spa":0,"spd":8,"spe":0},"ivs":{"hp":31,"atk":31,"def":31,"spa":31,"spd":31,"spe":31}}],"p2team":[{"name":"Doublade","species":"Doublade","item":"eviolite","ability":"No Guard","moves":["swordsdance","sacredsword","gyroball","shadowsneak"],"nature":"Brave","evs":{"hp":248,"atk":252,"def":0,"spa":0,"spd":8,"spe":0},"ivs":{"hp":31,"atk":31,"def":31,"spa":31,"spd":31,"spe":0}},{"name":"Empoleon","species":"Empoleon","item":"leftovers","ability":"Torrent","moves":["scald","defog","roar","stealthrock"],"nature":"Calm","evs":{"hp":248,"atk":0,"def":8,"spa":0,"spd":252,"spe":0},"ivs":{"hp":31,"atk":31,"def":31,"spa":31,"spd":31,"spe":31}},{"name":"Lucario","species":"Lucario","item":"lifeorb","ability":"Justified","moves":["closecombat","swordsdance","extremespeed","irontail"],"nature":"Adamant","evs":{"hp":0,"atk":252,"def":4,"spa":0,"spd":0,"spe":252},"ivs":{"hp":31,"atk":31,"def":31,"spa":31,"spd":31,"spe":31}},{"name":"Bisharp","species":"Bisharp","item":"lumberry","ability":"Defiant","moves":["ironhead","swordsdance","knockoff","suckerpunch"],"nature":"Adamant","evs":{"hp":0,"atk":252,"def":0,"spa":0,"spd":0,"spe":252},"ivs":{"hp":31,"atk":31,"def":31,"spa":31,"spd":31,"spe":31}},{"name":"Heatran","species":"Heatran","item":"airballoon","ability":"Flash Fire","moves":["fireblast","earthpower","ancientpower","taunt"],"nature":"Timid","evs":{"hp":0,"atk":0,"def":0,"spa":252,"spd":0,"spe":252},"ivs":{"hp":31,"atk":31,"def":31,"spa":31,"spd":31,"spe":31}},{"name":"Ferrothorn","species":"Ferrothorn","item":"leftovers","ability":"Iron Barbs","moves":["spikes","thunderwave","powerwhip","leechseed"],"nature":"Impish","evs":{"hp":252,"atk":4,"def":252,"spa":0,"spd":0,"spe":0},"ivs":{"hp":31,"atk":31,"def":31,"spa":31,"spd":31,"spe":31}}],"log":["|player|p1|Alliance-C-Control|190","|player|p2|V SevM|159","|gametype|singles","|gen|6","|tier|Monotype","|rated","|rule|Baton Pass Clause: Limit one Baton Passer, can't pass Spe and other stats simultaneously","|rule|Swagger Clause: Swagger is banned","|rule|Same Type Clause: Pokémon in a team must share a type","|clearpoke","|poke|p1|Raichu, M","|poke|p1|Thundurus, M","|poke|p1|Magnezone","|poke|p1|Zapdos","|poke|p1|Rotom-Wash","|poke|p1|Electivire, F","|poke|p2|Doublade, F","|poke|p2|Empoleon, F","|poke|p2|Lucario, M","|poke|p2|Bisharp, F","|poke|p2|Heatran, M","|poke|p2|Ferrothorn, M","|rule|Sleep Clause Mod: Limit one foe put to sleep","|rule|Species Clause: Limit one of each Pokémon","|rule|OHKO Clause: OHKO moves are banned","|rule|Moody Clause: Moody is banned","|rule|Evasion Moves Clause: Evasion moves are banned","|rule|Endless Battle Clause: Forcing endless battles is banned","|rule|HP Percentage Mod: HP is shown in percentages","|teampreview","|","|start","|switch|p1a: Rotom-Wash|Rotom-Wash|304/304","|switch|p2a: Ferrothorn|Ferrothorn, M|352/352","|turn|1","|","|move|p1a: Rotom-Wash|Confuse Ray|p2a: Ferrothorn","|-start|p2a: Ferrothorn|confusion","|-activate|p2a: Ferrothorn|confusion","|move|p2a: Ferrothorn|Leech Seed|p1a: Rotom-Wash","|-start|p1a: Rotom-Wash|move: Leech Seed","|","|-damage|p1a: Rotom-Wash|266/304|[from] Leech Seed|[of] p2a: Ferrothorn","|turn|2","|","|switch|p1a: Zapdos|Zapdos|383/383","|-ability|p1a: Zapdos|Pressure","|switch|p2a: Empoleon|Empoleon, F|371/371","|","|turn|3","|","|move|p1a: Zapdos|Volt Switch|p2a: Empoleon","|-supereffective|p2a: Empoleon","|-damage|p2a: Empoleon|185/371","|","|switch|p1a: Thundurus|Thundurus, M|299/299","|move|p2a: Empoleon|Stealth Rock|p1a: Thundurus","|-sidestart|p1: Alliance-C-Control|move: Stealth Rock","|","|-heal|p2a: Empoleon|208/371|[from] item: Leftovers","|turn|4","|","|move|p1a: Thundurus|Thunderbolt|p2a: Empoleon","|-supereffective|p2a: Empoleon","|-damage|p2a: Empoleon|0 fnt","|faint|p2a: Empoleon","|","|","|switch|p2a: Ferrothorn|Ferrothorn, M|352/352","|turn|5","|","|move|p1a: Thundurus|Thunder Wave|p2a: Ferrothorn","|-status|p2a: Ferrothorn|par","|move|p2a: Ferrothorn|Leech Seed|p1a: Thundurus","|-start|p1a: Thundurus|move: Leech Seed","|","|-damage|p1a: Thundurus|262/299|[from] Leech Seed|[of] p2a: Ferrothorn","|turn|6","|","|switch|p1a: Rotom-Wash|Rotom-Wash|266/304","|-damage|p1a: Rotom-Wash|228/304|[from] Stealth Rock","|move|p2a: Ferrothorn|Leech Seed|p1a: Rotom-Wash|[miss]","|-miss|p2a: Ferrothorn|p1a: Rotom-Wash","|","|turn|7","|","|move|p1a: Rotom-Wash|Confuse Ray|p2a: Ferrothorn","|-start|p2a: Ferrothorn|confusion","|-activate|p2a: Ferrothorn|confusion","|-damage|p2a: Ferrothorn|333/352 par|[from] confusion","|","|-heal|p2a: Ferrothorn|352/352 par|[from] item: Leftovers","|turn|8","|","|switch|p1a: Zapdos|Zapdos|383/383","|-damage|p1a: Zapdos|288/383|[from] Stealth Rock","|-ability|p1a: Zapdos|Pressure","|-activate|p2a: Ferrothorn|confusion","|move|p2a: Ferrothorn|Leech Seed|p1a: Zapdos","|-start|p1a: Zapdos|move: Leech Seed","|","|-damage|p1a: Zapdos|241/383|[from] Leech Seed|[of] p2a: Ferrothorn","|turn|9","|","|switch|p2a: Heatran|Heatran, M|323/323","|-item|p2a: Heatran|Air Balloon","|move|p1a: Zapdos|Roost|p1a: Zapdos","|-heal|p1a: Zapdos|383/383","|","|-damage|p1a: Zapdos|336/383|[from] Leech Seed|[of] p2a: Heatran","|turn|10","|","|move|p2a: Heatran|Taunt|p1a: Zapdos","|-start|p1a: Zapdos|move: Taunt","|move|p1a: Zapdos|Volt Switch|p2a: Heatran","|-crit|p2a: Heatran","|-damage|p2a: Heatran|124/323","|-enditem|p2a: Heatran|Air Balloon","|","|switch|p1a: Thundurus|Thundurus, M|262/299","|-damage|p1a: Thundurus|188/299|[from] Stealth Rock","|","|-heal|p1a: Thundurus|206/299|[from] item: Leftovers","|turn|11","|","|switch|p1a: Zapdos|Zapdos|336/383","|-damage|p1a: Zapdos|241/383|[from] Stealth Rock","|-ability|p1a: Zapdos|Pressure","|switch|p2a: Ferrothorn|Ferrothorn, M|352/352 par","|","|turn|12","|","|switch|p2a: Bisharp|Bisharp, F|271/271","|move|p1a: Zapdos|Heat Wave|p2a: Bisharp","|-supereffective|p2a: Bisharp","|-damage|p2a: Bisharp|0 fnt","|faint|p2a: Bisharp","|","|","|switch|p2a: Lucario|Lucario, M|281/281","|turn|13","|","|move|p2a: Lucario|Swords Dance|p2a: Lucario","|-boost|p2a: Lucario|atk|2","|move|p1a: Zapdos|Defog|p2a: Lucario","|-unboost|p2a: Lucario|evasion|1","|-sideend|p1: Alliance-C-Control|Stealth Rock|[from] move: Defog|[of] p1a: Zapdos","|","|turn|14","|player|p1","|player|p1|Alliance-C-Control|190","|","|switch|p1a: Raichu|Raichu, M|261/261","|move|p2a: Lucario|Close Combat|p1a: Raichu","|-crit|p1a: Raichu","|-damage|p1a: Raichu|0 fnt","|-unboost|p2a: Lucario|def|1","|-unboost|p2a: Lucario|spd|1","|-damage|p2a: Lucario|253/281|[from] item: Life Orb","|faint|p1a: Raichu","|","|","|switch|p1a: Rotom-Wash|Rotom-Wash|228/304","|turn|15","|","|move|p2a: Lucario|Close Combat|p1a: Rotom-Wash","|-damage|p1a: Rotom-Wash|0 fnt","|-unboost|p2a: Lucario|def|1","|-unboost|p2a: Lucario|spd|1","|-damage|p2a: Lucario|225/281|[from] item: Life Orb","|faint|p1a: Rotom-Wash","|","|","|switch|p1a: Thundurus|Thundurus, M|206/299","|turn|16","|","|switch|p2a: Ferrothorn|Ferrothorn, M|352/352 par","|move|p1a: Thundurus|Thunderbolt|p2a: Ferrothorn","|-resisted|p2a: Ferrothorn","|-damage|p2a: Ferrothorn|285/352 par","|","|-heal|p1a: Thundurus|224/299|[from] item: Leftovers","|-heal|p2a: Ferrothorn|307/352 par|[from] item: Leftovers","|turn|17","|","|switch|p1a: Magnezone|Magnezone|281/281","|move|p2a: Ferrothorn|Leech Seed|p1a: Magnezone","|-start|p1a: Magnezone|move: Leech Seed","|","|-heal|p2a: Ferrothorn|329/352 par|[from] item: Leftovers","|-damage|p1a: Magnezone|246/281|[from] Leech Seed|[of] p2a: Ferrothorn","|-heal|p2a: Ferrothorn|352/352 par|[silent]","|turn|18","|","|move|p1a: Magnezone|Volt Switch|p2a: Ferrothorn","|-resisted|p2a: Ferrothorn","|-damage|p2a: Ferrothorn|297/352 par","|","|switch|p1a: Zapdos|Zapdos|241/383","|-ability|p1a: Zapdos|Pressure","|move|p2a: Ferrothorn|Leech Seed|p1a: Zapdos","|-start|p1a: Zapdos|move: Leech Seed","|","|-heal|p2a: Ferrothorn|319/352 par|[from] item: Leftovers","|-damage|p1a: Zapdos|194/383|[from] Leech Seed|[of] p2a: Ferrothorn","|-heal|p2a: Ferrothorn|352/352 par|[silent]","|turn|19","|","|move|p1a: Zapdos|Roost|p1a: Zapdos","|-heal|p1a: Zapdos|383/383","|move|p2a: Ferrothorn|Leech Seed|p1a: Zapdos","|-fail|p1a: Zapdos","|","|-damage|p1a: Zapdos|336/383|[from] Leech Seed|[of] p2a: Ferrothorn","|turn|20","|","|move|p1a: Zapdos|Volt Switch|p2a: Ferrothorn","|-resisted|p2a: Ferrothorn","|-damage|p2a: Ferrothorn|289/352 par","|","|switch|p1a: Magnezone|Magnezone|246/281","|move|p2a: Ferrothorn|Power Whip|p1a: Magnezone","|-resisted|p1a: Magnezone","|-damage|p1a: Magnezone|189/281","|","|-heal|p2a: Ferrothorn|311/352 par|[from] item: Leftovers","|turn|21","|","|move|p1a: Magnezone|Volt Switch|p2a: Ferrothorn","|-resisted|p2a: Ferrothorn","|-damage|p2a: Ferrothorn|254/352 par","|","|switch|p1a: Zapdos|Zapdos|336/383","|-ability|p1a: Zapdos|Pressure","|move|p2a: Ferrothorn|Leech Seed|p1a: Zapdos","|-start|p1a: Zapdos|move: Leech Seed","|","|-heal|p2a: Ferrothorn|276/352 par|[from] item: Leftovers","|-damage|p1a: Zapdos|289/383|[from] Leech Seed|[of] p2a: Ferrothorn","|-heal|p2a: Ferrothorn|323/352 par|[silent]","|turn|22","|","|switch|p2a: Heatran|Heatran, M|124/323","|move|p1a: Zapdos|Volt Switch|p2a: Heatran","|-damage|p2a: Heatran|0 fnt","|faint|p2a: Heatran","|","|switch|p1a: Electivire|Electivire, F|353/353","|","|","|switch|p2a: Doublade|Doublade, F|321/321","|turn|23","|","|move|p1a: Electivire|Earthquake|p2a: Doublade","|-supereffective|p2a: Doublade","|-damage|p2a: Doublade|195/321","|move|p2a: Doublade|Swords Dance|p2a: Doublade","|-boost|p2a: Doublade|atk|2","|","|turn|24","|","|move|p1a: Electivire|Earthquake|p2a: Doublade","|-crit|p2a: Doublade","|-supereffective|p2a: Doublade","|-damage|p2a: Doublade|3/321","|move|p2a: Doublade|Sacred Sword|p1a: Electivire","|-damage|p1a: Electivire|69/353","|","|turn|25","|","|switch|p1a: Zapdos|Zapdos|289/383","|-ability|p1a: Zapdos|Pressure","|move|p2a: Doublade|Shadow Sneak|p1a: Zapdos","|-damage|p1a: Zapdos|118/383","|-damage|p2a: Doublade|0 fnt|[from] item: Rocky Helmet|[of] p1a: Zapdos","|faint|p2a: Doublade","|","|","|switch|p2a: Lucario|Lucario, M|225/281","|turn|26","|","|switch|p1a: Magnezone|Magnezone|189/281","|move|p2a: Lucario|Close Combat|p1a: Magnezone","|-supereffective|p1a: Magnezone","|-damage|p1a: Magnezone|0 fnt","|-unboost|p2a: Lucario|def|1","|-unboost|p2a: Lucario|spd|1","|-damage|p2a: Lucario|197/281|[from] item: Life Orb","|faint|p1a: Magnezone","|","|","|switch|p1a: Thundurus|Thundurus, M|224/299","|turn|27","|","|switch|p2a: Ferrothorn|Ferrothorn, M|323/352 par","|move|p1a: Thundurus|Thunder Wave|p2a: Ferrothorn","|-fail|p2a: Ferrothorn|par","|","|-heal|p1a: Thundurus|242/299|[from] item: Leftovers","|-heal|p2a: Ferrothorn|345/352 par|[from] item: Leftovers","|turn|28","|","|switch|p1a: Zapdos|Zapdos|118/383","|-ability|p1a: Zapdos|Pressure","|move|p2a: Ferrothorn|Leech Seed|p1a: Zapdos","|-start|p1a: Zapdos|move: Leech Seed","|","|-heal|p2a: Ferrothorn|352/352 par|[from] item: Leftovers","|-damage|p1a: Zapdos|71/383|[from] Leech Seed|[of] p2a: Ferrothorn","|turn|29","|","|move|p1a: Zapdos|Roost|p1a: Zapdos","|-heal|p1a: Zapdos|263/383","|move|p2a: Ferrothorn|Power Whip|p1a: Zapdos","|-damage|p1a: Zapdos|118/383","|-damage|p2a: Ferrothorn|294/352 par|[from] item: Rocky Helmet|[of] p1a: Zapdos","|","|-heal|p2a: Ferrothorn|316/352 par|[from] item: Leftovers","|-damage|p1a: Zapdos|71/383|[from] Leech Seed|[of] p2a: Ferrothorn","|-heal|p2a: Ferrothorn|352/352 par|[silent]","|turn|30","|","|move|p1a: Zapdos|Heat Wave|p2a: Ferrothorn","|-supereffective|p2a: Ferrothorn","|-damage|p2a: Ferrothorn|0 fnt","|faint|p2a: Ferrothorn","|","|","|switch|p2a: Lucario|Lucario, M|197/281","|turn|31","|","|move|p2a: Lucario|Extreme Speed|p1a: Zapdos","|-damage|p1a: Zapdos|0 fnt","|-damage|p2a: Lucario|151/281|[from] item: Rocky Helmet|[of] p1a: Zapdos","|-damage|p2a: Lucario|123/281|[from] item: Life Orb","|faint|p1a: Zapdos","|","|","|switch|p1a: Thundurus|Thundurus, M|242/299","|turn|32","|","|move|p2a: Lucario|Extreme Speed|p1a: Thundurus","|-damage|p1a: Thundurus|86/299","|-damage|p2a: Lucario|95/281|[from] item: Life Orb","|move|p1a: Thundurus|Thunderbolt|p2a: Lucario","|-crit|p2a: Lucario","|-damage|p2a: Lucario|0 fnt","|faint|p2a: Lucario","|","|win|Alliance-C-Control"],"p1rating":{"entryid":"6440455","serverid":"eos","formatid":"monotype","userid":"allianceccontrol","username":"Alliance-C-Control","w":237,"l":"303","t":"0","gxe":44.4,"r":"1451.5563081439","rd":"25","sigma":"0","rptime":"1438506000","rpr":1457.5541674637,"rprd":25,"rpsigma":"0","acre":1194.4448328334,"lacre":1194.4448328334,"oldacre":"1174.2530641338"},"p2rating":{"entryid":"7296830","serverid":"eos","formatid":"monotype","userid":"vsevm","username":"V SevM","w":"3","l":1,"t":"0","gxe":55.3,"r":"1537.8423820432","rd":"122.14692196656","sigma":"0","rptime":"1438506000","rpr":1541.9916865057,"rprd":106.67638078168,"rpsigma":"0","acre":1086.3965574927,"lacre":1086.3965574927,"oldacre":"1106.5883261923"},"endType":"normal"}