{"seed":[16747,32751,54476,22775],"turns":23,"p1":"Sovereign♕Cactus","p2":"Guard Wulf","p1team":[{"name":"Politoed","species":"Politoed","item":"choicespecs","ability":"Drizzle","moves":["focusblast","icebeam","hydropump","psychic"],"nature":"Modest","evs":{"hp":248,"atk":0,"def":0,"spa":252,"spd":8,"spe":0},"ivs":{"hp":31,"atk":31,"def":31,"spa":31,"spd":31,"spe":31}},{"name":"Tentacruel","species":"Tentacruel","item":"blacksludge","ability":"Liquid Ooze","moves":["scald","rapidspin","sludgewave","toxicspikes"],"nature":"Timid","evs":{"hp":0,"atk":0,"def":0,"spa":252,"spd":4,"spe":252},"ivs":{"hp":31,"atk":31,"def":31,"spa":31,"spd":31,"spe":31}},{"name":"Swampert","species":"Swampert","item":"swampertite","ability":"Torrent","moves":["protect","earthquake","poweruppunch","waterfall"],"nature":"Adamant","evs":{"hp":0,"atk":252,"def":0,"spa":0,"spd":4,"spe":252},"ivs":{"hp":31,"atk":31,"def":31,"spa":31,"spd":31,"spe":31}},{"name":"Keldeo","species":"Keldeo","item":"choicespecs","ability":"Justified","moves":["hiddenpowerdark","secretsword","surf","icywind"],"nature":"Timid","evs":{"hp":0,"atk":0,"def":0,"spa":252,"spd":4,"spe":252},"ivs":{"hp":31,"atk":31,"def":31,"spe":31,"spa":31,"spd":31}},{"name":"Gyarados","species":"Gyarados","item":"leftovers","ability":"Moxie","moves":["dragondance","icefang","waterfall","bounce"],"nature":"Adamant","evs":{"hp":0,"atk":252,"def":0,"spa":0,"spd":4,"spe":252},"ivs":{"hp":31,"atk":31,"def":31,"spa":31,"spd":31,"spe":31}},{"name":"Suicune","species":"Suicune","item":"leftovers","ability":"Pressure","moves":["calmmind","rest","scald","sleeptalk"],"nature":"Bold","evs":{"hp":252,"atk":0,"def":252,"spa":0,"spd":4,"spe":0},"ivs":{"hp":31,"atk":31,"def":31,"spa":31,"spd":31,"spe":31}}],"p2team":[{"name":"Hippowdon","species":"Hippowdon","item":"leftovers","ability":"Sand Stream","moves":["stealthrock","slackoff","icefang","toxic"],"nature":"Impish","evs":{"hp":252,"atk":4,"def":252,"spa":0,"spd":0,"spe":0},"ivs":{"hp":31,"atk":31,"def":31,"spa":31,"spd":31,"spe":31}},{"name":"Excadrill","species":"Excadrill","item":"lifeorb","ability":"Sand Rush","moves":["ironhead","earthquake","rapidspin","rockslide"],"nature":"Jolly","evs":{"hp":0,"atk":252,"def":0,"spa":0,"spd":4,"spe":252},"ivs":{"hp":31,"atk":31,"def":31,"spa":31,"spd":31,"spe":31}},{"name":"Garchomp","species":"Garchomp","item":"garchompite","ability":"Sand Veil","moves":["fireblast","stoneedge","dracometeor","earthquake"],"nature":"Naive","evs":{"hp":0,"atk":52,"def":0,"spa":0,"spd":0,"spe":252},"ivs":{"hp":31,"atk":31,"def":31,"spa":31,"spd":31,"spe":31}},{"name":"Landorus","species":"Landorus","item":"lifeorb","ability":"Sheer Force","moves":["earthpower","grassknot","psychic","sludgewave"],"nature":"Timid","evs":{"hp":0,"atk":0,"def":0,"spa":252,"spd":4,"spe":252},"ivs":{"hp":31,"atk":30,"def":30,"spa":31,"spd":31,"spe":31}},{"name":"Seismitoad","species":"Seismitoad","item":"leftovers","ability":"Water Absorb","moves":["knockoff","scald","sludgewave","icepunch"],"nature":"Sassy","evs":{"hp":236,"atk":16,"def":0,"spa":4,"spd":252,"spe":0},"ivs":{"hp":31,"atk":31,"def":31,"spa":31,"spd":31,"spe":31}},{"name":"Diggersby","species":"Diggersby","item":"choicescarf","ability":"Huge Power","moves":["return","firepunch","uturn","earthquake"],"nature":"Jolly","evs":{"hp":0,"atk":252,"def":0,"spa":0,"spd":4,"spe":252},"ivs":{"hp":31,"atk":31,"def":31,"spa":31,"spd":31,"spe":31}}],"log":["|player|p1|Sovereign♕Cactus|251","|player|p2|Guard Wulf|143","|gametype|singles","|gen|6","|tier|Monotype","|rated","|rule|Baton Pass Clause: Limit one Baton Passer, can't pass Spe and other stats simultaneously","|rule|Swagger Clause: Swagger is banned","|rule|Same Type Clause: Pokémon in a team must share a type","|clearpoke","|poke|p1|Politoed, M","|poke|p1|Tentacruel, F","|poke|p1|Swampert, F","|poke|p1|Keldeo","|poke|p1|Gyarados, M","|poke|p1|Suicune","|poke|p2|Hippowdon, F","|poke|p2|Excadrill, M","|poke|p2|Garchomp, M","|poke|p2|Landorus, M","|poke|p2|Seismitoad, F","|poke|p2|Diggersby, M","|rule|Sleep Clause Mod: Limit one foe put to sleep","|rule|Species Clause: Limit one of each Pokémon","|rule|OHKO Clause: OHKO moves are banned","|rule|Moody Clause: Moody is banned","|rule|Evasion Moves Clause: Evasion moves are banned","|rule|Endless Battle Clause: Forcing endless battles is banned","|rule|HP Percentage Mod: HP is shown in percentages","|teampreview","|","|start","|switch|p1a: Politoed|Politoed, M|383/383","|switch|p2a: Diggersby|Diggersby, M|311/311","|-weather|RainDance","|turn|1","|","|move|p2a: Diggersby|U-turn|p1a: Politoed","|-damage|p1a: Politoed|251/383","|","|switch|p2a: Seismitoad|Seismitoad, F|410/410","|move|p1a: Politoed|Hydro Pump|p2a: Seismitoad","|-immune|p2a: Seismitoad|[msg]","|","|-weather|RainDance|[upkeep]","|turn|2","|","|switch|p1a: Tentacruel|Tentacruel, F|301/301","|move|p2a: Seismitoad|Knock Off|p1a: Tentacruel","|-damage|p1a: Tentacruel|191/301","|-enditem|p1a: Tentacruel|Black Sludge|[from] move: Knock Off|[of] p2a: Seismitoad","|","|-weather|RainDance|[upkeep]","|turn|3","|","|switch|p2a: Landorus|Landorus, M|319/319","|move|p1a: Tentacruel|Toxic Spikes|p2a: Landorus","|-sidestart|p2: Guard Wulf|move: Toxic Spikes","|","|-weather|RainDance|[upkeep]","|turn|4","|","|move|p2a: Landorus|Earth Power|p1a: Tentacruel","|-supereffective|p1a: Tentacruel","|-damage|p1a: Tentacruel|0 fnt","|faint|p1a: Tentacruel","|","|-weather|RainDance|[upkeep]","|","|switch|p1a: Keldeo|Keldeo|323/323","|turn|5","|","|switch|p2a: Seismitoad|Seismitoad, F|410/410","|-status|p2a: Seismitoad|psn","|move|p1a: Keldeo|Icy Wind|p2a: Seismitoad","|-damage|p2a: Seismitoad|331/410 psn","|-unboost|p2a: Seismitoad|spe|1","|","|-weather|none","|-heal|p2a: Seismitoad|356/410 psn|[from] item: Leftovers","|-damage|p2a: Seismitoad|305/410 psn|[from] psn","|turn|6","|","|switch|p1a: Politoed|Politoed, M|251/383","|-weather|RainDance","|move|p2a: Seismitoad|Knock Off|p1a: Politoed","|-damage|p1a: Politoed|157/383","|-enditem|p1a: Politoed|Choice Specs|[from] move: Knock Off|[of] p2a: Seismitoad","|","|-weather|RainDance|[upkeep]","|-heal|p2a: Seismitoad|330/410 psn|[from] item: Leftovers","|-damage|p2a: Seismitoad|279/410 psn|[from] psn","|turn|7","|","|move|p1a: Politoed|Psychic|p2a: Seismitoad","|-damage|p2a: Seismitoad|205/410 psn","|move|p2a: Seismitoad|Sludge Wave|p1a: Politoed","|-damage|p1a: Politoed|90/383","|","|-weather|RainDance|[upkeep]","|-heal|p2a: Seismitoad|230/410 psn|[from] item: Leftovers","|-damage|p2a: Seismitoad|179/410 psn|[from] psn","|turn|8","|","|switch|p2a: Landorus|Landorus, M|319/319","|move|p1a: Politoed|Focus Blast|p2a: Landorus","|-resisted|p2a: Landorus","|-damage|p2a: Landorus|246/319","|","|-weather|RainDance|[upkeep]","|turn|9","|","|switch|p2a: Seismitoad|Seismitoad, F|179/410 psn","|move|p1a: Politoed|Ice Beam|p2a: Seismitoad","|-damage|p2a: Seismitoad|106/410 psn","|","|-weather|RainDance|[upkeep]","|-heal|p2a: Seismitoad|131/410 psn|[from] item: Leftovers","|-damage|p2a: Seismitoad|80/410 psn|[from] psn","|turn|10","|","|move|p1a: Politoed|Ice Beam|p2a: Seismitoad","|-damage|p2a: Seismitoad|0 fnt","|faint|p2a: Seismitoad","|","|-weather|none","|","|switch|p2a: Landorus|Landorus, M|246/319","|turn|11","|","|move|p2a: Landorus|Earth Power|p1a: Politoed","|-damage|p1a: Politoed|0 fnt","|faint|p1a: Politoed","|","|","|switch|p1a: Swampert|Swampert, F|341/341","|turn|12","|","|detailschange|p1a: Swampert|Swampert-Mega, F","|-mega|p1a: Swampert|Swampert|Swampertite","|move|p2a: Landorus|Grass Knot|p1a: Swampert","|-supereffective|p1a: Swampert","|-damage|p1a: Swampert|0 fnt","|-damage|p2a: Landorus|215/319|[from] item: Life Orb","|faint|p1a: Swampert","|","|","|switch|p1a: Gyarados|Gyarados, M|331/331","|turn|13","|","|move|p2a: Landorus|Sludge Wave|p1a: Gyarados","|-damage|p1a: Gyarados|169/331","|move|p1a: Gyarados|Ice Fang|p2a: Landorus","|-supereffective|p2a: Landorus","|-damage|p2a: Landorus|0 fnt","|faint|p2a: Landorus","|-boost|p1a: Gyarados|atk|1|[from] ability: Moxie","|","|-heal|p1a: Gyarados|189/331|[from] item: Leftovers","|","|switch|p2a: Hippowdon|Hippowdon, F|420/420","|-status|p2a: Hippowdon|psn","|-weather|Sandstorm","|turn|14","|","|move|p1a: Gyarados|Dragon Dance|p1a: Gyarados","|-boost|p1a: Gyarados|atk|1","|-boost|p1a: Gyarados|spe|1","|move|p2a: Hippowdon|Ice Fang|p1a: Gyarados","|-damage|p1a: Gyarados|126/331","|","|-weather|Sandstorm|[upkeep]","|-damage|p1a: Gyarados|106/331|[from] sandstorm","|-heal|p1a: Gyarados|126/331|[from] item: Leftovers","|-damage|p2a: Hippowdon|368/420 psn|[from] psn","|turn|15","|","|switch|p2a: Garchomp|Garchomp, M|357/357","|-status|p2a: Garchomp|psn","|move|p1a: Gyarados|Waterfall|p2a: Garchomp","|-damage|p2a: Garchomp|59/357 psn","|","|-weather|Sandstorm|[upkeep]","|-damage|p1a: Gyarados|106/331|[from] sandstorm","|-heal|p1a: Gyarados|126/331|[from] item: Leftovers","|-damage|p2a: Garchomp|15/357 psn|[from] psn","|turn|16","|","|detailschange|p2a: Garchomp|Garchomp-Mega, M","|-mega|p2a: Garchomp|Garchomp|Garchompite","|move|p1a: Gyarados|Waterfall|p2a: Garchomp","|-damage|p2a: Garchomp|0 fnt","|faint|p2a: Garchomp","|-boost|p1a: Gyarados|atk|1|[from] ability: Moxie","|","|-weather|Sandstorm|[upkeep]","|-damage|p1a: Gyarados|106/331|[from] sandstorm","|-heal|p1a: Gyarados|126/331|[from] item: Leftovers","|","|switch|p2a: Excadrill|Excadrill, M|361/361","|turn|17","|","|move|p2a: Excadrill|Rock Slide|p1a: Gyarados","|-crit|p1a: Gyarados","|-supereffective|p1a: Gyarados","|-damage|p1a: Gyarados|0 fnt","|-damage|p2a: Excadrill|325/361|[from] item: Life Orb","|faint|p1a: Gyarados","|","|-weather|Sandstorm|[upkeep]","|","|switch|p1a: Keldeo|Keldeo|323/323","|turn|18","|","|move|p2a: Excadrill|Earthquake|p1a: Keldeo","|-damage|p1a: Keldeo|41/323","|-damage|p2a: Excadrill|289/361|[from] item: Life Orb","|move|p1a: Keldeo|Surf|p2a: Excadrill","|-crit|p2a: Excadrill","|-supereffective|p2a: Excadrill","|-damage|p2a: Excadrill|0 fnt","|faint|p2a: Excadrill","|","|-weather|none","|","|switch|p2a: Diggersby|Diggersby, M|311/311","|-status|p2a: Diggersby|psn","|turn|19","|","|move|p2a: Diggersby|Return|p1a: Keldeo","|-damage|p1a: Keldeo|0 fnt","|faint|p1a: Keldeo","|","|-damage|p2a: Diggersby|273/311 psn|[from] psn","|","|switch|p1a: Suicune|Suicune|404/404","|-ability|p1a: Suicune|Pressure","|turn|20","|","|switch|p2a: Hippowdon|Hippowdon, F|368/420 psn","|-weather|Sandstorm","|move|p1a: Suicune|Scald|p2a: Hippowdon","|-supereffective|p2a: Hippowdon","|-damage|p2a: Hippowdon|162/420 psn","|","|-weather|Sandstorm|[upkeep]","|-damage|p1a: Suicune|379/404|[from] sandstorm","|-heal|p1a: Suicune|404/404|[from] item: Leftovers","|-heal|p2a: Hippowdon|188/420 psn|[from] item: Leftovers","|-damage|p2a: Hippowdon|136/420 psn|[from] psn","|turn|21","|","|move|p1a: Suicune|Calm Mind|p1a: Suicune","|-boost|p1a: Suicune|spa|1","|-boost|p1a: Suicune|spd|1","|move|p2a: Hippowdon|Toxic|p1a: Suicune|[miss]","|-miss|p2a: Hippowdon|p1a: Suicune","|","|-weather|Sandstorm|[upkeep]","|-damage|p1a: Suicune|379/404|[from] sandstorm","|-heal|p1a: Suicune|404/404|[from] item: Leftovers","|-heal|p2a: Hippowdon|162/420 psn|[from] item: Leftovers","|-damage|p2a: Hippowdon|110/420 psn|[from] psn","|turn|22","|","|move|p1a: Suicune|Scald|p2a: Hippowdon","|-supereffective|p2a: Hippowdon","|-damage|p2a: Hippowdon|0 fnt","|faint|p2a: Hippowdon","|","|-weather|Sandstorm|[upkeep]","|-damage|p1a: Suicune|379/404|[from] sandstorm","|-heal|p1a: Suicune|404/404|[from] item: Leftovers","|","|switch|p2a: Diggersby|Diggersby, M|273/311 psn","|turn|23","|","|move|p2a: Diggersby|Return|p1a: Suicune","|-damage|p1a: Suicune|263/404","|move|p1a: Suicune|Scald|p2a: Diggersby","|-supereffective|p2a: Diggersby","|-damage|p2a: Diggersby|0 fnt","|faint|p2a: Diggersby","|","|win|Sovereign♕Cactus"],"p1rating":{"entryid":"6867552","serverid":"eos","formatid":"monotype","userid":"sovereigncactus","username":"Sovereign♕Cactus","w":59,"l":"70","t":"0","gxe":45.5,"r":"1459.3771430334","rd":"32.514639404528","sigma":"0","rptime":"1438506000","rpr":1465.6417897677,"rprd":32.032993821783,"rpsigma":"0","acre":1134.6636174181,"lacre":1134.6636174181,"oldacre":"1108.8021822526"},"p2rating":{"entryid":"7326062","serverid":"eos","formatid":"monotype","userid":"guardwulf","username":"Guard Wulf","w":"4","l":3,"t":"0","gxe":53.5,"r":"1534.8437477412","rd":"122.05777227973","sigma":"0","rptime":"1438506000","rpr":1527.4224546675,"rprd":94.26218583201,"rpsigma":"0","acre":1094.9172177726,"lacre":1094.9172177726,"oldacre":"1120.7786529381"},"endType":"normal"}