{"seed":[36743,63411,42967,32391],"turns":20,"p1":"Rain ☆ Suichika","p2":"V Jhawk","p1team":[{"name":"Muhammad ashroom","species":"breloom","item":"focussash","ability":"Technician","moves":["spore","bulletseed","rocktomb","machpunch"],"nature":"Jolly","evs":{"hp":4,"atk":252,"def":0,"spa":0,"spd":0,"spe":252},"ivs":{"hp":31,"atk":31,"def":31,"spa":31,"spd":31,"spe":31}},{"name":"Platasaurus-rex","species":"venusaur","item":"venusaurite","ability":"Chlorophyll","moves":["synthesis","hiddenpowerice","gigadrain","sleeppowder"],"nature":"Modest","evs":{"hp":252,"atk":0,"def":0,"spa":252,"spd":0,"spe":4},"ivs":{"hp":31,"atk":30,"def":30,"spa":31,"spd":31,"spe":31}},{"name":"Vileplume's sister","species":"roserade","item":"choicescarf","ability":"Technician","moves":["hiddenpowerground","extrasensory","sludgebomb","shadowball"],"nature":"Timid","evs":{"hp":4,"atk":0,"def":0,"spa":252,"spd":0,"spe":252},"ivs":{"hp":31,"atk":31,"def":31,"spa":30,"spd":30,"spe":31}},{"name":"Celery the onion","species":"celebi","item":"lifeorb","ability":"Natural Cure","moves":["gigadrain","suckerpunch","ancientpower","zenheadbutt"],"nature":"Hasty","evs":{"hp":0,"atk":200,"def":0,"spa":56,"spd":0,"spe":252},"ivs":{"hp":31,"atk":31,"def":31,"spa":31,"spd":31,"spe":31}},{"name":"Iron Durian","species":"ferrothorn","item":"occaberry","ability":"Iron Barbs","moves":["stealthrock","knockoff","thunderwave","gyroball"],"nature":"Impish","evs":{"hp":252,"atk":0,"def":88,"spa":0,"spd":168,"spe":0},"ivs":{"hp":31,"atk":31,"def":31,"spa":31,"spd":31,"spe":31}},{"name":"liligant wannabe","species":"bellossom","item":"weaknesspolicy","ability":"Chlorophyll","moves":["gigadrain","hiddenpowerfire","moonblast","leafstorm"],"nature":"Modest","evs":{"hp":116,"atk":0,"def":0,"spa":252,"spd":0,"spe":140},"ivs":{"hp":31,"atk":30,"def":31,"spa":30,"spd":31,"spe":30}}],"p2team":[{"name":"Raikou","species":"Raikou","item":"leftovers","ability":"Pressure","moves":["substitute","calmmind","extrasensory","thunderbolt"],"nature":"Timid","evs":{"hp":0,"atk":0,"def":0,"spa":252,"spd":4,"spe":252},"ivs":{"hp":31,"atk":0,"def":31,"spa":31,"spd":31,"spe":31}},{"name":"Thundurus","species":"Thundurus","item":"sitrusberry","ability":"Prankster","moves":["thunderwave","taunt","foulplay","voltswitch"],"nature":"Calm","evs":{"hp":132,"atk":0,"def":40,"spa":164,"spd":0,"spe":172},"ivs":{"hp":31,"atk":0,"def":31,"spa":31,"spd":31,"spe":31}},{"name":"Electivire","species":"Electivire","item":"salacberry","ability":"Motor Drive","moves":["wildcharge","earthquake","firepunch","facade"],"nature":"Adamant","evs":{"hp":0,"atk":252,"def":0,"spa":0,"spd":4,"spe":252},"ivs":{"hp":31,"atk":31,"def":31,"spa":31,"spd":31,"spe":31}},{"name":"Ampharos","species":"Ampharos","item":"ampharosite","ability":"Static","moves":["rest","cottonguard","dragonpulse","thunderbolt"],"nature":"Modest","evs":{"hp":248,"atk":0,"def":0,"spa":252,"spd":8,"spe":0},"ivs":{"hp":31,"atk":31,"def":31,"spa":31,"spd":31,"spe":31}},{"name":"Magnezone","species":"Magnezone","item":"choicespecs","ability":"Sturdy","moves":["hiddenpowerfire","thunderbolt","flashcannon","triattack"],"nature":"Modest","evs":{"hp":248,"atk":0,"def":0,"spa":252,"spd":8,"spe":0},"ivs":{"hp":31,"atk":30,"def":31,"spa":30,"spd":31,"spe":30}},{"name":"Rotom-Wash","species":"Rotom-Wash","item":"ironball","ability":"Levitate","moves":["willowisp","trick","hydropump","rest"],"nature":"Calm","evs":{"hp":248,"atk":0,"def":0,"spa":8,"spd":252,"spe":0},"ivs":{"hp":31,"atk":31,"def":31,"spa":31,"spd":31,"spe":31}}],"log":["|player|p1|Rain ☆ Suichika|rainsuichika.png","|player|p2|V Jhawk|101","|gametype|singles","|gen|6","|tier|Monotype","|rated","|rule|Baton Pass Clause: Limit one Baton Passer, can't pass Spe and other stats simultaneously","|rule|Swagger Clause: Swagger is banned","|rule|Same Type Clause: Pokémon in a team must share a type","|clearpoke","|poke|p1|Breloom, F","|poke|p1|Venusaur, M","|poke|p1|Roserade, M","|poke|p1|Celebi","|poke|p1|Ferrothorn, F","|poke|p1|Bellossom, M","|poke|p2|Raikou","|poke|p2|Thundurus, M","|poke|p2|Electivire, M","|poke|p2|Ampharos, F","|poke|p2|Magnezone","|poke|p2|Rotom-Wash","|rule|Sleep Clause Mod: Limit one foe put to sleep","|rule|Species Clause: Limit one of each Pokémon","|rule|OHKO Clause: OHKO moves are banned","|rule|Moody Clause: Moody is banned","|rule|Evasion Moves Clause: Evasion moves are banned","|rule|Endless Battle Clause: Forcing endless battles is banned","|rule|HP Percentage Mod: HP is shown in percentages","|teampreview","|","|start","|switch|p1a: Iron Durian|Ferrothorn, F|352/352","|switch|p2a: Magnezone|Magnezone|343/343","|turn|1","|","|move|p2a: Magnezone|Hidden Power|p1a: Iron Durian","|-supereffective|p1a: Iron Durian","|-enditem|p1a: Iron Durian|Occa Berry|[eat]","|-damage|p1a: Iron Durian|186/352","|move|p1a: Iron Durian|Stealth Rock|p2a: Magnezone","|-sidestart|p2: V Jhawk|move: Stealth Rock","|","|turn|2","|","|move|p2a: Magnezone|Hidden Power|p1a: Iron Durian","|-supereffective|p1a: Iron Durian","|-damage|p1a: Iron Durian|0 fnt","|faint|p1a: Iron Durian","|","|","|switch|p1a: Platasaurus-rex|Venusaur, M|364/364","|turn|3","|","|switch|p2a: Raikou|Raikou|321/321","|-damage|p2a: Raikou|281/321|[from] Stealth Rock","|-ability|p2a: Raikou|Pressure","|detailschange|p1a: Platasaurus-rex|Venusaur-Mega, M","|-mega|p1a: Platasaurus-rex|Venusaur|Venusaurite","|move|p1a: Platasaurus-rex|Giga Drain|p2a: Raikou","|-crit|p2a: Raikou","|-damage|p2a: Raikou|85/321","|","|-heal|p2a: Raikou|105/321|[from] item: Leftovers","|turn|4","|","|move|p2a: Raikou|Calm Mind|p2a: Raikou","|-boost|p2a: Raikou|spa|1","|-boost|p2a: Raikou|spd|1","|move|p1a: Platasaurus-rex|Giga Drain|p2a: Raikou","|-damage|p2a: Raikou|3/321","|","|-heal|p2a: Raikou|23/321|[from] item: Leftovers","|turn|5","|","|move|p2a: Raikou|Extrasensory|p1a: Platasaurus-rex","|-supereffective|p1a: Platasaurus-rex","|-damage|p1a: Platasaurus-rex|126/364","|move|p1a: Platasaurus-rex|Giga Drain|p2a: Raikou","|-damage|p2a: Raikou|0 fnt","|-heal|p1a: Platasaurus-rex|138/364|[from] drain|[of] p2a: Raikou","|faint|p2a: Raikou","|","|","|switch|p2a: Magnezone|Magnezone|343/343","|-damage|p2a: Magnezone|322/343|[from] Stealth Rock","|turn|6","|","|move|p1a: Platasaurus-rex|Synthesis|p1a: Platasaurus-rex","|-heal|p1a: Platasaurus-rex|320/364","|move|p2a: Magnezone|Flash Cannon|p1a: Platasaurus-rex","|-damage|p1a: Platasaurus-rex|106/364","|","|turn|7","|","|move|p1a: Platasaurus-rex|Giga Drain|p2a: Magnezone","|-resisted|p2a: Magnezone","|-damage|p2a: Magnezone|246/343","|-heal|p1a: Platasaurus-rex|144/364|[from] drain|[of] p2a: Magnezone","|move|p2a: Magnezone|Flash Cannon|p1a: Platasaurus-rex","|-damage|p1a: Platasaurus-rex|0 fnt","|faint|p1a: Platasaurus-rex","|","|","|switch|p1a: Vileplume's sister|Roserade, M|262/262","|turn|8","|","|move|p1a: Vileplume's sister|Hidden Power|p2a: Magnezone","|-supereffective|p2a: Magnezone","|-damage|p2a: Magnezone|0 fnt","|faint|p2a: Magnezone","|","|","|switch|p2a: Thundurus|Thundurus, M|332/332","|-damage|p2a: Thundurus|249/332|[from] Stealth Rock","|turn|9","|","|switch|p1a: Celery the onion|Celebi|341/341","|move|p2a: Thundurus|Thunder Wave|p1a: Celery the onion","|-status|p1a: Celery the onion|par","|","|turn|10","|","|move|p2a: Thundurus|Foul Play|p1a: Celery the onion","|-supereffective|p1a: Celery the onion","|-damage|p1a: Celery the onion|131/341 par","|move|p1a: Celery the onion|Zen Headbutt|p2a: Thundurus","|-damage|p2a: Thundurus|62/332","|-damage|p1a: Celery the onion|97/341 par|[from] item: Life Orb","|-enditem|p2a: Thundurus|Sitrus Berry|[eat]","|-heal|p2a: Thundurus|145/332|[from] item: Sitrus Berry","|","|turn|11","|","|move|p2a: Thundurus|Volt Switch|p1a: Celery the onion","|-resisted|p1a: Celery the onion","|-damage|p1a: Celery the onion|40/341 par","|","|switch|p2a: Electivire|Electivire, M|291/291","|-damage|p2a: Electivire|255/291|[from] Stealth Rock","|move|p1a: Celery the onion|Ancient Power|p2a: Electivire","|-damage|p2a: Electivire|177/291","|-damage|p1a: Celery the onion|6/341 par|[from] item: Life Orb","|","|turn|12","|","|move|p1a: Celery the onion|Sucker Punch|p2a: Electivire","|-damage|p2a: Electivire|28/291","|-damage|p1a: Celery the onion|0 fnt|[from] item: Life Orb","|faint|p1a: Celery the onion","|-enditem|p2a: Electivire|Salac Berry|[eat]","|-boost|p2a: Electivire|spe|1|[from] item: Salac Berry","|move|p2a: Electivire|Fire Punch|p1: Celery the onion|[notarget]","|-notarget","|","|","|switch|p1a: Muhammad ashroom|Breloom, F|262/262","|turn|13","|","|move|p1a: Muhammad ashroom|Mach Punch|p2a: Electivire","|-damage|p2a: Electivire|0 fnt","|faint|p2a: Electivire","|","|","|switch|p2a: Ampharos|Ampharos, F|383/383","|-damage|p2a: Ampharos|336/383|[from] Stealth Rock","|turn|14","|","|detailschange|p2a: Ampharos|Ampharos-Mega, F","|-mega|p2a: Ampharos|Ampharos|Ampharosite","|-ability|p2a: Ampharos|Mold Breaker","|move|p1a: Muhammad ashroom|Spore|p2a: Ampharos","|-status|p2a: Ampharos|slp","|cant|p2a: Ampharos|slp","|","|turn|15","|","|switch|p1a: liligant wannabe|Bellossom, M|320/320","|cant|p2a: Ampharos|slp","|","|turn|16","|","|move|p1a: liligant wannabe|Moonblast|p2a: Ampharos","|-supereffective|p2a: Ampharos","|-damage|p2a: Ampharos|160/383 slp","|cant|p2a: Ampharos|slp","|","|turn|17","|","|switch|p2a: Rotom-Wash|Rotom-Wash|303/303","|-damage|p2a: Rotom-Wash|266/303|[from] Stealth Rock","|move|p1a: liligant wannabe|Moonblast|p2a: Rotom-Wash","|-damage|p2a: Rotom-Wash|203/303","|","|turn|18","|","|move|p1a: liligant wannabe|Giga Drain|p2a: Rotom-Wash","|-supereffective|p2a: Rotom-Wash","|-damage|p2a: Rotom-Wash|57/303","|move|p2a: Rotom-Wash|Trick|p1a: liligant wannabe","|-activate|p2a: Rotom-Wash|move: Trick|[of] p1a: liligant wannabe","|-item|p1a: liligant wannabe|Iron Ball|[from] move: Trick","|-item|p2a: Rotom-Wash|Weakness Policy|[from] move: Trick","|","|turn|19","|","|move|p2a: Rotom-Wash|Rest|p2a: Rotom-Wash","|-status|p2a: Rotom-Wash|slp","|-heal|p2a: Rotom-Wash|303/303 slp|[silent]","|-status|p2a: Rotom-Wash|slp|[from] move: Rest","|move|p1a: liligant wannabe|Giga Drain|p2a: Rotom-Wash","|-supereffective|p2a: Rotom-Wash","|-damage|p2a: Rotom-Wash|157/303 slp","|-enditem|p2a: Rotom-Wash|Weakness Policy","|-boost|p2a: Rotom-Wash|atk|2|[from] item: Weakness Policy","|-boost|p2a: Rotom-Wash|spa|2|[from] item: Weakness Policy","|","|turn|20","|","|cant|p2a: Rotom-Wash|slp","|move|p1a: liligant wannabe|Leaf Storm|p2a: Rotom-Wash","|-supereffective|p2a: Rotom-Wash","|-damage|p2a: Rotom-Wash|0 fnt","|-unboost|p1a: liligant wannabe|spa|2","|faint|p2a: Rotom-Wash","|","|","|win|Rain ☆ Suichika"],"p1rating":{"entryid":"6383869","serverid":"eos","formatid":"monotype","userid":"rainsuichika","username":"Rain ☆ Suichika","w":45,"l":"26","t":"0","gxe":62,"r":"1564.7960560766","rd":"53.502709546407","sigma":"0","rptime":"1438506000","rpr":1593.1926768227,"rprd":49.893179837415,"rpsigma":"0","acre":1293.7000390998,"lacre":1293.7000390998,"oldacre":"1285.6044474367"},"p2rating":{"entryid":7343640,"formatid":"monotype","userid":"vjhawk","username":"V Jhawk","r":1500,"rd":130,"sigma":0,"rpr":1465.3261353143,"rprd":122.20824977713,"rpsigma":0,"rptime":1438506000,"w":0,"l":1,"t":0,"gxe":45.7,"acre":1000,"lacre":1000,"oldacre":1000},"endType":"forfeit"}