{"seed":[54161,35288,24021,50980],"turns":24,"p1":"Researcher✦Kingdra","p2":"jackker","p1team":[{"name":"Charizard","species":"Charizard","item":"charizarditex","ability":"Blaze","moves":["bellydrum","dragonclaw","firepunch","furycutter"],"nature":"Jolly","evs":{"hp":4,"atk":252,"def":0,"spa":0,"spd":0,"spe":252},"ivs":{"hp":31,"atk":31,"def":31,"spa":31,"spd":31,"spe":31}},{"name":"Ninetales","species":"Ninetales","item":"heatrock","ability":"Drought","moves":["nastyplot","fireblast","solarbeam","willowisp"],"nature":"Bold","evs":{"hp":168,"atk":0,"def":136,"spa":0,"spd":204,"spe":0},"ivs":{"hp":31,"atk":31,"def":31,"spa":31,"spd":31,"spe":31}},{"name":"Chandelure","species":"Chandelure","item":"choicescarf","ability":"Infiltrator","moves":["fireblast","shadowball","energyball","trick"],"nature":"Timid","evs":{"hp":0,"atk":0,"def":0,"spa":252,"spd":4,"spe":252},"ivs":{"hp":31,"atk":31,"def":31,"spa":31,"spd":31,"spe":31}},{"name":"Darmanitan","species":"Darmanitan","item":"choicescarf","ability":"Sheer Force","moves":["flareblitz","rockslide","uturn","earthquake"],"nature":"Jolly","evs":{"hp":0,"atk":252,"def":0,"spa":0,"spd":4,"spe":252},"ivs":{"hp":31,"atk":31,"def":31,"spa":31,"spd":31,"spe":31}},{"name":"Heatran","species":"Heatran","item":"leftovers","ability":"Flash Fire","moves":["lavaplume","toxic","taunt","stealthrock"],"nature":"Calm","evs":{"hp":248,"atk":0,"def":0,"spa":0,"spd":192,"spe":68},"ivs":{"hp":31,"atk":31,"def":31,"spa":31,"spd":31,"spe":31}},{"name":"Victini","species":"Victini","item":"choicescarf","ability":"Victory Star","moves":["vcreate","boltstrike","zenheadbutt","uturn"],"nature":"Jolly","evs":{"hp":0,"atk":252,"def":4,"spa":0,"spd":0,"spe":252},"ivs":{"hp":31,"atk":31,"def":31,"spa":31,"spd":31,"spe":31}}],"p2team":[{"name":"Tyranitar","species":"Tyranitar","item":"assaultvest","ability":"Sand Stream","moves":["fireblast","icebeam","stoneedge","pursuit"],"nature":"Modest","evs":{"hp":252,"atk":0,"def":0,"spa":160,"spd":96,"spe":0},"ivs":{"hp":31,"atk":31,"def":31,"spa":31,"spd":31,"spe":31}},{"name":"Aggron","species":"Aggron","item":"aggronite","ability":"Sturdy","moves":["thunderwave","heavyslam","firepunch","earthquake"],"nature":"Impish","evs":{"hp":252,"atk":0,"def":220,"spa":0,"spd":36,"spe":0},"ivs":{"hp":31,"atk":31,"def":31,"spa":31,"spd":31,"spe":31}},{"name":"Terrakion","species":"Terrakion","item":"choicescarf","ability":"Justified","moves":["closecombat","earthquake","zenheadbutt","stoneedge"],"nature":"Adamant","evs":{"hp":0,"atk":252,"def":0,"spa":0,"spd":0,"spe":252},"ivs":{"hp":31,"atk":31,"def":31,"spa":31,"spd":31,"spe":31}},{"name":"Aerodactyl","species":"Aerodactyl","item":"lumberry","ability":"Rock Head","moves":["earthquake","stoneedge","taunt","defog"],"nature":"Adamant","evs":{"hp":0,"atk":252,"def":0,"spa":0,"spd":0,"spe":252},"ivs":{"hp":31,"atk":31,"def":31,"spa":31,"spd":31,"spe":31}},{"name":"Cradily","species":"Cradily","item":"leftovers","ability":"Storm Drain","moves":["gigadrain","hiddenpowerfire","stockpile","rest"],"nature":"Calm","evs":{"hp":252,"atk":0,"def":0,"spa":4,"spd":252,"spe":0},"ivs":{"hp":31,"atk":30,"def":31,"spa":30,"spd":31,"spe":30}},{"name":"Omastar","species":"Omastar","item":"focussash","ability":"Weak Armor","moves":["hiddenpowergrass","surf","shellsmash","icebeam"],"nature":"Modest","evs":{"hp":0,"atk":0,"def":0,"spa":252,"spd":0,"spe":252},"ivs":{"hp":31,"atk":30,"def":31,"spa":30,"spd":31,"spe":31}}],"log":["|player|p1|Researcher✦Kingdra|40","|player|p2|jackker|196","|gametype|singles","|gen|6","|tier|Monotype","|rated","|rule|Baton Pass Clause: Limit one Baton Passer, can't pass Spe and other stats simultaneously","|rule|Swagger Clause: Swagger is banned","|rule|Same Type Clause: Pokémon in a team must share a type","|clearpoke","|poke|p1|Charizard, F","|poke|p1|Ninetales, F","|poke|p1|Chandelure, F","|poke|p1|Darmanitan, M","|poke|p1|Heatran, F","|poke|p1|Victini","|poke|p2|Tyranitar, M","|poke|p2|Aggron, F","|poke|p2|Terrakion","|poke|p2|Aerodactyl, M","|poke|p2|Cradily, F","|poke|p2|Omastar, M","|rule|Sleep Clause Mod: Limit one foe put to sleep","|rule|Species Clause: Limit one of each Pokémon","|rule|OHKO Clause: OHKO moves are banned","|rule|Moody Clause: Moody is banned","|rule|Evasion Moves Clause: Evasion moves are banned","|rule|Endless Battle Clause: Forcing endless battles is banned","|rule|HP Percentage Mod: HP is shown in percentages","|teampreview","|","|start","|switch|p1a: Charizard|Charizard, F|298/298","|switch|p2a: Tyranitar|Tyranitar, M|404/404","|-weather|Sandstorm","|turn|1","|","|detailschange|p1a: Charizard|Charizard-Mega-X, F","|-mega|p1a: Charizard|Charizard|Charizardite X","|move|p1a: Charizard|Belly Drum|p1a: Charizard","|-damage|p1a: Charizard|149/298","|-setboost|p1a: Charizard|atk|6|[from] move: Belly Drum","|move|p2a: Tyranitar|Stone Edge|p1a: Charizard","|-supereffective|p1a: Charizard","|-damage|p1a: Charizard|0 fnt","|faint|p1a: Charizard","|","|-weather|Sandstorm|[upkeep]","|","|switch|p1a: Ninetales|Ninetales, F|329/329","|-weather|SunnyDay","|turn|2","|","|move|p1a: Ninetales|Will-O-Wisp|p2a: Tyranitar|[miss]","|-miss|p1a: Ninetales|p2a: Tyranitar","|move|p2a: Tyranitar|Stone Edge|p1a: Ninetales","|-supereffective|p1a: Ninetales","|-damage|p1a: Ninetales|81/329","|","|-weather|SunnyDay|[upkeep]","|turn|3","|","|switch|p2a: Cradily|Cradily, F|376/376","|move|p1a: Ninetales|Will-O-Wisp|p2a: Cradily","|-status|p2a: Cradily|brn","|","|-weather|SunnyDay|[upkeep]","|-damage|p2a: Cradily|329/376 brn|[from] brn","|turn|4","|","|move|p1a: Ninetales|Fire Blast|p2a: Cradily","|-damage|p2a: Cradily|220/376 brn","|move|p2a: Cradily|Giga Drain|p1a: Ninetales","|-resisted|p1a: Ninetales","|-damage|p1a: Ninetales|49/329","|-heal|p2a: Cradily|236/376 brn|[from] drain|[of] p1a: Ninetales","|","|-weather|SunnyDay|[upkeep]","|-heal|p2a: Cradily|259/376 brn|[from] item: Leftovers","|-damage|p2a: Cradily|212/376 brn|[from] brn","|turn|5","|","|switch|p1a: Chandelure|Chandelure, F|261/261","|move|p2a: Cradily|Hidden Power|p1a: Chandelure","|-resisted|p1a: Chandelure","|-damage|p1a: Chandelure|227/261","|","|-weather|SunnyDay|[upkeep]","|-heal|p2a: Cradily|235/376 brn|[from] item: Leftovers","|-damage|p2a: Cradily|188/376 brn|[from] brn","|turn|6","|","|move|p1a: Chandelure|Trick|p2a: Cradily","|-activate|p1a: Chandelure|move: Trick|[of] p2a: Cradily","|-item|p2a: Cradily|Choice Scarf|[from] move: Trick","|-item|p1a: Chandelure|Leftovers|[from] move: Trick","|move|p2a: Cradily|Giga Drain|p1a: Chandelure","|-resisted|p1a: Chandelure","|-damage|p1a: Chandelure|183/261","|-heal|p2a: Cradily|210/376 brn|[from] drain|[of] p1a: Chandelure","|","|-weather|SunnyDay|[upkeep]","|-heal|p1a: Chandelure|199/261|[from] item: Leftovers","|-damage|p2a: Cradily|163/376 brn|[from] brn","|turn|7","|","|move|p1a: Chandelure|Fire Blast|p2a: Cradily|[miss]","|-miss|p1a: Chandelure|p2a: Cradily","|move|p2a: Cradily|Giga Drain|p1a: Chandelure","|-resisted|p1a: Chandelure","|-damage|p1a: Chandelure|160/261","|-heal|p2a: Cradily|183/376 brn|[from] drain|[of] p1a: Chandelure","|","|-weather|SunnyDay|[upkeep]","|-heal|p1a: Chandelure|176/261|[from] item: Leftovers","|-damage|p2a: Cradily|136/376 brn|[from] brn","|turn|8","|","|move|p1a: Chandelure|Fire Blast|p2a: Cradily|[miss]","|-miss|p1a: Chandelure|p2a: Cradily","|move|p2a: Cradily|Giga Drain|p1a: Chandelure","|-resisted|p1a: Chandelure","|-damage|p1a: Chandelure|132/261","|-heal|p2a: Cradily|158/376 brn|[from] drain|[of] p1a: Chandelure","|","|-weather|SunnyDay|[upkeep]","|-heal|p1a: Chandelure|148/261|[from] item: Leftovers","|-damage|p2a: Cradily|111/376 brn|[from] brn","|turn|9","|","|move|p1a: Chandelure|Fire Blast|p2a: Cradily|[miss]","|-miss|p1a: Chandelure|p2a: Cradily","|move|p2a: Cradily|Giga Drain|p1a: Chandelure","|-resisted|p1a: Chandelure","|-damage|p1a: Chandelure|106/261","|-heal|p2a: Cradily|132/376 brn|[from] drain|[of] p1a: Chandelure","|","|-weather|none","|-heal|p1a: Chandelure|122/261|[from] item: Leftovers","|-damage|p2a: Cradily|85/376 brn|[from] brn","|turn|10","|","|move|p1a: Chandelure|Shadow Ball|p2a: Cradily","|-damage|p2a: Cradily|0 fnt","|faint|p2a: Cradily","|","|-heal|p1a: Chandelure|138/261|[from] item: Leftovers","|","|switch|p2a: Tyranitar|Tyranitar, M|404/404","|-weather|Sandstorm","|turn|11","|","|move|p1a: Chandelure|Energy Ball|p2a: Tyranitar","|-crit|p2a: Tyranitar","|-supereffective|p2a: Tyranitar","|-damage|p2a: Tyranitar|254/404","|move|p2a: Tyranitar|Pursuit|p1a: Chandelure","|-supereffective|p1a: Chandelure","|-damage|p1a: Chandelure|24/261","|","|-weather|Sandstorm|[upkeep]","|-damage|p1a: Chandelure|8/261|[from] sandstorm","|-heal|p1a: Chandelure|24/261|[from] item: Leftovers","|turn|12","|","|move|p1a: Chandelure|Fire Blast|p2a: Tyranitar","|-resisted|p2a: Tyranitar","|-damage|p2a: Tyranitar|208/404","|move|p2a: Tyranitar|Pursuit|p1a: Chandelure","|-supereffective|p1a: Chandelure","|-damage|p1a: Chandelure|0 fnt","|faint|p1a: Chandelure","|","|-weather|Sandstorm|[upkeep]","|","|switch|p1a: Victini|Victini|341/341","|turn|13","|","|move|p1a: Victini|U-turn|p2a: Tyranitar","|-supereffective|p2a: Tyranitar","|-damage|p2a: Tyranitar|78/404","|","|switch|p1a: Heatran|Heatran, F|385/385","|move|p2a: Tyranitar|Stone Edge|p1a: Heatran","|-damage|p1a: Heatran|247/385","|","|-weather|Sandstorm|[upkeep]","|-heal|p1a: Heatran|271/385|[from] item: Leftovers","|turn|14","|","|move|p1a: Heatran|Lava Plume|p2a: Tyranitar","|-resisted|p2a: Tyranitar","|-damage|p2a: Tyranitar|55/404","|move|p2a: Tyranitar|Stone Edge|p1a: Heatran","|-crit|p1a: Heatran","|-damage|p1a: Heatran|79/385","|","|-weather|Sandstorm|[upkeep]","|-heal|p1a: Heatran|103/385|[from] item: Leftovers","|turn|15","|","|switch|p2a: Aerodactyl|Aerodactyl, M|301/301","|move|p1a: Heatran|Lava Plume|p2a: Aerodactyl","|-resisted|p2a: Aerodactyl","|-damage|p2a: Aerodactyl|249/301","|","|-weather|none","|-heal|p1a: Heatran|127/385|[from] item: Leftovers","|turn|16","|","|move|p2a: Aerodactyl|Earthquake|p1a: Heatran","|-supereffective|p1a: Heatran","|-damage|p1a: Heatran|0 fnt","|faint|p1a: Heatran","|","|","|switch|p1a: Darmanitan|Darmanitan, M|351/351","|turn|17","|","|move|p1a: Darmanitan|Rock Slide|p2a: Aerodactyl","|-supereffective|p2a: Aerodactyl","|-damage|p2a: Aerodactyl|0 fnt","|faint|p2a: Aerodactyl","|","|","|switch|p2a: Aggron|Aggron, F|344/344","|turn|18","|","|switch|p1a: Victini|Victini|341/341","|detailschange|p2a: Aggron|Aggron-Mega, F","|-mega|p2a: Aggron|Aggron|Aggronite","|move|p2a: Aggron|Thunder Wave|p1a: Victini","|-status|p1a: Victini|par","|","|turn|19","|","|move|p2a: Aggron|Earthquake|p1a: Victini","|-supereffective|p1a: Victini","|-damage|p1a: Victini|117/341 par","|move|p1a: Victini|V-create|p2a: Aggron","|-supereffective|p2a: Aggron","|-damage|p2a: Aggron|187/344","|-unboost|p1a: Victini|spe|1","|-unboost|p1a: Victini|def|1","|-unboost|p1a: Victini|spd|1","|","|turn|20","|","|move|p2a: Aggron|Earthquake|p1a: Victini","|-supereffective|p1a: Victini","|-damage|p1a: Victini|0 fnt","|faint|p1a: Victini","|","|","|switch|p1a: Ninetales|Ninetales, F|49/329","|-weather|SunnyDay","|turn|21","|","|switch|p2a: Tyranitar|Tyranitar, M|55/404","|-weather|Sandstorm","|move|p1a: Ninetales|Fire Blast|p2a: Tyranitar","|-resisted|p2a: Tyranitar","|-damage|p2a: Tyranitar|32/404","|","|-weather|Sandstorm|[upkeep]","|-damage|p1a: Ninetales|29/329|[from] sandstorm","|turn|22","|","|move|p2a: Tyranitar|Pursuit|p1a: Ninetales|[from]Pursuit","|-damage|p1a: Ninetales|0 fnt","|faint|p1a: Ninetales","|","|-weather|Sandstorm|[upkeep]","|","|switch|p1a: Darmanitan|Darmanitan, M|351/351","|turn|23","|","|move|p1a: Darmanitan|U-turn|p2a: Tyranitar","|-supereffective|p2a: Tyranitar","|-damage|p2a: Tyranitar|0 fnt","|faint|p2a: Tyranitar","|","|-weather|Sandstorm|[upkeep]","|-damage|p1a: Darmanitan|330/351|[from] sandstorm","|","|switch|p2a: Aggron|Aggron-Mega, F|187/344","|turn|24","|","|move|p1a: Darmanitan|U-turn|p2a: Aggron","|-resisted|p2a: Aggron","|-damage|p2a: Aggron|170/344","|move|p2a: Aggron|Earthquake|p1a: Darmanitan","|-supereffective|p1a: Darmanitan","|-damage|p1a: Darmanitan|8/351","|","|-weather|Sandstorm|[upkeep]","|-damage|p1a: Darmanitan|0 fnt|[from] sandstorm","|faint|p1a: Darmanitan","|","|win|jackker"],"p1rating":{"entryid":"7350749","serverid":"eos","formatid":"monotype","userid":"researcherkingdra","username":"Researcher✦Kingdra","w":"3","l":3,"t":"0","gxe":48.5,"r":"1500","rd":"130","sigma":"0","rptime":"1438506000","rpr":1487.8806593236,"rprd":98.807122758782,"rpsigma":"0","acre":1084.2093269052,"lacre":1084.2093269052,"oldacre":"1095.1049287091"},"p2rating":{"entryid":"6396823","serverid":"eos","formatid":"monotype","userid":"jackker","username":"jackker","w":16,"l":"3","t":"0","gxe":75.1,"r":"1700.4079518006","rd":"81.79619524931","sigma":"0","rptime":"1438506000","rpr":1713.1699799378,"rprd":79.519582555451,"rpsigma":"0","acre":1319.4254896479,"lacre":1319.4254896479,"oldacre":"1310.445254868"},"endType":"normal"}