{"seed":[13657,6274,26146,10167],"turns":14,"p1":"WitchOfCaldia","p2":"Sovereign♕Cactus","p1team":[{"name":"Froslass","species":"Froslass","item":"focussash","ability":"Cursed Body","moves":["icepunch","shadowball","destinybond","icebeam"],"nature":"Timid","evs":{"hp":0,"atk":0,"def":4,"spa":252,"spd":0,"spe":252},"ivs":{"hp":31,"atk":31,"def":31,"spa":31,"spd":31,"spe":31}},{"name":"Weavile","species":"Weavile","item":"lifeorb","ability":"Pressure","moves":["blizzard","knockoff","nightslash","shadowball"],"nature":"Jolly","evs":{"hp":0,"atk":252,"def":0,"spa":0,"spd":4,"spe":252},"ivs":{"hp":31,"atk":31,"def":31,"spa":31,"spd":31,"spe":31}},{"name":"Lapras","species":"Lapras","item":"assaultvest","ability":"Water Absorb","moves":["hydropump","freezedry","thunderbolt","iceshard"],"nature":"Mild","evs":{"hp":248,"atk":8,"def":0,"spa":252,"spd":0,"spe":0},"gender":"F","shiny":true,"ivs":{"hp":31,"atk":31,"def":31,"spa":31,"spd":31,"spe":31}},{"name":"Cloyster","species":"Cloyster","item":"focussash","ability":"Skill Link","moves":["shellsmash","iciclespear","rockblast","razorshell"],"nature":"Adamant","evs":{"hp":0,"atk":252,"def":0,"spa":0,"spd":4,"spe":252},"ivs":{"hp":31,"atk":31,"def":31,"spa":31,"spd":31,"spe":31}},{"name":"Abomasnow","species":"Abomasnow","item":"abomasite","ability":"Soundproof","moves":["blizzard","woodhammer","iceshard","earthquake"],"nature":"Mild","evs":{"hp":8,"atk":68,"def":0,"spa":252,"spd":0,"spe":180},"ivs":{"hp":31,"atk":31,"def":31,"spa":31,"spd":31,"spe":31}},{"name":"Mamoswine","species":"Mamoswine","item":"lifeorb","ability":"Thick Fat","moves":["iceshard","earthquake","iciclecrash","freezedry"],"nature":"Naive","evs":{"hp":0,"atk":244,"def":0,"spa":12,"spd":0,"spe":252},"ivs":{"hp":31,"atk":31,"def":31,"spa":31,"spd":31,"spe":31}}],"p2team":[{"name":"My Little Ponyta","species":"keldeo","item":"leftovers","ability":"Justified","moves":["calmmind","secretsword","scald","substitute"],"nature":"Timid","evs":{"hp":0,"atk":0,"def":0,"spa":252,"spd":4,"spe":252},"ivs":{"hp":31,"atk":31,"def":31,"spa":31,"spd":31,"spe":31}},{"name":"StarOnStarAction","species":"starmie","item":"lifeorb","ability":"Natural Cure","moves":["hydropump","rapidspin","psychic","recover"],"nature":"Timid","evs":{"hp":0,"atk":0,"def":0,"spa":252,"spd":4,"spe":252},"shiny":true,"ivs":{"hp":31,"atk":31,"def":31,"spa":31,"spd":31,"spe":31}},{"name":"Mr.WasheeWashee","species":"rotomwash","item":"choicescarf","ability":"Levitate","moves":["voltswitch","willowisp","hydropump","trick"],"nature":"Timid","evs":{"hp":0,"atk":0,"def":0,"spa":252,"spd":4,"spe":252},"ivs":{"hp":31,"atk":31,"def":31,"spa":31,"spd":31,"spe":31}},{"name":"Pink Lover","species":"swampert","item":"leftovers","ability":"Torrent","moves":["earthquake","icepunch","scald","stealthrock"],"nature":"Relaxed","evs":{"hp":252,"atk":4,"def":252,"spa":0,"spd":0,"spe":0},"gender":"M","shiny":true,"ivs":{"hp":31,"atk":31,"def":31,"spa":31,"spd":31,"spe":31}},{"name":"Mulan","species":"gyarados","item":"gyaradosite","ability":"Intimidate","moves":["dragondance","crunch","earthquake","waterfall"],"nature":"Jolly","evs":{"hp":88,"atk":252,"def":0,"spa":0,"spd":0,"spe":168},"gender":"M","shiny":true,"ivs":{"hp":31,"atk":31,"def":31,"spa":31,"spd":31,"spe":31}},{"name":"Butters","species":"azumarill","item":"choiceband","ability":"Huge Power","moves":["playrough","waterfall","knockoff","aquajet"],"nature":"Adamant","evs":{"hp":92,"atk":252,"def":0,"spa":0,"spd":0,"spe":164},"shiny":true,"ivs":{"hp":31,"atk":31,"def":31,"spa":31,"spd":31,"spe":31}}],"log":["|player|p1|WitchOfCaldia|289","|player|p2|Sovereign♕Cactus|251","|gametype|singles","|gen|6","|tier|Monotype","|rated","|rule|Baton Pass Clause: Limit one Baton Passer, can't pass Spe and other stats simultaneously","|rule|Swagger Clause: Swagger is banned","|rule|Same Type Clause: Pokémon in a team must share a type","|clearpoke","|poke|p1|Froslass, F","|poke|p1|Weavile, F","|poke|p1|Lapras, F, shiny","|poke|p1|Cloyster, F","|poke|p1|Abomasnow, M","|poke|p1|Mamoswine, M","|poke|p2|Keldeo","|poke|p2|Starmie, shiny","|poke|p2|Rotom-Wash","|poke|p2|Swampert, M, shiny","|poke|p2|Gyarados, M, shiny","|poke|p2|Azumarill, F, shiny","|rule|Sleep Clause Mod: Limit one foe put to sleep","|rule|Species Clause: Limit one of each Pokémon","|rule|OHKO Clause: OHKO moves are banned","|rule|Moody Clause: Moody is banned","|rule|Evasion Moves Clause: Evasion moves are banned","|rule|Endless Battle Clause: Forcing endless battles is banned","|rule|HP Percentage Mod: HP is shown in percentages","|teampreview","|","|start","|switch|p1a: Cloyster|Cloyster, F|241/241","|switch|p2a: Pink Lover|Swampert, M, shiny|404/404","|turn|1","|","|move|p1a: Cloyster|Shell Smash|p1a: Cloyster","|-unboost|p1a: Cloyster|def|1","|-unboost|p1a: Cloyster|spd|1","|-boost|p1a: Cloyster|atk|2","|-boost|p1a: Cloyster|spa|2","|-boost|p1a: Cloyster|spe|2","|move|p2a: Pink Lover|Earthquake|p1a: Cloyster","|-damage|p1a: Cloyster|117/241","|","|turn|2","|","|move|p1a: Cloyster|Icicle Spear|p2a: Pink Lover","|-damage|p2a: Pink Lover|346/404","|-damage|p2a: Pink Lover|288/404","|-damage|p2a: Pink Lover|225/404","|-damage|p2a: Pink Lover|165/404","|-damage|p2a: Pink Lover|108/404","|-hitcount|p2a: Pink Lover|5","|move|p2a: Pink Lover|Earthquake|p1a: Cloyster","|-damage|p1a: Cloyster|2/241","|","|-heal|p2a: Pink Lover|133/404|[from] item: Leftovers","|turn|3","|","|move|p1a: Cloyster|Icicle Spear|p2a: Pink Lover","|-damage|p2a: Pink Lover|75/404","|-damage|p2a: Pink Lover|15/404","|-damage|p2a: Pink Lover|0 fnt","|-hitcount|p2a: Pink Lover|3","|faint|p2a: Pink Lover","|","|","|switch|p2a: Mr.WasheeWashee|Rotom-Wash|241/241","|turn|4","|","|move|p1a: Cloyster|Rock Blast|p2a: Mr.WasheeWashee","|-damage|p2a: Mr.WasheeWashee|189/241","|-damage|p2a: Mr.WasheeWashee|137/241","|-damage|p2a: Mr.WasheeWashee|86/241","|-damage|p2a: Mr.WasheeWashee|39/241","|-damage|p2a: Mr.WasheeWashee|0 fnt","|-hitcount|p2a: Mr.WasheeWashee|5","|faint|p2a: Mr.WasheeWashee","|","|","|switch|p2a: Mulan|Gyarados, M, shiny|353/353","|-ability|p2a: Mulan|Intimidate","|-unboost|p1a: Cloyster|atk|1","|turn|5","|","|detailschange|p2a: Mulan|Gyarados-Mega, M, shiny","|-mega|p2a: Mulan|Gyarados|Gyaradosite","|-ability|p2a: Mulan|Mold Breaker","|move|p1a: Cloyster|Icicle Spear|p2a: Mulan","|-resisted|p2a: Mulan","|-damage|p2a: Mulan|324/353","|-resisted|p2a: Mulan","|-damage|p2a: Mulan|296/353","|-resisted|p2a: Mulan","|-damage|p2a: Mulan|269/353","|-resisted|p2a: Mulan","|-damage|p2a: Mulan|241/353","|-resisted|p2a: Mulan","|-damage|p2a: Mulan|215/353","|-hitcount|p2a: Mulan|5","|move|p2a: Mulan|Crunch|p1a: Cloyster","|-damage|p1a: Cloyster|0 fnt","|faint|p1a: Cloyster","|","|","|switch|p1a: Weavile|Weavile, F|281/281","|-ability|p1a: Weavile|Pressure","|turn|6","|","|move|p1a: Weavile|Knock Off|p2a: Mulan","|-resisted|p2a: Mulan","|-damage|p2a: Mulan|149/353","|-damage|p1a: Weavile|253/281|[from] item: Life Orb","|move|p2a: Mulan|Waterfall|p1a: Weavile","|-damage|p1a: Weavile|21/281","|","|turn|7","|","|move|p1a: Weavile|Blizzard|p2a: Mulan","|-resisted|p2a: Mulan","|-damage|p2a: Mulan|119/353","|-damage|p1a: Weavile|0 fnt|[from] item: Life Orb","|faint|p1a: Weavile","|move|p2a: Mulan|Waterfall|p1: Weavile|[notarget]","|-notarget","|","|","|switch|p1a: Lapras|Lapras, F, shiny|463/463","|turn|8","|","|move|p2a: Mulan|Crunch|p1a: Lapras","|-damage|p1a: Lapras|262/463","|move|p1a: Lapras|Thunderbolt|p2a: Mulan","|-crit|p2a: Mulan","|-supereffective|p2a: Mulan","|-damage|p2a: Mulan|0 fnt","|faint|p2a: Mulan","|","|","|switch|p2a: My Little Ponyta|Keldeo|323/323","|turn|9","|","|move|p2a: My Little Ponyta|Secret Sword|p1a: Lapras","|-supereffective|p1a: Lapras","|-damage|p1a: Lapras|0 fnt","|faint|p1a: Lapras","|","|","|switch|p1a: Froslass|Froslass, F|281/281","|turn|10","|","|move|p1a: Froslass|Ice Beam|p2a: My Little Ponyta","|-resisted|p2a: My Little Ponyta","|-damage|p2a: My Little Ponyta|259/323","|move|p2a: My Little Ponyta|Scald|p1a: Froslass","|-damage|p1a: Froslass|77/281","|-status|p1a: Froslass|brn","|","|-heal|p2a: My Little Ponyta|279/323|[from] item: Leftovers","|-damage|p1a: Froslass|42/281 brn|[from] brn","|turn|11","|","|move|p1a: Froslass|Ice Beam|p2a: My Little Ponyta","|-resisted|p2a: My Little Ponyta","|-damage|p2a: My Little Ponyta|218/323","|move|p2a: My Little Ponyta|Calm Mind|p2a: My Little Ponyta","|-boost|p2a: My Little Ponyta|spa|1","|-boost|p2a: My Little Ponyta|spd|1","|","|-heal|p2a: My Little Ponyta|238/323|[from] item: Leftovers","|-damage|p1a: Froslass|7/281 brn|[from] brn","|turn|12","|","|move|p1a: Froslass|Ice Beam|p2a: My Little Ponyta","|-resisted|p2a: My Little Ponyta","|-damage|p2a: My Little Ponyta|192/323","|move|p2a: My Little Ponyta|Calm Mind|p2a: My Little Ponyta","|-boost|p2a: My Little Ponyta|spa|1","|-boost|p2a: My Little Ponyta|spd|1","|","|-heal|p2a: My Little Ponyta|212/323|[from] item: Leftovers","|-damage|p1a: Froslass|0 fnt|[from] brn","|faint|p1a: Froslass","|","|switch|p1a: Abomasnow|Abomasnow, M|323/323","|turn|13","|","|detailschange|p1a: Abomasnow|Abomasnow-Mega, M","|-mega|p1a: Abomasnow|Abomasnow|Abomasite","|-weather|Hail","|move|p2a: My Little Ponyta|Secret Sword|p1a: Abomasnow","|-supereffective|p1a: Abomasnow","|-damage|p1a: Abomasnow|0 fnt","|faint|p1a: Abomasnow","|","|-weather|Hail|[upkeep]","|-damage|p2a: My Little Ponyta|192/323|[from] hail","|-heal|p2a: My Little Ponyta|212/323|[from] item: Leftovers","|","|switch|p1a: Mamoswine|Mamoswine, M|361/361","|turn|14","|","|move|p2a: My Little Ponyta|Secret Sword|p1a: Mamoswine","|-supereffective|p1a: Mamoswine","|-damage|p1a: Mamoswine|0 fnt","|faint|p1a: Mamoswine","|","|win|Sovereign♕Cactus"],"endType":"normal","ladderError":true}