{"seed":[23578,22935,60645,24255],"turns":26,"p1":"Wrath Rex","p2":"Messing Saurus","p1team":[{"name":"Erza","species":"gardevoir","item":"choicescarf","ability":"Trace","moves":["moonblast","psyshock","shadowball","focusblast"],"nature":"Timid","evs":{"hp":0,"atk":0,"def":0,"spa":252,"spd":4,"spe":252},"gender":"F","shiny":true,"ivs":{"hp":31,"atk":31,"def":31,"spa":31,"spd":31,"spe":31}},{"name":"Mogamett","species":"alakazam","item":"alakazite","ability":"Magic Guard","moves":["psychic","focusblast","shadowball","encore"],"nature":"Timid","evs":{"hp":0,"atk":0,"def":4,"spa":252,"spd":0,"spe":252},"gender":"M","ivs":{"hp":31,"atk":31,"def":31,"spa":31,"spd":31,"spe":31}},{"name":"GuanyinBodhisattva","species":"hoopaunbound","item":"lifeorb","ability":"Magician","moves":["hyperspacefury","grassknot","drainpunch","gunkshot"],"nature":"Jolly","evs":{"hp":4,"atk":252,"def":0,"spa":0,"spd":0,"spe":252},"ivs":{"hp":31,"atk":31,"def":31,"spa":31,"spd":31,"spe":31}},{"name":"Aladdin","species":"azelf","item":"focussash","ability":"Levitate","moves":["stealthrock","explosion","taunt","knockoff"],"nature":"Jolly","evs":{"hp":0,"atk":252,"def":0,"spa":0,"spd":4,"spe":252},"ivs":{"hp":31,"atk":31,"def":31,"spa":31,"spd":31,"spe":31}},{"name":"Panzer","species":"metagross","item":"assaultvest","ability":"Clear Body","moves":["bulletpunch","meteormash","earthquake","hammerarm"],"nature":"Adamant","evs":{"hp":248,"atk":252,"def":0,"spa":0,"spd":8,"spe":0},"shiny":true,"ivs":{"hp":31,"atk":31,"def":31,"spa":31,"spd":31,"spe":31}},{"name":"Gothitelle","species":"Gothitelle","item":"choicescarf","ability":"Shadow Tag","moves":["calmmind","trick","rest","psychic"],"nature":"Timid","evs":{"hp":80,"atk":0,"def":0,"spa":176,"spd":0,"spe":252},"gender":"F","ivs":{"hp":31,"atk":31,"def":31,"spa":31,"spd":31,"spe":31}}],"p2team":[{"name":"Latias","species":"Latias","item":"latiasite","ability":"Levitate","moves":["thunderwave","psyshock","recover","dragonpulse"],"nature":"Timid","evs":{"hp":248,"atk":0,"def":68,"spa":0,"spd":0,"spe":192},"ivs":{"hp":31,"atk":31,"def":31,"spa":31,"spd":31,"spe":31}},{"name":"Shelgon","species":"Shelgon","item":"eviolite","ability":"Rock Head","moves":["toxic","wish","protect","dragonclaw"],"nature":"Impish","evs":{"hp":248,"atk":8,"def":252,"spa":0,"spd":0,"spe":0},"gender":"M","ivs":{"hp":31,"atk":31,"def":31,"spa":31,"spd":31,"spe":31}},{"name":"Kyurem-Black","species":"Kyurem-Black","item":"choicescarf","ability":"Teravolt","moves":["fusionbolt","outrage","ironhead","earthpower"],"nature":"Naive","evs":{"hp":0,"atk":252,"def":0,"spa":4,"spd":0,"spe":252},"ivs":{"hp":31,"atk":31,"def":31,"spa":31,"spd":31,"spe":31}},{"name":"Dragonite","species":"Dragonite","item":"leftovers","ability":"Multiscale","moves":["roost","dragonclaw","extremespeed","dragondance"],"nature":"Adamant","evs":{"hp":216,"atk":64,"def":0,"spa":0,"spd":228,"spe":0},"gender":"M","ivs":{"hp":31,"atk":31,"def":31,"spa":31,"spd":31,"spe":31}},{"name":"Dragalge","species":"Dragalge","item":"choicespecs","ability":"Adaptability","moves":["dracometeor","sludgewave","focusblast","dragonpulse"],"nature":"Modest","evs":{"hp":188,"atk":0,"def":0,"spa":252,"spd":0,"spe":68},"gender":"M","ivs":{"hp":31,"atk":31,"def":31,"spa":31,"spd":31,"spe":31}},{"name":"Zygarde","species":"Zygarde","item":"leftovers","ability":"Aura Break","moves":["glare","earthquake","dragontail","substitute"],"nature":"Impish","evs":{"hp":200,"atk":0,"def":252,"spa":0,"spd":0,"spe":56},"ivs":{"hp":31,"atk":31,"def":31,"spa":31,"spd":31,"spe":31}}],"log":["|player|p1|Wrath Rex|165","|player|p2|Messing Saurus|258","|gametype|singles","|gen|6","|tier|Monotype","|rated","|rule|Baton Pass Clause: Limit one Baton Passer, can't pass Spe and other stats simultaneously","|rule|Swagger Clause: Swagger is banned","|rule|Same Type Clause: Pokémon in a team must share a type","|clearpoke","|poke|p1|Gardevoir, F, shiny","|poke|p1|Alakazam, M","|poke|p1|Hoopa-Unbound","|poke|p1|Azelf","|poke|p1|Metagross, shiny","|poke|p1|Gothitelle, F","|poke|p2|Latias, F","|poke|p2|Shelgon, M","|poke|p2|Kyurem-Black","|poke|p2|Dragonite, M","|poke|p2|Dragalge, M","|poke|p2|Zygarde","|rule|Sleep Clause Mod: Limit one foe put to sleep","|rule|Species Clause: Limit one of each Pokémon","|rule|OHKO Clause: OHKO moves are banned","|rule|Moody Clause: Moody is banned","|rule|Evasion Moves Clause: Evasion moves are banned","|rule|Endless Battle Clause: Forcing endless battles is banned","|rule|HP Percentage Mod: HP is shown in percentages","|teampreview","|","|start","|switch|p1a: Aladdin|Azelf|291/291","|switch|p2a: Zygarde|Zygarde|407/407","|-ability|p2a: Zygarde|Aura Break","|turn|1","|","|move|p1a: Aladdin|Taunt|p2a: Zygarde","|-start|p2a: Zygarde|move: Taunt","|cant|p2a: Zygarde|move: Taunt|Substitute","|","|turn|2","|","|move|p1a: Aladdin|Stealth Rock|p2a: Zygarde","|-sidestart|p2: Messing Saurus|move: Stealth Rock","|move|p2a: Zygarde|Dragon Tail|p1a: Aladdin","|-damage|p1a: Aladdin|203/291","|drag|p1a: GuanyinBodhisattva|Hoopa-Unbound|302/302","|","|turn|3","|","|switch|p2a: Shelgon|Shelgon, M|333/333","|-damage|p2a: Shelgon|292/333|[from] Stealth Rock","|move|p1a: GuanyinBodhisattva|Hyperspace Fury|p2a: Shelgon","|-damage|p2a: Shelgon|156/333","|-unboost|p1a: GuanyinBodhisattva|def|1","|-damage|p1a: GuanyinBodhisattva|272/302|[from] item: Life Orb","|","|turn|4","|","|switch|p1a: Aladdin|Azelf|203/291","|move|p2a: Shelgon|Wish|p2a: Shelgon","|","|turn|5","|","|move|p2a: Shelgon|Protect|p2a: Shelgon","|-singleturn|p2a: Shelgon|Protect","|move|p1a: Aladdin|Knock Off|p2a: Shelgon","|-activate|p2a: Shelgon|Protect","|","|-heal|p2a: Shelgon|322/333|[from] move: Wish|[wisher] Shelgon","|turn|6","|","|switch|p2a: Dragonite|Dragonite, M|377/377","|-damage|p2a: Dragonite|283/377|[from] Stealth Rock","|move|p1a: Aladdin|Knock Off|p2a: Dragonite","|-damage|p2a: Dragonite|162/377","|-enditem|p2a: Dragonite|Leftovers|[from] move: Knock Off|[of] p1a: Aladdin","|","|turn|7","|","|switch|p1a: Panzer|Metagross, shiny|363/363","|move|p2a: Dragonite|Roost|p2a: Dragonite","|-heal|p2a: Dragonite|351/377","|","|turn|8","|","|switch|p2a: Zygarde|Zygarde|407/407","|-damage|p2a: Zygarde|382/407|[from] Stealth Rock","|-ability|p2a: Zygarde|Aura Break","|move|p1a: Panzer|Meteor Mash|p2a: Zygarde","|-damage|p2a: Zygarde|270/407","|-boost|p1a: Panzer|atk|1","|","|-heal|p2a: Zygarde|295/407|[from] item: Leftovers","|turn|9","|","|move|p2a: Zygarde|Glare|p1a: Panzer","|-status|p1a: Panzer|par","|move|p1a: Panzer|Meteor Mash|p2a: Zygarde","|-damage|p2a: Zygarde|123/407","|","|-heal|p2a: Zygarde|148/407|[from] item: Leftovers","|turn|10","|","|move|p2a: Zygarde|Earthquake|p1a: Panzer","|-supereffective|p1a: Panzer","|-damage|p1a: Panzer|171/363 par","|move|p1a: Panzer|Meteor Mash|p2a: Zygarde","|-damage|p2a: Zygarde|0 fnt","|faint|p2a: Zygarde","|","|","|switch|p2a: Dragonite|Dragonite, M|351/377","|-damage|p2a: Dragonite|257/377|[from] Stealth Rock","|turn|11","|","|move|p1a: Panzer|Bullet Punch|p2a: Dragonite","|-damage|p2a: Dragonite|124/377","|move|p2a: Dragonite|Roost|p2a: Dragonite","|-heal|p2a: Dragonite|313/377","|","|turn|12","|","|move|p2a: Dragonite|Roost|p2a: Dragonite","|-heal|p2a: Dragonite|377/377","|move|p1a: Panzer|Meteor Mash|p2a: Dragonite","|-damage|p2a: Dragonite|245/377","|","|turn|13","|","|move|p2a: Dragonite|Roost|p2a: Dragonite","|-heal|p2a: Dragonite|377/377","|move|p1a: Panzer|Meteor Mash|p2a: Dragonite","|-damage|p2a: Dragonite|245/377","|","|turn|14","|","|move|p2a: Dragonite|Dragon Dance|p2a: Dragonite","|-boost|p2a: Dragonite|atk|1","|-boost|p2a: Dragonite|spe|1","|move|p1a: Panzer|Meteor Mash|p2a: Dragonite","|-damage|p2a: Dragonite|0 fnt","|faint|p2a: Dragonite","|","|","|switch|p2a: Dragalge|Dragalge, M|318/318","|-damage|p2a: Dragalge|279/318|[from] Stealth Rock","|turn|15","|","|cant|p1a: Panzer|par","|move|p2a: Dragalge|Focus Blast|p1a: Panzer","|-damage|p1a: Panzer|44/363 par","|","|turn|16","|","|switch|p2a: Shelgon|Shelgon, M|322/333","|-damage|p2a: Shelgon|281/333|[from] Stealth Rock","|move|p1a: Panzer|Bullet Punch|p2a: Shelgon","|-damage|p2a: Shelgon|221/333","|","|turn|17","|","|move|p2a: Shelgon|Wish|p2a: Shelgon","|move|p1a: Panzer|Meteor Mash|p2a: Shelgon","|-damage|p2a: Shelgon|80/333","|-boost|p1a: Panzer|atk|1","|","|turn|18","|","|move|p1a: Panzer|Bullet Punch|p2a: Shelgon","|-damage|p2a: Shelgon|5/333","|move|p2a: Shelgon|Dragon Claw|p1a: Panzer","|-resisted|p1a: Panzer","|-damage|p1a: Panzer|11/363 par","|","|-heal|p2a: Shelgon|171/333|[from] move: Wish|[wisher] Shelgon","|turn|19","|","|switch|p1a: Aladdin|Azelf|203/291","|move|p2a: Shelgon|Protect|p2a: Shelgon","|-fail|p2a: Shelgon","|","|turn|20","|","|move|p1a: Aladdin|Knock Off|p2a: Shelgon","|-damage|p2a: Shelgon|118/333","|-enditem|p2a: Shelgon|Eviolite|[from] move: Knock Off|[of] p1a: Aladdin","|move|p2a: Shelgon|Toxic|p1a: Aladdin","|-status|p1a: Aladdin|tox","|","|-damage|p1a: Aladdin|185/291 tox|[from] psn","|turn|21","|","|move|p1a: Aladdin|Taunt|p2a: Shelgon","|-start|p2a: Shelgon|move: Taunt","|cant|p2a: Shelgon|move: Taunt|Wish","|","|-damage|p1a: Aladdin|149/291 tox|[from] psn","|turn|22","|","|move|p1a: Aladdin|Explosion|p2a: Shelgon","|-damage|p2a: Shelgon|0 fnt","|faint|p1a: Aladdin","|faint|p2a: Shelgon","|","|","|switch|p2a: Kyurem-Black|Kyurem-Black|391/391","|switch|p1a: Panzer|Metagross, shiny|11/363 par","|-damage|p2a: Kyurem-Black|294/391|[from] Stealth Rock","|-ability|p2a: Kyurem-Black|Teravolt","|turn|23","|","|move|p1a: Panzer|Bullet Punch|p2a: Kyurem-Black","|-supereffective|p2a: Kyurem-Black","|-damage|p2a: Kyurem-Black|136/391","|move|p2a: Kyurem-Black|Iron Head|p1a: Panzer","|-resisted|p1a: Panzer","|-damage|p1a: Panzer|0 fnt","|faint|p1a: Panzer","|","|","|switch|p1a: GuanyinBodhisattva|Hoopa-Unbound|272/302","|turn|24","|","|move|p2a: Kyurem-Black|Iron Head|p1a: GuanyinBodhisattva","|-damage|p1a: GuanyinBodhisattva|87/302","|move|p1a: GuanyinBodhisattva|Drain Punch|p2a: Kyurem-Black","|-supereffective|p2a: Kyurem-Black","|-damage|p2a: Kyurem-Black|0 fnt","|-heal|p1a: GuanyinBodhisattva|155/302|[from] drain|[of] p2a: Kyurem-Black","|-damage|p1a: GuanyinBodhisattva|125/302|[from] item: Life Orb","|faint|p2a: Kyurem-Black","|","|","|switch|p2a: Latias|Latias, F|363/363","|-damage|p2a: Latias|318/363|[from] Stealth Rock","|turn|25","|","|detailschange|p2a: Latias|Latias-Mega, F","|-mega|p2a: Latias|Latias|Latiasite","|move|p2a: Latias|Dragon Pulse|p1a: GuanyinBodhisattva","|-damage|p1a: GuanyinBodhisattva|22/302","|move|p1a: GuanyinBodhisattva|Hyperspace Fury|p2a: Latias","|-supereffective|p2a: Latias","|-damage|p2a: Latias|0 fnt","|-unboost|p1a: GuanyinBodhisattva|def|1","|-damage|p1a: GuanyinBodhisattva|0 fnt|[from] item: Life Orb","|faint|p2a: Latias","|faint|p1a: GuanyinBodhisattva","|","|","|switch|p1a: Mogamett|Alakazam, M|251/251","|switch|p2a: Dragalge|Dragalge, M|279/318","|-damage|p2a: Dragalge|240/318|[from] Stealth Rock","|turn|26","|","|detailschange|p1a: Mogamett|Alakazam-Mega, M","|-mega|p1a: Mogamett|Alakazam|Alakazite","|-ability|p1a: Mogamett|Adaptability|[from] ability: Trace|[of] p2a: Dragalge","|move|p1a: Mogamett|Psychic|p2a: Dragalge","|-supereffective|p2a: Dragalge","|-damage|p2a: Dragalge|0 fnt","|faint|p2a: Dragalge","|","|win|Wrath Rex"],"p1rating":{"entryid":"7348331","serverid":"eos","formatid":"monotype","userid":"wrathrex","username":"Wrath Rex","w":3,"l":"1","t":"0","gxe":56.1,"r":"1500","rd":"130","sigma":"0","rptime":"1438506000","rpr":1548.273542106,"rprd":105.86836210782,"rpsigma":"0","acre":1095.965713165,"lacre":1095.965713165,"oldacre":"1063.1509547206"},"p2rating":{"entryid":"7319139","serverid":"eos","formatid":"monotype","userid":"messingsaurus","username":"Messing Saurus","w":"3","l":3,"t":"0","gxe":50.5,"r":"1456.1269543937","rd":"121.87183785752","sigma":"0","rptime":"1438506000","rpr":1503.6347977942,"rprd":99.234844716639,"rpsigma":"0","acre":1064.095858011,"lacre":1064.095858011,"oldacre":"1089.2330384008"},"endType":"normal"}