{"seed":[38157,18973,18828,50870],"turns":22,"p1":"Inferno Mamoswine","p2":"Silver-Quartz","p1team":[{"name":"Torkoal","species":"Torkoal","item":"leftovers","ability":"White Smoke","moves":["stealthrock","rapidspin","clearsmog","toxic"],"nature":"Bold","evs":{"hp":252,"atk":0,"def":252,"spa":4,"spd":0,"spe":0},"ivs":{"hp":31,"atk":31,"def":31,"spa":31,"spd":31,"spe":31}},{"name":"Rotom-Heat","species":"Rotom-Heat","item":"lightclay","ability":"Levitate","moves":["reflect","lightscreen","sunnyday","voltswitch"],"nature":"Calm","evs":{"hp":252,"atk":0,"def":4,"spa":0,"spd":252,"spe":0},"shiny":true,"ivs":{"hp":31,"atk":31,"def":31,"spa":31,"spd":31,"spe":31}},{"name":"Charizard","species":"Charizard","item":"charizarditex","ability":"Blaze","moves":["dragondance","dragonclaw","earthquake","flareblitz"],"nature":"Adamant","evs":{"hp":0,"atk":252,"def":0,"spa":0,"spd":4,"spe":252},"shiny":true,"ivs":{"hp":31,"atk":31,"def":31,"spa":31,"spd":31,"spe":31}},{"name":"Victini","species":"Victini","item":"choicescarf","ability":"Victory Star","moves":["vcreate","boltstrike","brickbreak","zenheadbutt"],"nature":"Jolly","evs":{"hp":0,"atk":252,"def":0,"spa":0,"spd":4,"spe":252},"ivs":{"hp":31,"atk":31,"def":31,"spa":31,"spd":31,"spe":31}},{"name":"Volcarona","species":"Volcarona","item":"focussash","ability":"Flame Body","moves":["quiverdance","gigadrain","bugbuzz","fierydance"],"nature":"Modest","evs":{"hp":0,"atk":0,"def":0,"spa":252,"spd":4,"spe":252},"shiny":true,"ivs":{"hp":31,"atk":31,"def":31,"spa":31,"spd":31,"spe":31}},{"name":"Pyroar","species":"Pyroar","item":"lifeorb","ability":"Moxie","moves":["darkpulse","fireblast","hypervoice","hiddenpowerice"],"nature":"Timid","evs":{"hp":0,"atk":0,"def":0,"spa":252,"spd":4,"spe":252},"ivs":{"hp":31,"atk":30,"def":30,"spa":31,"spd":31,"spe":31}}],"p2team":[{"name":"Gyarados","species":"Gyarados","item":"gyaradosite","ability":"Intimidate","moves":["dragondance","waterfall","earthquake","icefang"],"nature":"Adamant","evs":{"hp":0,"atk":252,"def":4,"spa":0,"spd":0,"spe":252},"shiny":true,"ivs":{"hp":31,"atk":31,"def":31,"spa":31,"spd":31,"spe":31}},{"name":"Landorus-Therian","species":"Landorus-Therian","item":"leftovers","ability":"Intimidate","moves":["earthquake","uturn","stoneedge","stealthrock"],"nature":"Impish","evs":{"hp":252,"atk":0,"def":240,"spa":0,"spd":8,"spe":8},"shiny":true,"ivs":{"hp":31,"atk":31,"def":31,"spa":31,"spd":31,"spe":31}},{"name":"Tornadus-Therian","species":"Tornadus-Therian","item":"assaultvest","ability":"Regenerator","moves":["hurricane","focusblast","knockoff","uturn"],"nature":"Timid","evs":{"hp":132,"atk":0,"def":0,"spa":160,"spd":0,"spe":216},"ivs":{"hp":31,"atk":31,"def":31,"spa":31,"spd":31,"spe":31}},{"name":"Skarmory","species":"Skarmory","item":"leftovers","ability":"Sturdy","moves":["ironhead","spikes","roost","whirlwind"],"nature":"Careful","evs":{"hp":248,"atk":0,"def":8,"spa":0,"spd":252,"spe":0},"shiny":true,"ivs":{"hp":31,"atk":31,"def":31,"spa":31,"spd":31,"spe":31}},{"name":"Thundurus","species":"Thundurus","item":"lifeorb","ability":"Prankster","moves":["nastyplot","thunderbolt","hiddenpowerice","thunderwave"],"nature":"Timid","evs":{"hp":0,"atk":0,"def":4,"spa":252,"spd":0,"spe":252},"ivs":{"hp":31,"atk":30,"def":30,"spa":31,"spd":31,"spe":31},"shiny":true},{"name":"Hawlucha","species":"Hawlucha","item":"sitrusberry","ability":"Unburden","moves":["substitute","swordsdance","highjumpkick","acrobatics"],"nature":"Jolly","evs":{"hp":12,"atk":252,"def":0,"spa":0,"spd":0,"spe":244},"shiny":true,"ivs":{"hp":31,"atk":31,"def":31,"spa":31,"spd":31,"spe":31}}],"log":["|player|p1|Inferno Mamoswine|266","|player|p2|Silver-Quartz|44","|gametype|singles","|gen|6","|tier|Monotype","|rated","|rule|Baton Pass Clause: Limit one Baton Passer, can't pass Spe and other stats simultaneously","|rule|Swagger Clause: Swagger is banned","|rule|Same Type Clause: Pokémon in a team must share a type","|clearpoke","|poke|p1|Torkoal, F","|poke|p1|Rotom-Heat, shiny","|poke|p1|Charizard, F, shiny","|poke|p1|Victini","|poke|p1|Volcarona, M, shiny","|poke|p1|Pyroar, F","|poke|p2|Gyarados, F, shiny","|poke|p2|Landorus-Therian, M, shiny","|poke|p2|Tornadus-Therian, M","|poke|p2|Skarmory, F, shiny","|poke|p2|Thundurus, M, shiny","|poke|p2|Hawlucha, M, shiny","|rule|Sleep Clause Mod: Limit one foe put to sleep","|rule|Species Clause: Limit one of each Pokémon","|rule|OHKO Clause: OHKO moves are banned","|rule|Moody Clause: Moody is banned","|rule|Evasion Moves Clause: Evasion moves are banned","|rule|Endless Battle Clause: Forcing endless battles is banned","|rule|HP Percentage Mod: HP is shown in percentages","|teampreview","|","|start","|switch|p1a: Rotom-Heat|Rotom-Heat, shiny|304/304","|switch|p2a: Landorus-Therian|Landorus-Therian, M, shiny|382/382","|-ability|p2a: Landorus-Therian|Intimidate","|-unboost|p1a: Rotom-Heat|atk|1","|turn|1","|","|move|p2a: Landorus-Therian|Stone Edge|p1a: Rotom-Heat","|-supereffective|p1a: Rotom-Heat","|-damage|p1a: Rotom-Heat|108/304","|move|p1a: Rotom-Heat|Reflect|p1a: Rotom-Heat","|-sidestart|p1: Inferno Mamoswine|Reflect","|","|turn|2","|","|switch|p1a: Torkoal|Torkoal, F|344/344","|move|p2a: Landorus-Therian|Stone Edge|p1a: Torkoal|[miss]","|-miss|p2a: Landorus-Therian|p1a: Torkoal","|","|turn|3","|","|move|p2a: Landorus-Therian|Earthquake|p1a: Torkoal","|-supereffective|p1a: Torkoal","|-damage|p1a: Torkoal|251/344","|move|p1a: Torkoal|Stealth Rock|p2a: Landorus-Therian","|-sidestart|p2: Silver-Quartz|move: Stealth Rock","|","|-heal|p1a: Torkoal|272/344|[from] item: Leftovers","|turn|4","|","|move|p2a: Landorus-Therian|Earthquake|p1a: Torkoal","|-supereffective|p1a: Torkoal","|-damage|p1a: Torkoal|179/344","|move|p1a: Torkoal|Toxic|p2a: Landorus-Therian","|-status|p2a: Landorus-Therian|tox","|","|-heal|p1a: Torkoal|200/344|[from] item: Leftovers","|-damage|p2a: Landorus-Therian|359/382 tox|[from] psn","|turn|5","|","|switch|p1a: Rotom-Heat|Rotom-Heat, shiny|108/304","|move|p2a: Landorus-Therian|Earthquake|p1a: Rotom-Heat","|-immune|p1a: Rotom-Heat|[msg]","|","|-heal|p2a: Landorus-Therian|382/382 tox|[from] item: Leftovers","|-damage|p2a: Landorus-Therian|336/382 tox|[from] psn","|turn|6","|","|switch|p1a: Pyroar|Pyroar, F|313/313","|move|p2a: Landorus-Therian|Earthquake|p1a: Pyroar","|-supereffective|p1a: Pyroar","|-damage|p1a: Pyroar|90/313","|","|-heal|p2a: Landorus-Therian|359/382 tox|[from] item: Leftovers","|-damage|p2a: Landorus-Therian|290/382 tox|[from] psn","|turn|7","|","|switch|p1a: Rotom-Heat|Rotom-Heat, shiny|108/304","|move|p2a: Landorus-Therian|Earthquake|p1a: Rotom-Heat","|-immune|p1a: Rotom-Heat|[msg]","|","|-heal|p2a: Landorus-Therian|313/382 tox|[from] item: Leftovers","|-damage|p2a: Landorus-Therian|221/382 tox|[from] psn","|turn|8","|","|move|p2a: Landorus-Therian|Stone Edge|p1a: Rotom-Heat","|-supereffective|p1a: Rotom-Heat","|-damage|p1a: Rotom-Heat|0 fnt","|faint|p1a: Rotom-Heat","|","|-heal|p2a: Landorus-Therian|244/382 tox|[from] item: Leftovers","|-damage|p2a: Landorus-Therian|129/382 tox|[from] psn","|-sideend|p1: Inferno Mamoswine|Reflect","|","|switch|p1a: Volcarona|Volcarona, M, shiny|311/311","|turn|9","|","|move|p1a: Volcarona|Quiver Dance|p1a: Volcarona","|-boost|p1a: Volcarona|spa|1","|-boost|p1a: Volcarona|spd|1","|-boost|p1a: Volcarona|spe|1","|move|p2a: Landorus-Therian|Stone Edge|p1a: Volcarona","|-supereffective|p1a: Volcarona","|-enditem|p1a: Volcarona|Focus Sash","|-damage|p1a: Volcarona|1/311","|","|-heal|p2a: Landorus-Therian|152/382 tox|[from] item: Leftovers","|-damage|p2a: Landorus-Therian|14/382 tox|[from] psn","|turn|10","|","|move|p1a: Volcarona|Fiery Dance|p2a: Landorus-Therian","|-damage|p2a: Landorus-Therian|0 fnt","|faint|p2a: Landorus-Therian","|","|","|switch|p2a: Tornadus-Therian|Tornadus-Therian, M|332/332","|-damage|p2a: Tornadus-Therian|249/332|[from] Stealth Rock","|turn|11","|","|move|p1a: Volcarona|Bug Buzz|p2a: Tornadus-Therian","|-resisted|p2a: Tornadus-Therian","|-damage|p2a: Tornadus-Therian|144/332","|move|p2a: Tornadus-Therian|Knock Off|p1a: Volcarona","|-damage|p1a: Volcarona|0 fnt","|-status|p2a: Tornadus-Therian|brn","|faint|p1a: Volcarona","|","|-damage|p2a: Tornadus-Therian|103/332 brn|[from] brn","|","|switch|p1a: Charizard|Charizard, F, shiny|297/297","|turn|12","|","|detailschange|p1a: Charizard|Charizard-Mega-X, F, shiny","|-mega|p1a: Charizard|Charizard|Charizardite X","|move|p2a: Tornadus-Therian|U-turn|p1a: Charizard","|-resisted|p1a: Charizard","|-damage|p1a: Charizard|285/297","|","|switch|p2a: Thundurus|Thundurus, M, shiny|299/299","|-damage|p2a: Thundurus|225/299|[from] Stealth Rock","|move|p1a: Charizard|Dragon Claw|p2a: Thundurus","|-damage|p2a: Thundurus|0 fnt","|faint|p2a: Thundurus","|","|","|switch|p2a: Gyarados|Gyarados, F, shiny|331/331","|-damage|p2a: Gyarados|249/331|[from] Stealth Rock","|-ability|p2a: Gyarados|Intimidate","|-unboost|p1a: Charizard|atk|1","|turn|13","|","|detailschange|p2a: Gyarados|Gyarados-Mega, F, shiny","|-mega|p2a: Gyarados|Gyarados|Gyaradosite","|-ability|p2a: Gyarados|Mold Breaker","|move|p1a: Charizard|Dragon Claw|p2a: Gyarados","|-damage|p2a: Gyarados|122/331","|move|p2a: Gyarados|Waterfall|p1a: Charizard","|-damage|p1a: Charizard|114/297","|","|turn|14","|","|move|p1a: Charizard|Dragon Claw|p2a: Gyarados","|-damage|p2a: Gyarados|5/331","|move|p2a: Gyarados|Waterfall|p1a: Charizard","|-damage|p1a: Charizard|0 fnt","|faint|p1a: Charizard","|","|","|switch|p1a: Pyroar|Pyroar, F|90/313","|turn|15","|","|move|p1a: Pyroar|Hidden Power|p2a: Gyarados","|-resisted|p2a: Gyarados","|-damage|p2a: Gyarados|0 fnt","|-damage|p1a: Pyroar|59/313|[from] item: Life Orb","|faint|p2a: Gyarados","|-boost|p1a: Pyroar|atk|1|[from] ability: Moxie","|","|","|switch|p2a: Tornadus-Therian|Tornadus-Therian, M|213/332 brn","|-damage|p2a: Tornadus-Therian|130/332 brn|[from] Stealth Rock","|turn|16","|","|move|p2a: Tornadus-Therian|Knock Off|p1a: Pyroar","|-damage|p1a: Pyroar|16/313","|-enditem|p1a: Pyroar|Life Orb|[from] move: Knock Off|[of] p2a: Tornadus-Therian","|move|p1a: Pyroar|Hidden Power|p2a: Tornadus-Therian","|-supereffective|p2a: Tornadus-Therian","|-damage|p2a: Tornadus-Therian|34/332 brn","|","|-damage|p2a: Tornadus-Therian|0 fnt|[from] brn","|faint|p2a: Tornadus-Therian","|","|switch|p2a: Skarmory|Skarmory, F, shiny|333/333","|-damage|p2a: Skarmory|292/333|[from] Stealth Rock","|turn|17","|","|move|p1a: Pyroar|Fire Blast|p2a: Skarmory","|-supereffective|p2a: Skarmory","|-damage|p2a: Skarmory|0 fnt","|faint|p2a: Skarmory","|-boost|p1a: Pyroar|atk|1|[from] ability: Moxie","|","|","|switch|p2a: Hawlucha|Hawlucha, M, shiny|300/300","|-damage|p2a: Hawlucha|263/300|[from] Stealth Rock","|turn|18","|","|move|p2a: Hawlucha|Substitute|p2a: Hawlucha","|-start|p2a: Hawlucha|Substitute","|-damage|p2a: Hawlucha|188/300","|move|p1a: Pyroar|Hidden Power|p2a: Hawlucha","|-supereffective|p2a: Hawlucha","|-end|p2a: Hawlucha|Substitute","|","|turn|19","|","|move|p2a: Hawlucha|Acrobatics|p1a: Pyroar","|-damage|p1a: Pyroar|0 fnt","|faint|p1a: Pyroar","|","|","|switch|p1a: Victini|Victini|341/341","|turn|20","|","|move|p1a: Victini|Bolt Strike|p2a: Hawlucha|[miss]","|-miss|p1a: Victini|p2a: Hawlucha","|move|p2a: Hawlucha|Substitute|p2a: Hawlucha","|-start|p2a: Hawlucha|Substitute","|-damage|p2a: Hawlucha|113/300","|-enditem|p2a: Hawlucha|Sitrus Berry|[eat]","|-heal|p2a: Hawlucha|188/300|[from] item: Sitrus Berry","|","|turn|21","|","|move|p2a: Hawlucha|Swords Dance|p2a: Hawlucha","|-boost|p2a: Hawlucha|atk|2","|move|p1a: Victini|Bolt Strike|p2a: Hawlucha","|-supereffective|p2a: Hawlucha","|-end|p2a: Hawlucha|Substitute","|","|turn|22","|","|move|p2a: Hawlucha|High Jump Kick|p1a: Victini","|-resisted|p1a: Victini","|-damage|p1a: Victini|170/341","|move|p1a: Victini|Bolt Strike|p2a: Hawlucha","|-supereffective|p2a: Hawlucha","|-damage|p2a: Hawlucha|0 fnt","|faint|p2a: Hawlucha","|","|win|Inferno Mamoswine"],"p1rating":{"entryid":"7297985","serverid":"eos","formatid":"monotype","userid":"infernomamoswine","username":"Inferno Mamoswine","w":4,"l":"7","t":"0","gxe":40.3,"r":"1408.5566180404","rd":"90.205360609338","sigma":"0","rptime":"1438506000","rpr":1424.0958103626,"rprd":86.167174006656,"rpsigma":"0","acre":1097.6262653539,"lacre":1097.6262653539,"oldacre":"1074.9848234635"},"p2rating":{"entryid":"7333327","serverid":"eos","formatid":"monotype","userid":"silverquartz","username":"Silver-Quartz","w":"0","l":2,"t":"0","gxe":40.2,"r":1464.1526300217,"rd":122.17815067814,"sigma":"0","rptime":1438506000,"rpr":1421.3235895429,"rprd":115.88119655899,"rpsigma":"0","acre":1000,"lacre":1000,"oldacre":"1000"},"endType":"normal"}