{"seed":[7798,29535,6269,4744],"turns":28,"p1":"Alliance-C-Control","p2":"MrNyanNyanz","p1team":[{"name":"Raichu","species":"Raichu","item":"custapberry","ability":"Lightning Rod","moves":["brickbreak","endure","fakeout","flail"],"nature":"Jolly","evs":{"hp":0,"atk":252,"def":0,"spa":0,"spd":4,"spe":252},"ivs":{"hp":31,"atk":31,"def":31,"spa":31,"spd":31,"spe":31}},{"name":"Thundurus","species":"Thundurus","item":"leftovers","ability":"Prankster","moves":["flashcannon","thunderbolt","thunderwave","psychic"],"nature":"Timid","evs":{"hp":0,"atk":0,"def":0,"spa":252,"spd":4,"spe":252},"ivs":{"hp":31,"atk":31,"def":31,"spa":31,"spd":31,"spe":31}},{"name":"Magnezone","species":"Magnezone","item":"choicescarf","ability":"Sturdy","moves":["flashcannon","hiddenpowerice","voltswitch","mirrorcoat"],"nature":"Timid","evs":{"hp":0,"atk":0,"def":0,"spa":252,"spd":4,"spe":252},"ivs":{"hp":31,"atk":30,"def":30,"spa":31,"spd":31,"spe":31}},{"name":"Zapdos","species":"Zapdos","item":"rockyhelmet","ability":"Pressure","moves":["defog","roost","heatwave","voltswitch"],"nature":"Modest","evs":{"hp":248,"atk":0,"def":0,"spa":252,"spd":8,"spe":0},"ivs":{"hp":31,"atk":31,"def":31,"spa":31,"spd":31,"spe":31}},{"name":"Rotom-Wash","species":"Rotom-Wash","item":"leftovers","ability":"Levitate","moves":["hydropump","painsplit","willowisp","voltswitch"],"nature":"Bold","evs":{"hp":252,"atk":0,"def":252,"spa":4,"spd":0,"spe":0},"ivs":{"hp":31,"atk":31,"def":31,"spa":31,"spd":31,"spe":31}},{"name":"Electivire","species":"Electivire","item":"custapberry","ability":"Vital Spirit","moves":["earthquake","icepunch","thunderpunch","facade"],"nature":"Adamant","evs":{"hp":248,"atk":252,"def":0,"spa":0,"spd":8,"spe":0},"ivs":{"hp":31,"atk":31,"def":31,"spa":31,"spd":31,"spe":31}}],"p2team":[{"name":"Skarmory","species":"Skarmory","item":"rockyhelmet","ability":"Sturdy","moves":["defog","stealthrock","bravebird","roost"],"nature":"Impish","evs":{"hp":248,"atk":0,"def":236,"spa":0,"spd":0,"spe":24},"ivs":{"hp":31,"atk":31,"def":31,"spa":31,"spd":31,"spe":31}},{"name":"Ferrothorn","species":"Ferrothorn","item":"chestoberry","ability":"Iron Barbs","moves":["rest","curse","toxic","powerwhip"],"nature":"Careful","evs":{"hp":248,"atk":8,"def":0,"spa":0,"spd":252,"spe":0},"ivs":{"hp":31,"atk":31,"def":31,"spa":31,"spd":31,"spe":31}},{"name":"Heatran","species":"Heatran","item":"leftovers","ability":"Flash Fire","moves":["toxic","roar","earthpower","lavaplume"],"nature":"Calm","evs":{"hp":252,"atk":0,"def":0,"spa":4,"spd":252,"spe":0},"ivs":{"hp":31,"atk":31,"def":31,"spa":31,"spd":31,"spe":31}},{"name":"Magnezone","species":"Magnezone","item":"choicescarf","ability":"Sturdy","moves":["thunderbolt","voltswitch","flashcannon","hiddenpowerice"],"nature":"Timid","evs":{"hp":0,"atk":0,"def":0,"spa":252,"spd":4,"spe":252},"ivs":{"hp":31,"atk":30,"def":30,"spa":31,"spd":31,"spe":31}},{"name":"Bisharp","species":"Bisharp","item":"focussash","ability":"Defiant","moves":["suckerpunch","swordsdance","knockoff","ironhead"],"nature":"Adamant","evs":{"hp":248,"atk":252,"def":0,"spa":0,"spd":8,"spe":0},"ivs":{"hp":31,"atk":31,"def":31,"spa":31,"spd":31,"spe":31}},{"name":"Jirachi","species":"Jirachi","item":"choicescarf","ability":"Serene Grace","moves":["uturn","playrough","heartstamp","ironhead"],"nature":"Jolly","evs":{"hp":0,"atk":252,"def":0,"spa":0,"spd":4,"spe":252},"ivs":{"hp":31,"atk":31,"def":31,"spa":31,"spd":31,"spe":31}}],"log":["|player|p1|Alliance-C-Control|190","|player|p2|MrNyanNyanz|mrnyannyanz.png","|gametype|singles","|gen|6","|tier|Monotype","|rated","|rule|Baton Pass Clause: Limit one Baton Passer, can't pass Spe and other stats simultaneously","|rule|Swagger Clause: Swagger is banned","|rule|Same Type Clause: Pokémon in a team must share a type","|clearpoke","|poke|p1|Raichu, F","|poke|p1|Thundurus, M","|poke|p1|Magnezone","|poke|p1|Zapdos","|poke|p1|Rotom-Wash","|poke|p1|Electivire, F","|poke|p2|Skarmory, F","|poke|p2|Ferrothorn, F","|poke|p2|Heatran, F","|poke|p2|Magnezone","|poke|p2|Bisharp, M","|poke|p2|Jirachi","|rule|Sleep Clause Mod: Limit one foe put to sleep","|rule|Species Clause: Limit one of each Pokémon","|rule|OHKO Clause: OHKO moves are banned","|rule|Moody Clause: Moody is banned","|rule|Evasion Moves Clause: Evasion moves are banned","|rule|Endless Battle Clause: Forcing endless battles is banned","|rule|HP Percentage Mod: HP is shown in percentages","|teampreview","|","|start","|switch|p1a: Zapdos|Zapdos|383/383","|switch|p2a: Jirachi|Jirachi|341/341","|-ability|p1a: Zapdos|Pressure","|turn|1","|","|switch|p1a: Magnezone|Magnezone|281/281","|move|p2a: Jirachi|U-turn|p1a: Magnezone","|-resisted|p1a: Magnezone","|-damage|p1a: Magnezone|248/281","|","|switch|p2a: Heatran|Heatran, F|386/386","|","|turn|2","|","|switch|p1a: Raichu|Raichu, F|261/261","|move|p2a: Heatran|Toxic|p1a: Raichu","|-status|p1a: Raichu|tox","|","|-damage|p1a: Raichu|245/261 tox|[from] psn","|turn|3","|","|switch|p2a: Ferrothorn|Ferrothorn, F|351/351","|move|p1a: Raichu|Brick Break|p2a: Ferrothorn","|-supereffective|p2a: Ferrothorn","|-damage|p2a: Ferrothorn|233/351","|-damage|p1a: Raichu|213/261 tox|[from] ability: Iron Barbs|[of] p2a: Ferrothorn","|","|-damage|p1a: Raichu|181/261 tox|[from] psn","|turn|4","|","|switch|p1a: Zapdos|Zapdos|383/383","|-ability|p1a: Zapdos|Pressure","|move|p2a: Ferrothorn|Curse|p2a: Ferrothorn","|-unboost|p2a: Ferrothorn|spe|1","|-boost|p2a: Ferrothorn|atk|1","|-boost|p2a: Ferrothorn|def|1","|","|turn|5","|","|switch|p2a: Heatran|Heatran, F|386/386","|move|p1a: Zapdos|Heat Wave|p2a: Heatran","|-start|p2a: Heatran|ability: Flash Fire","|","|turn|6","|","|move|p1a: Zapdos|Volt Switch|p2a: Heatran","|-damage|p2a: Heatran|298/386","|","|switch|p1a: Rotom-Wash|Rotom-Wash|304/304","|move|p2a: Heatran|Lava Plume|p1a: Rotom-Wash","|-crit|p1a: Rotom-Wash","|-resisted|p1a: Rotom-Wash","|-damage|p1a: Rotom-Wash|172/304","|-status|p1a: Rotom-Wash|brn","|","|-heal|p1a: Rotom-Wash|191/304 brn|[from] item: Leftovers","|-heal|p2a: Heatran|322/386|[from] item: Leftovers","|-damage|p1a: Rotom-Wash|153/304 brn|[from] brn","|turn|7","|","|-end|p2a: Heatran|ability: Flash Fire|[silent]","|switch|p2a: Ferrothorn|Ferrothorn, F|233/351","|move|p1a: Rotom-Wash|Hydro Pump|p2a: Ferrothorn","|-resisted|p2a: Ferrothorn","|-damage|p2a: Ferrothorn|190/351","|","|-heal|p1a: Rotom-Wash|172/304 brn|[from] item: Leftovers","|-damage|p1a: Rotom-Wash|134/304 brn|[from] brn","|turn|8","|","|move|p1a: Rotom-Wash|Volt Switch|p2a: Ferrothorn","|-resisted|p2a: Ferrothorn","|-damage|p2a: Ferrothorn|163/351","|","|switch|p1a: Zapdos|Zapdos|383/383","|-ability|p1a: Zapdos|Pressure","|move|p2a: Ferrothorn|Rest|p2a: Ferrothorn","|-status|p2a: Ferrothorn|slp","|-heal|p2a: Ferrothorn|351/351 slp|[silent]","|-status|p2a: Ferrothorn|slp|[from] move: Rest","|-enditem|p2a: Ferrothorn|Chesto Berry|[eat]","|-curestatus|p2a: Ferrothorn|slp","|","|turn|9","|","|move|p1a: Zapdos|Heat Wave|p2a: Ferrothorn","|-supereffective|p2a: Ferrothorn","|-damage|p2a: Ferrothorn|23/351","|move|p2a: Ferrothorn|Toxic|p1a: Zapdos|[miss]","|-miss|p2a: Ferrothorn|p1a: Zapdos","|","|turn|10","|","|move|p1a: Zapdos|Volt Switch|p2a: Ferrothorn","|-resisted|p2a: Ferrothorn","|-damage|p2a: Ferrothorn|0 fnt","|faint|p2a: Ferrothorn","|","|switch|p1a: Thundurus|Thundurus, M|299/299","|","|","|switch|p2a: Magnezone|Magnezone|281/281","|turn|11","|","|switch|p1a: Electivire|Electivire, F|353/353","|move|p2a: Magnezone|Volt Switch|p1a: Electivire","|-resisted|p1a: Electivire","|-damage|p1a: Electivire|284/353","|","|switch|p2a: Jirachi|Jirachi|341/341","|","|turn|12","|","|switch|p1a: Raichu|Raichu, F|181/261 tox","|move|p2a: Jirachi|Heart Stamp|p1a: Raichu","|-damage|p1a: Raichu|43/261 tox","|","|-damage|p1a: Raichu|27/261 tox|[from] psn","|turn|13","|-enditem|p1a: Raichu|Custap Berry|[eat]","|-activate|p1a: Raichu|Custap Berry","|","|move|p1a: Raichu|Flail|p2a: Jirachi","|-resisted|p2a: Jirachi","|-damage|p2a: Jirachi|270/341","|move|p2a: Jirachi|Heart Stamp|p1a: Raichu","|-damage|p1a: Raichu|0 fnt","|faint|p1a: Raichu","|","|","|switch|p1a: Thundurus|Thundurus, M|299/299","|turn|14","|","|switch|p2a: Magnezone|Magnezone|281/281","|move|p1a: Thundurus|Thunderbolt|p2a: Magnezone","|-crit|p2a: Magnezone","|-resisted|p2a: Magnezone","|-damage|p2a: Magnezone|156/281","|","|turn|15","|","|switch|p1a: Magnezone|Magnezone|248/281","|move|p2a: Magnezone|Thunderbolt|p1a: Magnezone","|-crit|p1a: Magnezone","|-resisted|p1a: Magnezone","|-damage|p1a: Magnezone|110/281","|","|turn|16","|","|switch|p2a: Heatran|Heatran, F|322/386","|move|p1a: Magnezone|Volt Switch|p2a: Heatran","|-damage|p2a: Heatran|231/386","|","|switch|p1a: Electivire|Electivire, F|284/353","|","|-heal|p2a: Heatran|255/386|[from] item: Leftovers","|turn|17","|","|switch|p2a: Skarmory|Skarmory, F|333/333","|move|p1a: Electivire|Thunder Punch|p2a: Skarmory","|-supereffective|p2a: Skarmory","|-damage|p2a: Skarmory|181/333","|-damage|p1a: Electivire|226/353|[from] item: Rocky Helmet|[of] p2a: Skarmory","|","|turn|18","|","|move|p1a: Electivire|Thunder Punch|p2a: Skarmory","|-supereffective|p2a: Skarmory","|-damage|p2a: Skarmory|11/333","|-damage|p1a: Electivire|168/353|[from] item: Rocky Helmet|[of] p2a: Skarmory","|move|p2a: Skarmory|Stealth Rock|p1a: Electivire","|-sidestart|p1: Alliance-C-Control|move: Stealth Rock","|","|turn|19","|","|move|p1a: Electivire|Thunder Punch|p2a: Skarmory","|-supereffective|p2a: Skarmory","|-damage|p2a: Skarmory|0 fnt","|-damage|p1a: Electivire|110/353|[from] item: Rocky Helmet|[of] p2a: Skarmory","|faint|p2a: Skarmory","|","|","|switch|p2a: Jirachi|Jirachi|270/341","|turn|20","|","|switch|p1a: Rotom-Wash|Rotom-Wash|134/304 brn","|-damage|p1a: Rotom-Wash|96/304 brn|[from] Stealth Rock","|move|p2a: Jirachi|Heart Stamp|p1a: Rotom-Wash","|-crit|p1a: Rotom-Wash","|-damage|p1a: Rotom-Wash|0 fnt","|faint|p1a: Rotom-Wash","|","|","|switch|p1a: Thundurus|Thundurus, M|299/299","|-damage|p1a: Thundurus|225/299|[from] Stealth Rock","|turn|21","|","|move|p1a: Thundurus|Thunder Wave|p2a: Jirachi","|-status|p2a: Jirachi|par","|move|p2a: Jirachi|Heart Stamp|p1a: Thundurus","|-damage|p1a: Thundurus|105/299","|","|-heal|p1a: Thundurus|123/299|[from] item: Leftovers","|turn|22","|","|move|p1a: Thundurus|Thunderbolt|p2a: Jirachi","|-damage|p2a: Jirachi|101/341 par","|move|p2a: Jirachi|Heart Stamp|p1a: Thundurus","|-damage|p1a: Thundurus|3/299","|","|-heal|p1a: Thundurus|21/299|[from] item: Leftovers","|turn|23","|","|move|p1a: Thundurus|Thunderbolt|p2a: Jirachi","|-damage|p2a: Jirachi|0 fnt","|faint|p2a: Jirachi","|","|-heal|p1a: Thundurus|39/299|[from] item: Leftovers","|","|switch|p2a: Magnezone|Magnezone|156/281","|turn|24","|","|switch|p1a: Magnezone|Magnezone|110/281","|-damage|p1a: Magnezone|93/281|[from] Stealth Rock","|move|p2a: Magnezone|Volt Switch|p1a: Magnezone","|-resisted|p1a: Magnezone","|-damage|p1a: Magnezone|29/281","|","|switch|p2a: Bisharp|Bisharp, M|333/333","|","|turn|25","|","|move|p1a: Magnezone|Volt Switch|p2a: Bisharp","|-damage|p2a: Bisharp|180/333","|","|switch|p1a: Thundurus|Thundurus, M|39/299","|-damage|p1a: Thundurus|0 fnt|[from] Stealth Rock","|faint|p1a: Thundurus","|move|p2a: Bisharp|Swords Dance|p2a: Bisharp","|-boost|p2a: Bisharp|atk|2","|","|","|switch|p1a: Zapdos|Zapdos|383/383","|-damage|p1a: Zapdos|288/383|[from] Stealth Rock","|-ability|p1a: Zapdos|Pressure","|turn|26","|","|move|p2a: Bisharp|Sucker Punch|p1a: Zapdos","|-damage|p1a: Zapdos|0 fnt","|-damage|p2a: Bisharp|125/333|[from] item: Rocky Helmet|[of] p1a: Zapdos","|faint|p1a: Zapdos","|","|","|switch|p1a: Magnezone|Magnezone|29/281","|-damage|p1a: Magnezone|12/281|[from] Stealth Rock","|turn|27","|","|move|p2a: Bisharp|Sucker Punch|p1a: Magnezone","|-damage|p1a: Magnezone|0 fnt","|faint|p1a: Magnezone","|","|","|switch|p1a: Electivire|Electivire, F|110/353","|-damage|p1a: Electivire|66/353|[from] Stealth Rock","|turn|28","|-enditem|p1a: Electivire|Custap Berry|[eat]","|-activate|p1a: Electivire|Custap Berry","|","|move|p2a: Bisharp|Sucker Punch|p1a: Electivire","|-damage|p1a: Electivire|0 fnt","|faint|p1a: Electivire","|","|win|MrNyanNyanz"],"p1rating":{"entryid":"6440455","serverid":"eos","formatid":"monotype","userid":"allianceccontrol","username":"Alliance-C-Control","w":"233","l":300,"t":"0","gxe":43.9,"r":"1451.5563081439","rd":"25","sigma":"0","rptime":"1438506000","rpr":1453.5333772971,"rprd":25,"rpsigma":"0","acre":1174.0348307597,"lacre":1174.0348307597,"oldacre":"1198.8597032956"},"p2rating":{"entryid":"6703862","serverid":"eos","formatid":"monotype","userid":"mrnyannyanz","username":"MrNyanNyanz","w":29,"l":"21","t":"0","gxe":55.1,"r":"1526.4914643426","rd":"51.037148885631","sigma":"0","rptime":"1438506000","rpr":1538.9043494102,"rprd":50.066260616642,"rpsigma":"0","acre":1226.1184361639,"lacre":1226.1184361639,"oldacre":"1201.293563628"},"endType":"normal"}