{"seed":[21616,10339,55822,35984],"turns":27,"p1":"Rain ☆ Suichika","p2":"ThunderDriver","p1team":[{"name":"Muhammad ashroom","species":"breloom","item":"focussash","ability":"Technician","moves":["spore","bulletseed","rocktomb","machpunch"],"nature":"Jolly","evs":{"hp":4,"atk":252,"def":0,"spa":0,"spd":0,"spe":252},"ivs":{"hp":31,"atk":31,"def":31,"spa":31,"spd":31,"spe":31}},{"name":"Platasaurus-rex","species":"venusaur","item":"venusaurite","ability":"Chlorophyll","moves":["synthesis","hiddenpowerrock","gigadrain","sleeppowder"],"nature":"Modest","evs":{"hp":252,"atk":0,"def":0,"spa":252,"spd":0,"spe":4},"ivs":{"hp":31,"atk":31,"def":30,"spa":31,"spd":30,"spe":30}},{"name":"Vileplume's sister","species":"roserade","item":"choicescarf","ability":"Technician","moves":["hiddenpowerground","extrasensory","sludgebomb","shadowball"],"nature":"Timid","evs":{"hp":4,"atk":0,"def":0,"spa":252,"spd":0,"spe":252},"ivs":{"hp":31,"atk":31,"def":31,"spa":30,"spd":30,"spe":31}},{"name":"Celery the onion","species":"celebi","item":"lifeorb","ability":"Natural Cure","moves":["gigadrain","suckerpunch","earthpower","zenheadbutt"],"nature":"Hasty","evs":{"hp":0,"atk":200,"def":0,"spa":56,"spd":0,"spe":252},"ivs":{"hp":31,"atk":31,"def":31,"spa":31,"spd":31,"spe":31}},{"name":"Iron Durian","species":"ferrothorn","item":"occaberry","ability":"Iron Barbs","moves":["stealthrock","knockoff","thunderwave","gyroball"],"nature":"Impish","evs":{"hp":252,"atk":0,"def":88,"spa":0,"spd":168,"spe":0},"ivs":{"hp":31,"atk":31,"def":31,"spa":31,"spd":31,"spe":31}},{"name":"liligant wannabe","species":"bellossom","item":"choicespecs","ability":"Chlorophyll","moves":["gigadrain","hiddenpowerfire","moonblast","leafstorm"],"nature":"Modest","evs":{"hp":116,"atk":0,"def":0,"spa":252,"spd":0,"spe":140},"ivs":{"hp":31,"atk":30,"def":31,"spa":30,"spd":31,"spe":30}}],"p2team":[{"name":"Bisharp","species":"Bisharp","item":"lifeorb","ability":"Defiant","moves":["swordsdance","knockoff","ironhead","suckerpunch"],"nature":"Jolly","evs":{"hp":0,"atk":252,"def":4,"spa":0,"spd":0,"spe":252},"shiny":true,"ivs":{"hp":31,"atk":31,"def":31,"spa":31,"spd":31,"spe":31}},{"name":"Hydreigon","species":"Hydreigon","item":"choicescarf","ability":"Levitate","moves":["dracometeor","darkpulse","uturn","earthpower"],"nature":"Timid","evs":{"hp":0,"atk":0,"def":0,"spa":252,"spd":4,"spe":252},"ivs":{"hp":31,"atk":31,"def":31,"spa":31,"spd":31,"spe":31}},{"name":"Sableye","species":"Sableye","item":"sablenite","ability":"Prankster","moves":["calmmind","recover","willowisp","snarl"],"nature":"Bold","evs":{"hp":252,"atk":0,"def":252,"spa":0,"spd":4,"spe":0},"shiny":true,"ivs":{"hp":31,"atk":31,"def":31,"spa":31,"spd":31,"spe":31}},{"name":"Krookodile","species":"Krookodile","item":"choicescarf","ability":"Moxie","moves":["earthquake","knockoff","stoneedge","pursuit"],"nature":"Jolly","evs":{"hp":0,"atk":252,"def":4,"spa":0,"spd":0,"spe":252},"shiny":true,"ivs":{"hp":31,"atk":31,"def":31,"spa":31,"spd":31,"spe":31}},{"name":"Umbreon","species":"Umbreon","item":"leftovers","ability":"Synchronize","moves":["curse","moonlight","payback","healbell"],"nature":"Careful","evs":{"hp":252,"atk":4,"def":0,"spa":0,"spd":252,"spe":0},"shiny":true,"ivs":{"hp":31,"atk":31,"def":31,"spa":31,"spd":31,"spe":31}},{"name":"Drapion","species":"Drapion","item":"blacksludge","ability":"Battle Armor","moves":["knockoff","poisonjab","toxicspikes","taunt"],"nature":"Careful","evs":{"hp":248,"atk":0,"def":8,"spa":0,"spd":252,"spe":0},"shiny":true,"ivs":{"hp":31,"atk":31,"def":31,"spa":31,"spd":31,"spe":31}}],"log":["|player|p1|Rain ☆ Suichika|rainsuichika.png","|player|p2|ThunderDriver|thunderdriver.gif","|gametype|singles","|gen|6","|tier|Monotype","|rated","|rule|Baton Pass Clause: Limit one Baton Passer, can't pass Spe and other stats simultaneously","|rule|Swagger Clause: Swagger is banned","|rule|Same Type Clause: Pokémon in a team must share a type","|clearpoke","|poke|p1|Breloom, M","|poke|p1|Venusaur, F","|poke|p1|Roserade, M","|poke|p1|Celebi","|poke|p1|Ferrothorn, M","|poke|p1|Bellossom, M","|poke|p2|Bisharp, M, shiny","|poke|p2|Hydreigon, M","|poke|p2|Sableye, M, shiny","|poke|p2|Krookodile, F, shiny","|poke|p2|Umbreon, F, shiny","|poke|p2|Drapion, M, shiny","|rule|Sleep Clause Mod: Limit one foe put to sleep","|rule|Species Clause: Limit one of each Pokémon","|rule|OHKO Clause: OHKO moves are banned","|rule|Moody Clause: Moody is banned","|rule|Evasion Moves Clause: Evasion moves are banned","|rule|Endless Battle Clause: Forcing endless battles is banned","|rule|HP Percentage Mod: HP is shown in percentages","|teampreview","|","|start","|switch|p1a: liligant wannabe|Bellossom, M|320/320","|switch|p2a: Sableye|Sableye, M, shiny|304/304","|turn|1","|","|detailschange|p2a: Sableye|Sableye-Mega, M, shiny","|-mega|p2a: Sableye|Sableye|Sablenite","|move|p2a: Sableye|Calm Mind|p2a: Sableye","|-boost|p2a: Sableye|spa|1","|-boost|p2a: Sableye|spd|1","|move|p1a: liligant wannabe|Moonblast|p2a: Sableye","|-supereffective|p2a: Sableye","|-damage|p2a: Sableye|124/304","|-unboost|p2a: Sableye|spa|1","|","|turn|2","|","|switch|p2a: Drapion|Drapion, M, shiny|343/343","|move|p1a: liligant wannabe|Moonblast|p2a: Drapion","|-damage|p2a: Drapion|211/343","|","|-heal|p2a: Drapion|232/343|[from] item: Black Sludge","|turn|3","|","|switch|p1a: Iron Durian|Ferrothorn, M|352/352","|move|p2a: Drapion|Poison Jab|p1a: Iron Durian","|-immune|p1a: Iron Durian|[msg]","|","|-heal|p2a: Drapion|253/343|[from] item: Black Sludge","|turn|4","|","|move|p2a: Drapion|Taunt|p1a: Iron Durian","|-start|p1a: Iron Durian|move: Taunt","|move|p1a: Iron Durian|Knock Off|p2a: Drapion","|-resisted|p2a: Drapion","|-damage|p2a: Drapion|222/343","|-enditem|p2a: Drapion|Black Sludge|[from] move: Knock Off|[of] p1a: Iron Durian","|","|turn|5","|","|move|p2a: Drapion|Knock Off|p1a: Iron Durian","|-damage|p1a: Iron Durian|280/352","|-damage|p2a: Drapion|180/343|[from] ability: Iron Barbs|[of] p1a: Iron Durian","|-enditem|p1a: Iron Durian|Occa Berry|[from] move: Knock Off|[of] p2a: Drapion","|move|p1a: Iron Durian|Gyro Ball|p2a: Drapion","|-damage|p2a: Drapion|110/343","|","|turn|6","|","|switch|p2a: Sableye|Sableye-Mega, M, shiny|124/304","|move|p1a: Iron Durian|Knock Off|p2a: Sableye","|-damage|p2a: Sableye|92/304","|","|-end|p1a: Iron Durian|move: Taunt","|turn|7","|","|switch|p1a: liligant wannabe|Bellossom, M|320/320","|move|p2a: Sableye|Recover|p2a: Sableye","|-heal|p2a: Sableye|244/304","|","|turn|8","|","|switch|p2a: Drapion|Drapion, M, shiny|110/343","|move|p1a: liligant wannabe|Moonblast|p2a: Drapion","|-damage|p2a: Drapion|0 fnt","|faint|p2a: Drapion","|","|","|switch|p2a: Hydreigon|Hydreigon, M|325/325","|turn|9","|","|move|p2a: Hydreigon|U-turn|p1a: liligant wannabe","|-supereffective|p1a: liligant wannabe","|-damage|p1a: liligant wannabe|220/320","|","|switch|p2a: Bisharp|Bisharp, M, shiny|271/271","|move|p1a: liligant wannabe|Moonblast|p2a: Bisharp","|-damage|p2a: Bisharp|75/271","|-unboost|p2a: Bisharp|spa|1","|-boost|p2a: Bisharp|atk|2|[from] ability: Defiant","|","|turn|10","|","|switch|p1a: Iron Durian|Ferrothorn, M|280/352","|move|p2a: Bisharp|Knock Off|p1a: Iron Durian","|-damage|p1a: Iron Durian|95/352","|-damage|p2a: Bisharp|42/271|[from] ability: Iron Barbs|[of] p1a: Iron Durian","|-damage|p2a: Bisharp|15/271|[from] item: Life Orb","|","|turn|11","|","|move|p2a: Bisharp|Iron Head|p1a: Iron Durian","|-resisted|p1a: Iron Durian","|-damage|p1a: Iron Durian|0 fnt","|-damage|p2a: Bisharp|0 fnt|[from] ability: Iron Barbs|[of] p1a: Iron Durian","|faint|p2a: Bisharp","|faint|p1a: Iron Durian","|","|","|switch|p2a: Hydreigon|Hydreigon, M|325/325","|switch|p1a: Muhammad ashroom|Breloom, M|262/262","|turn|12","|","|move|p1a: Muhammad ashroom|Mach Punch|p2a: Hydreigon","|-supereffective|p2a: Hydreigon","|-damage|p2a: Hydreigon|97/325","|move|p2a: Hydreigon|U-turn|p1a: Muhammad ashroom","|-damage|p1a: Muhammad ashroom|203/262","|","|switch|p2a: Sableye|Sableye-Mega, M, shiny|244/304","|","|turn|13","|","|move|p1a: Muhammad ashroom|Bullet Seed|p2a: Sableye","|-damage|p2a: Sableye|201/304","|-damage|p2a: Sableye|159/304","|-damage|p2a: Sableye|116/304","|-hitcount|p2a: Sableye|3","|move|p2a: Sableye|Calm Mind|p2a: Sableye","|-boost|p2a: Sableye|spa|1","|-boost|p2a: Sableye|spd|1","|","|turn|14","|","|move|p1a: Muhammad ashroom|Bullet Seed|p2a: Sableye","|-damage|p2a: Sableye|71/304","|-damage|p2a: Sableye|29/304","|-hitcount|p2a: Sableye|2","|move|p2a: Sableye|Recover|p2a: Sableye","|-heal|p2a: Sableye|181/304","|","|turn|15","|","|move|p1a: Muhammad ashroom|Bullet Seed|p2a: Sableye","|-damage|p2a: Sableye|142/304","|-damage|p2a: Sableye|97/304","|-hitcount|p2a: Sableye|2","|move|p2a: Sableye|Will-O-Wisp|p1a: Muhammad ashroom","|-status|p1a: Muhammad ashroom|brn","|","|-damage|p1a: Muhammad ashroom|171/262 brn|[from] brn","|turn|16","|","|move|p1a: Muhammad ashroom|Bullet Seed|p2a: Sableye","|-damage|p2a: Sableye|75/304","|-damage|p2a: Sableye|55/304","|-hitcount|p2a: Sableye|2","|move|p2a: Sableye|Recover|p2a: Sableye","|-heal|p2a: Sableye|207/304","|","|-damage|p1a: Muhammad ashroom|139/262 brn|[from] brn","|turn|17","|","|switch|p1a: liligant wannabe|Bellossom, M|220/320","|move|p2a: Sableye|Calm Mind|p2a: Sableye","|-boost|p2a: Sableye|spa|1","|-boost|p2a: Sableye|spd|1","|","|turn|18","|","|move|p1a: liligant wannabe|Moonblast|p2a: Sableye","|-crit|p2a: Sableye","|-supereffective|p2a: Sableye","|-damage|p2a: Sableye|0 fnt","|faint|p2a: Sableye","|","|","|switch|p2a: Umbreon|Umbreon, F, shiny|394/394","|turn|19","|","|move|p1a: liligant wannabe|Moonblast|p2a: Umbreon","|-supereffective|p2a: Umbreon","|-damage|p2a: Umbreon|218/394","|move|p2a: Umbreon|Moonlight|p2a: Umbreon","|-heal|p2a: Umbreon|394/394","|","|turn|20","|","|move|p1a: liligant wannabe|Moonblast|p2a: Umbreon","|-supereffective|p2a: Umbreon","|-damage|p2a: Umbreon|212/394","|move|p2a: Umbreon|Curse|p2a: Umbreon","|-unboost|p2a: Umbreon|spe|1","|-boost|p2a: Umbreon|atk|1","|-boost|p2a: Umbreon|def|1","|","|-heal|p2a: Umbreon|236/394|[from] item: Leftovers","|turn|21","|","|move|p1a: liligant wannabe|Moonblast|p2a: Umbreon","|-supereffective|p2a: Umbreon","|-damage|p2a: Umbreon|72/394","|move|p2a: Umbreon|Moonlight|p2a: Umbreon","|-heal|p2a: Umbreon|269/394","|","|-heal|p2a: Umbreon|293/394|[from] item: Leftovers","|turn|22","|","|move|p1a: liligant wannabe|Moonblast|p2a: Umbreon","|-supereffective|p2a: Umbreon","|-damage|p2a: Umbreon|125/394","|-unboost|p2a: Umbreon|spa|1","|move|p2a: Umbreon|Payback|p1a: liligant wannabe","|-damage|p1a: liligant wannabe|88/320","|","|-heal|p2a: Umbreon|149/394|[from] item: Leftovers","|turn|23","|","|move|p1a: liligant wannabe|Moonblast|p2a: Umbreon","|-supereffective|p2a: Umbreon","|-damage|p2a: Umbreon|0 fnt","|faint|p2a: Umbreon","|","|","|switch|p2a: Krookodile|Krookodile, F, shiny|331/331","|turn|24","|","|move|p2a: Krookodile|Pursuit|p1a: liligant wannabe","|-damage|p1a: liligant wannabe|15/320","|move|p1a: liligant wannabe|Moonblast|p2a: Krookodile","|-crit|p2a: Krookodile","|-supereffective|p2a: Krookodile","|-damage|p2a: Krookodile|0 fnt","|faint|p2a: Krookodile","|","|","|switch|p2a: Hydreigon|Hydreigon, M|97/325","|turn|25","|","|move|p2a: Hydreigon|U-turn|p1a: liligant wannabe","|-supereffective|p1a: liligant wannabe","|-damage|p1a: liligant wannabe|0 fnt","|faint|p1a: liligant wannabe","|","|","|switch|p1a: Platasaurus-rex|Venusaur, F|364/364","|turn|26","|","|detailschange|p1a: Platasaurus-rex|Venusaur-Mega, F","|-mega|p1a: Platasaurus-rex|Venusaur|Venusaurite","|move|p2a: Hydreigon|U-turn|p1a: Platasaurus-rex","|-damage|p1a: Platasaurus-rex|323/364","|move|p1a: Platasaurus-rex|Giga Drain|p2a: Hydreigon","|-resisted|p2a: Hydreigon","|-damage|p2a: Hydreigon|24/325","|-heal|p1a: Platasaurus-rex|360/364|[from] drain|[of] p2a: Hydreigon","|","|turn|27","|","|move|p2a: Hydreigon|U-turn|p1a: Platasaurus-rex","|-damage|p1a: Platasaurus-rex|315/364","|move|p1a: Platasaurus-rex|Giga Drain|p2a: Hydreigon","|-resisted|p2a: Hydreigon","|-damage|p2a: Hydreigon|0 fnt","|-heal|p1a: Platasaurus-rex|327/364|[from] drain|[of] p2a: Hydreigon","|faint|p2a: Hydreigon","|","|win|Rain ☆ Suichika"],"p1rating":{"entryid":"6383869","serverid":"eos","formatid":"monotype","userid":"rainsuichika","username":"Rain ☆ Suichika","w":40,"l":"26","t":"0","gxe":58.2,"r":"1564.7960560766","rd":"53.502709546407","sigma":"0","rptime":"1438506000","rpr":1562.5972919026,"rprd":52.332384719361,"rpsigma":"0","acre":1218.8849974904,"lacre":1218.8849974904,"oldacre":"1198.9728439437"},"p2rating":{"entryid":"5967765","serverid":"eos","formatid":"monotype","userid":"thunderdriver","username":"ThunderDriver","w":"24","l":20,"t":"0","gxe":54.5,"r":"1543.3736646949","rd":"58.839962330958","sigma":"0","rptime":"1438506000","rpr":1534.3952799431,"rprd":58.03947142314,"rpsigma":"0","acre":1107.3515417782,"lacre":1107.3515417782,"oldacre":"1127.2636953249"},"endType":"normal"}