{"seed":[61316,41996,48980,63633],"turns":29,"p1":"CCGn4Fila","p2":"Void HairyChild","p1team":[{"name":"Hoopa-Unbound","species":"Hoopa-Unbound","item":"choiceband","ability":"Magician","moves":["hyperspacefury","facade","icepunch","drainpunch"],"nature":"Adamant","evs":{"hp":248,"atk":252,"def":0,"spa":0,"spd":8,"spe":0},"ivs":{"hp":31,"atk":31,"def":31,"spa":31,"spd":31,"spe":31}},{"name":"Sharpedo","species":"Sharpedo","item":"lifeorb","ability":"Speed Boost","moves":["hydropump","darkpulse","destinybond","protect"],"nature":"Modest","evs":{"hp":0,"atk":0,"def":0,"spa":252,"spd":4,"spe":252},"ivs":{"hp":31,"atk":31,"def":31,"spa":31,"spd":31,"spe":31}},{"name":"Pangoro","species":"Pangoro","item":"choicescarf","ability":"Iron Fist","moves":["drainpunch","knockoff","earthquake","partingshot"],"nature":"Jolly","evs":{"hp":0,"atk":252,"def":0,"spa":0,"spd":4,"spe":252},"ivs":{"hp":31,"atk":31,"def":31,"spa":31,"spd":31,"spe":31}},{"name":"Mandibuzz","species":"Mandibuzz","item":"rockyhelmet","ability":"Overcoat","moves":["foulplay","toxic","roost","defog"],"nature":"Bold","evs":{"hp":248,"atk":0,"def":252,"spa":0,"spd":8,"spe":0},"ivs":{"hp":31,"atk":31,"def":31,"spa":31,"spd":31,"spe":31}},{"name":"Tyranitar","species":"Tyranitar","item":"assaultvest","ability":"Sand Stream","moves":["crunch","earthquake","stoneedge","fireblast"],"nature":"Sassy","evs":{"hp":252,"atk":0,"def":6,"spa":0,"spd":252,"spe":0},"ivs":{"hp":31,"atk":31,"def":31,"spa":31,"spd":31,"spe":31}},{"name":"Bisharp","species":"Bisharp","item":"focussash","ability":"Defiant","moves":["swordsdance","knockoff","ironhead","suckerpunch"],"nature":"Adamant","evs":{"hp":248,"atk":252,"def":0,"spa":0,"spd":8,"spe":0},"ivs":{"hp":31,"atk":31,"def":31,"spa":31,"spd":31,"spe":31}}],"p2team":[{"name":"Cancer bulk","species":"chansey","item":"eviolite","ability":"Natural Cure","moves":["toxic","stealthrock","wish","seismictoss"],"nature":"Bold","evs":{"hp":128,"atk":0,"def":252,"spa":0,"spd":128,"spe":0},"ivs":{"hp":31,"atk":31,"def":31,"spa":31,"spd":31,"spe":31}},{"name":"Pepto-Bismol","species":"lopunny","item":"lopunnite","ability":"Limber","moves":["highjumpkick","substitute","poweruppunch","return"],"nature":"Jolly","evs":{"hp":0,"atk":252,"def":0,"spa":0,"spd":4,"spe":252},"shiny":true,"ivs":{"hp":31,"atk":31,"def":31,"spa":31,"spd":31,"spe":31}},{"name":"Hurricane","species":"staraptor","item":"leftovers","ability":"Intimidate","moves":["bravebird","featherdance","roost","defog"],"nature":"Impish","evs":{"hp":252,"atk":0,"def":176,"spa":0,"spd":80,"spe":0},"ivs":{"hp":31,"atk":31,"def":31,"spa":31,"spd":31,"spe":31}},{"name":"Meloetta","species":"Meloetta","item":"choicespecs","ability":"Serene Grace","moves":["psychic","focusblast","thunderbolt","shadowball"],"nature":"Modest","evs":{"hp":8,"atk":0,"def":0,"spa":252,"spd":8,"spe":240},"ivs":{"hp":31,"atk":31,"def":31,"spa":31,"spd":31,"spe":31}},{"name":"Ditto","species":"Ditto","item":"choicescarf","ability":"Imposter","moves":["transform"],"nature":"Bold","evs":{"hp":248,"atk":0,"def":252,"spa":0,"spd":8,"spe":0},"ivs":{"hp":31,"atk":31,"def":31,"spa":31,"spd":31,"spe":31}},{"name":"Chocolate Milk","species":"diggersby","item":"lifeorb","ability":"Huge Power","moves":["return","earthquake","quickattack","swordsdance"],"nature":"Jolly","evs":{"hp":0,"atk":252,"def":4,"spa":0,"spd":0,"spe":252},"shiny":true,"ivs":{"hp":31,"atk":31,"def":31,"spa":31,"spd":31,"spe":31}}],"log":["|player|p1|CCGn4Fila|161","|player|p2|Void HairyChild|293","|gametype|singles","|gen|6","|tier|Monotype","|rated","|rule|Baton Pass Clause: Limit one Baton Passer, can't pass Spe and other stats simultaneously","|rule|Swagger Clause: Swagger is banned","|rule|Same Type Clause: Pokémon in a team must share a type","|clearpoke","|poke|p1|Hoopa-Unbound","|poke|p1|Sharpedo, F","|poke|p1|Pangoro, M","|poke|p1|Mandibuzz, F","|poke|p1|Tyranitar, M","|poke|p1|Bisharp, F","|poke|p2|Chansey, F","|poke|p2|Lopunny, M, shiny","|poke|p2|Staraptor, M","|poke|p2|Meloetta","|poke|p2|Ditto","|poke|p2|Diggersby, F, shiny","|rule|Sleep Clause Mod: Limit one foe put to sleep","|rule|Species Clause: Limit one of each Pokémon","|rule|OHKO Clause: OHKO moves are banned","|rule|Moody Clause: Moody is banned","|rule|Evasion Moves Clause: Evasion moves are banned","|rule|Endless Battle Clause: Forcing endless battles is banned","|rule|HP Percentage Mod: HP is shown in percentages","|teampreview","|","|start","|switch|p1a: Tyranitar|Tyranitar, M|404/404","|switch|p2a: Cancer bulk|Chansey, F|673/673","|-weather|Sandstorm","|turn|1","|","|switch|p1a: Mandibuzz|Mandibuzz, F|423/423","|move|p2a: Cancer bulk|Toxic|p1a: Mandibuzz","|-status|p1a: Mandibuzz|tox","|","|-weather|Sandstorm|[upkeep]","|-damage|p2a: Cancer bulk|631/673|[from] sandstorm","|-damage|p1a: Mandibuzz|397/423 tox|[from] psn","|turn|2","|","|switch|p1a: Hoopa-Unbound|Hoopa-Unbound|363/363","|move|p2a: Cancer bulk|Wish|p2a: Cancer bulk","|","|-weather|Sandstorm|[upkeep]","|-damage|p1a: Hoopa-Unbound|341/363|[from] sandstorm","|-damage|p2a: Cancer bulk|589/673|[from] sandstorm","|turn|3","|","|switch|p2a: Hurricane|Staraptor, M|374/374","|-ability|p2a: Hurricane|Intimidate","|-unboost|p1a: Hoopa-Unbound|atk|1","|move|p1a: Hoopa-Unbound|Drain Punch|p2a: Hurricane","|-damage|p2a: Hurricane|270/374","|-heal|p1a: Hoopa-Unbound|363/363|[from] drain|[of] p2a: Hurricane","|","|-weather|Sandstorm|[upkeep]","|-damage|p2a: Hurricane|247/374|[from] sandstorm","|-damage|p1a: Hoopa-Unbound|341/363|[from] sandstorm","|-heal|p2a: Hurricane|374/374|[from] move: Wish|[wisher] Cancer bulk","|turn|4","|","|switch|p1a: Mandibuzz|Mandibuzz, F|397/423 tox","|move|p2a: Hurricane|Feather Dance|p1a: Mandibuzz","|-unboost|p1a: Mandibuzz|atk|2","|","|-weather|Sandstorm|[upkeep]","|-damage|p2a: Hurricane|351/374|[from] sandstorm","|-heal|p2a: Hurricane|374/374|[from] item: Leftovers","|-damage|p1a: Mandibuzz|371/423 tox|[from] psn","|turn|5","|","|switch|p2a: Cancer bulk|Chansey, F|589/673","|move|p1a: Mandibuzz|Toxic|p2a: Cancer bulk","|-status|p2a: Cancer bulk|tox","|","|-weather|none","|-damage|p1a: Mandibuzz|319/423 tox|[from] psn","|-damage|p2a: Cancer bulk|547/673 tox|[from] psn","|turn|6","|","|switch|p1a: Hoopa-Unbound|Hoopa-Unbound|341/363","|move|p2a: Cancer bulk|Seismic Toss|p1a: Hoopa-Unbound","|-damage|p1a: Hoopa-Unbound|241/363","|","|-damage|p2a: Cancer bulk|463/673 tox|[from] psn","|turn|7","|","|switch|p2a: Hurricane|Staraptor, M|374/374","|-ability|p2a: Hurricane|Intimidate","|-unboost|p1a: Hoopa-Unbound|atk|1","|move|p1a: Hoopa-Unbound|Hyperspace Fury|p2a: Hurricane","|-damage|p2a: Hurricane|155/374","|-unboost|p1a: Hoopa-Unbound|def|1","|","|-heal|p2a: Hurricane|178/374|[from] item: Leftovers","|turn|8","|","|switch|p2a: Cancer bulk|Chansey, F|463/673","|switch|p1a: Sharpedo|Sharpedo, F|281/281","|","|turn|9","|","|switch|p1a: Pangoro|Pangoro, M|331/331","|move|p2a: Cancer bulk|Stealth Rock|p1a: Pangoro","|-sidestart|p1: CCGn4Fila|move: Stealth Rock","|","|turn|10","|","|switch|p2a: Hurricane|Staraptor, M|178/374","|-ability|p2a: Hurricane|Intimidate","|-unboost|p1a: Pangoro|atk|1","|move|p1a: Pangoro|Knock Off|p2a: Hurricane","|-damage|p2a: Hurricane|72/374","|-enditem|p2a: Hurricane|Leftovers|[from] move: Knock Off|[of] p1a: Pangoro","|","|turn|11","|","|switch|p1a: Sharpedo|Sharpedo, F|281/281","|-damage|p1a: Sharpedo|246/281|[from] Stealth Rock","|move|p2a: Hurricane|Roost|p2a: Hurricane","|-heal|p2a: Hurricane|259/374","|","|turn|12","|","|move|p1a: Sharpedo|Hydro Pump|p2a: Hurricane","|-damage|p2a: Hurricane|0 fnt","|-damage|p1a: Sharpedo|218/281|[from] item: Life Orb","|faint|p2a: Hurricane","|","|-boost|p1a: Sharpedo|spe|1|[from] ability: Speed Boost","|","|switch|p2a: Cancer bulk|Chansey, F|463/673","|turn|13","|","|switch|p1a: Hoopa-Unbound|Hoopa-Unbound|241/363","|-damage|p1a: Hoopa-Unbound|196/363|[from] Stealth Rock","|move|p2a: Cancer bulk|Seismic Toss|p1a: Hoopa-Unbound","|-damage|p1a: Hoopa-Unbound|96/363","|","|turn|14","|","|switch|p2a: Ditto|Ditto|299/299","|-transform|p2a: Ditto|p1a: Hoopa-Unbound","|move|p1a: Hoopa-Unbound|Drain Punch|p2a: Ditto","|-damage|p2a: Ditto|19/299","|-heal|p1a: Hoopa-Unbound|236/363|[from] drain|[of] p2a: Ditto","|","|turn|15","|","|switch|p1a: Mandibuzz|Mandibuzz, F|319/423 tox","|-damage|p1a: Mandibuzz|214/423 tox|[from] Stealth Rock","|move|p2a: Ditto|Drain Punch|p1a: Mandibuzz","|-damage|p1a: Mandibuzz|137/423 tox","|-heal|p2a: Ditto|58/299|[from] drain|[of] p1a: Mandibuzz","|-damage|p2a: Ditto|9/299|[from] item: Rocky Helmet|[of] p1a: Mandibuzz","|","|-damage|p1a: Mandibuzz|111/423 tox|[from] psn","|turn|16","|","|switch|p2a: Cancer bulk|Chansey, F|463/673","|move|p1a: Mandibuzz|Roost|p1a: Mandibuzz","|-heal|p1a: Mandibuzz|323/423 tox","|","|-damage|p1a: Mandibuzz|271/423 tox|[from] psn","|turn|17","|","|move|p1a: Mandibuzz|Defog|p2a: Cancer bulk","|-unboost|p2a: Cancer bulk|evasion|1","|-sideend|p1: CCGn4Fila|Stealth Rock|[from] move: Defog|[of] p1a: Mandibuzz","|move|p2a: Cancer bulk|Toxic|p1a: Mandibuzz","|-fail|p1a: Mandibuzz|tox","|","|-damage|p1a: Mandibuzz|193/423 tox|[from] psn","|turn|18","|","|switch|p1a: Hoopa-Unbound|Hoopa-Unbound|236/363","|move|p2a: Cancer bulk|Stealth Rock|p1a: Hoopa-Unbound","|-sidestart|p1: CCGn4Fila|move: Stealth Rock","|","|turn|19","|","|move|p1a: Hoopa-Unbound|Hyperspace Fury|p2a: Cancer bulk","|-damage|p2a: Cancer bulk|0 fnt","|-unboost|p1a: Hoopa-Unbound|def|1","|faint|p2a: Cancer bulk","|","|","|switch|p2a: Pepto-Bismol|Lopunny, M, shiny|271/271","|turn|20","|","|switch|p1a: Mandibuzz|Mandibuzz, F|193/423 tox","|-damage|p1a: Mandibuzz|88/423 tox|[from] Stealth Rock","|detailschange|p2a: Pepto-Bismol|Lopunny-Mega, M, shiny","|-mega|p2a: Pepto-Bismol|Lopunny|Lopunnite","|move|p2a: Pepto-Bismol|Substitute|p2a: Pepto-Bismol","|-start|p2a: Pepto-Bismol|Substitute","|-damage|p2a: Pepto-Bismol|204/271","|","|-damage|p1a: Mandibuzz|62/423 tox|[from] psn","|turn|21","|","|move|p2a: Pepto-Bismol|Power-Up Punch|p1a: Mandibuzz","|-damage|p1a: Mandibuzz|8/423 tox","|-damage|p2a: Pepto-Bismol|159/271|[from] item: Rocky Helmet|[of] p1a: Mandibuzz","|-boost|p2a: Pepto-Bismol|atk|1","|move|p1a: Mandibuzz|Foul Play|p2a: Pepto-Bismol","|-resisted|p2a: Pepto-Bismol","|-end|p2a: Pepto-Bismol|Substitute","|","|-damage|p1a: Mandibuzz|0 fnt|[from] psn","|faint|p1a: Mandibuzz","|","|switch|p1a: Pangoro|Pangoro, M|331/331","|-damage|p1a: Pangoro|311/331|[from] Stealth Rock","|turn|22","|","|move|p2a: Pepto-Bismol|Return|p1a: Pangoro","|-damage|p1a: Pangoro|0 fnt","|faint|p1a: Pangoro","|","|","|switch|p1a: Sharpedo|Sharpedo, F|218/281","|-damage|p1a: Sharpedo|183/281|[from] Stealth Rock","|turn|23","|","|move|p2a: Pepto-Bismol|Substitute|p2a: Pepto-Bismol","|-start|p2a: Pepto-Bismol|Substitute","|-damage|p2a: Pepto-Bismol|92/271","|move|p1a: Sharpedo|Hydro Pump|p2a: Pepto-Bismol|[miss]","|-miss|p1a: Sharpedo|p2a: Pepto-Bismol","|","|-boost|p1a: Sharpedo|spe|1|[from] ability: Speed Boost","|turn|24","|","|move|p1a: Sharpedo|Protect|p1a: Sharpedo","|-singleturn|p1a: Sharpedo|Protect","|move|p2a: Pepto-Bismol|Return|p1a: Sharpedo","|-activate|p1a: Sharpedo|Protect","|","|-boost|p1a: Sharpedo|spe|1|[from] ability: Speed Boost","|turn|25","|","|move|p1a: Sharpedo|Destiny Bond|p1a: Sharpedo","|-singlemove|p1a: Sharpedo|Destiny Bond","|move|p2a: Pepto-Bismol|Return|p1a: Sharpedo","|-damage|p1a: Sharpedo|0 fnt","|faint|p1a: Sharpedo","|-activate|p1a: Sharpedo|Destiny Bond","|faint|p2a: Pepto-Bismol","|","|","|switch|p1a: Bisharp|Bisharp, F|333/333","|switch|p2a: Ditto|Ditto|9/299","|-transform|p2a: Ditto|p1a: Bisharp","|-damage|p1a: Bisharp|313/333|[from] Stealth Rock","|turn|26","|","|move|p2a: Ditto|Iron Head|p1a: Bisharp","|-resisted|p1a: Bisharp","|-damage|p1a: Bisharp|240/333","|move|p1a: Bisharp|Knock Off|p2a: Ditto","|-resisted|p2a: Ditto","|-damage|p2a: Ditto|0 fnt","|-enditem|p2a: Ditto|Choice Scarf|[from] move: Knock Off|[of] p1a: Bisharp","|faint|p2a: Ditto","|","|","|switch|p2a: Chocolate Milk|Diggersby, F, shiny|311/311","|turn|27","|","|move|p2a: Chocolate Milk|Swords Dance|p2a: Chocolate Milk","|-boost|p2a: Chocolate Milk|atk|2","|move|p1a: Bisharp|Knock Off|p2a: Chocolate Milk","|-damage|p2a: Chocolate Milk|85/311","|-enditem|p2a: Chocolate Milk|Life Orb|[from] move: Knock Off|[of] p1a: Bisharp","|","|turn|28","|","|move|p2a: Chocolate Milk|Quick Attack|p1a: Bisharp","|-resisted|p1a: Bisharp","|-damage|p1a: Bisharp|159/333","|move|p1a: Bisharp|Iron Head|p2a: Chocolate Milk","|-damage|p2a: Chocolate Milk|0 fnt","|faint|p2a: Chocolate Milk","|","|","|switch|p2a: Meloetta|Meloetta|343/343","|turn|29","|","|move|p1a: Bisharp|Sucker Punch|p2a: Meloetta","|-supereffective|p2a: Meloetta","|-damage|p2a: Meloetta|0 fnt","|faint|p2a: Meloetta","|","|win|CCGn4Fila"],"p1rating":{"entryid":7345005,"formatid":"monotype","userid":"ccgn4fila","username":"CCGn4Fila","r":1500,"rd":130,"sigma":0,"rpr":1549.8722007043,"rprd":122.14873565548,"rpsigma":0,"rptime":1438506000,"w":1,"l":0,"t":0,"gxe":56.2,"acre":1059.5642536574,"lacre":1059.5642536574,"oldacre":1000},"p2rating":{"entryid":"5699597","serverid":"eos","formatid":"monotype","userid":"voidhairychild","username":"Void HairyChild","w":"47","l":37,"t":"0","gxe":57.2,"r":"1561.9924615911","rd":"47.780294358369","sigma":"0","rptime":"1438506000","rpr":1555.0348051431,"rprd":47.408887396137,"rpsigma":"0","acre":1148.6104218775,"lacre":1148.6104218775,"oldacre":"1185.8380804134"},"endType":"normal"}