{"seed":[9138,5488,14692,32990],"turns":27,"p1":"InfernalxCrown","p2":"Rain ☆ sidious","p1team":[{"name":"Aegislash","species":"Aegislash","item":"weaknesspolicy","ability":"Stance Change","moves":["shadowball","shadowsneak","kingsshield","sacredsword"],"nature":"Brave","evs":{"hp":252,"atk":76,"def":0,"spa":176,"spd":4,"spe":0},"ivs":{"hp":31,"atk":31,"def":31,"spa":31,"spd":31,"spe":0},"shiny":true},{"name":"Sableye","species":"Sableye","item":"leftovers","ability":"Prankster","moves":["willowisp","recover","taunt","knockoff"],"nature":"Careful","evs":{"hp":252,"atk":0,"def":84,"spa":0,"spd":168,"spe":4},"ivs":{"hp":31,"atk":0,"def":31,"spa":31,"spd":31,"spe":31}},{"name":"Golurk","species":"Golurk","item":"focussash","ability":"No Guard","moves":["stealthrock","curse","dynamicpunch","stoneedge"],"nature":"Adamant","evs":{"hp":4,"atk":252,"def":0,"spa":0,"spd":0,"spe":252},"shiny":true,"ivs":{"hp":31,"atk":31,"def":31,"spa":31,"spd":31,"spe":31}},{"name":"Jellicent","species":"Jellicent","item":"leftovers","ability":"Cursed Body","moves":["acidarmor","toxic","recover","scald"],"nature":"Calm","evs":{"hp":252,"atk":0,"def":4,"spa":0,"spd":252,"spe":0},"gender":"M","ivs":{"hp":31,"atk":0,"def":31,"spa":31,"spd":31,"spe":31}},{"name":"Chandelure","species":"Chandelure","item":"choicescarf","ability":"Infiltrator","moves":["flamethrower","shadowball","energyball","trick"],"nature":"Timid","evs":{"hp":0,"atk":0,"def":4,"spa":252,"spd":0,"spe":252},"ivs":{"hp":31,"atk":0,"def":31,"spa":31,"spd":31,"spe":31},"shiny":true},{"name":"Gengar","species":"Gengar","item":"choicespecs","ability":"Levitate","moves":["dazzlinggleam","shadowball","thunderbolt","sludgewave"],"nature":"Timid","evs":{"hp":4,"atk":0,"def":0,"spa":252,"spd":0,"spe":252},"ivs":{"hp":31,"atk":0,"def":31,"spa":31,"spd":31,"spe":31}}],"p2team":[{"name":"Alakazam","species":"Alakazam","item":"lifeorb","ability":"Magic Guard","moves":["energyball","psychic","focusblast","shadowball"],"nature":"Timid","evs":{"hp":0,"atk":0,"def":0,"spa":252,"spd":4,"spe":252},"gender":"F","shiny":true,"ivs":{"hp":31,"atk":31,"def":31,"spa":31,"spd":31,"spe":31}},{"name":"Latios","species":"Latios","item":"latiosite","ability":"Levitate","moves":["dragonpulse","icebeam","calmmind","defog"],"nature":"Timid","evs":{"hp":0,"atk":0,"def":0,"spa":252,"spd":4,"spe":252},"shiny":true,"ivs":{"hp":31,"atk":31,"def":31,"spa":31,"spd":31,"spe":31}},{"name":"Cresselia","species":"Cresselia","item":"leftovers","ability":"Levitate","moves":["lunardance","thunderwave","psychic","magiccoat"],"nature":"Calm","evs":{"hp":132,"atk":0,"def":120,"spa":4,"spd":252,"spe":0},"shiny":true,"ivs":{"hp":31,"atk":31,"def":31,"spa":31,"spd":31,"spe":31}},{"name":"Victini","species":"Victini","item":"choiceband","ability":"Victory Star","moves":["flareblitz","boltstrike","uturn","facade"],"nature":"Jolly","evs":{"hp":0,"atk":252,"def":0,"spa":0,"spd":4,"spe":252},"ivs":{"hp":31,"atk":31,"def":31,"spa":31,"spd":31,"spe":31}},{"name":"Jynx","species":"Jynx","item":"choicescarf","ability":"Dry Skin","moves":["icebeam","shadowball","psychic","focusblast"],"nature":"Timid","evs":{"hp":0,"atk":0,"def":0,"spa":252,"spd":4,"spe":252},"shiny":true,"ivs":{"hp":31,"atk":31,"def":31,"spa":31,"spd":31,"spe":31}},{"name":"Starmie","species":"Starmie","item":"lifeorb","ability":"Analytic","moves":["rapidspin","psyshock","hydropump","icebeam"],"nature":"Timid","evs":{"hp":0,"atk":0,"def":0,"spa":252,"spd":4,"spe":252},"ivs":{"hp":31,"atk":31,"def":31,"spa":31,"spd":31,"spe":31}}],"log":["|player|p1|InfernalxCrown|infernalxcrown.png","|player|p2|Rain ☆ sidious|278","|gametype|singles","|gen|6","|tier|Monotype","|rated","|rule|Baton Pass Clause: Limit one Baton Passer, can't pass Spe and other stats simultaneously","|rule|Swagger Clause: Swagger is banned","|rule|Same Type Clause: Pokémon in a team must share a type","|clearpoke","|poke|p1|Aegislash, M, shiny","|poke|p1|Sableye, M","|poke|p1|Golurk, shiny","|poke|p1|Jellicent, M","|poke|p1|Chandelure, M, shiny","|poke|p1|Gengar, M","|poke|p2|Alakazam, F, shiny","|poke|p2|Latios, M, shiny","|poke|p2|Cresselia, F, shiny","|poke|p2|Victini","|poke|p2|Jynx, F, shiny","|poke|p2|Starmie","|rule|Sleep Clause Mod: Limit one foe put to sleep","|rule|Species Clause: Limit one of each Pokémon","|rule|OHKO Clause: OHKO moves are banned","|rule|Moody Clause: Moody is banned","|rule|Evasion Moves Clause: Evasion moves are banned","|rule|Endless Battle Clause: Forcing endless battles is banned","|rule|HP Percentage Mod: HP is shown in percentages","|teampreview","|","|start","|switch|p1a: Sableye|Sableye, M|304/304","|switch|p2a: Starmie|Starmie|261/261","|turn|1","|","|switch|p1a: Jellicent|Jellicent, M|404/404","|move|p2a: Starmie|Hydro Pump|p1a: Jellicent","|-resisted|p1a: Jellicent","|-damage|p1a: Jellicent|303/404","|-damage|p2a: Starmie|235/261|[from] item: Life Orb","|","|-heal|p1a: Jellicent|328/404|[from] item: Leftovers","|turn|2","|","|switch|p1a: Aegislash|Aegislash, M, shiny|324/324","|move|p2a: Starmie|Psyshock|p1a: Aegislash","|-resisted|p1a: Aegislash","|-damage|p1a: Aegislash|258/324","|-damage|p2a: Starmie|209/261|[from] item: Life Orb","|","|turn|3","|","|move|p1a: Aegislash|King's Shield|p1a: Aegislash","|-singleturn|p1a: Aegislash|Protect","|move|p2a: Starmie|Hydro Pump|p1a: Aegislash","|-activate|p1a: Aegislash|Protect","|","|turn|4","|","|switch|p1a: Jellicent|Jellicent, M|328/404","|move|p2a: Starmie|Hydro Pump|p1a: Jellicent|[miss]","|-miss|p2a: Starmie|p1a: Jellicent","|","|-heal|p1a: Jellicent|353/404|[from] item: Leftovers","|turn|5","|","|move|p2a: Starmie|Ice Beam|p1a: Jellicent","|-resisted|p1a: Jellicent","|-damage|p1a: Jellicent|309/404","|-damage|p2a: Starmie|183/261|[from] item: Life Orb","|move|p1a: Jellicent|Scald|p2a: Starmie","|-resisted|p2a: Starmie","|-damage|p2a: Starmie|135/261","|","|-heal|p1a: Jellicent|334/404|[from] item: Leftovers","|turn|6","|","|switch|p1a: Aegislash|Aegislash, M, shiny|258/324","|move|p2a: Starmie|Psyshock|p1a: Aegislash","|-resisted|p1a: Aegislash","|-damage|p1a: Aegislash|185/324","|-damage|p2a: Starmie|109/261|[from] item: Life Orb","|","|turn|7","|","|-formechange|p1a: Aegislash|Aegislash-Blade","|move|p1a: Aegislash|Shadow Sneak|p2a: Starmie","|-supereffective|p2a: Starmie","|-damage|p2a: Starmie|0 fnt","|faint|p2a: Starmie","|","|","|switch|p2a: Jynx|Jynx, F, shiny|271/271","|turn|8","|","|move|p2a: Jynx|Shadow Ball|p1a: Aegislash","|-supereffective|p1a: Aegislash","|-damage|p1a: Aegislash|0 fnt","|faint|p1a: Aegislash","|","|","|switch|p1a: Gengar|Gengar, M|262/262","|turn|9","|","|move|p2a: Jynx|Shadow Ball|p1a: Gengar","|-supereffective|p1a: Gengar","|-damage|p1a: Gengar|54/262","|-unboost|p1a: Gengar|spd|1","|move|p1a: Gengar|Shadow Ball|p2a: Jynx","|-supereffective|p2a: Jynx","|-damage|p2a: Jynx|0 fnt","|faint|p2a: Jynx","|","|","|switch|p2a: Alakazam|Alakazam, F, shiny|251/251","|turn|10","|","|switch|p1a: Sableye|Sableye, M|304/304","|move|p2a: Alakazam|Shadow Ball|p1a: Sableye","|-damage|p1a: Sableye|169/304","|","|-heal|p1a: Sableye|188/304|[from] item: Leftovers","|turn|11","|","|move|p2a: Alakazam|Shadow Ball|p1a: Sableye","|-damage|p1a: Sableye|58/304","|move|p1a: Sableye|Knock Off|p2a: Alakazam","|-supereffective|p2a: Alakazam","|-damage|p2a: Alakazam|0 fnt","|-enditem|p2a: Alakazam|Life Orb|[from] move: Knock Off|[of] p1a: Sableye","|faint|p2a: Alakazam","|","|-heal|p1a: Sableye|77/304|[from] item: Leftovers","|","|switch|p2a: Victini|Victini|341/341","|turn|12","|","|switch|p1a: Golurk|Golurk, shiny|320/320","|move|p2a: Victini|U-turn|p1a: Golurk","|-resisted|p1a: Golurk","|-damage|p1a: Golurk|262/320","|","|switch|p2a: Latios|Latios, M, shiny|301/301","|","|turn|13","|","|detailschange|p2a: Latios|Latios-Mega, M, shiny","|-mega|p2a: Latios|Latios|Latiosite","|move|p2a: Latios|Ice Beam|p1a: Golurk","|-crit|p1a: Golurk","|-supereffective|p1a: Golurk","|-damage|p1a: Golurk|0 fnt","|faint|p1a: Golurk","|","|","|switch|p1a: Gengar|Gengar, M|54/262","|turn|14","|","|move|p2a: Latios|Dragon Pulse|p1a: Gengar","|-damage|p1a: Gengar|0 fnt","|faint|p1a: Gengar","|","|","|switch|p1a: Chandelure|Chandelure, M, shiny|261/261","|turn|15","|","|move|p1a: Chandelure|Shadow Ball|p2a: Latios","|-supereffective|p2a: Latios","|-damage|p2a: Latios|17/301","|move|p2a: Latios|Calm Mind|p2a: Latios","|-boost|p2a: Latios|spa|1","|-boost|p2a: Latios|spd|1","|","|turn|16","|","|move|p1a: Chandelure|Shadow Ball|p2a: Latios","|-supereffective|p2a: Latios","|-damage|p2a: Latios|0 fnt","|faint|p2a: Latios","|","|","|switch|p2a: Cresselia|Cresselia, F, shiny|414/414","|turn|17","|","|move|p1a: Chandelure|Shadow Ball|p2a: Cresselia","|-supereffective|p2a: Cresselia","|-damage|p2a: Cresselia|240/414","|move|p2a: Cresselia|Thunder Wave|p1a: Chandelure","|-status|p1a: Chandelure|par","|","|-heal|p2a: Cresselia|265/414|[from] item: Leftovers","|turn|18","|","|move|p2a: Cresselia|Psychic|p1a: Chandelure","|-damage|p1a: Chandelure|165/261 par","|cant|p1a: Chandelure|par","|","|-heal|p2a: Cresselia|290/414|[from] item: Leftovers","|turn|19","|","|switch|p1a: Sableye|Sableye, M|77/304","|move|p2a: Cresselia|Psychic|p1a: Sableye","|-immune|p1a: Sableye|[msg]","|","|-heal|p2a: Cresselia|315/414|[from] item: Leftovers","|-heal|p1a: Sableye|96/304|[from] item: Leftovers","|turn|20","|","|move|p1a: Sableye|Recover|p1a: Sableye","|-heal|p1a: Sableye|248/304","|move|p2a: Cresselia|Thunder Wave|p1a: Sableye","|-status|p1a: Sableye|par","|","|-heal|p2a: Cresselia|340/414|[from] item: Leftovers","|-heal|p1a: Sableye|267/304 par|[from] item: Leftovers","|turn|21","|","|move|p2a: Cresselia|Magic Coat|p2a: Cresselia","|-singleturn|p2a: Cresselia|move: Magic Coat","|move|p1a: Sableye|Knock Off|p2a: Cresselia","|-supereffective|p2a: Cresselia","|-damage|p2a: Cresselia|226/414","|-enditem|p2a: Cresselia|Leftovers|[from] move: Knock Off|[of] p1a: Sableye","|","|-heal|p1a: Sableye|286/304 par|[from] item: Leftovers","|turn|22","|","|switch|p2a: Victini|Victini|341/341","|move|p1a: Sableye|Taunt|p2a: Victini","|-start|p2a: Victini|move: Taunt","|","|-heal|p1a: Sableye|304/304 par|[from] item: Leftovers","|turn|23","|","|move|p2a: Victini|Bolt Strike|p1a: Sableye","|-damage|p1a: Sableye|74/304 par","|cant|p1a: Sableye|par","|","|-heal|p1a: Sableye|93/304 par|[from] item: Leftovers","|turn|24","|","|move|p1a: Sableye|Recover|p1a: Sableye","|-heal|p1a: Sableye|245/304 par","|move|p2a: Victini|Bolt Strike|p1a: Sableye","|-damage|p1a: Sableye|24/304 par","|","|-heal|p1a: Sableye|43/304 par|[from] item: Leftovers","|-end|p2a: Victini|move: Taunt","|turn|25","|","|move|p2a: Victini|Bolt Strike|p1a: Sableye","|-damage|p1a: Sableye|0 fnt","|faint|p1a: Sableye","|","|","|switch|p1a: Chandelure|Chandelure, M, shiny|165/261 par","|turn|26","|","|move|p2a: Victini|Bolt Strike|p1a: Chandelure","|-damage|p1a: Chandelure|0 fnt","|faint|p1a: Chandelure","|","|","|switch|p1a: Jellicent|Jellicent, M|334/404","|turn|27","|","|move|p2a: Victini|Bolt Strike|p1a: Jellicent","|-supereffective|p1a: Jellicent","|-damage|p1a: Jellicent|0 fnt","|faint|p1a: Jellicent","|","|win|Rain ☆ sidious"],"p1rating":{"entryid":"5724468","serverid":"eos","formatid":"monotype","userid":"infernalxcrown","username":"InfernalxCrown","w":"73","l":66,"t":"0","gxe":54.3,"r":"1538.3892425855","rd":"41.509750342369","sigma":"0","rptime":"1438506000","rpr":1532.4476655753,"rprd":41.236084099917,"rpsigma":"0","acre":1188.7785164379,"lacre":1188.7785164379,"oldacre":"1220.7508102372"},"p2rating":{"entryid":"6395890","serverid":"eos","formatid":"monotype","userid":"rainsidious","username":"Rain ☆ sidious","w":48,"l":"60","t":"0","gxe":45.9,"r":"1458.2554562896","rd":"41.958700888471","sigma":"0","rptime":"1438506000","rpr":1468.6119987914,"rprd":40.927016670545,"rpsigma":"0","acre":1153.1897746715,"lacre":1153.1897746715,"oldacre":"1121.2174808722"},"endType":"normal"}