{"seed":[10717,24009,21461,61659],"turns":19,"p1":"Traine✘ LegendBoy","p2":"Cactuar4TW","p1team":[{"name":"Fluffy Goddess","species":"altaria","item":"altarianite","ability":"Natural Cure","moves":["dragondance","return","roost","earthquake"],"nature":"Adamant","evs":{"hp":0,"atk":252,"def":0,"spa":0,"spd":4,"spe":252},"gender":"F","ivs":{"hp":31,"atk":31,"def":31,"spa":31,"spd":31,"spe":31}},{"name":"Safety Shark","species":"garchomp","item":"rockyhelmet","ability":"Rough Skin","moves":["stealthrock","earthquake","dragontail","poisonjab"],"nature":"Jolly","evs":{"hp":0,"atk":4,"def":252,"spa":0,"spd":0,"spe":252},"gender":"M","shiny":true,"ivs":{"hp":31,"atk":31,"def":31,"spa":31,"spd":31,"spe":31}},{"name":"Cerberus","species":"hydreigon","item":"choicescarf","ability":"Levitate","moves":["dracometeor","darkpulse","focusblast","flashcannon"],"nature":"Hasty","evs":{"hp":0,"atk":4,"def":0,"spa":252,"spd":0,"spe":252},"gender":"M","shiny":true,"ivs":{"hp":31,"atk":31,"def":31,"spa":31,"spd":31,"spe":31}},{"name":"Rampager","species":"kyuremblack","item":"choicescarf","ability":"Teravolt","moves":["fusionbolt","outrage","icebeam","ironhead"],"nature":"Naive","evs":{"hp":0,"atk":252,"def":0,"spa":4,"spd":0,"spe":252},"shiny":true,"ivs":{"hp":31,"atk":31,"def":31,"spa":31,"spd":31,"spe":31}},{"name":"Male Indominus","species":"tyrantrum","item":"lumberry","ability":"Rock Head","moves":["dragondance","headsmash","dragonclaw","earthquake"],"nature":"Adamant","evs":{"hp":0,"atk":252,"def":0,"spa":0,"spd":4,"spe":252},"gender":"M","ivs":{"hp":31,"atk":31,"def":31,"spa":31,"spd":31,"spe":31}},{"name":"Delta Airlines","species":"latias","item":"lifeorb","ability":"Levitate","moves":["defog","dracometeor","psyshock","healingwish"],"nature":"Timid","evs":{"hp":0,"atk":0,"def":0,"spa":252,"spd":4,"spe":252},"ivs":{"hp":31,"atk":31,"def":31,"spa":31,"spd":31,"spe":31}}],"p2team":[{"name":"Heracross","species":"Heracross","item":"choicescarf","ability":"Moxie","moves":["megahorn","closecombat","stoneedge","knockoff"],"nature":"Jolly","evs":{"hp":0,"atk":252,"def":4,"spa":0,"spd":0,"spe":252},"gender":"M","ivs":{"hp":31,"atk":31,"def":31,"spa":31,"spd":31,"spe":31}},{"name":"Pinsir","species":"Pinsir","item":"pinsirite","ability":"Moxie","moves":["closecombat","return","quickattack","swordsdance"],"nature":"Jolly","evs":{"hp":0,"atk":252,"def":4,"spa":0,"spd":0,"spe":252},"gender":"M","ivs":{"hp":31,"atk":31,"def":31,"spa":31,"spd":31,"spe":31}},{"name":"Galvantula","species":"Galvantula","item":"focussash","ability":"Compound Eyes","moves":["bugbuzz","thunder","stickyweb","thunderwave"],"nature":"Timid","evs":{"hp":0,"atk":0,"def":0,"spa":252,"spd":4,"spe":252},"gender":"M","ivs":{"hp":31,"atk":31,"def":31,"spa":31,"spd":31,"spe":31}},{"name":"Crustle","species":"Crustle","item":"whiteherb","ability":"Sturdy","moves":["xscissor","rockslide","earthquake","shellsmash"],"nature":"Jolly","evs":{"hp":0,"atk":252,"def":0,"spa":0,"spd":4,"spe":252},"gender":"M","ivs":{"hp":31,"atk":31,"def":31,"spa":31,"spd":31,"spe":31}},{"name":"Volcarona","species":"Volcarona","item":"lumberry","ability":"Flame Body","moves":["fireblast","gigadrain","hiddenpowerice","quiverdance"],"nature":"Timid","evs":{"hp":72,"atk":0,"def":0,"spa":252,"spd":0,"spe":184},"gender":"M","ivs":{"hp":31,"atk":30,"def":30,"spa":31,"spd":31,"spe":31}},{"name":"Armaldo","species":"Armaldo","item":"leftovers","ability":"Battle Armor","moves":["stoneedge","knockoff","rapidspin","stealthrock"],"nature":"Careful","evs":{"hp":252,"atk":0,"def":4,"spa":0,"spd":252,"spe":0},"gender":"M","ivs":{"hp":31,"atk":31,"def":31,"spa":31,"spd":31,"spe":31}}],"log":["|player|p1|Traine✘ LegendBoy|209","|player|p2|Cactuar4TW|1","|gametype|singles","|gen|6","|tier|Monotype","|rated","|rule|Baton Pass Clause: Limit one Baton Passer, can't pass Spe and other stats simultaneously","|rule|Swagger Clause: Swagger is banned","|rule|Same Type Clause: Pokémon in a team must share a type","|clearpoke","|poke|p1|Altaria, F","|poke|p1|Garchomp, M, shiny","|poke|p1|Hydreigon, M, shiny","|poke|p1|Kyurem-Black, shiny","|poke|p1|Tyrantrum, M","|poke|p1|Latias, F","|poke|p2|Heracross, M","|poke|p2|Pinsir, M","|poke|p2|Galvantula, M","|poke|p2|Crustle, M","|poke|p2|Volcarona, M","|poke|p2|Armaldo, M","|rule|Sleep Clause Mod: Limit one foe put to sleep","|rule|Species Clause: Limit one of each Pokémon","|rule|OHKO Clause: OHKO moves are banned","|rule|Moody Clause: Moody is banned","|rule|Evasion Moves Clause: Evasion moves are banned","|rule|Endless Battle Clause: Forcing endless battles is banned","|rule|HP Percentage Mod: HP is shown in percentages","|teampreview","|","|start","|switch|p1a: Safety Shark|Garchomp, M, shiny|357/357","|switch|p2a: Armaldo|Armaldo, M|354/354","|turn|1","|","|move|p1a: Safety Shark|Stealth Rock|p2a: Armaldo","|-sidestart|p2: Cactuar4TW|move: Stealth Rock","|move|p2a: Armaldo|Knock Off|p1a: Safety Shark","|-damage|p1a: Safety Shark|286/357","|-damage|p2a: Armaldo|310/354|[from] ability: Rough Skin|[of] p1a: Safety Shark","|-damage|p2a: Armaldo|251/354|[from] item: Rocky Helmet|[of] p1a: Safety Shark","|-enditem|p1a: Safety Shark|Rocky Helmet|[from] move: Knock Off|[of] p2a: Armaldo","|","|-heal|p2a: Armaldo|273/354|[from] item: Leftovers","|turn|2","|","|move|p1a: Safety Shark|Earthquake|p2a: Armaldo","|-damage|p2a: Armaldo|135/354","|move|p2a: Armaldo|Stealth Rock|p1a: Safety Shark","|-sidestart|p1: Traine✘ LegendBoy|move: Stealth Rock","|","|-heal|p2a: Armaldo|157/354|[from] item: Leftovers","|turn|3","|","|move|p1a: Safety Shark|Earthquake|p2a: Armaldo","|-damage|p2a: Armaldo|15/354","|move|p2a: Armaldo|Rapid Spin|p1a: Safety Shark","|-damage|p1a: Safety Shark|271/357","|-damage|p2a: Armaldo|0 fnt|[from] ability: Rough Skin|[of] p1a: Safety Shark","|faint|p2a: Armaldo","|","|","|switch|p2a: Galvantula|Galvantula, M|281/281","|-damage|p2a: Galvantula|211/281|[from] Stealth Rock","|turn|4","|","|switch|p1a: Delta Airlines|Latias, F|301/301","|-damage|p1a: Delta Airlines|264/301|[from] Stealth Rock","|move|p2a: Galvantula|Sticky Web|p1a: Delta Airlines","|-sidestart|p1: Traine✘ LegendBoy|move: Sticky Web","|","|turn|5","|","|move|p1a: Delta Airlines|Defog|p2a: Galvantula","|-unboost|p2a: Galvantula|evasion|1","|-sideend|p2: Cactuar4TW|Stealth Rock|[from] move: Defog|[of] p2a: Galvantula","|-sideend|p1: Traine✘ LegendBoy|Stealth Rock|[from] move: Defog|[of] p1a: Delta Airlines","|-sideend|p1: Traine✘ LegendBoy|Sticky Web|[from] move: Defog|[of] p1a: Delta Airlines","|move|p2a: Galvantula|Bug Buzz|p1a: Delta Airlines","|-supereffective|p1a: Delta Airlines","|-damage|p1a: Delta Airlines|40/301","|","|turn|6","|","|move|p1a: Delta Airlines|Draco Meteor|p2a: Galvantula","|-crit|p2a: Galvantula","|-damage|p2a: Galvantula|0 fnt","|-unboost|p1a: Delta Airlines|spa|2","|-damage|p1a: Delta Airlines|10/301|[from] item: Life Orb","|faint|p2a: Galvantula","|","|","|switch|p2a: Volcarona|Volcarona, M|329/329","|turn|7","|","|switch|p1a: Rampager|Kyurem-Black, shiny|391/391","|-ability|p1a: Rampager|Teravolt","|move|p2a: Volcarona|Quiver Dance|p2a: Volcarona","|-boost|p2a: Volcarona|spa|1","|-boost|p2a: Volcarona|spd|1","|-boost|p2a: Volcarona|spe|1","|","|turn|8","|","|move|p1a: Rampager|Outrage|p2a: Volcarona","|-damage|p2a: Volcarona|0 fnt","|-status|p1a: Rampager|brn","|faint|p2a: Volcarona","|","|-damage|p1a: Rampager|343/391 brn|[from] brn","|","|switch|p2a: Pinsir|Pinsir, M|271/271","|turn|9","|","|detailschange|p2a: Pinsir|Pinsir-Mega, M","|-mega|p2a: Pinsir|Pinsir|Pinsirite","|move|p1a: Rampager|Outrage|p2a: Pinsir|[from]lockedmove","|-damage|p2a: Pinsir|158/271","|-start|p1a: Rampager|confusion|[fatigue]","|move|p2a: Pinsir|Swords Dance|p2a: Pinsir","|-boost|p2a: Pinsir|atk|2","|","|-damage|p1a: Rampager|295/391 brn|[from] brn","|turn|10","|","|switch|p1a: Male Indominus|Tyrantrum, M|305/305","|move|p2a: Pinsir|Return|p1a: Male Indominus","|-resisted|p1a: Male Indominus","|-damage|p1a: Male Indominus|62/305","|","|turn|11","|","|move|p2a: Pinsir|Quick Attack|p1a: Male Indominus","|-resisted|p1a: Male Indominus","|-damage|p1a: Male Indominus|0 fnt","|faint|p1a: Male Indominus","|","|","|switch|p1a: Fluffy Goddess|Altaria, F|291/291","|turn|12","|","|detailschange|p1a: Fluffy Goddess|Altaria-Mega, F","|-mega|p1a: Fluffy Goddess|Altaria|Altarianite","|move|p2a: Pinsir|Return|p1a: Fluffy Goddess","|-damage|p1a: Fluffy Goddess|0 fnt","|faint|p1a: Fluffy Goddess","|","|","|switch|p1a: Cerberus|Hydreigon, M, shiny|325/325","|turn|13","|","|move|p1a: Cerberus|Draco Meteor|p2a: Pinsir","|-damage|p2a: Pinsir|0 fnt","|-unboost|p1a: Cerberus|spa|2","|faint|p2a: Pinsir","|","|","|switch|p2a: Crustle|Crustle, M|281/281","|turn|14","|","|switch|p1a: Delta Airlines|Latias, F|10/301","|move|p2a: Crustle|Shell Smash|p2a: Crustle","|-unboost|p2a: Crustle|def|1","|-unboost|p2a: Crustle|spd|1","|-boost|p2a: Crustle|atk|2","|-boost|p2a: Crustle|spa|2","|-boost|p2a: Crustle|spe|2","|-enditem|p2a: Crustle|White Herb","|-restoreboost|p2a: Crustle|[silent]","|","|turn|15","|","|move|p2a: Crustle|X-Scissor|p1a: Delta Airlines","|-crit|p1a: Delta Airlines","|-supereffective|p1a: Delta Airlines","|-damage|p1a: Delta Airlines|0 fnt","|faint|p1a: Delta Airlines","|","|","|switch|p1a: Cerberus|Hydreigon, M, shiny|325/325","|turn|16","|","|move|p1a: Cerberus|Draco Meteor|p2a: Crustle","|-ability|p2a: Crustle|Sturdy","|-damage|p2a: Crustle|1/281","|-unboost|p1a: Cerberus|spa|2","|move|p2a: Crustle|X-Scissor|p1a: Cerberus","|-supereffective|p1a: Cerberus","|-damage|p1a: Cerberus|0 fnt","|faint|p1a: Cerberus","|","|","|switch|p1a: Rampager|Kyurem-Black, shiny|295/391 brn","|-ability|p1a: Rampager|Teravolt","|turn|17","|","|move|p1a: Rampager|Outrage|p2a: Crustle","|-crit|p2a: Crustle","|-damage|p2a: Crustle|0 fnt","|faint|p2a: Crustle","|","|-damage|p1a: Rampager|247/391 brn|[from] brn","|","|switch|p2a: Heracross|Heracross, M|301/301","|turn|18","|","|move|p1a: Rampager|Outrage|p2a: Heracross|[from]lockedmove","|-damage|p2a: Heracross|145/301","|move|p2a: Heracross|Close Combat|p1a: Rampager","|-supereffective|p1a: Rampager","|-damage|p1a: Rampager|0 fnt","|-unboost|p2a: Heracross|def|1","|-unboost|p2a: Heracross|spd|1","|faint|p1a: Rampager","|-boost|p2a: Heracross|atk|1|[from] ability: Moxie","|","|","|switch|p1a: Safety Shark|Garchomp, M, shiny|271/357","|turn|19","|","|move|p2a: Heracross|Close Combat|p1a: Safety Shark","|-damage|p1a: Safety Shark|31/357","|-damage|p2a: Heracross|108/301|[from] ability: Rough Skin|[of] p1a: Safety Shark","|-unboost|p2a: Heracross|def|1","|-unboost|p2a: Heracross|spd|1","|move|p1a: Safety Shark|Earthquake|p2a: Heracross","|-resisted|p2a: Heracross","|-damage|p2a: Heracross|0 fnt","|faint|p2a: Heracross","|","|win|Traine✘ LegendBoy"],"p1rating":{"entryid":"6905552","serverid":"eos","formatid":"monotype","userid":"trainelegendboy","username":"Traine✘ LegendBoy","w":3,"l":"5","t":"0","gxe":42,"r":1406.7817073371,"rd":98.237149266542,"sigma":"0","rptime":1438506000,"rpr":1436.7718221935,"rprd":95.224224195755,"rpsigma":"0","acre":1090.7081698576,"lacre":1090.7081698576,"oldacre":"1058.368693494"},"p2rating":{"entryid":"7355125","serverid":"eos","formatid":"monotype","userid":"cactuar4tw","username":"Cactuar4TW","w":"2","l":1,"t":"0","gxe":52.9,"r":"1500","rd":"130","sigma":"0","rptime":"1438506000","rpr":1522.7241835024,"rprd":111.63372053818,"rpsigma":"0","acre":1049.244154556,"lacre":1049.244154556,"oldacre":"1070.5474467027"},"endType":"normal"}