{"seed":[63887,30176,3957,28467],"turns":27,"p1":"Researcher✦Kingdra","p2":"Erebus Kj","p1team":[{"name":"Charizard","species":"Charizard","item":"charizarditex","ability":"Blaze","moves":["bellydrum","dragonclaw","firepunch","furycutter"],"nature":"Jolly","evs":{"hp":4,"atk":252,"def":0,"spa":0,"spd":0,"spe":252},"ivs":{"hp":31,"atk":31,"def":31,"spa":31,"spd":31,"spe":31}},{"name":"Ninetales","species":"Ninetales","item":"heatrock","ability":"Drought","moves":["nastyplot","fireblast","solarbeam","willowisp"],"nature":"Bold","evs":{"hp":168,"atk":0,"def":136,"spa":0,"spd":204,"spe":0},"ivs":{"hp":31,"atk":31,"def":31,"spa":31,"spd":31,"spe":31}},{"name":"Chandelure","species":"Chandelure","item":"choicescarf","ability":"Infiltrator","moves":["fireblast","shadowball","energyball","trick"],"nature":"Timid","evs":{"hp":0,"atk":0,"def":0,"spa":252,"spd":4,"spe":252},"ivs":{"hp":31,"atk":31,"def":31,"spa":31,"spd":31,"spe":31}},{"name":"Darmanitan","species":"Darmanitan","item":"choicescarf","ability":"Sheer Force","moves":["flareblitz","rockslide","uturn","earthquake"],"nature":"Jolly","evs":{"hp":0,"atk":252,"def":0,"spa":0,"spd":4,"spe":252},"ivs":{"hp":31,"atk":31,"def":31,"spa":31,"spd":31,"spe":31}},{"name":"Heatran","species":"Heatran","item":"leftovers","ability":"Flash Fire","moves":["lavaplume","toxic","taunt","stealthrock"],"nature":"Calm","evs":{"hp":248,"atk":0,"def":0,"spa":0,"spd":192,"spe":68},"ivs":{"hp":31,"atk":31,"def":31,"spa":31,"spd":31,"spe":31}},{"name":"Victini","species":"Victini","item":"choicescarf","ability":"Victory Star","moves":["vcreate","boltstrike","zenheadbutt","uturn"],"nature":"Jolly","evs":{"hp":0,"atk":252,"def":4,"spa":0,"spd":0,"spe":252},"ivs":{"hp":31,"atk":31,"def":31,"spa":31,"spd":31,"spe":31}}],"p2team":[{"name":"Azumarill","species":"Azumarill","item":"sitrusberry","ability":"Sap Sipper","moves":["aquajet","playrough","bellydrum"],"nature":"","evs":{"hp":0,"atk":0,"def":0,"spa":0,"spd":0,"spe":0},"ivs":{"hp":31,"atk":31,"def":31,"spa":31,"spd":31,"spe":31}},{"name":"Quagsire","species":"Quagsire","item":"leftovers","ability":"Unaware","moves":["recover","toxic","stockpile","scald"],"nature":"Bold","evs":{"hp":252,"atk":0,"def":252,"spa":4,"spd":0,"spe":0},"ivs":{"hp":31,"atk":31,"def":31,"spa":31,"spd":31,"spe":31}},{"name":"Keldeo","species":"Keldeo","item":"choicespecs","ability":"Justified","moves":["secretsword","scald","hydropump","icywind"],"nature":"Timid","evs":{"hp":0,"atk":0,"def":0,"spa":252,"spd":4,"spe":252},"ivs":{"hp":31,"atk":31,"def":31,"spa":31,"spd":31,"spe":31}},{"name":"Lanturn","species":"Lanturn","item":"leftovers","ability":"Volt Absorb","moves":["voltswitch","soak","thunderwave","healbell"],"nature":"Calm","evs":{"hp":252,"atk":0,"def":4,"spa":0,"spd":252,"spe":0},"ivs":{"hp":31,"atk":31,"def":31,"spa":31,"spd":31,"spe":31}},{"name":"Gyarados","species":"Gyarados","item":"gyaradosite","ability":"Intimidate","moves":["crunch","waterfall","dragondance","earthquake"],"nature":"Adamant","evs":{"hp":0,"atk":252,"def":0,"spa":0,"spd":4,"spe":252},"ivs":{"hp":31,"atk":31,"def":31,"spa":31,"spd":31,"spe":31}},{"name":"Empoleon","species":"Empoleon","item":"leftovers","ability":"Defiant","moves":["stealthrock","flashcannon","grassknot","icebeam"],"nature":"Modest","evs":{"hp":252,"atk":0,"def":0,"spa":252,"spd":4,"spe":0},"ivs":{"hp":31,"atk":31,"def":31,"spa":31,"spd":31,"spe":31}}],"log":["|player|p1|Researcher✦Kingdra|40","|player|p2|Erebus Kj|68","|gametype|singles","|gen|6","|tier|Monotype","|rated","|rule|Baton Pass Clause: Limit one Baton Passer, can't pass Spe and other stats simultaneously","|rule|Swagger Clause: Swagger is banned","|rule|Same Type Clause: Pokémon in a team must share a type","|clearpoke","|poke|p1|Charizard, M","|poke|p1|Ninetales, F","|poke|p1|Chandelure, M","|poke|p1|Darmanitan, F","|poke|p1|Heatran, M","|poke|p1|Victini","|poke|p2|Azumarill, F","|poke|p2|Quagsire, F","|poke|p2|Keldeo","|poke|p2|Lanturn, M","|poke|p2|Gyarados, M","|poke|p2|Empoleon, M","|rule|Sleep Clause Mod: Limit one foe put to sleep","|rule|Species Clause: Limit one of each Pokémon","|rule|OHKO Clause: OHKO moves are banned","|rule|Moody Clause: Moody is banned","|rule|Evasion Moves Clause: Evasion moves are banned","|rule|Endless Battle Clause: Forcing endless battles is banned","|rule|HP Percentage Mod: HP is shown in percentages","|teampreview","|","|start","|switch|p1a: Ninetales|Ninetales, F|329/329","|switch|p2a: Empoleon|Empoleon, M|372/372","|-weather|SunnyDay","|turn|1","|","|move|p1a: Ninetales|Solar Beam|p2a: Empoleon|[still]","|-prepare|p1a: Ninetales|Solar Beam|p2a: Empoleon","|-anim|p1a: Ninetales|Solar Beam|p2a: Empoleon","|-damage|p2a: Empoleon|292/372","|move|p2a: Empoleon|Stealth Rock|p1a: Ninetales","|-sidestart|p1: Researcher✦Kingdra|move: Stealth Rock","|","|-weather|SunnyDay|[upkeep]","|-heal|p2a: Empoleon|315/372|[from] item: Leftovers","|turn|2","|","|switch|p1a: Chandelure|Chandelure, M|261/261","|-damage|p1a: Chandelure|196/261|[from] Stealth Rock","|switch|p2a: Lanturn|Lanturn, M|454/454","|","|-weather|SunnyDay|[upkeep]","|turn|3","|","|move|p1a: Chandelure|Trick|p2a: Lanturn","|-activate|p1a: Chandelure|move: Trick|[of] p2a: Lanturn","|-item|p2a: Lanturn|Choice Scarf|[from] move: Trick","|-item|p1a: Chandelure|Leftovers|[from] move: Trick","|move|p2a: Lanturn|Thunder Wave|p1a: Chandelure","|-status|p1a: Chandelure|par","|","|-weather|SunnyDay|[upkeep]","|-heal|p1a: Chandelure|212/261 par|[from] item: Leftovers","|turn|4","|","|switch|p2a: Azumarill|Azumarill, F|341/341","|move|p1a: Chandelure|Energy Ball|p2a: Azumarill","|-boost|p2a: Azumarill|atk|1|[from] ability: Sap Sipper","|","|-weather|SunnyDay|[upkeep]","|-heal|p1a: Chandelure|228/261 par|[from] item: Leftovers","|turn|5","|","|switch|p2a: Empoleon|Empoleon, M|315/372","|switch|p1a: Victini|Victini|341/341","|-damage|p1a: Victini|256/341|[from] Stealth Rock","|","|-weather|SunnyDay|[upkeep]","|-heal|p2a: Empoleon|338/372|[from] item: Leftovers","|turn|6","|","|switch|p2a: Quagsire|Quagsire, F|394/394","|move|p1a: Victini|Bolt Strike|p2a: Quagsire","|-immune|p2a: Quagsire|[msg]","|","|-weather|SunnyDay|[upkeep]","|turn|7","|","|switch|p1a: Ninetales|Ninetales, F|329/329","|-damage|p1a: Ninetales|247/329|[from] Stealth Rock","|move|p2a: Quagsire|Stockpile|p2a: Quagsire","|-start|p2a: Quagsire|stockpile1","|-boost|p2a: Quagsire|def|1","|-boost|p2a: Quagsire|spd|1","|","|-weather|SunnyDay|[upkeep]","|turn|8","|","|switch|p1a: Charizard|Charizard, M|298/298","|-damage|p1a: Charizard|149/298|[from] Stealth Rock","|switch|p2a: Empoleon|Empoleon, M|338/372","|","|-weather|none","|-heal|p2a: Empoleon|361/372|[from] item: Leftovers","|turn|9","|","|switch|p2a: Lanturn|Lanturn, M|454/454","|detailschange|p1a: Charizard|Charizard-Mega-X, M","|-mega|p1a: Charizard|Charizard|Charizardite X","|move|p1a: Charizard|Fire Punch|p2a: Lanturn","|-resisted|p2a: Lanturn","|-damage|p2a: Lanturn|310/454","|-status|p2a: Lanturn|brn","|","|-damage|p2a: Lanturn|254/454 brn|[from] brn","|turn|10","|","|move|p1a: Charizard|Dragon Claw|p2a: Lanturn","|-damage|p2a: Lanturn|0 fnt","|faint|p2a: Lanturn","|","|","|switch|p2a: Quagsire|Quagsire, F|394/394","|turn|11","|","|move|p1a: Charizard|Fury Cutter|p2a: Quagsire","|-crit|p2a: Quagsire","|-damage|p2a: Quagsire|321/394","|move|p2a: Quagsire|Toxic|p1a: Charizard","|-status|p1a: Charizard|tox","|","|-heal|p2a: Quagsire|345/394|[from] item: Leftovers","|-damage|p1a: Charizard|131/298 tox|[from] psn","|turn|12","|","|move|p1a: Charizard|Fury Cutter|p2a: Quagsire","|-damage|p2a: Quagsire|249/394","|move|p2a: Quagsire|Stockpile|p2a: Quagsire","|-start|p2a: Quagsire|stockpile1","|-boost|p2a: Quagsire|def|1","|-boost|p2a: Quagsire|spd|1","|","|-heal|p2a: Quagsire|273/394|[from] item: Leftovers","|-damage|p1a: Charizard|95/298 tox|[from] psn","|turn|13","|","|move|p1a: Charizard|Fury Cutter|p2a: Quagsire","|-crit|p2a: Quagsire","|-damage|p2a: Quagsire|0 fnt","|faint|p2a: Quagsire","|","|-damage|p1a: Charizard|41/298 tox|[from] psn","|","|switch|p2a: Empoleon|Empoleon, M|361/372","|turn|14","|","|move|p1a: Charizard|Fury Cutter|p2a: Empoleon","|-resisted|p2a: Empoleon","|-damage|p2a: Empoleon|222/372","|move|p2a: Empoleon|Ice Beam|p1a: Charizard","|-damage|p1a: Charizard|0 fnt","|faint|p1a: Charizard","|","|-heal|p2a: Empoleon|245/372|[from] item: Leftovers","|","|switch|p1a: Ninetales|Ninetales, F|247/329","|-damage|p1a: Ninetales|165/329|[from] Stealth Rock","|-weather|SunnyDay","|turn|15","|","|move|p1a: Ninetales|Will-O-Wisp|p2a: Empoleon","|-status|p2a: Empoleon|brn","|move|p2a: Empoleon|Flash Cannon|p1a: Ninetales","|-resisted|p1a: Ninetales","|-damage|p1a: Ninetales|102/329","|","|-weather|SunnyDay|[upkeep]","|-heal|p2a: Empoleon|268/372 brn|[from] item: Leftovers","|-damage|p2a: Empoleon|222/372 brn|[from] brn","|turn|16","|","|move|p1a: Ninetales|Solar Beam|p2a: Empoleon|[still]","|-prepare|p1a: Ninetales|Solar Beam|p2a: Empoleon","|-anim|p1a: Ninetales|Solar Beam|p2a: Empoleon","|-damage|p2a: Empoleon|145/372 brn","|move|p2a: Empoleon|Flash Cannon|p1a: Ninetales","|-resisted|p1a: Ninetales","|-damage|p1a: Ninetales|47/329","|-unboost|p1a: Ninetales|spd|1","|","|-weather|SunnyDay|[upkeep]","|-heal|p2a: Empoleon|168/372 brn|[from] item: Leftovers","|-damage|p2a: Empoleon|122/372 brn|[from] brn","|turn|17","|","|switch|p1a: Chandelure|Chandelure, M|228/261 par","|-damage|p1a: Chandelure|163/261 par|[from] Stealth Rock","|move|p2a: Empoleon|Flash Cannon|p1a: Chandelure","|-resisted|p1a: Chandelure","|-damage|p1a: Chandelure|82/261 par","|","|-weather|SunnyDay|[upkeep]","|-heal|p2a: Empoleon|145/372 brn|[from] item: Leftovers","|-heal|p1a: Chandelure|98/261 par|[from] item: Leftovers","|-damage|p2a: Empoleon|99/372 brn|[from] brn","|turn|18","|","|move|p2a: Empoleon|Flash Cannon|p1a: Chandelure","|-resisted|p1a: Chandelure","|-damage|p1a: Chandelure|25/261 par","|move|p1a: Chandelure|Fire Blast|p2a: Empoleon","|-damage|p2a: Empoleon|0 fnt","|faint|p2a: Empoleon","|","|-weather|SunnyDay|[upkeep]","|-heal|p1a: Chandelure|41/261 par|[from] item: Leftovers","|","|switch|p2a: Gyarados|Gyarados, M|331/331","|-ability|p2a: Gyarados|Intimidate","|-unboost|p1a: Chandelure|atk|1","|turn|19","|","|move|p2a: Gyarados|Dragon Dance|p2a: Gyarados","|-boost|p2a: Gyarados|atk|1","|-boost|p2a: Gyarados|spe|1","|move|p1a: Chandelure|Shadow Ball|p2a: Gyarados","|-damage|p2a: Gyarados|187/331","|-unboost|p2a: Gyarados|spd|1","|","|-weather|SunnyDay|[upkeep]","|-heal|p1a: Chandelure|57/261 par|[from] item: Leftovers","|turn|20","|","|detailschange|p2a: Gyarados|Gyarados-Mega, M","|-mega|p2a: Gyarados|Gyarados|Gyaradosite","|-ability|p2a: Gyarados|Mold Breaker","|move|p2a: Gyarados|Crunch|p1a: Chandelure","|-crit|p1a: Chandelure","|-supereffective|p1a: Chandelure","|-damage|p1a: Chandelure|0 fnt","|faint|p1a: Chandelure","|","|-weather|SunnyDay|[upkeep]","|","|switch|p1a: Darmanitan|Darmanitan, F|351/351","|-damage|p1a: Darmanitan|264/351|[from] Stealth Rock","|turn|21","|","|move|p1a: Darmanitan|U-turn|p2a: Gyarados","|-supereffective|p2a: Gyarados","|-damage|p2a: Gyarados|37/331","|","|switch|p1a: Heatran|Heatran, M|385/385","|-damage|p1a: Heatran|337/385|[from] Stealth Rock","|move|p2a: Gyarados|Waterfall|p1a: Heatran","|-supereffective|p1a: Heatran","|-damage|p1a: Heatran|89/385","|","|-weather|SunnyDay|[upkeep]","|-heal|p1a: Heatran|113/385|[from] item: Leftovers","|turn|22","|","|move|p2a: Gyarados|Earthquake|p1a: Heatran","|-supereffective|p1a: Heatran","|-damage|p1a: Heatran|0 fnt","|faint|p1a: Heatran","|","|-weather|none","|","|switch|p1a: Darmanitan|Darmanitan, F|264/351","|-damage|p1a: Darmanitan|177/351|[from] Stealth Rock","|turn|23","|","|move|p1a: Darmanitan|U-turn|p2a: Gyarados","|-supereffective|p2a: Gyarados","|-damage|p2a: Gyarados|0 fnt","|faint|p2a: Gyarados","|","|switch|p1a: Ninetales|Ninetales, F|47/329","|-damage|p1a: Ninetales|0 fnt|[from] Stealth Rock","|faint|p1a: Ninetales","|","|","|switch|p1a: Victini|Victini|256/341","|switch|p2a: Azumarill|Azumarill, F|341/341","|-damage|p1a: Victini|171/341|[from] Stealth Rock","|turn|24","|","|move|p2a: Azumarill|Aqua Jet|p1a: Victini","|-supereffective|p1a: Victini","|-damage|p1a: Victini|111/341","|move|p1a: Victini|Bolt Strike|p2a: Azumarill","|-supereffective|p2a: Azumarill","|-damage|p2a: Azumarill|47/341","|-status|p2a: Azumarill|par","|-enditem|p2a: Azumarill|Sitrus Berry|[eat]","|-heal|p2a: Azumarill|132/341 par|[from] item: Sitrus Berry","|","|turn|25","|","|move|p2a: Azumarill|Aqua Jet|p1a: Victini","|-crit|p1a: Victini","|-supereffective|p1a: Victini","|-damage|p1a: Victini|21/341","|move|p1a: Victini|Bolt Strike|p2a: Azumarill","|-supereffective|p2a: Azumarill","|-damage|p2a: Azumarill|0 fnt","|faint|p2a: Azumarill","|","|","|switch|p2a: Keldeo|Keldeo|323/323","|turn|26","|","|move|p1a: Victini|Bolt Strike|p2a: Keldeo","|-supereffective|p2a: Keldeo","|-damage|p2a: Keldeo|25/323","|-status|p2a: Keldeo|par","|move|p2a: Keldeo|Scald|p1a: Victini","|-supereffective|p1a: Victini","|-damage|p1a: Victini|0 fnt","|faint|p1a: Victini","|","|","|switch|p1a: Darmanitan|Darmanitan, F|177/351","|-damage|p1a: Darmanitan|90/351|[from] Stealth Rock","|turn|27","|","|move|p1a: Darmanitan|U-turn|p2a: Keldeo","|-resisted|p2a: Keldeo","|-damage|p2a: Keldeo|0 fnt","|faint|p2a: Keldeo","|","|win|Researcher✦Kingdra"],"p1rating":{"entryid":"7350749","serverid":"eos","formatid":"monotype","userid":"researcherkingdra","username":"Researcher✦Kingdra","w":1,"l":"1","t":"0","gxe":48.9,"r":"1500","rd":"130","sigma":"0","rptime":"1438506000","rpr":1491.0700095586,"rprd":115.59160247831,"rpsigma":"0","acre":1049.8071226439,"lacre":1049.8071226439,"oldacre":"1000"},"p2rating":{"entryid":"7151350","serverid":"eos","formatid":"monotype","userid":"erebuskj","username":"Erebus Kj","w":"5","l":6,"t":"0","gxe":44,"r":1471.1802132757,"rd":88.399688179939,"sigma":"0","rptime":1438506000,"rpr":1452.9804973631,"rprd":86.064743359914,"rpsigma":"0","acre":1058.2618717422,"lacre":1058.2618717422,"oldacre":"1086.9547801511"},"endType":"normal"}