{"seed":[10314,53964,32391,40173],"turns":33,"p1":"Alliance-C-Control","p2":"Alliance - Healer","p1team":[{"name":"Raichu","species":"Raichu","item":"custapberry","ability":"Lightning Rod","moves":["brickbreak","endure","fakeout","flail"],"nature":"Jolly","evs":{"hp":0,"atk":252,"def":0,"spa":0,"spd":4,"spe":252},"ivs":{"hp":31,"atk":31,"def":31,"spa":31,"spd":31,"spe":31}},{"name":"Thundurus","species":"Thundurus","item":"leftovers","ability":"Prankster","moves":["flashcannon","thunderbolt","thunderwave","psychic"],"nature":"Timid","evs":{"hp":0,"atk":0,"def":0,"spa":252,"spd":4,"spe":252},"ivs":{"hp":31,"atk":31,"def":31,"spa":31,"spd":31,"spe":31}},{"name":"Magnezone","species":"Magnezone","item":"choicescarf","ability":"Sturdy","moves":["flashcannon","hiddenpowerice","voltswitch","mirrorcoat"],"nature":"Timid","evs":{"hp":0,"atk":0,"def":0,"spa":252,"spd":4,"spe":252},"ivs":{"hp":31,"atk":30,"def":30,"spa":31,"spd":31,"spe":31}},{"name":"Zapdos","species":"Zapdos","item":"rockyhelmet","ability":"Pressure","moves":["defog","roost","heatwave","voltswitch"],"nature":"Modest","evs":{"hp":248,"atk":0,"def":0,"spa":252,"spd":8,"spe":0},"ivs":{"hp":31,"atk":31,"def":31,"spa":31,"spd":31,"spe":31}},{"name":"Rotom-Wash","species":"Rotom-Wash","item":"chestoberry","ability":"Levitate","moves":["hydropump","rest","willowisp","confuseray"],"nature":"Bold","evs":{"hp":252,"atk":0,"def":252,"spa":4,"spd":0,"spe":0},"ivs":{"hp":31,"atk":31,"def":31,"spa":31,"spd":31,"spe":31}},{"name":"Electivire","species":"Electivire","item":"custapberry","ability":"Vital Spirit","moves":["earthquake","icepunch","thunderpunch","facade"],"nature":"Adamant","evs":{"hp":248,"atk":252,"def":0,"spa":0,"spd":8,"spe":0},"ivs":{"hp":31,"atk":31,"def":31,"spa":31,"spd":31,"spe":31}}],"p2team":[{"name":"Ice elemental","species":"mamoswine","item":"lifeorb","ability":"Thick Fat","moves":["earthquake","iciclecrash","knockoff","iceshard"],"nature":"Jolly","evs":{"hp":4,"atk":252,"def":0,"spa":0,"spd":0,"spe":252},"gender":"F","ivs":{"hp":31,"atk":31,"def":31,"spa":31,"spd":31,"spe":31}},{"name":"Water elemental","species":"seismitoad","item":"assaultvest","ability":"Water Absorb","moves":["earthquake","drainpunch","knockoff","poisonjab"],"nature":"Careful","evs":{"hp":4,"atk":252,"def":0,"spa":0,"spd":252,"spe":0},"gender":"F","ivs":{"hp":31,"atk":31,"def":31,"spa":31,"spd":31,"spe":31}},{"name":"Fire elemental","species":"nidoking","item":"choicescarf","ability":"Sheer Force","moves":["sludgewave","flamethrower","thunderbolt","icebeam"],"nature":"Timid","evs":{"hp":4,"atk":0,"def":0,"spa":252,"spd":0,"spe":252},"ivs":{"hp":31,"atk":0,"def":31,"spa":31,"spd":31,"spe":31}},{"name":"Earth elemental","species":"hippowdon","item":"leftovers","ability":"Sand Stream","moves":["earthquake","stealthrock","slackoff","whirlwind"],"nature":"Impish","evs":{"hp":252,"atk":0,"def":252,"spa":0,"spd":4,"spe":0},"gender":"F","ivs":{"hp":31,"atk":31,"def":31,"spa":31,"spd":31,"spe":31}},{"name":"Thunder elemental","species":"excadrill","item":"choiceband","ability":"Sand Rush","moves":["ironhead","earthquake","rockslide","rapidspin"],"nature":"Adamant","evs":{"hp":4,"atk":252,"def":0,"spa":0,"spd":0,"spe":252},"gender":"F","ivs":{"hp":31,"atk":31,"def":31,"spa":31,"spd":31,"spe":31}},{"name":"Air elemental","species":"landorus","item":"lifeorb","ability":"Sheer Force","moves":["earthpower","sludgewave","rockslide","gravity"],"nature":"Naive","evs":{"hp":4,"atk":0,"def":0,"spa":252,"spd":0,"spe":252},"ivs":{"hp":31,"atk":0,"def":31,"spa":31,"spd":31,"spe":31}}],"log":["|player|p1|Alliance-C-Control|190","|player|p2|Alliance - Healer|144","|gametype|singles","|gen|6","|tier|Monotype","|rated","|rule|Baton Pass Clause: Limit one Baton Passer, can't pass Spe and other stats simultaneously","|rule|Swagger Clause: Swagger is banned","|rule|Same Type Clause: Pokémon in a team must share a type","|clearpoke","|poke|p1|Raichu, M","|poke|p1|Thundurus, M","|poke|p1|Magnezone","|poke|p1|Zapdos","|poke|p1|Rotom-Wash","|poke|p1|Electivire, F","|poke|p2|Mamoswine, F","|poke|p2|Seismitoad, F","|poke|p2|Nidoking, M","|poke|p2|Hippowdon, F","|poke|p2|Excadrill, F","|poke|p2|Landorus, M","|rule|Sleep Clause Mod: Limit one foe put to sleep","|rule|Species Clause: Limit one of each Pokémon","|rule|OHKO Clause: OHKO moves are banned","|rule|Moody Clause: Moody is banned","|rule|Evasion Moves Clause: Evasion moves are banned","|rule|Endless Battle Clause: Forcing endless battles is banned","|rule|HP Percentage Mod: HP is shown in percentages","|teampreview","|","|start","|switch|p1a: Rotom-Wash|Rotom-Wash|304/304","|switch|p2a: Water elemental|Seismitoad, F|352/352","|turn|1","|","|move|p1a: Rotom-Wash|Confuse Ray|p2a: Water elemental","|-start|p2a: Water elemental|confusion","|-activate|p2a: Water elemental|confusion","|move|p2a: Water elemental|Knock Off|p1a: Rotom-Wash","|-damage|p1a: Rotom-Wash|244/304","|-enditem|p1a: Rotom-Wash|Chesto Berry|[from] move: Knock Off|[of] p2a: Water elemental","|","|turn|2","|","|move|p1a: Rotom-Wash|Will-O-Wisp|p2a: Water elemental","|-status|p2a: Water elemental|brn","|-activate|p2a: Water elemental|confusion","|-damage|p2a: Water elemental|329/352 brn|[from] confusion","|","|-damage|p2a: Water elemental|285/352 brn|[from] brn","|turn|3","|","|switch|p1a: Magnezone|Magnezone|281/281","|-activate|p2a: Water elemental|confusion","|-damage|p2a: Water elemental|261/352 brn|[from] confusion","|","|-damage|p2a: Water elemental|217/352 brn|[from] brn","|turn|4","|","|switch|p1a: Rotom-Wash|Rotom-Wash|244/304","|-activate|p2a: Water elemental|confusion","|-damage|p2a: Water elemental|191/352 brn|[from] confusion","|","|-damage|p2a: Water elemental|147/352 brn|[from] brn","|turn|5","|","|switch|p1a: Magnezone|Magnezone|281/281","|switch|p2a: Earth elemental|Hippowdon, F|420/420","|-weather|Sandstorm","|","|-weather|Sandstorm|[upkeep]","|turn|6","|","|move|p1a: Magnezone|Hidden Power|p2a: Earth elemental","|-supereffective|p2a: Earth elemental","|-damage|p2a: Earth elemental|232/420","|move|p2a: Earth elemental|Stealth Rock|p1a: Magnezone","|-sidestart|p1: Alliance-C-Control|move: Stealth Rock","|","|-weather|Sandstorm|[upkeep]","|-heal|p2a: Earth elemental|258/420|[from] item: Leftovers","|turn|7","|","|switch|p1a: Rotom-Wash|Rotom-Wash|244/304","|-damage|p1a: Rotom-Wash|206/304|[from] Stealth Rock","|move|p2a: Earth elemental|Slack Off|p2a: Earth elemental","|-heal|p2a: Earth elemental|420/420","|","|-weather|Sandstorm|[upkeep]","|-damage|p1a: Rotom-Wash|187/304|[from] sandstorm","|turn|8","|","|switch|p2a: Water elemental|Seismitoad, F|147/352 brn","|move|p1a: Rotom-Wash|Confuse Ray|p2a: Water elemental","|-start|p2a: Water elemental|confusion","|","|-weather|Sandstorm|[upkeep]","|-damage|p1a: Rotom-Wash|168/304|[from] sandstorm","|-damage|p2a: Water elemental|103/352 brn|[from] brn","|turn|9","|","|switch|p1a: Zapdos|Zapdos|383/383","|-damage|p1a: Zapdos|288/383|[from] Stealth Rock","|-ability|p1a: Zapdos|Pressure","|switch|p2a: Fire elemental|Nidoking, M|304/304","|","|-weather|none","|turn|10","|","|switch|p1a: Magnezone|Magnezone|281/281","|-damage|p1a: Magnezone|264/281|[from] Stealth Rock","|move|p2a: Fire elemental|Ice Beam|p1a: Magnezone","|-resisted|p1a: Magnezone","|-damage|p1a: Magnezone|206/281","|","|turn|11","|","|switch|p2a: Ice elemental|Mamoswine, F|362/362","|move|p1a: Magnezone|Hidden Power|p2a: Ice elemental","|-damage|p2a: Ice elemental|312/362","|","|turn|12","|","|switch|p1a: Raichu|Raichu, M|261/261","|-damage|p1a: Raichu|229/261|[from] Stealth Rock","|move|p2a: Ice elemental|Knock Off|p1a: Raichu","|-damage|p1a: Raichu|0 fnt","|-enditem|p1a: Raichu|Custap Berry|[from] move: Knock Off|[of] p2a: Ice elemental","|-damage|p2a: Ice elemental|276/362|[from] item: Life Orb","|faint|p1a: Raichu","|","|","|switch|p1a: Rotom-Wash|Rotom-Wash|168/304","|-damage|p1a: Rotom-Wash|130/304|[from] Stealth Rock","|turn|13","|","|move|p2a: Ice elemental|Knock Off|p1a: Rotom-Wash","|-damage|p1a: Rotom-Wash|55/304","|-damage|p2a: Ice elemental|240/362|[from] item: Life Orb","|move|p1a: Rotom-Wash|Confuse Ray|p2a: Ice elemental","|-start|p2a: Ice elemental|confusion","|","|turn|14","|","|switch|p2a: Water elemental|Seismitoad, F|103/352 brn","|move|p1a: Rotom-Wash|Rest|p1a: Rotom-Wash","|-status|p1a: Rotom-Wash|slp","|-heal|p1a: Rotom-Wash|304/304 slp|[silent]","|-status|p1a: Rotom-Wash|slp|[from] move: Rest","|","|-damage|p2a: Water elemental|59/352 brn|[from] brn","|turn|15","|","|switch|p1a: Thundurus|Thundurus, M|299/299","|-damage|p1a: Thundurus|225/299|[from] Stealth Rock","|switch|p2a: Air elemental|Landorus, M|320/320","|","|-heal|p1a: Thundurus|243/299|[from] item: Leftovers","|turn|16","|","|switch|p2a: Ice elemental|Mamoswine, F|240/362","|move|p1a: Thundurus|Psychic|p2a: Ice elemental","|-damage|p2a: Ice elemental|73/362","|-unboost|p2a: Ice elemental|spd|1","|","|-heal|p1a: Thundurus|261/299|[from] item: Leftovers","|turn|17","|","|switch|p1a: Rotom-Wash|Rotom-Wash|304/304 slp","|-damage|p1a: Rotom-Wash|266/304 slp|[from] Stealth Rock","|move|p2a: Ice elemental|Ice Shard|p1a: Rotom-Wash","|-resisted|p1a: Rotom-Wash","|-damage|p1a: Rotom-Wash|231/304 slp","|-damage|p2a: Ice elemental|37/362|[from] item: Life Orb","|","|turn|18","|","|switch|p2a: Fire elemental|Nidoking, M|304/304","|switch|p1a: Thundurus|Thundurus, M|261/299","|-damage|p1a: Thundurus|187/299|[from] Stealth Rock","|","|-heal|p1a: Thundurus|205/299|[from] item: Leftovers","|turn|19","|","|move|p2a: Fire elemental|Sludge Wave|p1a: Thundurus","|-damage|p1a: Thundurus|3/299","|move|p1a: Thundurus|Psychic|p2a: Fire elemental","|-supereffective|p2a: Fire elemental","|-damage|p2a: Fire elemental|34/304","|","|-heal|p1a: Thundurus|21/299|[from] item: Leftovers","|turn|20","|","|switch|p1a: Magnezone|Magnezone|206/281","|-damage|p1a: Magnezone|189/281|[from] Stealth Rock","|move|p2a: Fire elemental|Sludge Wave|p1a: Magnezone","|-immune|p1a: Magnezone|[msg]","|","|turn|21","|","|switch|p2a: Earth elemental|Hippowdon, F|420/420","|-weather|Sandstorm","|move|p1a: Magnezone|Hidden Power|p2a: Earth elemental","|-supereffective|p2a: Earth elemental","|-damage|p2a: Earth elemental|234/420","|","|-weather|Sandstorm|[upkeep]","|-heal|p2a: Earth elemental|260/420|[from] item: Leftovers","|turn|22","|","|switch|p1a: Rotom-Wash|Rotom-Wash|231/304 slp","|-damage|p1a: Rotom-Wash|193/304 slp|[from] Stealth Rock","|switch|p2a: Fire elemental|Nidoking, M|34/304","|","|-weather|Sandstorm|[upkeep]","|-damage|p1a: Rotom-Wash|174/304 slp|[from] sandstorm","|turn|23","|","|switch|p1a: Thundurus|Thundurus, M|21/299","|-damage|p1a: Thundurus|0 fnt|[from] Stealth Rock","|faint|p1a: Thundurus","|move|p2a: Fire elemental|Sludge Wave|p1: Thundurus|[notarget]","|-notarget","|","|-weather|Sandstorm|[upkeep]","|","|switch|p1a: Magnezone|Magnezone|189/281","|-damage|p1a: Magnezone|172/281|[from] Stealth Rock","|turn|24","|","|switch|p2a: Ice elemental|Mamoswine, F|37/362","|move|p1a: Magnezone|Hidden Power|p2a: Ice elemental","|-damage|p2a: Ice elemental|0 fnt","|faint|p2a: Ice elemental","|","|-weather|Sandstorm|[upkeep]","|","|switch|p2a: Thunder elemental|Excadrill, F|362/362","|turn|25","|","|switch|p1a: Rotom-Wash|Rotom-Wash|174/304 slp","|-damage|p1a: Rotom-Wash|136/304 slp|[from] Stealth Rock","|move|p2a: Thunder elemental|Rock Slide|p1a: Rotom-Wash","|-miss|p2a: Thunder elemental|p1a: Rotom-Wash","|","|-weather|none","|turn|26","|","|switch|p2a: Fire elemental|Nidoking, M|34/304","|cant|p1a: Rotom-Wash|slp","|","|turn|27","|","|move|p2a: Fire elemental|Sludge Wave|p1a: Rotom-Wash","|-damage|p1a: Rotom-Wash|0 fnt","|faint|p1a: Rotom-Wash","|","|","|switch|p1a: Magnezone|Magnezone|172/281","|-damage|p1a: Magnezone|155/281|[from] Stealth Rock","|turn|28","|","|switch|p2a: Water elemental|Seismitoad, F|59/352 brn","|move|p1a: Magnezone|Hidden Power|p2a: Water elemental","|-damage|p2a: Water elemental|15/352 brn","|","|-damage|p2a: Water elemental|0 fnt|[from] brn","|faint|p2a: Water elemental","|","|switch|p2a: Fire elemental|Nidoking, M|34/304","|turn|29","|","|move|p2a: Fire elemental|Flamethrower|p1a: Magnezone","|-supereffective|p1a: Magnezone","|-damage|p1a: Magnezone|0 fnt","|faint|p1a: Magnezone","|","|","|switch|p1a: Electivire|Electivire, F|353/353","|-damage|p1a: Electivire|309/353|[from] Stealth Rock","|turn|30","|","|move|p2a: Fire elemental|Flamethrower|p1a: Electivire","|-damage|p1a: Electivire|180/353","|move|p1a: Electivire|Ice Punch|p2a: Fire elemental","|-supereffective|p2a: Fire elemental","|-damage|p2a: Fire elemental|0 fnt","|faint|p2a: Fire elemental","|","|","|switch|p2a: Air elemental|Landorus, M|320/320","|turn|31","|","|move|p2a: Air elemental|Earth Power|p1a: Electivire","|-supereffective|p1a: Electivire","|-damage|p1a: Electivire|0 fnt","|faint|p1a: Electivire","|","|","|switch|p1a: Zapdos|Zapdos|288/383","|-damage|p1a: Zapdos|193/383|[from] Stealth Rock","|-ability|p1a: Zapdos|Pressure","|turn|32","|","|move|p2a: Air elemental|Gravity|p2a: Air elemental","|-fieldstart|move: Gravity","|move|p1a: Zapdos|Roost|p1a: Zapdos","|-heal|p1a: Zapdos|383/383","|","|turn|33","|","|move|p2a: Air elemental|Earth Power|p1a: Zapdos","|-crit|p1a: Zapdos","|-supereffective|p1a: Zapdos","|-damage|p1a: Zapdos|0 fnt","|faint|p1a: Zapdos","|","|win|Alliance - Healer"],"p1rating":{"entryid":"6440455","serverid":"eos","formatid":"monotype","userid":"allianceccontrol","username":"Alliance-C-Control","w":"236","l":303,"t":"0","gxe":44.1,"r":"1451.5563081439","rd":"25","sigma":"0","rptime":"1438506000","rpr":1455.6136973573,"rprd":25,"rpsigma":"0","acre":1174.2530641338,"lacre":1174.2530641338,"oldacre":"1186.7074029601"},"p2rating":{"entryid":"5885761","serverid":"eos","formatid":"monotype","userid":"alliancehealer","username":"Alliance - Healer","w":58,"l":"16","t":"0","gxe":76.8,"r":"1723.6836019775","rd":"50.082747427158","sigma":"0","rptime":"1438506000","rpr":1727.5366000913,"rprd":49.611584410857,"rpsigma":"0","acre":1388.3665059638,"lacre":1388.3665059638,"oldacre":"1378.4030349027"},"endType":"normal"}