{"seed":[29266,5644,52844,12561],"turns":25,"p1":"MASTA_X☆용의 사용자","p2":"Emg wickedone","p1team":[{"name":"ヌメルゴン","species":"goodra","item":"leftovers","ability":"Sap Sipper","moves":["curse","dragontail","rest","sleeptalk"],"nature":"Careful","evs":{"hp":252,"atk":0,"def":4,"spa":0,"spd":252,"spe":0},"ivs":{"hp":31,"atk":31,"def":31,"spa":31,"spd":31,"spe":31}},{"name":"ボーマンダ","species":"salamence","item":"choicescarf","ability":"Moxie","moves":["outrage","aerialace","steelwing","earthquake"],"nature":"Jolly","evs":{"hp":0,"atk":252,"def":4,"spa":0,"spd":0,"spe":252},"ivs":{"hp":31,"atk":31,"def":31,"spa":31,"spd":31,"spe":31}},{"name":"キュレム","species":"kyuremblack","item":"powerherb","ability":"Teravolt","moves":["freezeshock","fusionbolt","outrage","dracometeor"],"nature":"Naive","evs":{"hp":0,"atk":252,"def":0,"spa":60,"spd":0,"spe":196},"shiny":true,"ivs":{"hp":31,"atk":31,"def":31,"spa":31,"spd":31,"spe":31}},{"name":"サザンドラ","species":"hydreigon","item":"lifeorb","ability":"Levitate","moves":["darkpulse","flamethrower","dracometeor","flashcannon"],"nature":"Timid","evs":{"hp":4,"atk":0,"def":0,"spa":252,"spd":0,"spe":252},"shiny":true,"ivs":{"hp":31,"atk":31,"def":31,"spa":31,"spd":31,"spe":31}},{"name":"ガチゴラス","species":"tyrantrum","item":"focussash","ability":"Rock Head","moves":["stealthrock","headsmash","earthquake","dragondance"],"nature":"Adamant","evs":{"hp":0,"atk":252,"def":4,"spa":0,"spd":0,"spe":252},"ivs":{"hp":31,"atk":31,"def":31,"spa":31,"spd":31,"spe":31}},{"name":"チルタリス","species":"altaria","item":"altarianite","ability":"Natural Cure","moves":["agility","hypervoice","fireblast","hiddenpowerground"],"nature":"Modest","evs":{"hp":0,"atk":0,"def":4,"spa":252,"spd":0,"spe":252},"ivs":{"hp":31,"atk":31,"def":31,"spa":30,"spd":30,"spe":31},"happiness":0}],"p2team":[{"name":"Celebi","species":"Celebi","item":"leftovers","ability":"Natural Cure","moves":["nastyplot","gigadrain","recover","earthpower"],"nature":"Bold","evs":{"hp":252,"atk":0,"def":148,"spa":0,"spd":0,"spe":108},"ivs":{"hp":31,"atk":31,"def":31,"spa":31,"spd":31,"spe":31}},{"name":"Venusaur","species":"Venusaur","item":"venusaurite","ability":"Chlorophyll","moves":["gigadrain","sludgebomb","synthesis","hiddenpowerfire"],"nature":"Bold","evs":{"hp":248,"atk":0,"def":96,"spa":0,"spd":164,"spe":0},"ivs":{"atk":30,"spa":30,"spe":30,"hp":31,"def":31,"spd":31}},{"name":"Chesnaught","species":"Chesnaught","item":"leftovers","ability":"Bulletproof","moves":["spikes","leechseed","spikyshield","drainpunch"],"nature":"Impish","evs":{"hp":252,"atk":0,"def":252,"spa":0,"spd":4,"spe":0},"ivs":{"hp":31,"atk":31,"def":31,"spa":31,"spd":31,"spe":31}},{"name":"Shaymin","species":"Shaymin","item":"lifeorb","ability":"Natural Cure","moves":["seedflare","dazzlinggleam","earthpower","synthesis"],"nature":"Timid","evs":{"hp":0,"atk":0,"def":0,"spa":252,"spd":4,"spe":252},"ivs":{"hp":31,"atk":31,"def":31,"spa":31,"spd":31,"spe":31}},{"name":"Rotom-Mow","species":"Rotom-Mow","item":"leftovers","ability":"Levitate","moves":["leafstorm","painsplit","voltswitch","thunderwave"],"nature":"Calm","evs":{"hp":252,"atk":0,"def":4,"spa":0,"spd":252,"spe":0},"ivs":{"hp":31,"atk":31,"def":31,"spa":31,"spd":31,"spe":31}},{"name":"Ludicolo","species":"Ludicolo","item":"lifeorb","ability":"Swift Swim","moves":["hydropump","gigadrain","raindance","hiddenpowerfire"],"nature":"Timid","evs":{"hp":0,"atk":0,"def":0,"spa":252,"spd":4,"spe":252},"ivs":{"hp":31,"atk":30,"def":31,"spa":30,"spd":31,"spe":30}}],"log":["|player|p1|MASTA_X☆용의 사용자|alliancewutang.png","|player|p2|Emg wickedone|238","|gametype|singles","|gen|6","|tier|Monotype","|rated","|rule|Baton Pass Clause: Limit one Baton Passer, can't pass Spe and other stats simultaneously","|rule|Swagger Clause: Swagger is banned","|rule|Same Type Clause: Pokémon in a team must share a type","|clearpoke","|poke|p1|Goodra, F","|poke|p1|Salamence, M","|poke|p1|Kyurem-Black, shiny","|poke|p1|Hydreigon, M, shiny","|poke|p1|Tyrantrum, M","|poke|p1|Altaria, M","|poke|p2|Celebi","|poke|p2|Venusaur, M","|poke|p2|Chesnaught, F","|poke|p2|Shaymin","|poke|p2|Rotom-Mow","|poke|p2|Ludicolo, M","|rule|Sleep Clause Mod: Limit one foe put to sleep","|rule|Species Clause: Limit one of each Pokémon","|rule|OHKO Clause: OHKO moves are banned","|rule|Moody Clause: Moody is banned","|rule|Evasion Moves Clause: Evasion moves are banned","|rule|Endless Battle Clause: Forcing endless battles is banned","|rule|HP Percentage Mod: HP is shown in percentages","|teampreview","|","|start","|switch|p1a: ガチゴラス|Tyrantrum, M|305/305","|switch|p2a: Rotom-Mow|Rotom-Mow|304/304","|turn|1","|","|move|p1a: ガチゴラス|Stealth Rock|p2a: Rotom-Mow","|-sidestart|p2: Emg wickedone|move: Stealth Rock","|move|p2a: Rotom-Mow|Thunder Wave|p1a: ガチゴラス","|-status|p1a: ガチゴラス|par","|","|turn|2","|","|move|p2a: Rotom-Mow|Volt Switch|p1a: ガチゴラス","|-resisted|p1a: ガチゴラス","|-damage|p1a: ガチゴラス|237/305 par","|","|switch|p2a: Chesnaught|Chesnaught, F|380/380","|-damage|p2a: Chesnaught|357/380|[from] Stealth Rock","|move|p1a: ガチゴラス|Head Smash|p2a: Chesnaught","|-resisted|p2a: Chesnaught","|-damage|p2a: Chesnaught|272/380","|","|-heal|p2a: Chesnaught|295/380|[from] item: Leftovers","|turn|3","|","|switch|p1a: チルタリス|Altaria, M|291/291","|move|p2a: Chesnaught|Leech Seed|p1a: チルタリス|[miss]","|-miss|p2a: Chesnaught|p1a: チルタリス","|","|-heal|p2a: Chesnaught|318/380|[from] item: Leftovers","|turn|4","|","|detailschange|p1a: チルタリス|Altaria-Mega, M","|-mega|p1a: チルタリス|Altaria|Altarianite","|move|p2a: Chesnaught|Spiky Shield|p2a: Chesnaught","|-singleturn|p2a: Chesnaught|move: Protect","|move|p1a: チルタリス|Hyper Voice|p2a: Chesnaught","|-activate|p2a: Chesnaught|Protect","|","|-heal|p2a: Chesnaught|341/380|[from] item: Leftovers","|turn|5","|","|switch|p2a: Venusaur|Venusaur, M|363/363","|-damage|p2a: Venusaur|318/363|[from] Stealth Rock","|move|p1a: チルタリス|Fire Blast|p2a: Venusaur","|-supereffective|p2a: Venusaur","|-damage|p2a: Venusaur|104/363","|","|turn|6","|","|detailschange|p2a: Venusaur|Venusaur-Mega, M","|-mega|p2a: Venusaur|Venusaur|Venusaurite","|move|p1a: チルタリス|Fire Blast|p2a: Venusaur","|-supereffective|p2a: Venusaur","|-damage|p2a: Venusaur|6/363","|move|p2a: Venusaur|Sludge Bomb|p1a: チルタリス","|-supereffective|p1a: チルタリス","|-damage|p1a: チルタリス|49/291","|","|turn|7","|","|move|p1a: チルタリス|Hyper Voice|p2a: Venusaur","|-resisted|p2a: Venusaur","|-damage|p2a: Venusaur|0 fnt","|faint|p2a: Venusaur","|","|","|switch|p2a: Shaymin|Shaymin|341/341","|-damage|p2a: Shaymin|299/341|[from] Stealth Rock","|turn|8","|","|switch|p1a: ガチゴラス|Tyrantrum, M|237/305 par","|move|p2a: Shaymin|Dazzling Gleam|p1a: ガチゴラス","|-supereffective|p1a: ガチゴラス","|-damage|p1a: ガチゴラス|0 fnt","|-damage|p2a: Shaymin|265/341|[from] item: Life Orb","|faint|p1a: ガチゴラス","|","|","|switch|p1a: キュレム|Kyurem-Black, shiny|391/391","|-ability|p1a: キュレム|Teravolt","|turn|9","|","|switch|p2a: Ludicolo|Ludicolo, M|301/301","|-damage|p2a: Ludicolo|264/301|[from] Stealth Rock","|move|p1a: キュレム|Freeze Shock|p2a: Ludicolo|[still]","|-prepare|p1a: キュレム|Freeze Shock|p2a: Ludicolo","|-enditem|p1a: キュレム|Power Herb","|-anim|p1a: キュレム|Freeze Shock|p2a: Ludicolo","|-damage|p2a: Ludicolo|0 fnt","|faint|p2a: Ludicolo","|","|","|switch|p2a: Chesnaught|Chesnaught, F|341/380","|-damage|p2a: Chesnaught|318/380|[from] Stealth Rock","|turn|10","|","|switch|p1a: ヌメルゴン|Goodra, F|384/384","|move|p2a: Chesnaught|Drain Punch|p1a: ヌメルゴン","|-damage|p1a: ヌメルゴン|267/384","|-heal|p2a: Chesnaught|377/380|[from] drain|[of] p1a: ヌメルゴン","|","|-heal|p1a: ヌメルゴン|291/384|[from] item: Leftovers","|-heal|p2a: Chesnaught|380/380|[from] item: Leftovers","|turn|11","|","|move|p2a: Chesnaught|Spiky Shield|p2a: Chesnaught","|-singleturn|p2a: Chesnaught|move: Protect","|move|p1a: ヌメルゴン|Curse|p1a: ヌメルゴン","|-unboost|p1a: ヌメルゴン|spe|1","|-boost|p1a: ヌメルゴン|atk|1","|-boost|p1a: ヌメルゴン|def|1","|","|-heal|p1a: ヌメルゴン|315/384|[from] item: Leftovers","|turn|12","|","|switch|p2a: Celebi|Celebi|404/404","|-damage|p2a: Celebi|354/404|[from] Stealth Rock","|move|p1a: ヌメルゴン|Curse|p1a: ヌメルゴン","|-unboost|p1a: ヌメルゴン|spe|1","|-boost|p1a: ヌメルゴン|atk|1","|-boost|p1a: ヌメルゴン|def|1","|","|-heal|p2a: Celebi|379/404|[from] item: Leftovers","|-heal|p1a: ヌメルゴン|339/384|[from] item: Leftovers","|turn|13","|","|move|p2a: Celebi|Nasty Plot|p2a: Celebi","|-boost|p2a: Celebi|spa|2","|move|p1a: ヌメルゴン|Curse|p1a: ヌメルゴン","|-unboost|p1a: ヌメルゴン|spe|1","|-boost|p1a: ヌメルゴン|atk|1","|-boost|p1a: ヌメルゴン|def|1","|","|-heal|p2a: Celebi|404/404|[from] item: Leftovers","|-heal|p1a: ヌメルゴン|363/384|[from] item: Leftovers","|turn|14","|","|move|p2a: Celebi|Earth Power|p1a: ヌメルゴン","|-damage|p1a: ヌメルゴン|286/384","|move|p1a: ヌメルゴン|Dragon Tail|p2a: Celebi|[miss]","|-miss|p1a: ヌメルゴン|p2a: Celebi","|","|-heal|p1a: ヌメルゴン|310/384|[from] item: Leftovers","|turn|15","|","|move|p2a: Celebi|Earth Power|p1a: ヌメルゴン","|-damage|p1a: ヌメルゴン|234/384","|move|p1a: ヌメルゴン|Curse|p1a: ヌメルゴン","|-unboost|p1a: ヌメルゴン|spe|1","|-boost|p1a: ヌメルゴン|atk|1","|-boost|p1a: ヌメルゴン|def|1","|","|-heal|p1a: ヌメルゴン|258/384|[from] item: Leftovers","|turn|16","|","|move|p2a: Celebi|Earth Power|p1a: ヌメルゴン","|-damage|p1a: ヌメルゴン|179/384","|move|p1a: ヌメルゴン|Dragon Tail|p2a: Celebi","|-damage|p2a: Celebi|229/404","|drag|p2a: Chesnaught|Chesnaught, F|380/380","|-damage|p2a: Chesnaught|357/380|[from] Stealth Rock","|","|-heal|p2a: Chesnaught|380/380|[from] item: Leftovers","|-heal|p1a: ヌメルゴン|203/384|[from] item: Leftovers","|turn|17","|","|move|p2a: Chesnaught|Spiky Shield|p2a: Chesnaught","|-singleturn|p2a: Chesnaught|move: Protect","|move|p1a: ヌメルゴン|Curse|p1a: ヌメルゴン","|-unboost|p1a: ヌメルゴン|spe|1","|-boost|p1a: ヌメルゴン|atk|1","|-boost|p1a: ヌメルゴン|def|1","|","|-heal|p1a: ヌメルゴン|227/384|[from] item: Leftovers","|turn|18","|","|move|p2a: Chesnaught|Drain Punch|p1a: ヌメルゴン","|-damage|p1a: ヌメルゴン|191/384","|move|p1a: ヌメルゴン|Dragon Tail|p2a: Chesnaught","|-damage|p2a: Chesnaught|236/380","|drag|p2a: Shaymin|Shaymin|265/341","|-damage|p2a: Shaymin|223/341|[from] Stealth Rock","|","|-heal|p1a: ヌメルゴン|215/384|[from] item: Leftovers","|turn|19","|","|move|p2a: Shaymin|Dazzling Gleam|p1a: ヌメルゴン","|-supereffective|p1a: ヌメルゴン","|-damage|p1a: ヌメルゴン|106/384","|-damage|p2a: Shaymin|189/341|[from] item: Life Orb","|move|p1a: ヌメルゴン|Dragon Tail|p2a: Shaymin|[miss]","|-miss|p1a: ヌメルゴン|p2a: Shaymin","|","|-heal|p1a: ヌメルゴン|130/384|[from] item: Leftovers","|turn|20","|","|move|p2a: Shaymin|Synthesis|p2a: Shaymin","|-heal|p2a: Shaymin|341/341","|move|p1a: ヌメルゴン|Rest|p1a: ヌメルゴン","|-status|p1a: ヌメルゴン|slp","|-heal|p1a: ヌメルゴン|384/384 slp|[silent]","|-status|p1a: ヌメルゴン|slp|[from] move: Rest","|","|turn|21","|","|move|p2a: Shaymin|Seed Flare|p1a: ヌメルゴン","|-boost|p1a: ヌメルゴン|atk|1|[from] ability: Sap Sipper","|cant|p1a: ヌメルゴン|slp","|move|p1a: ヌメルゴン|Sleep Talk|p1a: ヌメルゴン","|move|p1a: ヌメルゴン|Dragon Tail|p2a: Shaymin|[from]Sleep Talk","|-damage|p2a: Shaymin|77/341","|drag|p2a: Chesnaught|Chesnaught, F|236/380","|-damage|p2a: Chesnaught|213/380|[from] Stealth Rock","|","|-heal|p2a: Chesnaught|236/380|[from] item: Leftovers","|turn|22","|","|move|p2a: Chesnaught|Drain Punch|p1a: ヌメルゴン","|-damage|p1a: ヌメルゴン|345/384 slp","|-heal|p2a: Chesnaught|256/380|[from] drain|[of] p1a: ヌメルゴン","|cant|p1a: ヌメルゴン|slp","|move|p1a: ヌメルゴン|Sleep Talk|p1a: ヌメルゴン","|move|p1a: ヌメルゴン|Dragon Tail|p2a: Chesnaught|[from]Sleep Talk|[miss]","|-miss|p1a: ヌメルゴン|p2a: Chesnaught","|","|-heal|p2a: Chesnaught|279/380|[from] item: Leftovers","|-heal|p1a: ヌメルゴン|369/384 slp|[from] item: Leftovers","|turn|23","|","|move|p2a: Chesnaught|Drain Punch|p1a: ヌメルゴン","|-damage|p1a: ヌメルゴン|333/384 slp","|-heal|p2a: Chesnaught|297/380|[from] drain|[of] p1a: ヌメルゴン","|-curestatus|p1a: ヌメルゴン|slp","|move|p1a: ヌメルゴン|Curse|p1a: ヌメルゴン","|-unboost|p1a: ヌメルゴン|spe|1","|-boost|p1a: ヌメルゴン|def|1","|","|-heal|p2a: Chesnaught|320/380|[from] item: Leftovers","|-heal|p1a: ヌメルゴン|357/384|[from] item: Leftovers","|turn|24","|","|move|p2a: Chesnaught|Drain Punch|p1a: ヌメルゴン","|-damage|p1a: ヌメルゴン|324/384","|-heal|p2a: Chesnaught|337/380|[from] drain|[of] p1a: ヌメルゴン","|move|p1a: ヌメルゴン|Dragon Tail|p2a: Chesnaught","|-damage|p2a: Chesnaught|175/380","|drag|p2a: Celebi|Celebi|229/404","|-damage|p2a: Celebi|179/404|[from] Stealth Rock","|","|-heal|p2a: Celebi|204/404|[from] item: Leftovers","|-heal|p1a: ヌメルゴン|348/384|[from] item: Leftovers","|turn|25","|","|move|p2a: Celebi|Earth Power|p1a: ヌメルゴン","|-damage|p1a: ヌメルゴン|313/384","|move|p1a: ヌメルゴン|Dragon Tail|p2a: Celebi","|-damage|p2a: Celebi|0 fnt","|faint|p2a: Celebi","|","|-heal|p1a: ヌメルゴン|337/384|[from] item: Leftovers","|","|win|MASTA_X☆용의 사용자"],"p1rating":{"entryid":"7303561","serverid":"eos","formatid":"monotype","userid":"mastax","username":"MASTAX☆용의 사용자","w":15,"l":"3","t":"0","gxe":73.1,"r":"1640.0752479501","rd":"106.41947832638","sigma":"0","rptime":"1438419600","rpr":1691.8957860904,"rprd":73.720991050573,"rpsigma":"0","acre":1280.2724734183,"lacre":1280.2724734183,"oldacre":"1265.5231761359"},"p2rating":{"entryid":"7131399","serverid":"eos","formatid":"monotype","userid":"emgwickedone","username":"Emg wickedone","w":"8","l":8,"t":"0","gxe":51.7,"r":"1524.2722435488","rd":"78.442783891888","sigma":"0","rptime":"1438419600","rpr":1513.0861538202,"rprd":76.86480684385,"rpsigma":"0","acre":1099.4152989366,"lacre":1099.4152989366,"oldacre":"1114.164596219"},"endType":"forfeit"}