{"seed":[56762,42979,53205,388],"turns":25,"p1":"MrNyanNyanz","p2":"ASYLUMISRECRUITING","p1team":[{"name":"Bisharp","species":"Bisharp","item":"blackglasses","ability":"Defiant","moves":["suckerpunch","swordsdance","ironhead","knockoff"],"nature":"Jolly","evs":{"hp":0,"atk":252,"def":0,"spa":0,"spd":4,"spe":252},"ivs":{"hp":31,"atk":31,"def":31,"spa":31,"spd":31,"spe":31}},{"name":"Hydreigon","species":"Hydreigon","item":"choicescarf","ability":"Levitate","moves":["flashcannon","dracometeor","flamethrower","darkpulse"],"nature":"Timid","evs":{"hp":0,"atk":0,"def":0,"spa":252,"spd":4,"spe":252},"ivs":{"hp":31,"atk":31,"def":31,"spa":31,"spd":31,"spe":31}},{"name":"Sableye","species":"Sableye","item":"sablenite","ability":"Prankster","moves":["recover","shadowball","calmmind","willowisp"],"nature":"Bold","evs":{"hp":248,"atk":0,"def":252,"spa":8,"spd":0,"spe":0},"ivs":{"hp":31,"atk":31,"def":31,"spa":31,"spd":31,"spe":31}},{"name":"Hoopa-Unbound","species":"Hoopa-Unbound","item":"choicescarf","ability":"Magician","moves":["hyperspacehole","hyperspacefury","trick","drainpunch"],"nature":"Hasty","evs":{"hp":0,"atk":252,"def":0,"spa":4,"spd":0,"spe":252},"ivs":{"hp":31,"atk":31,"def":31,"spa":31,"spd":31,"spe":31}},{"name":"Zoroark","species":"Zoroark","item":"focussash","ability":"Illusion","moves":["nightdaze","taunt","flamethrower","extrasensory"],"nature":"Timid","evs":{"hp":0,"atk":0,"def":0,"spa":252,"spd":4,"spe":252},"ivs":{"hp":31,"atk":31,"def":31,"spa":31,"spd":31,"spe":31}},{"name":"Mandibuzz","species":"Mandibuzz","item":"rockyhelmet","ability":"Overcoat","moves":["bravebird","roost","defog","irondefense"],"nature":"Careful","evs":{"hp":248,"atk":8,"def":0,"spa":0,"spd":252,"spe":0},"ivs":{"hp":31,"atk":31,"def":31,"spa":31,"spd":31,"spe":31}}],"p2team":[{"name":"Torterra","species":"Torterra","item":"rockyhelmet","ability":"Shell Armor","moves":["earthquake","stealthrock","synthesis","toxic"],"nature":"Impish","evs":{"hp":248,"atk":8,"def":252,"spa":0,"spd":0,"spe":0},"ivs":{"hp":31,"atk":31,"def":31,"spa":31,"spd":31,"spe":31}},{"name":"Shiftry","species":"Shiftry","item":"lifeorb","ability":"Chlorophyll","moves":["knockoff","suckerpunch","seedbomb","swordsdance"],"nature":"Jolly","evs":{"hp":0,"atk":252,"def":0,"spa":0,"spd":4,"spe":252},"ivs":{"hp":31,"atk":31,"def":31,"spa":31,"spd":31,"spe":31}},{"name":"Venusaur","species":"Venusaur","item":"venusaurite","ability":"Overgrow","moves":["leechseed","synthesis","sludgebomb","roar"],"nature":"Calm","evs":{"hp":248,"atk":0,"def":0,"spa":8,"spd":252,"spe":0},"ivs":{"hp":31,"atk":31,"def":31,"spa":31,"spd":31,"spe":31}},{"name":"Serperior","species":"Serperior","item":"lifeorb","ability":"Contrary","moves":["leafstorm","dragonpulse","substitute","hiddenpowerfire"],"nature":"Timid","evs":{"hp":0,"atk":0,"def":0,"spa":252,"spd":4,"spe":252},"ivs":{"hp":31,"atk":30,"def":31,"spa":30,"spd":31,"spe":30}},{"name":"Breloom","species":"Breloom","item":"focussash","ability":"Technician","moves":["machpunch","bulletseed","rocktomb","spore"],"nature":"Jolly","evs":{"hp":0,"atk":252,"def":0,"spa":0,"spd":4,"spe":252},"ivs":{"hp":31,"atk":31,"def":31,"spa":31,"spd":31,"spe":31}},{"name":"Ludicolo","species":"Ludicolo","item":"assaultvest","ability":"Swift Swim","moves":["scald","gigadrain","icebeam","focusblast"],"nature":"Modest","evs":{"hp":0,"atk":0,"def":0,"spa":252,"spd":4,"spe":252},"ivs":{"hp":31,"atk":31,"def":31,"spa":31,"spd":31,"spe":31}}],"log":["|player|p1|MrNyanNyanz|mrnyannyanz.png","|player|p2|ASYLUMISRECRUITING|75","|gametype|singles","|gen|6","|tier|Monotype","|rated","|rule|Baton Pass Clause: Limit one Baton Passer, can't pass Spe and other stats simultaneously","|rule|Swagger Clause: Swagger is banned","|rule|Same Type Clause: Pokémon in a team must share a type","|clearpoke","|poke|p1|Bisharp, M","|poke|p1|Hydreigon, M","|poke|p1|Sableye, F","|poke|p1|Hoopa-Unbound","|poke|p1|Zoroark, M","|poke|p1|Mandibuzz, F","|poke|p2|Torterra, M","|poke|p2|Shiftry, F","|poke|p2|Venusaur, M","|poke|p2|Serperior, M","|poke|p2|Breloom, F","|poke|p2|Ludicolo, M","|rule|Sleep Clause Mod: Limit one foe put to sleep","|rule|Species Clause: Limit one of each Pokémon","|rule|OHKO Clause: OHKO moves are banned","|rule|Moody Clause: Moody is banned","|rule|Evasion Moves Clause: Evasion moves are banned","|rule|Endless Battle Clause: Forcing endless battles is banned","|rule|HP Percentage Mod: HP is shown in percentages","|teampreview","|","|start","|switch|p1a: Hydreigon|Hydreigon, M|325/325","|switch|p2a: Ludicolo|Ludicolo, M|301/301","|turn|1","|","|move|p1a: Hydreigon|Dark Pulse|p2a: Ludicolo","|-damage|p2a: Ludicolo|202/301","|move|p2a: Ludicolo|Focus Blast|p1a: Hydreigon","|-crit|p1a: Hydreigon","|-supereffective|p1a: Hydreigon","|-damage|p1a: Hydreigon|0 fnt","|faint|p1a: Hydreigon","|","|","|switch|p1a: Mandibuzz|Mandibuzz, F|423/423","|turn|2","|","|move|p2a: Ludicolo|Ice Beam|p1a: Mandibuzz","|-supereffective|p1a: Mandibuzz","|-damage|p1a: Mandibuzz|283/423","|-status|p1a: Mandibuzz|frz","|cant|p1a: Mandibuzz|frz","|","|turn|3","|","|switch|p2a: Torterra|Torterra, M|393/393","|cant|p1a: Mandibuzz|frz","|","|turn|4","|","|cant|p1a: Mandibuzz|frz","|move|p2a: Torterra|Stealth Rock|p1a: Mandibuzz","|-sidestart|p1: MrNyanNyanz|move: Stealth Rock","|","|turn|5","|","|switch|p2a: Ludicolo|Ludicolo, M|202/301","|cant|p1a: Mandibuzz|frz","|","|turn|6","|","|move|p2a: Ludicolo|Scald|p1a: Mandibuzz","|-crit|p1a: Mandibuzz","|-damage|p1a: Mandibuzz|138/423 frz","|-curestatus|p1a: Mandibuzz|frz","|move|p1a: Mandibuzz|Roost|p1a: Mandibuzz","|-heal|p1a: Mandibuzz|350/423","|","|turn|7","|","|move|p2a: Ludicolo|Ice Beam|p1a: Mandibuzz","|-supereffective|p1a: Mandibuzz","|-damage|p1a: Mandibuzz|214/423","|move|p1a: Mandibuzz|Roost|p1a: Mandibuzz","|-heal|p1a: Mandibuzz|423/423","|","|turn|8","|","|move|p2a: Ludicolo|Scald|p1a: Mandibuzz","|-damage|p1a: Mandibuzz|329/423","|move|p1a: Mandibuzz|Brave Bird|p2a: Ludicolo","|-supereffective|p2a: Ludicolo","|-damage|p2a: Ludicolo|0 fnt","|-damage|p1a: Mandibuzz|262/423|[from] recoil|[of] p2a: Ludicolo","|faint|p2a: Ludicolo","|","|","|switch|p2a: Venusaur|Venusaur, M|363/363","|turn|9","|","|detailschange|p2a: Venusaur|Venusaur-Mega, M","|-mega|p2a: Venusaur|Venusaur|Venusaurite","|move|p1a: Mandibuzz|Roost|p1a: Mandibuzz","|-heal|p1a: Mandibuzz|423/423","|move|p2a: Venusaur|Leech Seed|p1a: Mandibuzz","|-start|p1a: Mandibuzz|move: Leech Seed","|","|-damage|p1a: Mandibuzz|371/423|[from] Leech Seed|[of] p2a: Venusaur","|turn|10","|","|move|p2a: Venusaur|Sludge Bomb|p1a: Mandibuzz","|-damage|p1a: Mandibuzz|274/423","|move|p1a: Mandibuzz|Brave Bird|p2a: Venusaur","|-supereffective|p2a: Venusaur","|-damage|p2a: Venusaur|181/363","|-damage|p1a: Mandibuzz|214/423|[from] recoil|[of] p2a: Venusaur","|","|-damage|p1a: Mandibuzz|162/423|[from] Leech Seed|[of] p2a: Venusaur","|-heal|p2a: Venusaur|233/363|[silent]","|turn|11","|","|move|p1a: Mandibuzz|Roost|p1a: Mandibuzz","|-heal|p1a: Mandibuzz|374/423","|move|p2a: Venusaur|Sludge Bomb|p1a: Mandibuzz","|-damage|p1a: Mandibuzz|275/423","|","|-damage|p1a: Mandibuzz|223/423|[from] Leech Seed|[of] p2a: Venusaur","|-heal|p2a: Venusaur|285/363|[silent]","|turn|12","|","|move|p2a: Venusaur|Sludge Bomb|p1a: Mandibuzz","|-damage|p1a: Mandibuzz|130/423","|-status|p1a: Mandibuzz|psn","|move|p1a: Mandibuzz|Roost|p1a: Mandibuzz","|-heal|p1a: Mandibuzz|342/423 psn","|","|-damage|p1a: Mandibuzz|290/423 psn|[from] Leech Seed|[of] p2a: Venusaur","|-heal|p2a: Venusaur|337/363|[silent]","|-damage|p1a: Mandibuzz|238/423 psn|[from] psn","|turn|13","|","|switch|p1a: Bisharp|Bisharp, M|271/271","|-damage|p1a: Bisharp|255/271|[from] Stealth Rock","|move|p2a: Venusaur|Sludge Bomb|p1a: Bisharp","|-immune|p1a: Bisharp|[msg]","|","|turn|14","|","|move|p1a: Bisharp|Knock Off|p2a: Venusaur","|-damage|p2a: Venusaur|213/363","|move|p2a: Venusaur|Leech Seed|p1a: Bisharp","|-start|p1a: Bisharp|move: Leech Seed","|","|-damage|p1a: Bisharp|222/271|[from] Leech Seed|[of] p2a: Venusaur","|-heal|p2a: Venusaur|246/363|[silent]","|turn|15","|","|switch|p2a: Torterra|Torterra, M|393/393","|move|p1a: Bisharp|Iron Head|p2a: Torterra","|-damage|p2a: Torterra|293/393","|-damage|p1a: Bisharp|177/271|[from] item: Rocky Helmet|[of] p2a: Torterra","|","|-damage|p1a: Bisharp|144/271|[from] Leech Seed|[of] p2a: Torterra","|-heal|p2a: Torterra|326/393|[silent]","|turn|16","|","|move|p1a: Bisharp|Knock Off|p2a: Torterra","|-damage|p2a: Torterra|185/393","|-damage|p1a: Bisharp|99/271|[from] item: Rocky Helmet|[of] p2a: Torterra","|-enditem|p2a: Torterra|Rocky Helmet|[from] move: Knock Off|[of] p1a: Bisharp","|move|p2a: Torterra|Earthquake|p1a: Bisharp","|-supereffective|p1a: Bisharp","|-damage|p1a: Bisharp|0 fnt","|faint|p1a: Bisharp","|","|","|switch|p1a: Sableye|Sableye, F|261/261","|-damage|p1a: Sableye|229/261|[from] Stealth Rock","|turn|17","|","|move|p1a: Sableye|Flamethrower|p2a: Torterra","|-supereffective|p2a: Torterra","|-damage|p2a: Torterra|0 fnt","|faint|p2a: Torterra","|","|","|switch|p2a: Breloom|Breloom, F|261/261","|turn|18","|","|switch|p1a: Mandibuzz|Mandibuzz, F|238/423 psn","|-damage|p1a: Mandibuzz|133/423 psn|[from] Stealth Rock","|move|p2a: Breloom|Mach Punch|p1a: Mandibuzz","|-damage|p1a: Mandibuzz|34/423 psn","|-damage|p2a: Breloom|218/261|[from] item: Rocky Helmet|[of] p1a: Mandibuzz","|","|-damage|p1a: Mandibuzz|0 fnt|[from] psn","|faint|p1a: Mandibuzz","|","|switch|p1a: Sableye|Sableye, F|303/303","|-damage|p1a: Sableye|266/303|[from] Stealth Rock","|turn|19","|","|switch|p2a: Serperior|Serperior, M|291/291","|detailschange|p1a: Sableye|Sableye-Mega, F","|-mega|p1a: Sableye|Sableye|Sablenite","|move|p1a: Sableye|Will-O-Wisp|p2a: Serperior|[miss]","|-miss|p1a: Sableye|p2a: Serperior","|","|turn|20","|","|switch|p1a: Hoopa-Unbound|Hoopa-Unbound|301/301","|-damage|p1a: Hoopa-Unbound|264/301|[from] Stealth Rock","|move|p2a: Serperior|Substitute|p2a: Serperior","|-start|p2a: Serperior|Substitute","|-damage|p2a: Serperior|219/291","|","|turn|21","|","|move|p1a: Hoopa-Unbound|Hyperspace Fury|p2a: Serperior","|-damage|p2a: Serperior|17/291","|-unboost|p1a: Hoopa-Unbound|def|1","|move|p2a: Serperior|Leaf Storm|p1a: Hoopa-Unbound","|-damage|p1a: Hoopa-Unbound|92/301","|-boost|p2a: Serperior|spa|2","|-damage|p2a: Serperior|0 fnt|[from] item: Life Orb","|faint|p2a: Serperior","|","|","|switch|p2a: Breloom|Breloom, F|218/261","|turn|22","|","|switch|p1a: Sableye|Sableye-Mega, F|266/303","|-damage|p1a: Sableye|229/303|[from] Stealth Rock","|move|p2a: Breloom|Bullet Seed|p1a: Sableye","|-damage|p1a: Sableye|190/303","|-crit|p1a: Sableye","|-damage|p1a: Sableye|126/303","|-damage|p1a: Sableye|84/303","|-damage|p1a: Sableye|44/303","|-damage|p1a: Sableye|4/303","|-hitcount|p1a: Sableye|5","|","|turn|23","|","|move|p2a: Breloom|Bullet Seed|p1a: Sableye","|-damage|p1a: Sableye|0 fnt","|-hitcount|p1a: Sableye|1","|faint|p1a: Sableye","|","|","|switch|p1a: Hoopa-Unbound|Hoopa-Unbound|229/261","|-damage|p1a: Hoopa-Unbound|197/261|[from] Stealth Rock","|turn|24","|","|move|p2a: Breloom|Mach Punch|p1a: Hoopa-Unbound","|-supereffective|p1a: Hoopa-Unbound","|replace|p1a: Zoroark|Zoroark, M|197/261","|-damage|p1a: Zoroark|0 fnt","|faint|p1a: Zoroark","|","|","|switch|p1a: Hoopa-Unbound|Hoopa-Unbound|92/301","|-damage|p1a: Hoopa-Unbound|55/301|[from] Stealth Rock","|turn|25","|","|move|p2a: Breloom|Mach Punch|p1a: Hoopa-Unbound","|-crit|p1a: Hoopa-Unbound","|-damage|p1a: Hoopa-Unbound|0 fnt","|faint|p1a: Hoopa-Unbound","|","|win|ASYLUMISRECRUITING"],"p1rating":{"entryid":"6703862","serverid":"eos","formatid":"monotype","userid":"mrnyannyanz","username":"MrNyanNyanz","w":"32","l":24,"t":"0","gxe":55.1,"r":"1526.4914643426","rd":"51.037148885631","sigma":"0","rptime":"1438506000","rpr":1538.8037937295,"rprd":47.610146032348,"rpsigma":"0","acre":1189.5816418062,"lacre":1189.5816418062,"oldacre":"1229.0273039816"},"p2rating":{"entryid":7346613,"formatid":"monotype","userid":"asylumisrecruiting","username":"ASYLUMISRECRUITING","r":1500,"rd":130,"sigma":0,"rpr":1545.4571196929,"rprd":121.98890548702,"rpsigma":0,"rptime":1438506000,"w":1,"l":0,"t":0,"gxe":55.7,"acre":1063.1130594806,"lacre":1063.1130594806,"oldacre":1000},"endType":"normal"}