{"seed":[28024,51408,58709,45106],"turns":29,"p1":"Alliance-C-Control","p2":"Guard Wulf","p1team":[{"name":"Emolga","species":"Emolga","item":"sitrusberry","ability":"Motor Drive","moves":["acrobatics","tailwind","uturn","roost"],"nature":"Adamant","evs":{"hp":0,"atk":252,"def":0,"spa":0,"spd":4,"spe":252},"ivs":{"hp":31,"atk":31,"def":31,"spa":31,"spd":31,"spe":31}},{"name":"Magnezone","species":"Magnezone","item":"choicescarf","ability":"Sturdy","moves":["flashcannon","hiddenpowerice","triattack","voltswitch"],"nature":"Timid","evs":{"hp":4,"atk":0,"def":0,"spa":252,"spd":0,"spe":252},"ivs":{"hp":31,"atk":30,"def":30,"spa":31,"spd":31,"spe":31}},{"name":"Thundurus","species":"Thundurus","item":"leftovers","ability":"Prankster","moves":["psychic","thunderwave","superpower","thunderbolt"],"nature":"Hasty","evs":{"hp":0,"atk":4,"def":0,"spa":252,"spd":0,"spe":252},"ivs":{"hp":31,"atk":31,"def":31,"spa":31,"spd":31,"spe":31}},{"name":"Zapdos","species":"Zapdos","item":"rockyhelmet","ability":"Pressure","moves":["heatwave","defog","voltswitch","roost"],"nature":"Modest","evs":{"hp":248,"atk":0,"def":0,"spa":252,"spd":8,"spe":0},"ivs":{"hp":31,"atk":31,"def":31,"spa":31,"spd":31,"spe":31}},{"name":"Ampharos","species":"Ampharos","item":"ampharosite","ability":"Static","moves":["dragonpulse","powergem","thunderbolt","focusblast"],"nature":"Modest","evs":{"hp":248,"atk":0,"def":252,"spa":8,"spd":0,"spe":0},"ivs":{"hp":31,"atk":31,"def":31,"spa":31,"spd":31,"spe":31}},{"name":"Rotom-Wash","species":"Rotom-Wash","item":"leftovers","ability":"Levitate","moves":["hydropump","willowisp","snatch","voltswitch"],"nature":"Bold","evs":{"hp":252,"atk":0,"def":248,"spa":0,"spd":0,"spe":0},"ivs":{"hp":31,"atk":31,"def":31,"spa":31,"spd":31,"spe":31}}],"p2team":[{"name":"Hippowdon","species":"Hippowdon","item":"leftovers","ability":"Sand Stream","moves":["stealthrock","slackoff","icefang","toxic"],"nature":"Impish","evs":{"hp":252,"atk":4,"def":252,"spa":0,"spd":0,"spe":0},"ivs":{"hp":31,"atk":31,"def":31,"spa":31,"spd":31,"spe":31}},{"name":"Excadrill","species":"Excadrill","item":"lifeorb","ability":"Sand Rush","moves":["ironhead","earthquake","rapidspin","rockslide"],"nature":"Jolly","evs":{"hp":0,"atk":252,"def":0,"spa":0,"spd":4,"spe":252},"ivs":{"hp":31,"atk":31,"def":31,"spa":31,"spd":31,"spe":31}},{"name":"Garchomp","species":"Garchomp","item":"garchompite","ability":"Sand Veil","moves":["fireblast","stoneedge","dracometeor","earthquake"],"nature":"Naive","evs":{"hp":0,"atk":252,"def":0,"spa":4,"spd":0,"spe":252},"ivs":{"hp":31,"atk":31,"def":31,"spa":31,"spd":31,"spe":31}},{"name":"Landorus","species":"Landorus","item":"lifeorb","ability":"Sheer Force","moves":["earthpower","grassknot","psychic","sludgewave"],"nature":"Timid","evs":{"hp":0,"atk":0,"def":0,"spa":252,"spd":4,"spe":252},"ivs":{"hp":31,"atk":30,"def":30,"spa":31,"spd":31,"spe":31}},{"name":"Seismitoad","species":"Seismitoad","item":"leftovers","ability":"Water Absorb","moves":["knockoff","scald","sludgewave","icepunch"],"nature":"Sassy","evs":{"hp":236,"atk":16,"def":0,"spa":4,"spd":252,"spe":0},"ivs":{"hp":31,"atk":31,"def":31,"spa":31,"spd":31,"spe":31}},{"name":"Diggersby","species":"Diggersby","item":"choicescarf","ability":"Huge Power","moves":["return","firepunch","uturn","earthquake"],"nature":"Jolly","evs":{"hp":0,"atk":252,"def":0,"spa":0,"spd":4,"spe":252},"ivs":{"hp":31,"atk":31,"def":31,"spa":31,"spd":31,"spe":31}}],"log":["|player|p1|Alliance-C-Control|190","|player|p2|Guard Wulf|143","|gametype|singles","|gen|6","|tier|Monotype","|rated","|rule|Baton Pass Clause: Limit one Baton Passer, can't pass Spe and other stats simultaneously","|rule|Swagger Clause: Swagger is banned","|rule|Same Type Clause: Pokémon in a team must share a type","|clearpoke","|poke|p1|Emolga, F","|poke|p1|Magnezone","|poke|p1|Thundurus, M","|poke|p1|Zapdos","|poke|p1|Ampharos, M","|poke|p1|Rotom-Wash","|poke|p2|Hippowdon, F","|poke|p2|Excadrill, M","|poke|p2|Garchomp, F","|poke|p2|Landorus, M","|poke|p2|Seismitoad, M","|poke|p2|Diggersby, M","|rule|Sleep Clause Mod: Limit one foe put to sleep","|rule|Species Clause: Limit one of each Pokémon","|rule|OHKO Clause: OHKO moves are banned","|rule|Moody Clause: Moody is banned","|rule|Evasion Moves Clause: Evasion moves are banned","|rule|Endless Battle Clause: Forcing endless battles is banned","|rule|HP Percentage Mod: HP is shown in percentages","|teampreview","|","|start","|switch|p1a: Rotom-Wash|Rotom-Wash|304/304","|switch|p2a: Diggersby|Diggersby, M|311/311","|turn|1","|","|switch|p1a: Magnezone|Magnezone|282/282","|move|p2a: Diggersby|U-turn|p1a: Magnezone","|-resisted|p1a: Magnezone","|-damage|p1a: Magnezone|240/282","|","|switch|p2a: Seismitoad|Seismitoad, M|410/410","|","|turn|2","|","|switch|p1a: Emolga|Emolga, F|251/251","|move|p2a: Seismitoad|Knock Off|p1a: Emolga","|-damage|p1a: Emolga|147/251","|-enditem|p1a: Emolga|Sitrus Berry|[from] move: Knock Off|[of] p2a: Seismitoad","|","|turn|3","|","|move|p1a: Emolga|Acrobatics|p2a: Seismitoad","|-damage|p2a: Seismitoad|215/410","|move|p2a: Seismitoad|Ice Punch|p1a: Emolga","|-supereffective|p1a: Emolga","|-damage|p1a: Emolga|0 fnt","|faint|p1a: Emolga","|","|-heal|p2a: Seismitoad|240/410|[from] item: Leftovers","|","|switch|p1a: Rotom-Wash|Rotom-Wash|304/304","|turn|4","|","|move|p1a: Rotom-Wash|Will-O-Wisp|p2a: Seismitoad","|-status|p2a: Seismitoad|brn","|move|p2a: Seismitoad|Sludge Wave|p1a: Rotom-Wash","|-damage|p1a: Rotom-Wash|239/304","|","|-heal|p1a: Rotom-Wash|258/304|[from] item: Leftovers","|-heal|p2a: Seismitoad|265/410 brn|[from] item: Leftovers","|-damage|p2a: Seismitoad|214/410 brn|[from] brn","|turn|5","|","|switch|p1a: Thundurus|Thundurus, M|299/299","|switch|p2a: Garchomp|Garchomp, F|357/357","|","|turn|6","|","|switch|p2a: Hippowdon|Hippowdon, F|420/420","|-weather|Sandstorm","|move|p1a: Thundurus|Psychic|p2a: Hippowdon","|-damage|p2a: Hippowdon|293/420","|","|-weather|Sandstorm|[upkeep]","|-damage|p1a: Thundurus|281/299|[from] sandstorm","|-heal|p1a: Thundurus|299/299|[from] item: Leftovers","|-heal|p2a: Hippowdon|319/420|[from] item: Leftovers","|turn|7","|","|switch|p1a: Zapdos|Zapdos|383/383","|-ability|p1a: Zapdos|Pressure","|move|p2a: Hippowdon|Stealth Rock|p1a: Zapdos","|-sidestart|p1: Alliance-C-Control|move: Stealth Rock","|","|-weather|Sandstorm|[upkeep]","|-damage|p1a: Zapdos|360/383|[from] sandstorm","|-heal|p2a: Hippowdon|345/420|[from] item: Leftovers","|turn|8","|","|move|p1a: Zapdos|Defog|p2a: Hippowdon","|-unboost|p2a: Hippowdon|evasion|1","|-sideend|p1: Alliance-C-Control|Stealth Rock|[from] move: Defog|[of] p1a: Zapdos","|move|p2a: Hippowdon|Toxic|p1a: Zapdos|[miss]","|-miss|p2a: Hippowdon|p1a: Zapdos","|","|-weather|Sandstorm|[upkeep]","|-damage|p1a: Zapdos|337/383|[from] sandstorm","|-heal|p2a: Hippowdon|371/420|[from] item: Leftovers","|turn|9","|","|switch|p1a: Magnezone|Magnezone|240/282","|switch|p2a: Excadrill|Excadrill, M|361/361","|","|-weather|Sandstorm|[upkeep]","|turn|10","|","|switch|p1a: Rotom-Wash|Rotom-Wash|258/304","|move|p2a: Excadrill|Earthquake|p1a: Rotom-Wash","|-immune|p1a: Rotom-Wash|[msg]","|","|-weather|none","|-heal|p1a: Rotom-Wash|277/304|[from] item: Leftovers","|turn|11","|","|switch|p2a: Garchomp|Garchomp, F|357/357","|switch|p1a: Thundurus|Thundurus, M|299/299","|","|turn|12","|","|switch|p1a: Rotom-Wash|Rotom-Wash|277/304","|detailschange|p2a: Garchomp|Garchomp-Mega, F","|-mega|p2a: Garchomp|Garchomp|Garchompite","|move|p2a: Garchomp|Stone Edge|p1a: Rotom-Wash","|-damage|p1a: Rotom-Wash|184/304","|","|-heal|p1a: Rotom-Wash|203/304|[from] item: Leftovers","|turn|13","|","|move|p2a: Garchomp|Draco Meteor|p1a: Rotom-Wash","|-damage|p1a: Rotom-Wash|43/304","|-unboost|p2a: Garchomp|spa|2","|move|p1a: Rotom-Wash|Will-O-Wisp|p2a: Garchomp","|-status|p2a: Garchomp|brn","|","|-heal|p1a: Rotom-Wash|62/304|[from] item: Leftovers","|-damage|p2a: Garchomp|313/357 brn|[from] brn","|turn|14","|","|move|p2a: Garchomp|Draco Meteor|p1a: Rotom-Wash","|-damage|p1a: Rotom-Wash|0 fnt","|-unboost|p2a: Garchomp|spa|2","|faint|p1a: Rotom-Wash","|","|-damage|p2a: Garchomp|269/357 brn|[from] brn","|","|switch|p1a: Magnezone|Magnezone|240/282","|turn|15","|","|switch|p2a: Seismitoad|Seismitoad, M|214/410 brn","|move|p1a: Magnezone|Hidden Power|p2a: Seismitoad","|-damage|p2a: Seismitoad|151/410 brn","|","|-heal|p2a: Seismitoad|176/410 brn|[from] item: Leftovers","|-damage|p2a: Seismitoad|125/410 brn|[from] brn","|turn|16","|","|switch|p1a: Thundurus|Thundurus, M|299/299","|move|p2a: Seismitoad|Knock Off|p1a: Thundurus","|-damage|p1a: Thundurus|241/299","|-enditem|p1a: Thundurus|Leftovers|[from] move: Knock Off|[of] p2a: Seismitoad","|","|-heal|p2a: Seismitoad|150/410 brn|[from] item: Leftovers","|-damage|p2a: Seismitoad|99/410 brn|[from] brn","|turn|17","|","|switch|p1a: Ampharos|Ampharos, M|383/383","|move|p2a: Seismitoad|Scald|p1a: Ampharos","|-damage|p1a: Ampharos|298/383","|-status|p1a: Ampharos|brn","|","|-heal|p2a: Seismitoad|124/410 brn|[from] item: Leftovers","|-damage|p2a: Seismitoad|73/410 brn|[from] brn","|-damage|p1a: Ampharos|251/383 brn|[from] brn","|turn|18","|","|detailschange|p1a: Ampharos|Ampharos-Mega, M","|-mega|p1a: Ampharos|Ampharos|Ampharosite","|-ability|p1a: Ampharos|Mold Breaker","|move|p2a: Seismitoad|Scald|p1a: Ampharos","|-resisted|p1a: Ampharos","|-damage|p1a: Ampharos|214/383 brn","|move|p1a: Ampharos|Dragon Pulse|p2a: Seismitoad","|-damage|p2a: Seismitoad|0 fnt","|faint|p2a: Seismitoad","|","|-damage|p1a: Ampharos|167/383 brn|[from] brn","|","|switch|p2a: Landorus|Landorus, M|319/319","|turn|19","|","|move|p2a: Landorus|Earth Power|p1a: Ampharos","|-supereffective|p1a: Ampharos","|-damage|p1a: Ampharos|0 fnt","|faint|p1a: Ampharos","|","|","|switch|p1a: Magnezone|Magnezone|240/282","|turn|20","|","|switch|p2a: Garchomp|Garchomp-Mega, F|269/357 brn","|move|p1a: Magnezone|Hidden Power|p2a: Garchomp","|-supereffective|p2a: Garchomp","|-damage|p2a: Garchomp|0 fnt","|faint|p2a: Garchomp","|","|","|switch|p2a: Excadrill|Excadrill, M|361/361","|turn|21","|","|switch|p1a: Zapdos|Zapdos|337/383","|-ability|p1a: Zapdos|Pressure","|move|p2a: Excadrill|Earthquake|p1a: Zapdos","|-immune|p1a: Zapdos|[msg]","|","|turn|22","|","|switch|p2a: Hippowdon|Hippowdon, F|371/420","|-weather|Sandstorm","|move|p1a: Zapdos|Heat Wave|p2a: Hippowdon","|-crit|p2a: Hippowdon","|-damage|p2a: Hippowdon|149/420","|","|-weather|Sandstorm|[upkeep]","|-damage|p1a: Zapdos|314/383|[from] sandstorm","|-heal|p2a: Hippowdon|175/420|[from] item: Leftovers","|turn|23","|","|move|p1a: Zapdos|Heat Wave|p2a: Hippowdon","|-miss|p1a: Zapdos|p2a: Hippowdon","|move|p2a: Hippowdon|Stealth Rock|p1a: Zapdos","|-sidestart|p1: Alliance-C-Control|move: Stealth Rock","|","|-weather|Sandstorm|[upkeep]","|-damage|p1a: Zapdos|291/383|[from] sandstorm","|-heal|p2a: Hippowdon|201/420|[from] item: Leftovers","|turn|24","|","|move|p1a: Zapdos|Heat Wave|p2a: Hippowdon","|-damage|p2a: Hippowdon|44/420","|move|p2a: Hippowdon|Toxic|p1a: Zapdos","|-status|p1a: Zapdos|tox","|","|-weather|Sandstorm|[upkeep]","|-damage|p1a: Zapdos|268/383 tox|[from] sandstorm","|-heal|p2a: Hippowdon|70/420|[from] item: Leftovers","|-damage|p1a: Zapdos|245/383 tox|[from] psn","|turn|25","|","|switch|p2a: Landorus|Landorus, M|319/319","|move|p1a: Zapdos|Defog|p2a: Landorus","|-unboost|p2a: Landorus|evasion|1","|-sideend|p1: Alliance-C-Control|Stealth Rock|[from] move: Defog|[of] p1a: Zapdos","|","|-weather|Sandstorm|[upkeep]","|-damage|p1a: Zapdos|222/383 tox|[from] sandstorm","|-damage|p1a: Zapdos|176/383 tox|[from] psn","|turn|26","|","|move|p2a: Landorus|Sludge Wave|p1a: Zapdos","|-damage|p1a: Zapdos|0 fnt","|faint|p1a: Zapdos","|","|-weather|none","|","|switch|p1a: Magnezone|Magnezone|240/282","|turn|27","|","|switch|p2a: Hippowdon|Hippowdon, F|70/420","|-weather|Sandstorm","|move|p1a: Magnezone|Hidden Power|p2a: Hippowdon","|-supereffective|p2a: Hippowdon","|-damage|p2a: Hippowdon|0 fnt","|faint|p2a: Hippowdon","|","|-weather|Sandstorm|[upkeep]","|","|switch|p2a: Excadrill|Excadrill, M|361/361","|turn|28","|","|move|p2a: Excadrill|Earthquake|p1a: Magnezone","|-supereffective|p1a: Magnezone","|-damage|p1a: Magnezone|0 fnt","|-damage|p2a: Excadrill|325/361|[from] item: Life Orb","|faint|p1a: Magnezone","|","|-weather|Sandstorm|[upkeep]","|","|switch|p1a: Thundurus|Thundurus, M|241/299","|turn|29","|","|move|p2a: Excadrill|Rock Slide|p1a: Thundurus","|-crit|p1a: Thundurus","|-supereffective|p1a: Thundurus","|-damage|p1a: Thundurus|0 fnt","|-damage|p2a: Excadrill|289/361|[from] item: Life Orb","|faint|p1a: Thundurus","|","|win|Guard Wulf"],"p1rating":{"entryid":"6440455","serverid":"eos","formatid":"monotype","userid":"allianceccontrol","username":"Alliance-C-Control","w":"237","l":304,"t":"0","gxe":44.2,"r":"1451.5563081439","rd":"25","sigma":"0","rptime":"1438506000","rpr":1456.2910846872,"rprd":25,"rpsigma":"0","acre":1161.839578925,"lacre":1161.839578925,"oldacre":"1194.4448328334"},"p2rating":{"entryid":"7326062","serverid":"eos","formatid":"monotype","userid":"guardwulf","username":"Guard Wulf","w":4,"l":"2","t":"0","gxe":57.6,"r":"1534.8437477412","rd":"122.05777227973","sigma":"0","rptime":"1438506000","rpr":1560.0249541044,"rprd":97.720942637042,"rpsigma":"0","acre":1120.7786529381,"lacre":1120.7786529381,"oldacre":"1085.2970357304"},"endType":"normal"}