{"seed":[4356,51493,32451,21752],"turns":29,"p1":"EliteX Veniux","p2":"V Deuce","p1team":[{"name":"Big Mama","species":"slaking","item":"choiceband","ability":"Truant","moves":["gigaimpact","icepunch","firepunch","earthquake"],"nature":"Adamant","evs":{"hp":252,"atk":252,"def":0,"spa":0,"spd":0,"spe":4},"ivs":{"hp":31,"atk":31,"def":31,"spa":31,"spd":31,"spe":31}},{"name":"Exploud","species":"Exploud","item":"choicespecs","ability":"Scrappy","moves":["boomburst","icebeam","extrasensory","shadowball"],"nature":"Modest","evs":{"hp":0,"atk":0,"def":4,"spa":252,"spd":0,"spe":252},"ivs":{"hp":31,"atk":31,"def":31,"spa":31,"spd":31,"spe":31}},{"name":"Geico","species":"kecleon","item":"assaultvest","ability":"Protean","moves":["shadowclaw","drainpunch","suckerpunch","icepunch"],"nature":"Adamant","evs":{"hp":252,"atk":0,"def":252,"spa":0,"spd":4,"spe":0},"ivs":{"hp":31,"atk":31,"def":31,"spa":31,"spd":31,"spe":31}},{"name":"African Bunny","species":"lopunny","item":"lopunnite","ability":"Cute Charm","moves":["highjumpkick","poweruppunch","drainpunch","icepunch"],"nature":"Jolly","evs":{"hp":4,"atk":252,"def":0,"spa":0,"spd":0,"spe":252},"ivs":{"hp":31,"atk":31,"def":31,"spa":31,"spd":31,"spe":31}},{"name":"DragonBall-Z","species":"porygonz","item":"focussash","ability":"Adaptability","moves":["triattack","agility","icebeam","thunderbolt"],"nature":"Modest","evs":{"hp":4,"atk":0,"def":0,"spa":252,"spd":0,"spe":252},"ivs":{"hp":31,"atk":31,"def":31,"spa":31,"spd":31,"spe":31}},{"name":"Swellow","species":"Swellow","item":"flameorb","ability":"Guts","moves":["facade","quickattack","bravebird","protect"],"nature":"Jolly","evs":{"hp":0,"atk":252,"def":0,"spa":0,"spd":4,"spe":252},"ivs":{"hp":31,"atk":31,"def":31,"spa":31,"spd":31,"spe":31}}],"p2team":[{"name":"Aegislash","species":"Aegislash","item":"weaknesspolicy","ability":"Stance Change","moves":["kingsshield","swordsdance","shadowsneak","sacredsword"],"nature":"Adamant","evs":{"hp":208,"atk":252,"def":40,"spa":0,"spd":8,"spe":0},"gender":"M","ivs":{"hp":31,"atk":31,"def":31,"spa":31,"spd":31,"spe":0},"shiny":true},{"name":"Gengar","species":"Gengar","item":"focussash","ability":"Levitate","moves":["sludgewave","focusblast","shadowball","destinybond"],"nature":"Timid","evs":{"hp":0,"atk":0,"def":0,"spa":252,"spd":4,"spe":252},"gender":"M","shiny":true,"ivs":{"hp":31,"atk":31,"def":31,"spa":31,"spd":31,"spe":31}},{"name":"Jellicent","species":"Jellicent","item":"leftovers","ability":"Cursed Body","moves":["toxic","acidarmor","scald","recover"],"nature":"Calm","evs":{"hp":252,"atk":0,"def":4,"spa":0,"spd":252,"spe":0},"gender":"M","shiny":true,"ivs":{"hp":31,"atk":31,"def":31,"spa":31,"spd":31,"spe":31}},{"name":"Chandelure","species":"Chandelure","item":"choicescarf","ability":"Infiltrator","moves":["fireblast","energyball","darkpulse","shadowball"],"nature":"Modest","evs":{"hp":4,"atk":0,"def":0,"spa":252,"spd":0,"spe":252},"gender":"M","shiny":true,"ivs":{"hp":31,"atk":31,"def":31,"spa":31,"spd":31,"spe":31}},{"name":"Sableye","species":"Sableye","item":"sablenite","ability":"Prankster","moves":["calmmind","snarl","recover","willowisp"],"nature":"Bold","evs":{"hp":252,"atk":0,"def":252,"spa":0,"spd":4,"spe":0},"gender":"M","shiny":true,"ivs":{"hp":31,"atk":31,"def":31,"spa":31,"spd":31,"spe":31}},{"name":"Mismagius","species":"Mismagius","item":"leftovers","ability":"Levitate","moves":["taunt","curse","shadowball","healbell"],"nature":"Timid","evs":{"hp":252,"atk":0,"def":0,"spa":4,"spd":0,"spe":252},"gender":"F","ivs":{"hp":31,"atk":31,"def":31,"spa":31,"spd":31,"spe":0},"shiny":true}],"log":["|player|p1|EliteX Veniux|264","|player|p2|V Deuce|224","|gametype|singles","|gen|6","|tier|Monotype","|rated","|rule|Baton Pass Clause: Limit one Baton Passer, can't pass Spe and other stats simultaneously","|rule|Swagger Clause: Swagger is banned","|rule|Same Type Clause: Pokémon in a team must share a type","|clearpoke","|poke|p1|Slaking, M","|poke|p1|Exploud, M","|poke|p1|Kecleon, F","|poke|p1|Lopunny, F","|poke|p1|Porygon-Z","|poke|p1|Swellow, M","|poke|p2|Aegislash, M, shiny","|poke|p2|Gengar, M, shiny","|poke|p2|Jellicent, M, shiny","|poke|p2|Chandelure, M, shiny","|poke|p2|Sableye, M, shiny","|poke|p2|Mismagius, F, shiny","|rule|Sleep Clause Mod: Limit one foe put to sleep","|rule|Species Clause: Limit one of each Pokémon","|rule|OHKO Clause: OHKO moves are banned","|rule|Moody Clause: Moody is banned","|rule|Evasion Moves Clause: Evasion moves are banned","|rule|Endless Battle Clause: Forcing endless battles is banned","|rule|HP Percentage Mod: HP is shown in percentages","|teampreview","|","|start","|switch|p1a: African Bunny|Lopunny, F|272/272","|switch|p2a: Mismagius|Mismagius, F, shiny|324/324","|turn|1","|","|detailschange|p1a: African Bunny|Lopunny-Mega, F","|-mega|p1a: African Bunny|Lopunny|Lopunnite","|move|p1a: African Bunny|High Jump Kick|p2a: Mismagius|[miss]","|-miss|p1a: African Bunny|p2a: Mismagius","|-damage|p1a: African Bunny|136/272|[from] highjumpkick","|move|p2a: Mismagius|Curse|p1a: African Bunny","|-start|p1a: African Bunny|Curse|[of] p2a: Mismagius","|-damage|p2a: Mismagius|162/324","|","|-heal|p2a: Mismagius|182/324|[from] item: Leftovers","|-damage|p1a: African Bunny|68/272|[from] Curse","|turn|2","|","|move|p1a: African Bunny|High Jump Kick|p2a: Mismagius","|-damage|p2a: Mismagius|0 fnt","|faint|p2a: Mismagius","|","|-damage|p1a: African Bunny|0 fnt|[from] Curse","|faint|p1a: African Bunny","|","|switch|p2a: Gengar|Gengar, M, shiny|261/261","|switch|p1a: Geico|Kecleon, F|324/324","|turn|3","|","|move|p1a: Geico|Sucker Punch|p2a: Gengar","|-start|p1a: Geico|typechange|Dark|[from] Protean","|-supereffective|p2a: Gengar","|-enditem|p2a: Gengar|Focus Sash","|-damage|p2a: Gengar|1/261","|move|p2a: Gengar|Focus Blast|p1a: Geico","|-supereffective|p1a: Geico","|-damage|p1a: Geico|170/324","|","|turn|4","|","|move|p1a: Geico|Sucker Punch|p2a: Gengar","|-fail|p1a: Geico","|move|p2a: Gengar|Destiny Bond|p2a: Gengar","|-singlemove|p2a: Gengar|Destiny Bond","|","|turn|5","|","|move|p2a: Gengar|Focus Blast|p1a: Geico|[miss]","|-miss|p2a: Gengar|p1a: Geico","|move|p1a: Geico|Shadow Claw|p2a: Gengar","|-start|p1a: Geico|typechange|Ghost|[from] Protean","|-supereffective|p2a: Gengar","|-damage|p2a: Gengar|0 fnt","|faint|p2a: Gengar","|","|","|switch|p2a: Aegislash|Aegislash, M, shiny|313/313","|turn|6","|","|move|p1a: Geico|Sucker Punch|p2a: Aegislash","|-start|p1a: Geico|typechange|Dark|[from] Protean","|-fail|p1a: Geico","|move|p2a: Aegislash|Swords Dance|p2a: Aegislash","|-boost|p2a: Aegislash|atk|2","|","|turn|7","|","|move|p2a: Aegislash|Swords Dance|p2a: Aegislash","|-boost|p2a: Aegislash|atk|2","|move|p1a: Geico|Shadow Claw|p2a: Aegislash","|-start|p1a: Geico|typechange|Ghost|[from] Protean","|-supereffective|p2a: Aegislash","|-damage|p2a: Aegislash|209/313","|-enditem|p2a: Aegislash|Weakness Policy","|-boost|p2a: Aegislash|atk|2|[from] item: Weakness Policy","|-boost|p2a: Aegislash|spa|2|[from] item: Weakness Policy","|","|turn|8","|","|switch|p1a: Big Mama|Slaking, M|504/504","|-formechange|p2a: Aegislash|Aegislash-Blade","|move|p2a: Aegislash|Sacred Sword|p1a: Big Mama","|-supereffective|p1a: Big Mama","|-damage|p1a: Big Mama|0 fnt","|faint|p1a: Big Mama","|","|","|switch|p1a: Exploud|Exploud, M|349/349","|turn|9","|","|-formechange|p2a: Aegislash|Aegislash","|move|p2a: Aegislash|King's Shield|p2a: Aegislash","|-singleturn|p2a: Aegislash|Protect","|move|p1a: Exploud|Shadow Ball|p2a: Aegislash","|-activate|p2a: Aegislash|Protect","|","|turn|10","|","|move|p1a: Exploud|Shadow Ball|p2a: Aegislash","|-supereffective|p2a: Aegislash","|-damage|p2a: Aegislash|49/313","|-formechange|p2a: Aegislash|Aegislash-Blade","|move|p2a: Aegislash|Sacred Sword|p1a: Exploud","|-supereffective|p1a: Exploud","|-damage|p1a: Exploud|0 fnt","|faint|p1a: Exploud","|","|","|switch|p1a: DragonBall-Z|Porygon-Z|312/312","|turn|11","|","|-formechange|p2a: Aegislash|Aegislash","|move|p2a: Aegislash|King's Shield|p2a: Aegislash","|-singleturn|p2a: Aegislash|Protect","|move|p1a: DragonBall-Z|Ice Beam|p2a: Aegislash","|-activate|p2a: Aegislash|Protect","|","|turn|12","|","|move|p1a: DragonBall-Z|Ice Beam|p2a: Aegislash","|-resisted|p2a: Aegislash","|-damage|p2a: Aegislash|5/313","|-formechange|p2a: Aegislash|Aegislash-Blade","|move|p2a: Aegislash|Sacred Sword|p1a: DragonBall-Z","|-supereffective|p1a: DragonBall-Z","|-enditem|p1a: DragonBall-Z|Focus Sash","|-damage|p1a: DragonBall-Z|1/312","|","|turn|13","|","|move|p2a: Aegislash|Shadow Sneak|p1a: DragonBall-Z","|-immune|p1a: DragonBall-Z|[msg]","|move|p1a: DragonBall-Z|Ice Beam|p2a: Aegislash","|-resisted|p2a: Aegislash","|-damage|p2a: Aegislash|0 fnt","|faint|p2a: Aegislash","|","|","|switch|p2a: Sableye|Sableye, M, shiny|304/304","|turn|14","|","|detailschange|p2a: Sableye|Sableye-Mega, M, shiny","|-mega|p2a: Sableye|Sableye|Sablenite","|move|p2a: Sableye|Calm Mind|p2a: Sableye","|-boost|p2a: Sableye|spa|1","|-boost|p2a: Sableye|spd|1","|move|p1a: DragonBall-Z|Ice Beam|p2a: Sableye","|-damage|p2a: Sableye|230/304","|","|turn|15","|","|move|p1a: DragonBall-Z|Ice Beam|p2a: Sableye","|-damage|p2a: Sableye|155/304","|-status|p2a: Sableye|frz","|cant|p2a: Sableye|frz","|","|turn|16","|","|move|p1a: DragonBall-Z|Ice Beam|p2a: Sableye","|-damage|p2a: Sableye|84/304 frz","|cant|p2a: Sableye|frz","|","|turn|17","|","|move|p1a: DragonBall-Z|Ice Beam|p2a: Sableye","|-crit|p2a: Sableye","|-damage|p2a: Sableye|0 fnt","|faint|p2a: Sableye","|","|","|switch|p2a: Jellicent|Jellicent, M, shiny|404/404","|turn|18","|","|move|p1a: DragonBall-Z|Thunderbolt|p2a: Jellicent","|-supereffective|p2a: Jellicent","|-damage|p2a: Jellicent|246/404","|-start|p1a: DragonBall-Z|Disable|Thunderbolt","|move|p2a: Jellicent|Acid Armor|p2a: Jellicent","|-boost|p2a: Jellicent|def|2","|","|-heal|p2a: Jellicent|271/404|[from] item: Leftovers","|turn|19","|","|switch|p1a: Swellow|Swellow, M|261/261","|move|p2a: Jellicent|Acid Armor|p2a: Jellicent","|-boost|p2a: Jellicent|def|2","|","|-heal|p2a: Jellicent|296/404|[from] item: Leftovers","|-status|p1a: Swellow|brn|[from] item: Flame Orb","|turn|20","|","|move|p1a: Swellow|Brave Bird|p2a: Jellicent","|-damage|p2a: Jellicent|194/404","|-damage|p1a: Swellow|227/261 brn|[from] recoil|[of] p2a: Jellicent","|move|p2a: Jellicent|Scald|p1a: Swellow","|-damage|p1a: Swellow|85/261 brn","|","|-heal|p2a: Jellicent|219/404|[from] item: Leftovers","|-damage|p1a: Swellow|53/261 brn|[from] brn","|turn|21","|","|move|p1a: Swellow|Brave Bird|p2a: Jellicent","|-damage|p2a: Jellicent|114/404","|-start|p1a: Swellow|Disable|Brave Bird","|-damage|p1a: Swellow|18/261 brn|[from] recoil|[of] p2a: Jellicent","|move|p2a: Jellicent|Acid Armor|p2a: Jellicent","|-boost|p2a: Jellicent|def|2","|","|-heal|p2a: Jellicent|139/404|[from] item: Leftovers","|-damage|p1a: Swellow|0 fnt|[from] brn","|faint|p1a: Swellow","|","|switch|p1a: Geico|Kecleon, F|170/324","|turn|22","|","|move|p2a: Jellicent|Scald|p1a: Geico","|-damage|p1a: Geico|124/324","|move|p1a: Geico|Shadow Claw|p2a: Jellicent","|-start|p1a: Geico|typechange|Ghost|[from] Protean","|-supereffective|p2a: Jellicent","|-damage|p2a: Jellicent|89/404","|","|-heal|p2a: Jellicent|114/404|[from] item: Leftovers","|turn|23","|","|move|p2a: Jellicent|Recover|p2a: Jellicent","|-heal|p2a: Jellicent|316/404","|move|p1a: Geico|Shadow Claw|p2a: Jellicent","|-crit|p2a: Jellicent","|-supereffective|p2a: Jellicent","|-damage|p2a: Jellicent|10/404","|","|-heal|p2a: Jellicent|35/404|[from] item: Leftovers","|turn|24","|","|move|p2a: Jellicent|Recover|p2a: Jellicent","|-heal|p2a: Jellicent|237/404","|move|p1a: Geico|Shadow Claw|p2a: Jellicent","|-supereffective|p2a: Jellicent","|-damage|p2a: Jellicent|177/404","|-start|p1a: Geico|Disable|Shadow Claw","|","|-heal|p2a: Jellicent|202/404|[from] item: Leftovers","|turn|25","|","|move|p1a: Geico|Sucker Punch|p2a: Jellicent","|-start|p1a: Geico|typechange|Dark|[from] Protean","|-fail|p1a: Geico","|move|p2a: Jellicent|Recover|p2a: Jellicent","|-heal|p2a: Jellicent|404/404","|","|turn|26","|","|move|p2a: Jellicent|Toxic|p1a: Geico","|-status|p1a: Geico|tox","|move|p1a: Geico|Ice Punch|p2a: Jellicent","|-start|p1a: Geico|typechange|Ice|[from] Protean","|-resisted|p2a: Jellicent","|-damage|p2a: Jellicent|389/404","|","|-heal|p2a: Jellicent|404/404|[from] item: Leftovers","|-damage|p1a: Geico|104/324 tox|[from] psn","|turn|27","|","|move|p1a: Geico|Sucker Punch|p2a: Jellicent","|-start|p1a: Geico|typechange|Dark|[from] Protean","|-supereffective|p2a: Jellicent","|-damage|p2a: Jellicent|336/404","|move|p2a: Jellicent|Scald|p1a: Geico","|-damage|p1a: Geico|58/324 tox","|","|-heal|p2a: Jellicent|361/404|[from] item: Leftovers","|-damage|p1a: Geico|18/324 tox|[from] psn","|turn|28","|","|move|p1a: Geico|Sucker Punch|p2a: Jellicent","|-fail|p1a: Geico","|move|p2a: Jellicent|Recover|p2a: Jellicent","|-heal|p2a: Jellicent|404/404","|","|-damage|p1a: Geico|0 fnt|[from] psn","|faint|p1a: Geico","|","|switch|p1a: DragonBall-Z|Porygon-Z|1/312","|turn|29","|","|move|p1a: DragonBall-Z|Ice Beam|p2a: Jellicent","|-resisted|p2a: Jellicent","|-damage|p2a: Jellicent|364/404","|-start|p1a: DragonBall-Z|Disable|Ice Beam","|move|p2a: Jellicent|Toxic|p1a: DragonBall-Z","|-status|p1a: DragonBall-Z|tox","|","|-heal|p2a: Jellicent|389/404|[from] item: Leftovers","|-damage|p1a: DragonBall-Z|0 fnt|[from] psn","|faint|p1a: DragonBall-Z","|","|win|V Deuce"],"p1rating":{"entryid":"7353858","serverid":"eos","formatid":"monotype","userid":"elitexveniux","username":"EliteX Veniux","w":"1","l":3,"t":"0","gxe":39.5,"r":"1500","rd":"130","sigma":"0","rptime":"1438506000","rpr":1416.1535267382,"rprd":106.44174637796,"rpsigma":"0","acre":1014.4656119551,"lacre":1014.4656119551,"oldacre":"1026.4013594702"},"p2rating":{"entryid":"7309857","serverid":"eos","formatid":"monotype","userid":"vdeuce","username":"V Deuce","w":3,"l":"4","t":"0","gxe":46.9,"r":"1402.1930915644","rd":"110.26082544497","sigma":"0","rptime":"1438506000","rpr":1475.649533776,"rprd":95.07860565536,"rpsigma":"0","acre":1101.4488392872,"lacre":1101.4488392872,"oldacre":"1077.1428749275"},"endType":"normal"}