{"seed":[10756,14361,15408,11732],"turns":24,"p1":"Erebus Kj","p2":"EliteX Veniux","p1team":[{"name":"Hippowdon","species":"Hippowdon","item":"leftovers","ability":"Sand Stream","moves":["slackoff","earthquake","yawn","whirlwind"],"nature":"Impish","evs":{"hp":252,"atk":4,"def":252,"spa":0,"spd":0,"spe":0},"ivs":{"hp":31,"atk":31,"def":31,"spa":31,"spd":31,"spe":31}},{"name":"Excadrill","species":"Excadrill","item":"airballoon","ability":"Sand Rush","moves":["earthquake","ironhead","rockslide","brickbreak"],"nature":"Adamant","evs":{"hp":0,"atk":252,"def":0,"spa":0,"spd":4,"spe":252},"ivs":{"hp":31,"atk":31,"def":31,"spa":31,"spd":31,"spe":31}},{"name":"Landorus","species":"Landorus","item":"lifeorb","ability":"Sheer Force","moves":["psychic","earthpower","sludgewave","focusblast"],"nature":"Timid","evs":{"hp":0,"atk":0,"def":0,"spa":252,"spd":4,"spe":252},"ivs":{"hp":31,"atk":31,"def":31,"spa":31,"spd":31,"spe":31}},{"name":"Gastrodon","species":"Gastrodon","item":"leftovers","ability":"Storm Drain","moves":["scald","clearsmog","recover","toxic"],"nature":"Calm","evs":{"hp":252,"atk":0,"def":0,"spa":4,"spd":252,"spe":0},"ivs":{"hp":31,"atk":31,"def":31,"spa":31,"spd":31,"spe":31}},{"name":"Mamoswine","species":"Mamoswine","item":"focussash","ability":"Thick Fat","moves":["stealthrock","iceshard","earthquake","iciclecrash"],"nature":"Adamant","evs":{"hp":248,"atk":252,"def":0,"spa":0,"spd":8,"spe":0},"ivs":{"hp":31,"atk":31,"def":31,"spa":31,"spd":31,"spe":31}},{"name":"Garchomp","species":"Garchomp","item":"brightpowder","ability":"Sand Veil","moves":["substitute","outrage","earthquake","swordsdance"],"nature":"Jolly","evs":{"hp":0,"atk":252,"def":0,"spa":0,"spd":4,"spe":252},"ivs":{"hp":31,"atk":31,"def":31,"spa":31,"spd":31,"spe":31}}],"p2team":[{"name":"Big Mama","species":"slaking","item":"choiceband","ability":"Truant","moves":["gigaimpact","icepunch","firepunch","earthquake"],"nature":"Adamant","evs":{"hp":252,"atk":252,"def":0,"spa":0,"spd":0,"spe":4},"ivs":{"hp":31,"atk":31,"def":31,"spa":31,"spd":31,"spe":31}},{"name":"Exploud","species":"Exploud","item":"choicespecs","ability":"Scrappy","moves":["boomburst","icebeam","extrasensory","shadowball"],"nature":"Modest","evs":{"hp":0,"atk":0,"def":4,"spa":252,"spd":0,"spe":252},"ivs":{"hp":31,"atk":31,"def":31,"spa":31,"spd":31,"spe":31}},{"name":"Geico","species":"kecleon","item":"assaultvest","ability":"Protean","moves":["shadowclaw","drainpunch","suckerpunch","icepunch"],"nature":"Adamant","evs":{"hp":252,"atk":0,"def":252,"spa":0,"spd":4,"spe":0},"ivs":{"hp":31,"atk":31,"def":31,"spa":31,"spd":31,"spe":31}},{"name":"African Bunny","species":"lopunny","item":"lopunnite","ability":"Cute Charm","moves":["highjumpkick","poweruppunch","drainpunch","icepunch"],"nature":"Jolly","evs":{"hp":4,"atk":252,"def":0,"spa":0,"spd":0,"spe":252},"ivs":{"hp":31,"atk":31,"def":31,"spa":31,"spd":31,"spe":31}},{"name":"DragonBall-Z","species":"porygonz","item":"focussash","ability":"Adaptability","moves":["triattack","agility","icebeam","thunderbolt"],"nature":"Modest","evs":{"hp":4,"atk":0,"def":0,"spa":252,"spd":0,"spe":252},"ivs":{"hp":31,"atk":31,"def":31,"spa":31,"spd":31,"spe":31}},{"name":"Swellow","species":"Swellow","item":"flameorb","ability":"Guts","moves":["facade","quickattack","bravebird","protect"],"nature":"Jolly","evs":{"hp":0,"atk":252,"def":0,"spa":0,"spd":4,"spe":252},"ivs":{"hp":31,"atk":31,"def":31,"spa":31,"spd":31,"spe":31}}],"log":["|player|p1|Erebus Kj|68","|player|p2|EliteX Veniux|264","|gametype|singles","|gen|6","|tier|Monotype","|rated","|rule|Baton Pass Clause: Limit one Baton Passer, can't pass Spe and other stats simultaneously","|rule|Swagger Clause: Swagger is banned","|rule|Same Type Clause: Pokémon in a team must share a type","|clearpoke","|poke|p1|Hippowdon, M","|poke|p1|Excadrill, F","|poke|p1|Landorus, M","|poke|p1|Gastrodon, M","|poke|p1|Mamoswine, F","|poke|p1|Garchomp, M","|poke|p2|Slaking, F","|poke|p2|Exploud, F","|poke|p2|Kecleon, F","|poke|p2|Lopunny, F","|poke|p2|Porygon-Z","|poke|p2|Swellow, F","|rule|Sleep Clause Mod: Limit one foe put to sleep","|rule|Species Clause: Limit one of each Pokémon","|rule|OHKO Clause: OHKO moves are banned","|rule|Moody Clause: Moody is banned","|rule|Evasion Moves Clause: Evasion moves are banned","|rule|Endless Battle Clause: Forcing endless battles is banned","|rule|HP Percentage Mod: HP is shown in percentages","|teampreview","|","|start","|switch|p1a: Hippowdon|Hippowdon, M|420/420","|switch|p2a: DragonBall-Z|Porygon-Z|312/312","|-weather|Sandstorm","|turn|1","|","|switch|p1a: Gastrodon|Gastrodon, M|426/426","|move|p2a: DragonBall-Z|Ice Beam|p1a: Gastrodon","|-crit|p1a: Gastrodon","|-damage|p1a: Gastrodon|271/426","|-status|p1a: Gastrodon|frz","|","|-weather|Sandstorm|[upkeep]","|-damage|p2a: DragonBall-Z|293/312|[from] sandstorm","|-heal|p1a: Gastrodon|297/426 frz|[from] item: Leftovers","|turn|2","|","|move|p2a: DragonBall-Z|Ice Beam|p1a: Gastrodon","|-damage|p1a: Gastrodon|197/426 frz","|cant|p1a: Gastrodon|frz","|","|-weather|Sandstorm|[upkeep]","|-damage|p2a: DragonBall-Z|274/312|[from] sandstorm","|-heal|p1a: Gastrodon|223/426 frz|[from] item: Leftovers","|turn|3","|","|move|p2a: DragonBall-Z|Tri Attack|p1a: Gastrodon","|-damage|p1a: Gastrodon|39/426 frz","|cant|p1a: Gastrodon|frz","|","|-weather|Sandstorm|[upkeep]","|-damage|p2a: DragonBall-Z|255/312|[from] sandstorm","|-heal|p1a: Gastrodon|65/426 frz|[from] item: Leftovers","|turn|4","|","|switch|p1a: Excadrill|Excadrill, F|361/361","|-item|p1a: Excadrill|Air Balloon","|move|p2a: DragonBall-Z|Tri Attack|p1a: Excadrill","|-resisted|p1a: Excadrill","|-damage|p1a: Excadrill|212/361","|-enditem|p1a: Excadrill|Air Balloon","|","|-weather|Sandstorm|[upkeep]","|-damage|p2a: DragonBall-Z|236/312|[from] sandstorm","|turn|5","|","|move|p1a: Excadrill|Brick Break|p2a: DragonBall-Z","|-supereffective|p2a: DragonBall-Z","|-damage|p2a: DragonBall-Z|0 fnt","|faint|p2a: DragonBall-Z","|","|-weather|none","|","|switch|p2a: African Bunny|Lopunny, F|272/272","|turn|6","|","|switch|p1a: Hippowdon|Hippowdon, M|420/420","|-weather|Sandstorm","|detailschange|p2a: African Bunny|Lopunny-Mega, F","|-mega|p2a: African Bunny|Lopunny|Lopunnite","|move|p2a: African Bunny|High Jump Kick|p1a: Hippowdon","|-damage|p1a: Hippowdon|263/420","|","|-weather|Sandstorm|[upkeep]","|-damage|p2a: African Bunny|255/272|[from] sandstorm","|-heal|p1a: Hippowdon|289/420|[from] item: Leftovers","|turn|7","|","|move|p2a: African Bunny|Ice Punch|p1a: Hippowdon","|-supereffective|p1a: Hippowdon","|-damage|p1a: Hippowdon|179/420","|move|p1a: Hippowdon|Yawn|p2a: African Bunny","|-start|p2a: African Bunny|move: Yawn|[of] p1a: Hippowdon","|","|-weather|Sandstorm|[upkeep]","|-damage|p2a: African Bunny|238/272|[from] sandstorm","|-heal|p1a: Hippowdon|205/420|[from] item: Leftovers","|turn|8","|","|move|p2a: African Bunny|Power-Up Punch|p1a: Hippowdon","|-damage|p1a: Hippowdon|159/420","|-boost|p2a: African Bunny|atk|1","|move|p1a: Hippowdon|Slack Off|p1a: Hippowdon","|-heal|p1a: Hippowdon|369/420","|","|-end|p2a: African Bunny|move: Yawn|[silent]","|-status|p2a: African Bunny|slp","|-weather|Sandstorm|[upkeep]","|-damage|p2a: African Bunny|221/272 slp|[from] sandstorm","|-heal|p1a: Hippowdon|395/420|[from] item: Leftovers","|turn|9","|","|switch|p2a: Exploud|Exploud, F|349/349","|move|p1a: Hippowdon|Earthquake|p2a: Exploud","|-damage|p2a: Exploud|153/349","|","|-weather|Sandstorm|[upkeep]","|-damage|p2a: Exploud|132/349|[from] sandstorm","|-heal|p1a: Hippowdon|420/420|[from] item: Leftovers","|turn|10","|","|switch|p1a: Gastrodon|Gastrodon, M|65/426 frz","|move|p2a: Exploud|Boomburst|p1a: Gastrodon","|-damage|p1a: Gastrodon|0 fnt","|faint|p1a: Gastrodon","|","|-weather|none","|","|switch|p1a: Landorus|Landorus, M|319/319","|turn|11","|","|move|p1a: Landorus|Earth Power|p2a: Exploud","|-damage|p2a: Exploud|0 fnt","|faint|p2a: Exploud","|","|","|switch|p2a: Big Mama|Slaking, F|504/504","|turn|12","|","|switch|p1a: Mamoswine|Mamoswine, F|423/423","|move|p2a: Big Mama|Ice Punch|p1a: Mamoswine","|-damage|p1a: Mamoswine|328/423","|","|turn|13","|","|switch|p2a: Geico|Kecleon, F|324/324","|move|p1a: Mamoswine|Icicle Crash|p2a: Geico|[miss]","|-miss|p1a: Mamoswine|p2a: Geico","|","|turn|14","|","|switch|p1a: Hippowdon|Hippowdon, M|420/420","|-weather|Sandstorm","|move|p2a: Geico|Drain Punch|p1a: Hippowdon","|-start|p2a: Geico|typechange|Fighting|[from] Protean","|-damage|p1a: Hippowdon|360/420","|","|-weather|Sandstorm|[upkeep]","|-damage|p2a: Geico|304/324|[from] sandstorm","|-heal|p1a: Hippowdon|386/420|[from] item: Leftovers","|turn|15","|","|move|p1a: Hippowdon|Earthquake|p2a: Geico","|-damage|p2a: Geico|183/324","|move|p2a: Geico|Ice Punch|p1a: Hippowdon","|-start|p2a: Geico|typechange|Ice|[from] Protean","|-supereffective|p1a: Hippowdon","|-damage|p1a: Hippowdon|270/420","|-status|p1a: Hippowdon|frz","|","|-weather|Sandstorm|[upkeep]","|-damage|p2a: Geico|163/324|[from] sandstorm","|-heal|p1a: Hippowdon|296/420 frz|[from] item: Leftovers","|turn|16","|","|switch|p1a: Excadrill|Excadrill, F|212/361","|move|p2a: Geico|Ice Punch|p1a: Excadrill","|-damage|p1a: Excadrill|71/361","|","|-weather|Sandstorm|[upkeep]","|-damage|p2a: Geico|143/324|[from] sandstorm","|turn|17","|","|move|p1a: Excadrill|Brick Break|p2a: Geico","|-supereffective|p2a: Geico","|-damage|p2a: Geico|0 fnt","|faint|p2a: Geico","|","|-weather|Sandstorm|[upkeep]","|","|switch|p2a: Big Mama|Slaking, F|504/504","|turn|18","|","|move|p1a: Excadrill|Iron Head|p2a: Big Mama","|-damage|p2a: Big Mama|336/504","|move|p2a: Big Mama|Giga Impact|p1a: Excadrill","|-resisted|p1a: Excadrill","|-damage|p1a: Excadrill|0 fnt","|faint|p1a: Excadrill","|","|-weather|none","|","|switch|p1a: Garchomp|Garchomp, M|357/357","|turn|19","|-mustrecharge|p2a: Big Mama","|-mustrecharge|p2a: Big Mama","|","|move|p1a: Garchomp|Substitute|p1a: Garchomp","|-start|p1a: Garchomp|Substitute","|-damage|p1a: Garchomp|268/357","|cant|p2a: Big Mama|recharge","|","|turn|20","|","|move|p1a: Garchomp|Swords Dance|p1a: Garchomp","|-boost|p1a: Garchomp|atk|2","|move|p2a: Big Mama|Giga Impact|p1a: Garchomp","|-end|p1a: Garchomp|Substitute","|","|turn|21","|-mustrecharge|p2a: Big Mama","|-mustrecharge|p2a: Big Mama","|","|move|p1a: Garchomp|Substitute|p1a: Garchomp","|-start|p1a: Garchomp|Substitute","|-damage|p1a: Garchomp|179/357","|cant|p2a: Big Mama|recharge","|","|turn|22","|","|switch|p2a: Swellow|Swellow, F|261/261","|move|p1a: Garchomp|Outrage|p2a: Swellow","|-damage|p2a: Swellow|0 fnt","|faint|p2a: Swellow","|","|","|switch|p2a: Big Mama|Slaking, F|336/504","|turn|23","|","|move|p1a: Garchomp|Outrage|p2a: Big Mama|[from]lockedmove","|-damage|p2a: Big Mama|0 fnt","|faint|p2a: Big Mama","|","|","|switch|p2a: African Bunny|Lopunny-Mega, F|221/272 slp","|turn|24","|","|cant|p2a: African Bunny|slp","|move|p1a: Garchomp|Outrage|p2a: African Bunny|[from]lockedmove","|-damage|p2a: African Bunny|0 fnt","|-start|p1a: Garchomp|confusion|[fatigue]","|faint|p2a: African Bunny","|","|win|Erebus Kj"],"p1rating":{"entryid":"7151350","serverid":"eos","formatid":"monotype","userid":"erebuskj","username":"Erebus Kj","w":7,"l":"6","t":"0","gxe":48.9,"r":"1471.1802132757","rd":"88.399688179939","sigma":"0","rptime":"1438506000","rpr":1491.7800602905,"rprd":81.668501964902,"rpsigma":"0","acre":1114.7404718437,"lacre":1114.7404718437,"oldacre":"1092.5417662709"},"p2rating":{"entryid":"7353858","serverid":"eos","formatid":"monotype","userid":"elitexveniux","username":"EliteX Veniux","w":"1","l":2,"t":"0","gxe":43.8,"r":"1500","rd":"130","sigma":"0","rptime":"1438506000","rpr":1451.1122451572,"rprd":110.85172597897,"rpsigma":"0","acre":1026.4013594702,"lacre":1026.4013594702,"oldacre":"1040"},"endType":"normal"}