{"seed":[24075,55594,2338,8303],"turns":28,"p1":"Sovereign♕Blake","p2":"Erebus Kj","p1team":[{"name":"Politoed","species":"Politoed","item":"choicespecs","ability":"Drizzle","moves":["hydropump","icebeam","psychic","focusblast"],"nature":"Modest","evs":{"hp":248,"atk":0,"def":0,"spa":252,"spd":8,"spe":0},"gender":"F","shiny":true,"ivs":{"hp":31,"atk":31,"def":31,"spa":31,"spd":31,"spe":31}},{"name":"Tentacruel","species":"Tentacruel","item":"blacksludge","ability":"Liquid Ooze","moves":["rapidspin","knockoff","acidspray","scald"],"nature":"Hasty","evs":{"hp":0,"atk":4,"def":0,"spa":252,"spd":0,"spe":252},"gender":"M","ivs":{"hp":31,"atk":31,"def":31,"spa":31,"spd":31,"spe":31}},{"name":"Azumarill","species":"Azumarill","item":"assaultvest","ability":"Sap Sipper","moves":["waterfall","knockoff","playrough","icepunch"],"nature":"Adamant","evs":{"hp":248,"atk":252,"def":0,"spa":0,"spd":8,"spe":0},"gender":"F","ivs":{"hp":31,"atk":31,"def":31,"spa":31,"spd":31,"spe":31}},{"name":"Lanturn","species":"Lanturn","item":"leftovers","ability":"Volt Absorb","moves":["thunderwave","confuseray","surf","voltswitch"],"nature":"Modest","evs":{"hp":252,"atk":0,"def":0,"spa":252,"spd":4,"spe":0},"gender":"M","ivs":{"hp":31,"atk":31,"def":31,"spa":31,"spd":31,"spe":31}},{"name":"Kingdra","species":"Kingdra","item":"choicespecs","ability":"Swift Swim","moves":["hydropump","dracometeor","icebeam","flashcannon"],"nature":"Modest","evs":{"hp":0,"atk":0,"def":0,"spa":252,"spd":4,"spe":252},"gender":"M","ivs":{"hp":31,"atk":31,"def":31,"spa":31,"spd":31,"spe":31}},{"name":"Swampert","species":"Swampert","item":"swampertite","ability":"Torrent","moves":["waterfall","earthquake","icepunch","protect"],"nature":"Adamant","evs":{"hp":0,"atk":252,"def":0,"spa":0,"spd":4,"spe":252},"gender":"M","ivs":{"hp":31,"atk":31,"def":31,"spa":31,"spd":31,"spe":31}}],"p2team":[{"name":"Hippowdon","species":"Hippowdon","item":"leftovers","ability":"Sand Stream","moves":["slackoff","earthquake","yawn","whirlwind"],"nature":"Impish","evs":{"hp":252,"atk":4,"def":252,"spa":0,"spd":0,"spe":0},"ivs":{"hp":31,"atk":31,"def":31,"spa":31,"spd":31,"spe":31}},{"name":"Excadrill","species":"Excadrill","item":"airballoon","ability":"Sand Rush","moves":["earthquake","ironhead","rockslide","brickbreak"],"nature":"Adamant","evs":{"hp":0,"atk":252,"def":0,"spa":0,"spd":4,"spe":252},"ivs":{"hp":31,"atk":31,"def":31,"spa":31,"spd":31,"spe":31}},{"name":"Landorus","species":"Landorus","item":"lifeorb","ability":"Sheer Force","moves":["psychic","earthpower","sludgewave","focusblast"],"nature":"Timid","evs":{"hp":0,"atk":0,"def":0,"spa":252,"spd":4,"spe":252},"ivs":{"hp":31,"atk":31,"def":31,"spa":31,"spd":31,"spe":31}},{"name":"Gastrodon","species":"Gastrodon","item":"leftovers","ability":"Storm Drain","moves":["scald","clearsmog","recover","toxic"],"nature":"Calm","evs":{"hp":252,"atk":0,"def":0,"spa":4,"spd":252,"spe":0},"ivs":{"hp":31,"atk":31,"def":31,"spa":31,"spd":31,"spe":31}},{"name":"Mamoswine","species":"Mamoswine","item":"focussash","ability":"Thick Fat","moves":["stealthrock","iceshard","earthquake","iciclecrash"],"nature":"Adamant","evs":{"hp":248,"atk":252,"def":0,"spa":0,"spd":8,"spe":0},"ivs":{"hp":31,"atk":31,"def":31,"spa":31,"spd":31,"spe":31}},{"name":"Garchomp","species":"Garchomp","item":"brightpowder","ability":"Sand Veil","moves":["substitute","outrage","earthquake","swordsdance"],"nature":"Jolly","evs":{"hp":0,"atk":252,"def":0,"spa":0,"spd":4,"spe":252},"ivs":{"hp":31,"atk":31,"def":31,"spa":31,"spd":31,"spe":31}}],"log":["|player|p1|Sovereign♕Blake|169","|player|p2|Erebus Kj|68","|gametype|singles","|gen|6","|tier|Monotype","|rated","|rule|Baton Pass Clause: Limit one Baton Passer, can't pass Spe and other stats simultaneously","|rule|Swagger Clause: Swagger is banned","|rule|Same Type Clause: Pokémon in a team must share a type","|clearpoke","|poke|p1|Politoed, F, shiny","|poke|p1|Tentacruel, M","|poke|p1|Azumarill, F","|poke|p1|Lanturn, M","|poke|p1|Kingdra, M","|poke|p1|Swampert, M","|poke|p2|Hippowdon, M","|poke|p2|Excadrill, M","|poke|p2|Landorus, M","|poke|p2|Gastrodon, M","|poke|p2|Mamoswine, F","|poke|p2|Garchomp, F","|rule|Sleep Clause Mod: Limit one foe put to sleep","|rule|Species Clause: Limit one of each Pokémon","|rule|OHKO Clause: OHKO moves are banned","|rule|Moody Clause: Moody is banned","|rule|Evasion Moves Clause: Evasion moves are banned","|rule|Endless Battle Clause: Forcing endless battles is banned","|rule|HP Percentage Mod: HP is shown in percentages","|teampreview","|","|start","|switch|p1a: Politoed|Politoed, F, shiny|383/383","|switch|p2a: Hippowdon|Hippowdon, M|420/420","|-weather|RainDance","|-weather|Sandstorm","|turn|1","|","|move|p1a: Politoed|Hydro Pump|p2a: Hippowdon","|-supereffective|p2a: Hippowdon","|-damage|p2a: Hippowdon|0 fnt","|faint|p2a: Hippowdon","|","|-weather|Sandstorm|[upkeep]","|-damage|p1a: Politoed|360/383|[from] sandstorm","|","|switch|p2a: Garchomp|Garchomp, F|357/357","|turn|2","|","|switch|p1a: Tentacruel|Tentacruel, M|301/301","|move|p2a: Garchomp|Substitute|p2a: Garchomp","|-start|p2a: Garchomp|Substitute","|-damage|p2a: Garchomp|268/357","|","|-weather|Sandstorm|[upkeep]","|-damage|p1a: Tentacruel|283/301|[from] sandstorm","|-heal|p1a: Tentacruel|301/301|[from] item: Black Sludge","|turn|3","|","|switch|p1a: Politoed|Politoed, F, shiny|360/383","|-weather|RainDance","|move|p2a: Garchomp|Swords Dance|p2a: Garchomp","|-boost|p2a: Garchomp|atk|2","|","|-weather|RainDance|[upkeep]","|turn|4","|","|move|p2a: Garchomp|Outrage|p1a: Politoed","|-damage|p1a: Politoed|0 fnt","|faint|p1a: Politoed","|","|-weather|RainDance|[upkeep]","|","|switch|p1a: Swampert|Swampert, M|341/341","|turn|5","|","|detailschange|p1a: Swampert|Swampert-Mega, M","|-mega|p1a: Swampert|Swampert|Swampertite","|move|p1a: Swampert|Protect|p1a: Swampert","|-singleturn|p1a: Swampert|Protect","|move|p2a: Garchomp|Outrage|p1a: Swampert|[from]lockedmove","|-activate|p1a: Swampert|Protect","|-start|p2a: Garchomp|confusion|[fatigue]","|","|-weather|RainDance|[upkeep]","|turn|6","|","|move|p1a: Swampert|Ice Punch|p2a: Garchomp","|-supereffective|p2a: Garchomp","|-end|p2a: Garchomp|Substitute","|-activate|p2a: Garchomp|confusion","|move|p2a: Garchomp|Outrage|p1a: Swampert","|-damage|p1a: Swampert|0 fnt","|faint|p1a: Swampert","|","|-weather|RainDance|[upkeep]","|","|switch|p1a: Kingdra|Kingdra, M|291/291","|turn|7","|","|move|p1a: Kingdra|Ice Beam|p2a: Garchomp","|-supereffective|p2a: Garchomp","|-damage|p2a: Garchomp|0 fnt","|faint|p2a: Garchomp","|","|-weather|none","|","|switch|p2a: Excadrill|Excadrill, M|361/361","|-item|p2a: Excadrill|Air Balloon","|turn|8","|","|switch|p1a: Tentacruel|Tentacruel, M|301/301","|move|p2a: Excadrill|Iron Head|p1a: Tentacruel","|-resisted|p1a: Tentacruel","|-damage|p1a: Tentacruel|166/301","|","|-heal|p1a: Tentacruel|184/301|[from] item: Black Sludge","|turn|9","|","|move|p1a: Tentacruel|Scald|p2a: Excadrill","|-supereffective|p2a: Excadrill","|-damage|p2a: Excadrill|79/361","|-enditem|p2a: Excadrill|Air Balloon","|move|p2a: Excadrill|Earthquake|p1a: Tentacruel","|-supereffective|p1a: Tentacruel","|-damage|p1a: Tentacruel|0 fnt","|faint|p1a: Tentacruel","|","|","|switch|p1a: Azumarill|Azumarill, F|403/403","|turn|10","|","|switch|p2a: Gastrodon|Gastrodon, M|426/426","|move|p1a: Azumarill|Waterfall|p2a: Gastrodon","|-boost|p2a: Gastrodon|spa|1|[from] ability: Storm Drain","|","|turn|11","|","|move|p1a: Azumarill|Knock Off|p2a: Gastrodon","|-damage|p2a: Gastrodon|335/426","|-enditem|p2a: Gastrodon|Leftovers|[from] move: Knock Off|[of] p1a: Azumarill","|move|p2a: Gastrodon|Toxic|p1a: Azumarill","|-status|p1a: Azumarill|tox","|","|-damage|p1a: Azumarill|378/403 tox|[from] psn","|turn|12","|","|switch|p1a: Lanturn|Lanturn, M|454/454","|move|p2a: Gastrodon|Clear Smog|p1a: Lanturn","|-crit|p1a: Lanturn","|-damage|p1a: Lanturn|353/454","|-clearboost|p1a: Lanturn","|","|-heal|p1a: Lanturn|381/454|[from] item: Leftovers","|turn|13","|","|move|p1a: Lanturn|Confuse Ray|p2a: Gastrodon","|-start|p2a: Gastrodon|confusion","|-activate|p2a: Gastrodon|confusion","|-damage|p2a: Gastrodon|302/426|[from] confusion","|","|-heal|p1a: Lanturn|409/454|[from] item: Leftovers","|turn|14","|","|switch|p1a: Kingdra|Kingdra, M|291/291","|-end|p2a: Gastrodon|confusion","|move|p2a: Gastrodon|Toxic|p1a: Kingdra|[miss]","|-miss|p2a: Gastrodon|p1a: Kingdra","|","|turn|15","|","|move|p1a: Kingdra|Draco Meteor|p2a: Gastrodon","|-damage|p2a: Gastrodon|56/426","|-unboost|p1a: Kingdra|spa|2","|move|p2a: Gastrodon|Recover|p2a: Gastrodon","|-heal|p2a: Gastrodon|269/426","|","|turn|16","|","|switch|p1a: Azumarill|Azumarill, F|378/403 tox","|move|p2a: Gastrodon|Toxic|p1a: Azumarill","|-fail|p1a: Azumarill|tox","|","|-damage|p1a: Azumarill|353/403 tox|[from] psn","|turn|17","|","|switch|p2a: Excadrill|Excadrill, M|79/361","|move|p1a: Azumarill|Play Rough|p2a: Excadrill","|-resisted|p2a: Excadrill","|-damage|p2a: Excadrill|8/361","|","|-damage|p1a: Azumarill|303/403 tox|[from] psn","|turn|18","|","|move|p2a: Excadrill|Iron Head|p1a: Azumarill","|-damage|p1a: Azumarill|117/403 tox","|move|p1a: Azumarill|Knock Off|p2a: Excadrill","|-damage|p2a: Excadrill|0 fnt","|faint|p2a: Excadrill","|","|-damage|p1a: Azumarill|42/403 tox|[from] psn","|","|switch|p2a: Mamoswine|Mamoswine, F|423/423","|turn|19","|","|move|p2a: Mamoswine|Ice Shard|p1a: Azumarill","|-resisted|p1a: Azumarill","|-damage|p1a: Azumarill|0 fnt","|faint|p1a: Azumarill","|","|","|switch|p1a: Kingdra|Kingdra, M|291/291","|turn|20","|","|move|p1a: Kingdra|Flash Cannon|p2a: Mamoswine","|-supereffective|p2a: Mamoswine","|-damage|p2a: Mamoswine|45/423","|move|p2a: Mamoswine|Icicle Crash|p1a: Kingdra","|-damage|p1a: Kingdra|122/291","|","|turn|21","|","|move|p2a: Mamoswine|Ice Shard|p1a: Kingdra","|-damage|p1a: Kingdra|37/291","|move|p1a: Kingdra|Flash Cannon|p2a: Mamoswine","|-supereffective|p2a: Mamoswine","|-damage|p2a: Mamoswine|0 fnt","|faint|p2a: Mamoswine","|","|","|switch|p2a: Gastrodon|Gastrodon, M|269/426","|turn|22","|","|switch|p1a: Lanturn|Lanturn, M|409/454","|move|p2a: Gastrodon|Recover|p2a: Gastrodon","|-heal|p2a: Gastrodon|426/426","|","|-heal|p1a: Lanturn|437/454|[from] item: Leftovers","|turn|23","|","|move|p1a: Lanturn|Confuse Ray|p2a: Gastrodon","|-start|p2a: Gastrodon|confusion","|-activate|p2a: Gastrodon|confusion","|-damage|p2a: Gastrodon|391/426|[from] confusion","|","|-heal|p1a: Lanturn|454/454|[from] item: Leftovers","|turn|24","|","|switch|p1a: Kingdra|Kingdra, M|37/291","|-activate|p2a: Gastrodon|confusion","|move|p2a: Gastrodon|Toxic|p1a: Kingdra","|-status|p1a: Kingdra|tox","|","|-damage|p1a: Kingdra|19/291 tox|[from] psn","|turn|25","|","|move|p1a: Kingdra|Draco Meteor|p2a: Gastrodon","|-damage|p2a: Gastrodon|120/426","|-unboost|p1a: Kingdra|spa|2","|-activate|p2a: Gastrodon|confusion","|-damage|p2a: Gastrodon|84/426|[from] confusion","|","|-damage|p1a: Kingdra|0 fnt|[from] psn","|faint|p1a: Kingdra","|","|switch|p1a: Lanturn|Lanturn, M|454/454","|turn|26","|","|move|p1a: Lanturn|Confuse Ray|p2a: Gastrodon","|-fail|p2a: Gastrodon","|-activate|p2a: Gastrodon|confusion","|-damage|p2a: Gastrodon|53/426|[from] confusion","|","|turn|27","|","|move|p1a: Lanturn|Confuse Ray|p2a: Gastrodon","|-fail|p2a: Gastrodon","|-end|p2a: Gastrodon|confusion","|move|p2a: Gastrodon|Recover|p2a: Gastrodon","|-heal|p2a: Gastrodon|266/426","|","|turn|28","|","|win|Erebus Kj"],"p1rating":{"entryid":"7151294","serverid":"eos","formatid":"monotype","userid":"sovereignblake","username":"Sovereign♕Blake","w":"11","l":13,"t":"0","gxe":42.7,"r":"1454.6846519944","rd":"68.994819345467","sigma":"0","rptime":"1438506000","rpr":1443.4184595138,"rprd":65.349380319769,"rpsigma":"0","acre":1065.8364554241,"lacre":1065.8364554241,"oldacre":"1091.9222882928"},"p2rating":{"entryid":"7151350","serverid":"eos","formatid":"monotype","userid":"erebuskj","username":"Erebus Kj","w":6,"l":"6","t":"0","gxe":46.5,"r":"1471.1802132757","rd":"88.399688179939","sigma":"0","rptime":"1438506000","rpr":1472.7496262622,"rprd":83.655482588014,"rpsigma":"0","acre":1092.5417662709,"lacre":1092.5417662709,"oldacre":"1058.2618717422"},"endType":"forfeit"}