{"seed":[1686,23108,4506,31365],"turns":26,"p1":"Doomsquach","p2":"Inferno Mamoswine","p1team":[{"name":"Drago","species":"dragonite","item":"choiceband","ability":"Multiscale","moves":["extremespeed","outrage","ironhead","earthquake"],"nature":"Jolly","evs":{"hp":4,"atk":252,"def":0,"spa":0,"spd":0,"spe":252},"gender":"M","ivs":{"hp":31,"atk":31,"def":31,"spa":31,"spd":31,"spe":31}},{"name":"Mandi","species":"mandibuzz","item":"rockyhelmet","ability":"Overcoat","moves":["taunt","foulplay","defog","roost"],"nature":"Bold","evs":{"hp":252,"atk":0,"def":252,"spa":0,"spd":0,"spe":4},"ivs":{"hp":31,"atk":31,"def":31,"spa":31,"spd":31,"spe":31}},{"name":"Thundurus-Therian","species":"Thundurus-Therian","item":"assaultvest","ability":"Volt Absorb","moves":["voltswitch","discharge","grassknot","hiddenpowerice"],"nature":"Timid","evs":{"hp":0,"atk":0,"def":0,"spa":252,"spd":4,"spe":252},"ivs":{"hp":31,"atk":30,"def":30,"spa":31,"spd":31,"spe":31}},{"name":"Down","species":"charizard","item":"charizarditey","ability":"Blaze","moves":["flamethrower","solarbeam","ancientpower","dragonpulse"],"nature":"Timid","evs":{"hp":4,"atk":0,"def":0,"spa":252,"spd":0,"spe":252},"gender":"M","ivs":{"hp":31,"atk":31,"def":31,"spa":31,"spd":31,"spe":31}},{"name":"Landorus-Therian","species":"Landorus-Therian","item":"choicescarf","ability":"Intimidate","moves":["uturn","rockslide","earthquake","outrage"],"nature":"Jolly","evs":{"hp":4,"atk":252,"def":0,"spa":0,"spd":0,"spe":252},"ivs":{"hp":31,"atk":31,"def":31,"spa":31,"spd":31,"spe":31}},{"name":"Togekiss","species":"Togekiss","item":"leftovers","ability":"Serene Grace","moves":["thunderwave","airslash","aurasphere","nastyplot"],"nature":"Bold","evs":{"hp":196,"atk":0,"def":80,"spa":96,"spd":136,"spe":0},"gender":"M","ivs":{"hp":31,"atk":31,"def":31,"spa":31,"spd":31,"spe":31}}],"p2team":[{"name":"Torkoal","species":"Torkoal","item":"leftovers","ability":"White Smoke","moves":["stealthrock","rapidspin","clearsmog","toxic"],"nature":"Bold","evs":{"hp":252,"atk":0,"def":252,"spa":4,"spd":0,"spe":0},"ivs":{"hp":31,"atk":31,"def":31,"spa":31,"spd":31,"spe":31}},{"name":"Rotom-Heat","species":"Rotom-Heat","item":"lightclay","ability":"Levitate","moves":["reflect","lightscreen","sunnyday","voltswitch"],"nature":"Calm","evs":{"hp":252,"atk":0,"def":4,"spa":0,"spd":252,"spe":0},"shiny":true,"ivs":{"hp":31,"atk":31,"def":31,"spa":31,"spd":31,"spe":31}},{"name":"Charizard","species":"Charizard","item":"charizarditex","ability":"Blaze","moves":["dragondance","dragonclaw","earthquake","flareblitz"],"nature":"Adamant","evs":{"hp":0,"atk":252,"def":0,"spa":0,"spd":4,"spe":252},"shiny":true,"ivs":{"hp":31,"atk":31,"def":31,"spa":31,"spd":31,"spe":31}},{"name":"Entei","species":"Entei","item":"choiceband","ability":"Pressure","moves":["extremespeed","sacredfire","ironhead","stoneedge"],"nature":"Adamant","evs":{"hp":0,"atk":252,"def":0,"spa":0,"spd":4,"spe":252},"shiny":true,"ivs":{"hp":31,"atk":31,"def":31,"spa":31,"spd":31,"spe":31}},{"name":"Volcarona","species":"Volcarona","item":"focussash","ability":"Flame Body","moves":["quiverdance","gigadrain","bugbuzz","fierydance"],"nature":"Modest","evs":{"hp":0,"atk":0,"def":0,"spa":252,"spd":4,"spe":252},"shiny":true,"ivs":{"hp":31,"atk":31,"def":31,"spa":31,"spd":31,"spe":31}},{"name":"Infernape","species":"Infernape","item":"lifeorb","ability":"Blaze","moves":["machpunch","closecombat","flareblitz","earthquake"],"nature":"Jolly","evs":{"hp":0,"atk":252,"def":0,"spa":0,"spd":4,"spe":252},"ivs":{"hp":31,"atk":31,"def":31,"spa":31,"spd":31,"spe":31}}],"log":["|player|p1|Doomsquach|154","|player|p2|Inferno Mamoswine|266","|gametype|singles","|gen|6","|tier|Monotype","|rated","|rule|Baton Pass Clause: Limit one Baton Passer, can't pass Spe and other stats simultaneously","|rule|Swagger Clause: Swagger is banned","|rule|Same Type Clause: Pokémon in a team must share a type","|clearpoke","|poke|p1|Dragonite, M","|poke|p1|Mandibuzz, F","|poke|p1|Thundurus-Therian, M","|poke|p1|Charizard, M","|poke|p1|Landorus-Therian, M","|poke|p1|Togekiss, M","|poke|p2|Torkoal, M","|poke|p2|Rotom-Heat, shiny","|poke|p2|Charizard, M, shiny","|poke|p2|Entei, shiny","|poke|p2|Volcarona, F, shiny","|poke|p2|Infernape, M","|rule|Sleep Clause Mod: Limit one foe put to sleep","|rule|Species Clause: Limit one of each Pokémon","|rule|OHKO Clause: OHKO moves are banned","|rule|Moody Clause: Moody is banned","|rule|Evasion Moves Clause: Evasion moves are banned","|rule|Endless Battle Clause: Forcing endless battles is banned","|rule|HP Percentage Mod: HP is shown in percentages","|teampreview","|","|start","|switch|p1a: Down|Charizard, M|298/298","|switch|p2a: Torkoal|Torkoal, M|344/344","|turn|1","|","|detailschange|p1a: Down|Charizard-Mega-Y, M","|-mega|p1a: Down|Charizard|Charizardite Y","|-weather|SunnyDay","|move|p1a: Down|Ancient Power|p2a: Torkoal","|-supereffective|p2a: Torkoal","|-damage|p2a: Torkoal|136/344","|move|p2a: Torkoal|Stealth Rock|p1a: Down","|-sidestart|p1: Doomsquach|move: Stealth Rock","|","|-weather|SunnyDay|[upkeep]","|-heal|p2a: Torkoal|157/344|[from] item: Leftovers","|turn|2","|","|switch|p2a: Rotom-Heat|Rotom-Heat, shiny|304/304","|move|p1a: Down|Ancient Power|p2a: Rotom-Heat","|-supereffective|p2a: Rotom-Heat","|-damage|p2a: Rotom-Heat|178/304","|","|-weather|SunnyDay|[upkeep]","|turn|3","|player|p1","|player|p1|Doomsquach|154","|","|switch|p1a: Thundurus-Therian|Thundurus-Therian, M|299/299","|-damage|p1a: Thundurus-Therian|225/299|[from] Stealth Rock","|move|p2a: Rotom-Heat|Light Screen|p2a: Rotom-Heat","|-sidestart|p2: Inferno Mamoswine|move: Light Screen","|","|-weather|SunnyDay|[upkeep]","|turn|4","|","|move|p1a: Thundurus-Therian|Discharge|p2a: Rotom-Heat","|-resisted|p2a: Rotom-Heat","|-damage|p2a: Rotom-Heat|154/304","|move|p2a: Rotom-Heat|Reflect|p2a: Rotom-Heat","|-sidestart|p2: Inferno Mamoswine|Reflect","|","|-weather|SunnyDay|[upkeep]","|turn|5","|","|switch|p2a: Entei|Entei, shiny|371/371","|-ability|p2a: Entei|Pressure","|move|p1a: Thundurus-Therian|Volt Switch|p2a: Entei","|-crit|p2a: Entei","|-damage|p2a: Entei|130/371","|","|switch|p1a: Down|Charizard-Mega-Y, M|298/298","|-damage|p1a: Down|149/298|[from] Stealth Rock","|","|-weather|none","|turn|6","|","|move|p2a: Entei|Extreme Speed|p1a: Down","|-damage|p1a: Down|0 fnt","|faint|p1a: Down","|","|","|switch|p1a: Landorus-Therian|Landorus-Therian, M|320/320","|-damage|p1a: Landorus-Therian|280/320|[from] Stealth Rock","|-ability|p1a: Landorus-Therian|Intimidate","|-unboost|p2a: Entei|atk|1","|turn|7","|","|switch|p2a: Rotom-Heat|Rotom-Heat, shiny|154/304","|move|p1a: Landorus-Therian|Rock Slide|p2a: Rotom-Heat","|-supereffective|p2a: Rotom-Heat","|-damage|p2a: Rotom-Heat|61/304","|","|turn|8","|","|move|p1a: Landorus-Therian|Rock Slide|p2a: Rotom-Heat","|-supereffective|p2a: Rotom-Heat","|-damage|p2a: Rotom-Heat|0 fnt","|faint|p2a: Rotom-Heat","|","|","|switch|p2a: Charizard|Charizard, M, shiny|297/297","|turn|9","|","|detailschange|p2a: Charizard|Charizard-Mega-X, M, shiny","|-mega|p2a: Charizard|Charizard|Charizardite X","|move|p1a: Landorus-Therian|Rock Slide|p2a: Charizard","|-supereffective|p2a: Charizard","|-damage|p2a: Charizard|201/297","|cant|p2a: Charizard|flinch","|","|turn|10","|","|move|p1a: Landorus-Therian|Rock Slide|p2a: Charizard","|-supereffective|p2a: Charizard","|-damage|p2a: Charizard|108/297","|move|p2a: Charizard|Dragon Dance|p2a: Charizard","|-boost|p2a: Charizard|atk|1","|-boost|p2a: Charizard|spe|1","|","|-sideend|p2: Inferno Mamoswine|move: Light Screen","|turn|11","|","|move|p1a: Landorus-Therian|Rock Slide|p2a: Charizard","|-crit|p2a: Charizard","|-supereffective|p2a: Charizard","|-damage|p2a: Charizard|0 fnt","|faint|p2a: Charizard","|","|-sideend|p2: Inferno Mamoswine|Reflect","|","|switch|p2a: Volcarona|Volcarona, F, shiny|311/311","|turn|12","|","|move|p1a: Landorus-Therian|Rock Slide|p2a: Volcarona","|-supereffective|p2a: Volcarona","|-enditem|p2a: Volcarona|Focus Sash","|-damage|p2a: Volcarona|1/311","|move|p2a: Volcarona|Giga Drain|p1a: Landorus-Therian","|-damage|p1a: Landorus-Therian|164/320","|-heal|p2a: Volcarona|59/311|[from] drain|[of] p1a: Landorus-Therian","|","|turn|13","|","|move|p1a: Landorus-Therian|Rock Slide|p2a: Volcarona","|-supereffective|p2a: Volcarona","|-damage|p2a: Volcarona|0 fnt","|faint|p2a: Volcarona","|","|","|switch|p2a: Entei|Entei, shiny|130/371","|-ability|p2a: Entei|Pressure","|turn|14","|","|move|p2a: Entei|Extreme Speed|p1a: Landorus-Therian","|-damage|p1a: Landorus-Therian|10/320","|move|p1a: Landorus-Therian|Rock Slide|p2a: Entei","|-supereffective|p2a: Entei","|-damage|p2a: Entei|0 fnt","|faint|p2a: Entei","|","|","|switch|p2a: Infernape|Infernape, M|293/293","|turn|15","|","|move|p2a: Infernape|Mach Punch|p1a: Landorus-Therian","|-resisted|p1a: Landorus-Therian","|-damage|p1a: Landorus-Therian|0 fnt","|-damage|p2a: Infernape|264/293|[from] item: Life Orb","|faint|p1a: Landorus-Therian","|","|","|switch|p1a: Mandi|Mandibuzz, F|424/424","|-damage|p1a: Mandi|318/424|[from] Stealth Rock","|turn|16","|","|move|p2a: Infernape|Close Combat|p1a: Mandi","|-damage|p1a: Mandi|154/424","|-damage|p2a: Infernape|216/293|[from] item: Rocky Helmet|[of] p1a: Mandi","|-unboost|p2a: Infernape|def|1","|-unboost|p2a: Infernape|spd|1","|-damage|p2a: Infernape|187/293|[from] item: Life Orb","|move|p1a: Mandi|Defog|p2a: Infernape","|-unboost|p2a: Infernape|evasion|1","|-sideend|p1: Doomsquach|Stealth Rock|[from] move: Defog|[of] p1a: Mandi","|","|turn|17","|","|switch|p1a: Togekiss|Togekiss, M|360/360","|move|p2a: Infernape|Flare Blitz|p1a: Togekiss","|-crit|p1a: Togekiss","|-damage|p1a: Togekiss|48/360","|-damage|p2a: Infernape|84/293|[from] recoil|[of] p1a: Togekiss","|-damage|p2a: Infernape|55/293|[from] item: Life Orb","|","|-heal|p1a: Togekiss|70/360|[from] item: Leftovers","|turn|18","|","|switch|p1a: Drago|Dragonite, M|324/324","|move|p2a: Infernape|Mach Punch|p1a: Drago","|-resisted|p1a: Drago","|-damage|p1a: Drago|302/324","|-damage|p2a: Infernape|26/293|[from] item: Life Orb","|","|turn|19","|","|move|p1a: Drago|Extreme Speed|p2a: Infernape","|-damage|p2a: Infernape|0 fnt","|faint|p2a: Infernape","|","|","|switch|p2a: Torkoal|Torkoal, M|157/344","|turn|20","|","|switch|p1a: Mandi|Mandibuzz, F|154/424","|move|p2a: Torkoal|Toxic|p1a: Mandi","|-status|p1a: Mandi|tox","|","|-heal|p2a: Torkoal|178/344|[from] item: Leftovers","|-damage|p1a: Mandi|128/424 tox|[from] psn","|turn|21","|","|move|p1a: Mandi|Taunt|p2a: Torkoal","|-start|p2a: Torkoal|move: Taunt","|move|p2a: Torkoal|Rapid Spin|p1a: Mandi","|-damage|p1a: Mandi|119/424 tox","|-damage|p2a: Torkoal|121/344|[from] item: Rocky Helmet|[of] p1a: Mandi","|","|-heal|p2a: Torkoal|142/344|[from] item: Leftovers","|-damage|p1a: Mandi|67/424 tox|[from] psn","|turn|22","|","|move|p1a: Mandi|Roost|p1a: Mandi","|-heal|p1a: Mandi|279/424 tox","|move|p2a: Torkoal|Clear Smog|p1a: Mandi","|-damage|p1a: Mandi|243/424 tox","|-clearboost|p1a: Mandi","|","|-heal|p2a: Torkoal|163/344|[from] item: Leftovers","|-damage|p1a: Mandi|165/424 tox|[from] psn","|turn|23","|","|move|p1a: Mandi|Foul Play|p2a: Torkoal","|-damage|p2a: Torkoal|115/344","|move|p2a: Torkoal|Clear Smog|p1a: Mandi","|-damage|p1a: Mandi|129/424 tox","|-clearboost|p1a: Mandi","|","|-heal|p2a: Torkoal|136/344|[from] item: Leftovers","|-damage|p1a: Mandi|25/424 tox|[from] psn","|-end|p2a: Torkoal|move: Taunt","|turn|24","|","|move|p1a: Mandi|Taunt|p2a: Torkoal","|-start|p2a: Torkoal|move: Taunt","|cant|p2a: Torkoal|move: Taunt|Toxic","|","|-heal|p2a: Torkoal|157/344|[from] item: Leftovers","|-damage|p1a: Mandi|0 fnt|[from] psn","|faint|p1a: Mandi","|","|switch|p1a: Togekiss|Togekiss, M|70/360","|turn|25","|","|move|p1a: Togekiss|Air Slash|p2a: Torkoal","|-damage|p2a: Torkoal|12/344","|cant|p2a: Torkoal|flinch","|","|-heal|p1a: Togekiss|92/360|[from] item: Leftovers","|-heal|p2a: Torkoal|33/344|[from] item: Leftovers","|turn|26","|","|move|p1a: Togekiss|Aura Sphere|p2a: Torkoal","|-damage|p2a: Torkoal|0 fnt","|faint|p2a: Torkoal","|","|win|Doomsquach"],"p1rating":{"entryid":"6925117","serverid":"eos","formatid":"monotype","userid":"doomsquach","username":"doomsquach","w":3,"l":"1","t":"0","gxe":56.5,"r":1528.6297130013,"rd":114.46972286712,"sigma":"0","rptime":1438506000,"rpr":1551.2308372676,"rprd":109.64112749684,"rpsigma":"0","acre":1086.2694000824,"lacre":1086.2694000824,"oldacre":"1049.1077137214"},"p2rating":{"entryid":"7297985","serverid":"eos","formatid":"monotype","userid":"infernomamoswine","username":"Inferno Mamoswine","w":"4","l":8,"t":"0","gxe":38.9,"r":"1408.5566180404","rd":"90.205360609338","sigma":"0","rptime":"1438506000","rpr":1412.2309763057,"rprd":84.304557255391,"rpsigma":"0","acre":1069.5630561482,"lacre":1069.5630561482,"oldacre":"1097.6262653539"},"endType":"normal"}