{"seed":[1321,27922,21314,63595],"turns":25,"p1":"SWL HB","p2":"Guard Wanderer","p1team":[{"name":"Garchomp","species":"Garchomp","item":"leftovers","ability":"Rough Skin","moves":["dragonclaw","earthquake","substitute","swordsdance"],"nature":"Jolly","evs":{"hp":12,"atk":244,"def":0,"spa":0,"spd":0,"spe":252},"ivs":{"hp":31,"atk":31,"def":31,"spa":31,"spd":31,"spe":31}},{"name":"Gliscor","species":"Gliscor","item":"toxicorb","ability":"Poison Heal","moves":["earthquake","knockoff","roost","swordsdance"],"nature":"Careful","evs":{"hp":244,"atk":0,"def":4,"spa":0,"spd":200,"spe":60},"ivs":{"hp":31,"atk":31,"def":31,"spa":31,"spd":31,"spe":31}},{"name":"Landorus","species":"Landorus","item":"lifeorb","ability":"Sheer Force","moves":["earthpower","psychic","focusblast","hiddenpowerice"],"nature":"Timid","evs":{"hp":0,"atk":0,"def":0,"spa":252,"spd":4,"spe":252},"ivs":{"hp":31,"atk":30,"def":30,"spa":31,"spd":31,"spe":31}},{"name":"Swampert","species":"Swampert","item":"rockyhelmet","ability":"Torrent","moves":["scald","stealthrock","toxic","earthquake"],"nature":"Relaxed","evs":{"hp":240,"atk":16,"def":252,"spa":0,"spd":0,"spe":0},"ivs":{"hp":31,"atk":31,"def":31,"spa":31,"spd":31,"spe":31}},{"name":"Camerupt","species":"Camerupt","item":"cameruptite","ability":"Solid Rock","moves":["willowisp","flamethrower","earthpower","ancientpower"],"nature":"Calm","evs":{"hp":248,"atk":0,"def":0,"spa":0,"spd":176,"spe":84},"ivs":{"hp":31,"atk":31,"def":31,"spa":31,"spd":31,"spe":31}},{"name":"Excadrill","species":"Excadrill","item":"assaultvest","ability":"Mold Breaker","moves":["earthquake","ironhead","rockslide","rapidspin"],"nature":"Careful","evs":{"hp":212,"atk":4,"def":0,"spa":0,"spd":252,"spe":40},"ivs":{"hp":31,"atk":31,"def":31,"spa":31,"spd":31,"spe":31}}],"p2team":[{"name":"Weezing","species":"Weezing","item":"sitrusberry","ability":"Levitate","moves":["toxicspikes","willowisp","memento","thief"],"nature":"Careful","evs":{"hp":248,"atk":8,"def":0,"spa":0,"spd":252,"spe":0},"ivs":{"hp":31,"atk":31,"def":31,"spa":31,"spd":31,"spe":31}},{"name":"Tentacruel","species":"Tentacruel","item":"assaultvest","ability":"Liquid Ooze","moves":["scald","acidspray","gigadrain","hex"],"nature":"Timid","evs":{"hp":0,"atk":0,"def":4,"spa":252,"spd":0,"spe":252},"ivs":{"hp":31,"atk":31,"def":31,"spa":31,"spd":31,"spe":31}},{"name":"Skuntank","species":"Skuntank","item":"","ability":"Stench","moves":["snatch","thief","suckerpunch","poisonjab"],"nature":"Adamant","evs":{"hp":248,"atk":252,"def":0,"spa":0,"spd":8,"spe":0},"ivs":{"hp":31,"atk":31,"def":31,"spa":31,"spd":31,"spe":31}},{"name":"Crobat","species":"Crobat","item":"whiteherb","ability":"Infiltrator","moves":["curse","acrobatics","roost","superfang"],"nature":"Jolly","evs":{"hp":248,"atk":8,"def":0,"spa":0,"spd":0,"spe":252},"ivs":{"hp":31,"atk":31,"def":31,"spa":31,"spd":31,"spe":31}},{"name":"Gengar","species":"Gengar","item":"choicescarf","ability":"Levitate","moves":["trick","destinybond","venoshock","hex"],"nature":"Timid","evs":{"hp":0,"atk":0,"def":0,"spa":252,"spd":4,"spe":252},"ivs":{"hp":31,"atk":31,"def":31,"spa":31,"spd":31,"spe":31}},{"name":"Amoonguss","species":"Amoonguss","item":"blacksludge","ability":"Regenerator","moves":["spore","gigadrain","gastroacid","stunspore"],"nature":"Calm","evs":{"hp":248,"atk":0,"def":0,"spa":8,"spd":252,"spe":0},"shiny":true,"ivs":{"hp":31,"atk":31,"def":31,"spa":31,"spd":31,"spe":31}}],"log":["|player|p1|SWL HB|swlhb.gif","|player|p2|Guard Wanderer|235","|gametype|singles","|gen|6","|tier|Monotype","|rated","|rule|Baton Pass Clause: Limit one Baton Passer, can't pass Spe and other stats simultaneously","|rule|Swagger Clause: Swagger is banned","|rule|Same Type Clause: Pokémon in a team must share a type","|clearpoke","|poke|p1|Garchomp, F","|poke|p1|Gliscor, M","|poke|p1|Landorus, M","|poke|p1|Swampert, F","|poke|p1|Camerupt, F","|poke|p1|Excadrill, F","|poke|p2|Weezing, M","|poke|p2|Tentacruel, M","|poke|p2|Skuntank, F","|poke|p2|Crobat, F","|poke|p2|Gengar, M","|poke|p2|Amoonguss, M, shiny","|rule|Sleep Clause Mod: Limit one foe put to sleep","|rule|Species Clause: Limit one of each Pokémon","|rule|OHKO Clause: OHKO moves are banned","|rule|Moody Clause: Moody is banned","|rule|Evasion Moves Clause: Evasion moves are banned","|rule|Endless Battle Clause: Forcing endless battles is banned","|rule|HP Percentage Mod: HP is shown in percentages","|teampreview","|","|start","|switch|p1a: Swampert|Swampert, F|401/401","|switch|p2a: Weezing|Weezing, M|333/333","|turn|1","|","|switch|p1a: Camerupt|Camerupt, F|343/343","|move|p2a: Weezing|Will-O-Wisp|p1a: Camerupt","|-immune|p1a: Camerupt|[msg]","|","|turn|2","|","|detailschange|p1a: Camerupt|Camerupt-Mega, F","|-mega|p1a: Camerupt|Camerupt|Cameruptite","|move|p2a: Weezing|Toxic Spikes|p1a: Camerupt","|-sidestart|p1: SWL HB|move: Toxic Spikes","|move|p1a: Camerupt|Earth Power|p2a: Weezing","|-immune|p2a: Weezing|[msg]","|","|turn|3","|","|switch|p2a: Tentacruel|Tentacruel, M|301/301","|move|p1a: Camerupt|Flamethrower|p2a: Tentacruel","|-resisted|p2a: Tentacruel","|-damage|p2a: Tentacruel|247/301","|","|turn|4","|","|switch|p1a: Excadrill|Excadrill, F|414/414","|-ability|p1a: Excadrill|Mold Breaker","|move|p2a: Tentacruel|Scald|p1a: Excadrill","|-supereffective|p1a: Excadrill","|-damage|p1a: Excadrill|292/414","|","|turn|5","|","|switch|p2a: Crobat|Crobat, F|373/373","|move|p1a: Excadrill|Rapid Spin|p2a: Crobat","|-damage|p2a: Crobat|349/373","|-sideend|p1: SWL HB|Toxic Spikes|[from] move: Rapid Spin|[of] p1a: Excadrill","|","|turn|6","|","|switch|p1a: Swampert|Swampert, F|401/401","|move|p2a: Crobat|Super Fang|p1a: Swampert","|-damage|p1a: Swampert|201/401","|-damage|p2a: Crobat|287/373|[from] item: Rocky Helmet|[of] p1a: Swampert","|","|turn|7","|","|switch|p2a: Weezing|Weezing, M|333/333","|move|p1a: Swampert|Stealth Rock|p2a: Weezing","|-sidestart|p2: Guard Wanderer|move: Stealth Rock","|","|turn|8","|","|switch|p1a: Camerupt|Camerupt-Mega, F|343/343","|move|p2a: Weezing|Toxic Spikes|p1a: Camerupt","|-sidestart|p1: SWL HB|move: Toxic Spikes","|","|turn|9","|","|move|p2a: Weezing|Toxic Spikes|p1a: Camerupt","|-sidestart|p1: SWL HB|move: Toxic Spikes","|move|p1a: Camerupt|Earth Power|p2a: Weezing","|-immune|p2a: Weezing|[msg]","|","|turn|10","|","|move|p2a: Weezing|Thief|p1a: Camerupt","|-damage|p1a: Camerupt|302/343","|move|p1a: Camerupt|Earth Power|p2a: Weezing","|-immune|p2a: Weezing|[msg]","|","|turn|11","|","|move|p2a: Weezing|Will-O-Wisp|p1a: Camerupt","|-immune|p1a: Camerupt|[msg]","|move|p1a: Camerupt|Earth Power|p2a: Weezing","|-immune|p2a: Weezing|[msg]","|","|turn|12","|","|move|p2a: Weezing|Thief|p1a: Camerupt","|-damage|p1a: Camerupt|257/343","|move|p1a: Camerupt|Flamethrower|p2a: Weezing","|-damage|p2a: Weezing|162/333","|-enditem|p2a: Weezing|Sitrus Berry|[eat]","|-heal|p2a: Weezing|245/333|[from] item: Sitrus Berry","|","|turn|13","|","|switch|p2a: Tentacruel|Tentacruel, M|247/301","|-damage|p2a: Tentacruel|210/301|[from] Stealth Rock","|move|p1a: Camerupt|Will-O-Wisp|p2a: Tentacruel","|-status|p2a: Tentacruel|brn","|","|-damage|p2a: Tentacruel|173/301 brn|[from] brn","|turn|14","|","|move|p2a: Tentacruel|Giga Drain|p1a: Camerupt","|-damage|p1a: Camerupt|211/343","|-heal|p2a: Tentacruel|196/301 brn|[from] drain|[of] p1a: Camerupt","|move|p1a: Camerupt|Earth Power|p2a: Tentacruel","|-supereffective|p2a: Tentacruel","|-damage|p2a: Tentacruel|0 fnt","|faint|p2a: Tentacruel","|","|","|switch|p2a: Amoonguss|Amoonguss, M, shiny|431/431","|-damage|p2a: Amoonguss|378/431|[from] Stealth Rock","|turn|15","|","|move|p1a: Camerupt|Flamethrower|p2a: Amoonguss","|-supereffective|p2a: Amoonguss","|-damage|p2a: Amoonguss|82/431","|move|p2a: Amoonguss|Spore|p1a: Camerupt","|-status|p1a: Camerupt|slp","|","|-heal|p2a: Amoonguss|108/431|[from] item: Black Sludge","|turn|16","|","|switch|p1a: Excadrill|Excadrill, F|292/414","|-ability|p1a: Excadrill|Mold Breaker","|move|p2a: Amoonguss|Stun Spore|p1a: Excadrill|[miss]","|-miss|p2a: Amoonguss|p1a: Excadrill","|","|-heal|p2a: Amoonguss|134/431|[from] item: Black Sludge","|turn|17","|","|move|p1a: Excadrill|Earthquake|p2a: Amoonguss","|-damage|p2a: Amoonguss|0 fnt","|faint|p2a: Amoonguss","|","|","|switch|p2a: Weezing|Weezing, M|245/333","|-damage|p2a: Weezing|204/333|[from] Stealth Rock","|turn|18","|","|switch|p2a: Crobat|Crobat, F|287/373","|-damage|p2a: Crobat|194/373|[from] Stealth Rock","|move|p1a: Excadrill|Rapid Spin|p2a: Crobat","|-damage|p2a: Crobat|170/373","|-sideend|p1: SWL HB|Toxic Spikes|[from] move: Rapid Spin|[of] p1a: Excadrill","|","|turn|19","|","|move|p2a: Crobat|Curse|p2a: Crobat","|-unboost|p2a: Crobat|spe|1","|-boost|p2a: Crobat|atk|1","|-boost|p2a: Crobat|def|1","|-enditem|p2a: Crobat|White Herb","|-restoreboost|p2a: Crobat|[silent]","|move|p1a: Excadrill|Rock Slide|p2a: Crobat","|-supereffective|p2a: Crobat","|-damage|p2a: Crobat|46/373","|","|turn|20","|","|switch|p1a: Swampert|Swampert, F|201/401","|move|p2a: Crobat|Roost|p2a: Crobat","|-heal|p2a: Crobat|233/373","|","|turn|21","|","|move|p2a: Crobat|Acrobatics|p1a: Swampert","|-damage|p1a: Swampert|62/401","|-damage|p2a: Crobat|171/373|[from] item: Rocky Helmet|[of] p1a: Swampert","|move|p1a: Swampert|Scald|p2a: Crobat","|-crit|p2a: Crobat","|-damage|p2a: Crobat|0 fnt","|faint|p2a: Crobat","|","|","|switch|p2a: Gengar|Gengar, M|261/261","|-damage|p2a: Gengar|229/261|[from] Stealth Rock","|turn|22","|","|move|p2a: Gengar|Hex|p1a: Swampert","|-damage|p1a: Swampert|0 fnt","|faint|p1a: Swampert","|","|","|switch|p1a: Excadrill|Excadrill, F|292/414","|-ability|p1a: Excadrill|Mold Breaker","|turn|23","|","|move|p2a: Gengar|Hex|p1a: Excadrill","|-damage|p1a: Excadrill|219/414","|move|p1a: Excadrill|Earthquake|p2a: Gengar","|-supereffective|p2a: Gengar","|-damage|p2a: Gengar|0 fnt","|faint|p2a: Gengar","|","|","|switch|p2a: Skuntank|Skuntank, F|409/409","|-damage|p2a: Skuntank|358/409|[from] Stealth Rock","|turn|24","|","|move|p2a: Skuntank|Sucker Punch|p1a: Excadrill","|-damage|p1a: Excadrill|47/414","|move|p1a: Excadrill|Earthquake|p2a: Skuntank","|-supereffective|p2a: Skuntank","|-damage|p2a: Skuntank|0 fnt","|faint|p2a: Skuntank","|","|","|switch|p2a: Weezing|Weezing, M|204/333","|-damage|p2a: Weezing|163/333|[from] Stealth Rock","|turn|25","|","|move|p1a: Excadrill|Earthquake|p2a: Weezing","|-supereffective|p2a: Weezing","|-damage|p2a: Weezing|0 fnt","|faint|p2a: Weezing","|","|win|SWL HB"],"p1rating":{"entryid":"6872578","serverid":"eos","formatid":"monotype","userid":"swlhb","username":"SWL HB","w":4,"l":"8","t":"0","gxe":36.9,"r":1371.9754653171,"rd":88.29259089681,"sigma":"0","rptime":1438506000,"rpr":1395.8169430984,"rprd":85.644530857279,"rpsigma":"0","acre":1088.534008972,"lacre":1088.534008972,"oldacre":"1054.9513698446"},"p2rating":{"entryid":"6731189","serverid":"eos","formatid":"monotype","userid":"guardwanderer","username":"Guard Wanderer","w":"73","l":104,"t":"0","gxe":39.1,"r":1419.4478039051,"rd":29.634711526089,"sigma":"0","rptime":1438506000,"rpr":1416.6716065611,"rprd":29.540167799101,"rpsigma":"0","acre":1052.4808828718,"lacre":1052.4808828718,"oldacre":"1074.9432949351"},"endType":"normal"}