{"seed":[37862,61150,15706,30644],"turns":23,"p1":"Alliance - Mxy","p2":"V Monocle","p1team":[{"name":"Gengar","species":"Gengar","item":"choicescarf","ability":"Levitate","moves":["shadowball","sludgewave","focusblast","destinybond"],"nature":"Timid","evs":{"hp":0,"atk":0,"def":0,"spa":252,"spd":4,"spe":252},"ivs":{"hp":31,"atk":31,"def":31,"spa":31,"spd":31,"spe":31}},{"name":"Beedrill","species":"Beedrill","item":"beedrillite","ability":"Swarm","moves":["uturn","poisonjab","drillrun","protect"],"nature":"Jolly","evs":{"hp":0,"atk":252,"def":0,"spa":0,"spd":4,"spe":252},"ivs":{"hp":31,"atk":31,"def":31,"spa":31,"spd":31,"spe":31}},{"name":"Venusaur","species":"Venusaur","item":"venusaurite","ability":"Overgrow","moves":["synthesis","gigadrain","sludgebomb","hiddenpowerfire"],"nature":"Bold","evs":{"hp":248,"atk":0,"def":160,"spa":20,"spd":80,"spe":0},"ivs":{"hp":31,"atk":30,"def":31,"spa":30,"spd":31,"spe":30}},{"name":"Nidoqueen","species":"Nidoqueen","item":"airballoon","ability":"Sheer Force","moves":["stealthrock","fireblast","earthpower","icebeam"],"nature":"Bold","evs":{"hp":248,"atk":0,"def":108,"spa":152,"spd":0,"spe":0},"ivs":{"hp":31,"atk":31,"def":31,"spa":31,"spd":31,"spe":31}},{"name":"Drapion","species":"Drapion","item":"blacksludge","ability":"Battle Armor","moves":["knockoff","taunt","toxicspikes","earthquake"],"nature":"Jolly","evs":{"hp":248,"atk":8,"def":0,"spa":0,"spd":0,"spe":252},"ivs":{"hp":31,"atk":31,"def":31,"spa":31,"spd":31,"spe":31}},{"name":"Scolipede","species":"Scolipede","item":"lifeorb","ability":"Speed Boost","moves":["megahorn","superpower","rockslide","protect"],"nature":"Jolly","evs":{"hp":0,"atk":252,"def":0,"spa":0,"spd":4,"spe":252},"shiny":true,"ivs":{"hp":31,"atk":31,"def":31,"spa":31,"spd":31,"spe":31}}],"p2team":[{"name":"Terrakion","species":"Terrakion","item":"choicescarf","ability":"Justified","moves":["earthquake","closecombat","stoneedge","poisonjab"],"nature":"Jolly","evs":{"hp":0,"atk":252,"def":0,"spa":0,"spd":4,"spe":252},"ivs":{"hp":31,"atk":31,"def":31,"spa":31,"spd":31,"spe":31}},{"name":"Archeops","species":"Archeops","item":"choicespecs","ability":"Defeatist","moves":["ancientpower","earthpower","dragonpulse","heatwave"],"nature":"Hasty","evs":{"hp":4,"atk":0,"def":0,"spa":252,"spd":0,"spe":252},"ivs":{"hp":31,"atk":31,"def":31,"spa":31,"spd":31,"spe":31}},{"name":"Carracosta","species":"Carracosta","item":"whiteherb","ability":"Sturdy","moves":["aquajet","shellsmash","knockoff","earthquake"],"nature":"Adamant","evs":{"hp":0,"atk":252,"def":0,"spa":0,"spd":4,"spe":252},"ivs":{"hp":31,"atk":31,"def":31,"spa":31,"spd":31,"spe":31}},{"name":"Cradily","species":"Cradily","item":"leftovers","ability":"Storm Drain","moves":["ancientpower","gigadrain","recover","toxic"],"nature":"Calm","evs":{"hp":252,"atk":0,"def":0,"spa":4,"spd":252,"spe":0},"ivs":{"hp":31,"atk":31,"def":31,"spa":31,"spd":31,"spe":31}},{"name":"Aggron","species":"Aggron","item":"aggronite","ability":"Sturdy","moves":["heavyslam","curse","rest","sleeptalk"],"nature":"Impish","evs":{"hp":248,"atk":8,"def":252,"spa":0,"spd":0,"spe":0},"ivs":{"hp":31,"atk":31,"def":31,"spa":31,"spd":31,"spe":31}},{"name":"Tyranitar","species":"Tyranitar","item":"focussash","ability":"Sand Stream","moves":["crunch","stealthrock","earthquake","superpower"],"nature":"Adamant","evs":{"hp":248,"atk":252,"def":0,"spa":0,"spd":8,"spe":0},"ivs":{"hp":31,"atk":31,"def":31,"spa":31,"spd":31,"spe":31}}],"log":["|player|p1|Alliance - Mxy|270","|player|p2|V Monocle|vmonocle.png","|gametype|singles","|gen|6","|tier|Monotype","|rated","|rule|Baton Pass Clause: Limit one Baton Passer, can't pass Spe and other stats simultaneously","|rule|Swagger Clause: Swagger is banned","|rule|Same Type Clause: Pokémon in a team must share a type","|clearpoke","|poke|p1|Gengar, M","|poke|p1|Beedrill, F","|poke|p1|Venusaur, F","|poke|p1|Nidoqueen, F","|poke|p1|Drapion, F","|poke|p1|Scolipede, M, shiny","|poke|p2|Terrakion","|poke|p2|Archeops, M","|poke|p2|Carracosta, M","|poke|p2|Cradily, M","|poke|p2|Aggron, F","|poke|p2|Tyranitar, M","|rule|Sleep Clause Mod: Limit one foe put to sleep","|rule|Species Clause: Limit one of each Pokémon","|rule|OHKO Clause: OHKO moves are banned","|rule|Moody Clause: Moody is banned","|rule|Evasion Moves Clause: Evasion moves are banned","|rule|Endless Battle Clause: Forcing endless battles is banned","|rule|HP Percentage Mod: HP is shown in percentages","|teampreview","|","|start","|switch|p1a: Drapion|Drapion, F|343/343","|switch|p2a: Tyranitar|Tyranitar, M|403/403","|-weather|Sandstorm","|turn|1","|","|move|p1a: Drapion|Taunt|p2a: Tyranitar","|-start|p2a: Tyranitar|move: Taunt","|move|p2a: Tyranitar|Earthquake|p1a: Drapion","|-supereffective|p1a: Drapion","|-damage|p1a: Drapion|95/343","|","|-weather|Sandstorm|[upkeep]","|-damage|p1a: Drapion|74/343|[from] sandstorm","|-heal|p1a: Drapion|95/343|[from] item: Black Sludge","|turn|2","|","|move|p1a: Drapion|Toxic Spikes|p2a: Tyranitar","|-sidestart|p2: V Monocle|move: Toxic Spikes","|move|p2a: Tyranitar|Superpower|p1a: Drapion","|-damage|p1a: Drapion|0 fnt","|-unboost|p2a: Tyranitar|atk|1","|-unboost|p2a: Tyranitar|def|1","|faint|p1a: Drapion","|","|-weather|Sandstorm|[upkeep]","|","|switch|p1a: Scolipede|Scolipede, M, shiny|261/261","|turn|3","|","|switch|p2a: Aggron|Aggron, F|343/343","|move|p1a: Scolipede|Megahorn|p2a: Aggron","|-resisted|p2a: Aggron","|-damage|p2a: Aggron|294/343","|-damage|p1a: Scolipede|235/261|[from] item: Life Orb","|","|-weather|Sandstorm|[upkeep]","|-damage|p1a: Scolipede|219/261|[from] sandstorm","|-boost|p1a: Scolipede|spe|1|[from] ability: Speed Boost","|turn|4","|","|switch|p1a: Nidoqueen|Nidoqueen, F|383/383","|-item|p1a: Nidoqueen|Air Balloon","|detailschange|p2a: Aggron|Aggron-Mega, F","|-mega|p2a: Aggron|Aggron|Aggronite","|move|p2a: Aggron|Curse|p2a: Aggron","|-unboost|p2a: Aggron|spe|1","|-boost|p2a: Aggron|atk|1","|-boost|p2a: Aggron|def|1","|","|-weather|Sandstorm|[upkeep]","|turn|5","|","|move|p1a: Nidoqueen|Earth Power|p2a: Aggron","|-supereffective|p2a: Aggron","|-damage|p2a: Aggron|56/343","|move|p2a: Aggron|Heavy Slam|p1a: Nidoqueen","|-damage|p1a: Nidoqueen|110/383","|-enditem|p1a: Nidoqueen|Air Balloon","|","|-weather|none","|turn|6","|","|switch|p2a: Archeops|Archeops, M|292/292","|move|p1a: Nidoqueen|Stealth Rock|p2a: Archeops","|-sidestart|p2: V Monocle|move: Stealth Rock","|","|turn|7","|","|move|p2a: Archeops|Heat Wave|p1a: Nidoqueen","|-damage|p1a: Nidoqueen|0 fnt","|faint|p1a: Nidoqueen","|","|","|switch|p1a: Gengar|Gengar, M|261/261","|turn|8","|","|switch|p2a: Tyranitar|Tyranitar, M|403/403","|-damage|p2a: Tyranitar|353/403|[from] Stealth Rock","|-status|p2a: Tyranitar|psn","|-weather|Sandstorm","|move|p1a: Gengar|Shadow Ball|p2a: Tyranitar","|-resisted|p2a: Tyranitar","|-damage|p2a: Tyranitar|306/403 psn","|","|-weather|Sandstorm|[upkeep]","|-damage|p1a: Gengar|245/261|[from] sandstorm","|-damage|p2a: Tyranitar|256/403 psn|[from] psn","|turn|9","|","|switch|p1a: Beedrill|Beedrill, F|271/271","|move|p2a: Tyranitar|Crunch|p1a: Beedrill","|-damage|p1a: Beedrill|0 fnt","|faint|p1a: Beedrill","|","|-weather|Sandstorm|[upkeep]","|-damage|p2a: Tyranitar|206/403 psn|[from] psn","|","|switch|p1a: Scolipede|Scolipede, M, shiny|219/261","|turn|10","|","|move|p1a: Scolipede|Megahorn|p2a: Tyranitar|[miss]","|-miss|p1a: Scolipede|p2a: Tyranitar","|move|p2a: Tyranitar|Crunch|p1a: Scolipede","|-damage|p1a: Scolipede|41/261","|","|-weather|Sandstorm|[upkeep]","|-damage|p1a: Scolipede|25/261|[from] sandstorm","|-damage|p2a: Tyranitar|156/403 psn|[from] psn","|-boost|p1a: Scolipede|spe|1|[from] ability: Speed Boost","|turn|11","|","|move|p1a: Scolipede|Megahorn|p2a: Tyranitar","|-supereffective|p2a: Tyranitar","|-damage|p2a: Tyranitar|0 fnt","|-damage|p1a: Scolipede|0 fnt|[from] item: Life Orb","|faint|p2a: Tyranitar","|faint|p1a: Scolipede","|","|-weather|Sandstorm|[upkeep]","|","|switch|p1a: Venusaur|Venusaur, F|363/363","|switch|p2a: Carracosta|Carracosta, M|289/289","|-status|p2a: Carracosta|psn","|-damage|p2a: Carracosta|253/289 psn|[from] Stealth Rock","|turn|12","|","|switch|p2a: Aggron|Aggron-Mega, F|56/343","|-damage|p2a: Aggron|35/343|[from] Stealth Rock","|detailschange|p1a: Venusaur|Venusaur-Mega, F","|-mega|p1a: Venusaur|Venusaur|Venusaurite","|move|p1a: Venusaur|Giga Drain|p2a: Aggron","|-resisted|p2a: Aggron","|-damage|p2a: Aggron|0 fnt","|faint|p2a: Aggron","|","|-weather|none","|","|switch|p2a: Archeops|Archeops, M|292/292","|-damage|p2a: Archeops|219/292|[from] Stealth Rock","|turn|13","|","|move|p2a: Archeops|Heat Wave|p1a: Venusaur","|-supereffective|p1a: Venusaur","|-damage|p1a: Venusaur|237/363","|-status|p1a: Venusaur|brn","|move|p1a: Venusaur|Giga Drain|p2a: Archeops","|-damage|p2a: Archeops|74/292","|-heal|p1a: Venusaur|310/363 brn|[from] drain|[of] p2a: Archeops","|","|-damage|p1a: Venusaur|265/363 brn|[from] brn","|turn|14","|","|move|p2a: Archeops|Heat Wave|p1a: Venusaur","|-supereffective|p1a: Venusaur","|-damage|p1a: Venusaur|203/363 brn","|move|p1a: Venusaur|Giga Drain|p2a: Archeops","|-damage|p2a: Archeops|0 fnt","|-heal|p1a: Venusaur|240/363 brn|[from] drain|[of] p2a: Archeops","|faint|p2a: Archeops","|","|-damage|p1a: Venusaur|195/363 brn|[from] brn","|","|switch|p2a: Cradily|Cradily, M|376/376","|-damage|p2a: Cradily|329/376|[from] Stealth Rock","|-status|p2a: Cradily|psn","|turn|15","|","|move|p1a: Venusaur|Sludge Bomb|p2a: Cradily","|-damage|p2a: Cradily|235/376 psn","|move|p2a: Cradily|Ancient Power|p1a: Venusaur","|-damage|p1a: Venusaur|149/363 brn","|","|-heal|p2a: Cradily|258/376 psn|[from] item: Leftovers","|-damage|p1a: Venusaur|104/363 brn|[from] brn","|-damage|p2a: Cradily|211/376 psn|[from] psn","|turn|16","|","|move|p1a: Venusaur|Synthesis|p1a: Venusaur","|-heal|p1a: Venusaur|285/363 brn","|move|p2a: Cradily|Recover|p2a: Cradily","|-heal|p2a: Cradily|376/376 psn","|","|-damage|p1a: Venusaur|240/363 brn|[from] brn","|-damage|p2a: Cradily|329/376 psn|[from] psn","|turn|17","|","|move|p1a: Venusaur|Sludge Bomb|p2a: Cradily","|-damage|p2a: Cradily|235/376 psn","|move|p2a: Cradily|Ancient Power|p1a: Venusaur","|-damage|p1a: Venusaur|192/363 brn","|","|-heal|p2a: Cradily|258/376 psn|[from] item: Leftovers","|-damage|p1a: Venusaur|147/363 brn|[from] brn","|-damage|p2a: Cradily|211/376 psn|[from] psn","|turn|18","|","|move|p1a: Venusaur|Synthesis|p1a: Venusaur","|-heal|p1a: Venusaur|328/363 brn","|move|p2a: Cradily|Ancient Power|p1a: Venusaur","|-damage|p1a: Venusaur|279/363 brn","|","|-heal|p2a: Cradily|234/376 psn|[from] item: Leftovers","|-damage|p1a: Venusaur|234/363 brn|[from] brn","|-damage|p2a: Cradily|187/376 psn|[from] psn","|turn|19","|","|move|p1a: Venusaur|Sludge Bomb|p2a: Cradily","|-damage|p2a: Cradily|106/376 psn","|move|p2a: Cradily|Ancient Power|p1a: Venusaur","|-damage|p1a: Venusaur|183/363 brn","|","|-heal|p2a: Cradily|129/376 psn|[from] item: Leftovers","|-damage|p1a: Venusaur|138/363 brn|[from] brn","|-damage|p2a: Cradily|82/376 psn|[from] psn","|turn|20","|","|move|p1a: Venusaur|Sludge Bomb|p2a: Cradily","|-damage|p2a: Cradily|0 fnt","|faint|p2a: Cradily","|","|-damage|p1a: Venusaur|93/363 brn|[from] brn","|","|switch|p2a: Terrakion|Terrakion|323/323","|-damage|p2a: Terrakion|303/323|[from] Stealth Rock","|-status|p2a: Terrakion|psn","|turn|21","|","|move|p2a: Terrakion|Earthquake|p1a: Venusaur","|-damage|p1a: Venusaur|20/363 brn","|move|p1a: Venusaur|Giga Drain|p2a: Terrakion","|-supereffective|p2a: Terrakion","|-damage|p2a: Terrakion|61/323 psn","|-heal|p1a: Venusaur|141/363 brn|[from] drain|[of] p2a: Terrakion","|","|-damage|p2a: Terrakion|21/323 psn|[from] psn","|-damage|p1a: Venusaur|96/363 brn|[from] brn","|turn|22","|","|move|p2a: Terrakion|Earthquake|p1a: Venusaur","|-damage|p1a: Venusaur|17/363 brn","|move|p1a: Venusaur|Giga Drain|p2a: Terrakion","|-supereffective|p2a: Terrakion","|-damage|p2a: Terrakion|0 fnt","|-heal|p1a: Venusaur|28/363 brn|[from] drain|[of] p2a: Terrakion","|faint|p2a: Terrakion","|","|-damage|p1a: Venusaur|0 fnt|[from] brn","|faint|p1a: Venusaur","|","|switch|p1a: Gengar|Gengar, M|245/261","|switch|p2a: Carracosta|Carracosta, M|253/289 psn","|-damage|p2a: Carracosta|217/289 psn|[from] Stealth Rock","|turn|23","|","|move|p1a: Gengar|Focus Blast|p2a: Carracosta","|-crit|p2a: Carracosta","|-supereffective|p2a: Carracosta","|-damage|p2a: Carracosta|0 fnt","|faint|p2a: Carracosta","|","|win|Alliance - Mxy"],"p1rating":{"entryid":"6690851","serverid":"eos","formatid":"monotype","userid":"alliancemxy","username":"Alliance - Mxy","w":51,"l":"24","t":"0","gxe":66.3,"r":"1644.0393263958","rd":"45.44962692908","sigma":"0","rptime":"1438506000","rpr":1628.0407155166,"rprd":43.863265866954,"rpsigma":"0","acre":1255.025456367,"lacre":1255.025456367,"oldacre":"1238.6861897685"},"p2rating":{"entryid":"7320079","serverid":"eos","formatid":"monotype","userid":"vmonocle","username":"V Monocle","w":"5","l":9,"t":"0","gxe":40.8,"r":"1383.1941194797","rd":"89.594542961548","sigma":"0","rptime":"1438506000","rpr":1428.3426602551,"rprd":79.870942248954,"rpsigma":"0","acre":1096.7905170889,"lacre":1096.7905170889,"oldacre":"1113.1297836874"},"endType":"normal"}