{"seed":[52177,19290,48110,19504],"turns":35,"p1":"Hamstery","p2":"Champ Milkshake","p1team":[{"name":"Tyranitar","species":"Tyranitar","item":"leftovers","ability":"Sand Stream","moves":["stealthrock","thunderwave","darkpulse","earthpower"],"nature":"Calm","evs":{"hp":252,"atk":0,"def":0,"spa":0,"spd":252,"spe":0},"ivs":{"hp":31,"atk":0,"def":31,"spa":31,"spd":31,"spe":31}},{"name":"Sableye","species":"Sableye","item":"leftovers","ability":"Prankster","moves":["willowisp","recover","snarl","taunt"],"nature":"Calm","evs":{"hp":252,"atk":0,"def":0,"spa":4,"spd":252,"spe":0},"ivs":{"hp":31,"atk":0,"def":31,"spa":31,"spd":31,"spe":31}},{"name":"Mandibuzz","species":"Mandibuzz","item":"rockyhelmet","ability":"Overcoat","moves":["foulplay","toxic","defog","roost"],"nature":"Bold","evs":{"hp":248,"atk":0,"def":252,"spa":0,"spd":8,"spe":0},"ivs":{"hp":31,"atk":31,"def":31,"spa":0,"spd":31,"spe":31}},{"name":"Absol","species":"Absol","item":"absolite","ability":"Pressure","moves":["swordsdance","suckerpunch","playrough","superpower"],"nature":"Jolly","evs":{"hp":0,"atk":252,"def":0,"spa":0,"spd":4,"spe":252},"ivs":{"hp":31,"atk":31,"def":31,"spa":0,"spd":31,"spe":31}},{"name":"Bisharp","species":"Bisharp","item":"leftovers","ability":"Defiant","moves":["swordsdance","substitute","suckerpunch","ironhead"],"nature":"Impish","evs":{"hp":252,"atk":0,"def":252,"spa":0,"spd":4,"spe":0},"ivs":{"hp":31,"atk":31,"def":31,"spa":0,"spd":31,"spe":31}},{"name":"Hydreigon","species":"Hydreigon","item":"choicescarf","ability":"Levitate","moves":["dracometeor","darkpulse","flamethrower","flashcannon"],"nature":"Timid","evs":{"hp":0,"atk":0,"def":0,"spa":252,"spd":4,"spe":252},"ivs":{"hp":31,"atk":0,"def":31,"spa":31,"spd":31,"spe":31}}],"p2team":[{"name":"Heatran","species":"Heatran","item":"leftovers","ability":"Flash Fire","moves":["lavaplume","stealthrock","earthpower","toxic"],"nature":"Calm","evs":{"hp":252,"atk":0,"def":0,"spa":0,"spd":176,"spe":80},"ivs":{"hp":31,"atk":31,"def":31,"spa":31,"spd":31,"spe":31}},{"name":"Bisharp","species":"Bisharp","item":"lifeorb","ability":"Defiant","moves":["knockoff","swordsdance","suckerpunch","ironhead"],"nature":"Adamant","evs":{"hp":0,"atk":252,"def":0,"spa":0,"spd":4,"spe":252},"ivs":{"hp":31,"atk":31,"def":31,"spa":31,"spd":31,"spe":31}},{"name":"Skarmory","species":"Skarmory","item":"rockyhelmet","ability":"Sturdy","moves":["bravebird","spikes","roost","whirlwind"],"nature":"Impish","evs":{"hp":252,"atk":0,"def":252,"spa":0,"spd":4,"spe":0},"ivs":{"hp":31,"atk":31,"def":31,"spa":31,"spd":31,"spe":31}},{"name":"Doublade","species":"Doublade","item":"eviolite","ability":"No Guard","moves":["swordsdance","shadowclaw","shadowsneak","sacredsword"],"nature":"Adamant","evs":{"hp":248,"atk":252,"def":0,"spa":0,"spd":8,"spe":0},"ivs":{"hp":31,"atk":31,"def":31,"spa":31,"spd":31,"spe":31}},{"name":"Excadrill","species":"Excadrill","item":"choicescarf","ability":"Mold Breaker","moves":["earthquake","rockslide","rapidspin","ironhead"],"nature":"Jolly","evs":{"hp":0,"atk":252,"def":0,"spa":0,"spd":4,"spe":252},"ivs":{"hp":31,"atk":31,"def":31,"spa":31,"spd":31,"spe":31}},{"name":"Magnezone","species":"Magnezone","item":"choicescarf","ability":"Magnet Pull","moves":["voltswitch","hiddenpowerice","flashcannon","thunderbolt"],"nature":"Timid","evs":{"hp":0,"atk":0,"def":0,"spa":252,"spd":4,"spe":252},"ivs":{"hp":31,"atk":30,"def":30,"spa":31,"spd":31,"spe":31}}],"log":["|player|p1|Hamstery|102","|player|p2|Champ Milkshake|70","|gametype|singles","|gen|6","|tier|Monotype","|rated","|rule|Baton Pass Clause: Limit one Baton Passer, can't pass Spe and other stats simultaneously","|rule|Swagger Clause: Swagger is banned","|rule|Same Type Clause: Pokémon in a team must share a type","|clearpoke","|poke|p1|Tyranitar, M","|poke|p1|Sableye, M","|poke|p1|Mandibuzz, F","|poke|p1|Absol, M","|poke|p1|Bisharp, F","|poke|p1|Hydreigon, F","|poke|p2|Heatran, F","|poke|p2|Bisharp, M","|poke|p2|Skarmory, M","|poke|p2|Doublade, F","|poke|p2|Excadrill, F","|poke|p2|Magnezone","|rule|Sleep Clause Mod: Limit one foe put to sleep","|rule|Species Clause: Limit one of each Pokémon","|rule|OHKO Clause: OHKO moves are banned","|rule|Moody Clause: Moody is banned","|rule|Evasion Moves Clause: Evasion moves are banned","|rule|Endless Battle Clause: Forcing endless battles is banned","|rule|HP Percentage Mod: HP is shown in percentages","|teampreview","|","|start","|switch|p1a: Sableye|Sableye, M|304/304","|switch|p2a: Doublade|Doublade, F|321/321","|turn|1","|","|switch|p2a: Heatran|Heatran, F|386/386","|move|p1a: Sableye|Will-O-Wisp|p2a: Heatran","|-start|p2a: Heatran|ability: Flash Fire","|","|turn|2","|","|switch|p1a: Tyranitar|Tyranitar, M|404/404","|-weather|Sandstorm","|move|p2a: Heatran|Lava Plume|p1a: Tyranitar","|-resisted|p1a: Tyranitar","|-damage|p1a: Tyranitar|363/404","|","|-weather|Sandstorm|[upkeep]","|-heal|p1a: Tyranitar|388/404|[from] item: Leftovers","|turn|3","|","|-end|p2a: Heatran|ability: Flash Fire|[silent]","|switch|p2a: Skarmory|Skarmory, M|334/334","|move|p1a: Tyranitar|Earth Power|p2a: Skarmory","|-immune|p2a: Skarmory|[msg]","|","|-weather|Sandstorm|[upkeep]","|-heal|p1a: Tyranitar|404/404|[from] item: Leftovers","|turn|4","|","|move|p2a: Skarmory|Spikes|p1a: Tyranitar","|-sidestart|p1: Hamstery|Spikes","|move|p1a: Tyranitar|Thunder Wave|p2a: Skarmory","|-status|p2a: Skarmory|par","|","|-weather|Sandstorm|[upkeep]","|turn|5","|","|move|p1a: Tyranitar|Stealth Rock|p2a: Skarmory","|-sidestart|p2: Champ Milkshake|move: Stealth Rock","|move|p2a: Skarmory|Spikes|p1a: Tyranitar","|-sidestart|p1: Hamstery|Spikes","|","|-weather|Sandstorm|[upkeep]","|turn|6","|","|switch|p1a: Hydreigon|Hydreigon, F|325/325","|move|p2a: Skarmory|Spikes|p1a: Hydreigon","|-sidestart|p1: Hamstery|Spikes","|","|-weather|none","|turn|7","|","|move|p1a: Hydreigon|Flamethrower|p2a: Skarmory","|-supereffective|p2a: Skarmory","|-damage|p2a: Skarmory|70/334 par","|move|p2a: Skarmory|Whirlwind|p1a: Hydreigon","|drag|p1a: Tyranitar|Tyranitar, M|404/404","|-damage|p1a: Tyranitar|303/404|[from] Spikes","|-weather|Sandstorm","|","|-weather|Sandstorm|[upkeep]","|-heal|p1a: Tyranitar|328/404|[from] item: Leftovers","|turn|8","|","|move|p1a: Tyranitar|Dark Pulse|p2a: Skarmory","|-damage|p2a: Skarmory|0 fnt","|faint|p2a: Skarmory","|","|-weather|Sandstorm|[upkeep]","|-heal|p1a: Tyranitar|353/404|[from] item: Leftovers","|","|switch|p2a: Magnezone|Magnezone|281/281","|-damage|p2a: Magnezone|264/281|[from] Stealth Rock","|turn|9","|","|move|p2a: Magnezone|Flash Cannon|p1a: Tyranitar","|-supereffective|p1a: Tyranitar","|-damage|p1a: Tyranitar|201/404","|-unboost|p1a: Tyranitar|spd|1","|move|p1a: Tyranitar|Earth Power|p2a: Magnezone","|-supereffective|p2a: Magnezone","|-damage|p2a: Magnezone|0 fnt","|faint|p2a: Magnezone","|","|-weather|Sandstorm|[upkeep]","|-heal|p1a: Tyranitar|226/404|[from] item: Leftovers","|","|switch|p2a: Doublade|Doublade, F|321/321","|-damage|p2a: Doublade|301/321|[from] Stealth Rock","|turn|10","|","|move|p1a: Tyranitar|Dark Pulse|p2a: Doublade","|-supereffective|p2a: Doublade","|-damage|p2a: Doublade|95/321","|move|p2a: Doublade|Sacred Sword|p1a: Tyranitar","|-supereffective|p1a: Tyranitar","|-damage|p1a: Tyranitar|0 fnt","|faint|p1a: Tyranitar","|","|-weather|Sandstorm|[upkeep]","|","|switch|p1a: Mandibuzz|Mandibuzz, F|423/423","|turn|11","|","|move|p1a: Mandibuzz|Defog|p2a: Doublade","|-unboost|p2a: Doublade|evasion|1","|-sideend|p2: Champ Milkshake|Stealth Rock|[from] move: Defog|[of] p2a: Doublade","|-sideend|p1: Hamstery|Spikes|[from] move: Defog|[of] p1a: Mandibuzz","|move|p2a: Doublade|Swords Dance|p2a: Doublade","|-boost|p2a: Doublade|atk|2","|","|-weather|none","|turn|12","|","|move|p1a: Mandibuzz|Foul Play|p2a: Doublade","|-supereffective|p2a: Doublade","|-damage|p2a: Doublade|0 fnt","|faint|p2a: Doublade","|","|","|switch|p2a: Heatran|Heatran, F|386/386","|turn|13","|","|switch|p1a: Hydreigon|Hydreigon, F|325/325","|move|p2a: Heatran|Toxic|p1a: Hydreigon|[miss]","|-miss|p2a: Heatran|p1a: Hydreigon","|","|turn|14","|","|move|p1a: Hydreigon|Dark Pulse|p2a: Heatran","|-damage|p2a: Heatran|274/386","|move|p2a: Heatran|Toxic|p1a: Hydreigon","|-status|p1a: Hydreigon|tox","|","|-heal|p2a: Heatran|298/386|[from] item: Leftovers","|-damage|p1a: Hydreigon|305/325 tox|[from] psn","|turn|15","|","|switch|p1a: Sableye|Sableye, M|304/304","|switch|p2a: Bisharp|Bisharp, M|271/271","|","|turn|16","|","|switch|p2a: Heatran|Heatran, F|298/386","|move|p1a: Sableye|Taunt|p2a: Heatran","|-start|p2a: Heatran|move: Taunt","|","|-heal|p2a: Heatran|322/386|[from] item: Leftovers","|turn|17","|","|move|p2a: Heatran|Lava Plume|p1a: Sableye","|-damage|p1a: Sableye|196/304","|move|p1a: Sableye|Snarl|p2a: Heatran","|-crit|p2a: Heatran","|-damage|p2a: Heatran|270/386","|-unboost|p2a: Heatran|spa|1","|","|-heal|p2a: Heatran|294/386|[from] item: Leftovers","|-heal|p1a: Sableye|215/304|[from] item: Leftovers","|turn|18","|","|move|p2a: Heatran|Lava Plume|p1a: Sableye","|-damage|p1a: Sableye|137/304","|move|p1a: Sableye|Snarl|p2a: Heatran","|-damage|p2a: Heatran|260/386","|-unboost|p2a: Heatran|spa|1","|","|-heal|p2a: Heatran|284/386|[from] item: Leftovers","|-heal|p1a: Sableye|156/304|[from] item: Leftovers","|-end|p2a: Heatran|move: Taunt","|turn|19","|","|move|p2a: Heatran|Toxic|p1a: Sableye","|-status|p1a: Sableye|tox","|move|p1a: Sableye|Snarl|p2a: Heatran","|-miss|p1a: Sableye|p2a: Heatran","|","|-heal|p2a: Heatran|308/386|[from] item: Leftovers","|-heal|p1a: Sableye|175/304 tox|[from] item: Leftovers","|-damage|p1a: Sableye|156/304 tox|[from] psn","|turn|20","|","|switch|p2a: Excadrill|Excadrill, F|361/361","|-ability|p2a: Excadrill|Mold Breaker","|switch|p1a: Absol|Absol, M|271/271","|-ability|p1a: Absol|Pressure","|","|turn|21","|","|switch|p1a: Mandibuzz|Mandibuzz, F|423/423","|move|p2a: Excadrill|Earthquake|p1a: Mandibuzz","|-immune|p1a: Mandibuzz|[msg]","|","|turn|22","|","|switch|p2a: Heatran|Heatran, F|308/386","|move|p1a: Mandibuzz|Foul Play|p2a: Heatran","|-damage|p2a: Heatran|226/386","|","|-heal|p2a: Heatran|250/386|[from] item: Leftovers","|turn|23","|","|switch|p1a: Bisharp|Bisharp, F|334/334","|move|p2a: Heatran|Toxic|p1a: Bisharp","|-immune|p1a: Bisharp|[msg]","|","|-heal|p2a: Heatran|274/386|[from] item: Leftovers","|turn|24","|","|switch|p1a: Hydreigon|Hydreigon, F|305/325 tox","|move|p2a: Heatran|Lava Plume|p1a: Hydreigon","|-resisted|p1a: Hydreigon","|-damage|p1a: Hydreigon|245/325 tox","|","|-heal|p2a: Heatran|298/386|[from] item: Leftovers","|-damage|p1a: Hydreigon|225/325 tox|[from] psn","|turn|25","|","|move|p1a: Hydreigon|Dark Pulse|p2a: Heatran","|-damage|p2a: Heatran|196/386","|cant|p2a: Heatran|flinch","|","|-heal|p2a: Heatran|220/386|[from] item: Leftovers","|-damage|p1a: Hydreigon|185/325 tox|[from] psn","|turn|26","|","|move|p1a: Hydreigon|Dark Pulse|p2a: Heatran","|-damage|p2a: Heatran|126/386","|move|p2a: Heatran|Stealth Rock|p1a: Hydreigon","|-sidestart|p1: Hamstery|move: Stealth Rock","|","|-heal|p2a: Heatran|150/386|[from] item: Leftovers","|-damage|p1a: Hydreigon|125/325 tox|[from] psn","|turn|27","|","|switch|p2a: Bisharp|Bisharp, M|271/271","|move|p1a: Hydreigon|Dark Pulse|p2a: Bisharp","|-resisted|p2a: Bisharp","|-damage|p2a: Bisharp|187/271","|","|-damage|p1a: Hydreigon|45/325 tox|[from] psn","|turn|28","|","|move|p1a: Hydreigon|Dark Pulse|p2a: Bisharp","|-resisted|p2a: Bisharp","|-damage|p2a: Bisharp|100/271","|move|p2a: Bisharp|Swords Dance|p2a: Bisharp","|-boost|p2a: Bisharp|atk|2","|","|-damage|p1a: Hydreigon|0 fnt|[from] psn","|faint|p1a: Hydreigon","|","|switch|p1a: Mandibuzz|Mandibuzz, F|423/423","|-damage|p1a: Mandibuzz|318/423|[from] Stealth Rock","|turn|29","|","|move|p2a: Bisharp|Sucker Punch|p1a: Mandibuzz","|-resisted|p1a: Mandibuzz","|-damage|p1a: Mandibuzz|180/423","|-damage|p2a: Bisharp|55/271|[from] item: Rocky Helmet|[of] p1a: Mandibuzz","|-damage|p2a: Bisharp|28/271|[from] item: Life Orb","|move|p1a: Mandibuzz|Foul Play|p2a: Bisharp","|-resisted|p2a: Bisharp","|-damage|p2a: Bisharp|0 fnt","|faint|p2a: Bisharp","|","|","|switch|p2a: Heatran|Heatran, F|150/386","|turn|30","|","|move|p2a: Heatran|Lava Plume|p1a: Mandibuzz","|-damage|p1a: Mandibuzz|63/423","|-status|p1a: Mandibuzz|brn","|move|p1a: Mandibuzz|Roost|p1a: Mandibuzz","|-heal|p1a: Mandibuzz|275/423 brn","|","|-heal|p2a: Heatran|174/386|[from] item: Leftovers","|-damage|p1a: Mandibuzz|223/423 brn|[from] brn","|turn|31","|","|move|p2a: Heatran|Lava Plume|p1a: Mandibuzz","|-damage|p1a: Mandibuzz|96/423 brn","|move|p1a: Mandibuzz|Defog|p2a: Heatran","|-unboost|p2a: Heatran|evasion|1","|-sideend|p1: Hamstery|Stealth Rock|[from] move: Defog|[of] p1a: Mandibuzz","|","|-heal|p2a: Heatran|198/386|[from] item: Leftovers","|-damage|p1a: Mandibuzz|44/423 brn|[from] brn","|turn|32","|","|move|p2a: Heatran|Lava Plume|p1a: Mandibuzz","|-damage|p1a: Mandibuzz|0 fnt","|faint|p1a: Mandibuzz","|","|-heal|p2a: Heatran|222/386|[from] item: Leftovers","|","|switch|p1a: Absol|Absol, M|271/271","|-ability|p1a: Absol|Pressure","|turn|33","|","|detailschange|p1a: Absol|Absol-Mega, M","|-mega|p1a: Absol|Absol|Absolite","|move|p1a: Absol|Superpower|p2a: Heatran","|-supereffective|p2a: Heatran","|-damage|p2a: Heatran|0 fnt","|-unboost|p1a: Absol|atk|1","|-unboost|p1a: Absol|def|1","|faint|p2a: Heatran","|","|","|switch|p2a: Excadrill|Excadrill, F|361/361","|-ability|p2a: Excadrill|Mold Breaker","|turn|34","|","|switch|p1a: Sableye|Sableye, M|156/304 tox","|move|p2a: Excadrill|Earthquake|p1a: Sableye","|-damage|p1a: Sableye|0 fnt","|faint|p1a: Sableye","|","|","|switch|p1a: Absol|Absol-Mega, M|271/271","|turn|35","|","|move|p2a: Excadrill|Earthquake|p1a: Absol","|-damage|p1a: Absol|16/271","|move|p1a: Absol|Superpower|p2a: Excadrill","|-supereffective|p2a: Excadrill","|-damage|p2a: Excadrill|0 fnt","|-unboost|p1a: Absol|atk|1","|-unboost|p1a: Absol|def|1","|faint|p2a: Excadrill","|","|win|Hamstery"],"p1rating":{"entryid":"7331705","serverid":"eos","formatid":"monotype","userid":"hamstery","username":"Hamstery","w":3,"l":"0","t":"0","gxe":62.3,"r":"1500","rd":"130","sigma":"0","rptime":"1438419600","rpr":1599.2675350834,"rprd":111.51861011339,"rpsigma":"0","acre":1101.3559851958,"lacre":1101.3559851958,"oldacre":"1074.0914545629"},"p2rating":{"entryid":"7331806","serverid":"eos","formatid":"monotype","userid":"champmilkshake","username":"Champ Milkshake","w":"1","l":1,"t":"0","gxe":49.8,"r":"1500","rd":"130","sigma":"0","rptime":"1438419600","rpr":1498.3574896436,"rprd":115.99206931501,"rpsigma":"0","acre":1037.4011736674,"lacre":1037.4011736674,"oldacre":"1054.56498181"},"endType":"normal"}