{"seed":[25081,24197,52918,59216],"turns":30,"p1":"Alliance-C-Control","p2":"SWL Neßki","p1team":[{"name":"Emolga","species":"Emolga","item":"sitrusberry","ability":"Motor Drive","moves":["acrobatics","tailwind","uturn","roost"],"nature":"Adamant","evs":{"hp":0,"atk":252,"def":0,"spa":0,"spd":4,"spe":252},"ivs":{"hp":31,"atk":31,"def":31,"spa":31,"spd":31,"spe":31}},{"name":"Magnezone","species":"Magnezone","item":"choicescarf","ability":"Sturdy","moves":["flashcannon","hiddenpowerice","triattack","voltswitch"],"nature":"Timid","evs":{"hp":4,"atk":0,"def":0,"spa":252,"spd":0,"spe":252},"ivs":{"hp":31,"atk":30,"def":30,"spa":31,"spd":31,"spe":31}},{"name":"Thundurus","species":"Thundurus","item":"leftovers","ability":"Prankster","moves":["psychic","thunderwave","superpower","thunderbolt"],"nature":"Hasty","evs":{"hp":0,"atk":4,"def":0,"spa":252,"spd":0,"spe":252},"ivs":{"hp":31,"atk":31,"def":31,"spa":31,"spd":31,"spe":31}},{"name":"Zapdos","species":"Zapdos","item":"rockyhelmet","ability":"Pressure","moves":["heatwave","defog","voltswitch","roost"],"nature":"Modest","evs":{"hp":248,"atk":0,"def":0,"spa":252,"spd":8,"spe":0},"ivs":{"hp":31,"atk":31,"def":31,"spa":31,"spd":31,"spe":31}},{"name":"Ampharos","species":"Ampharos","item":"ampharosite","ability":"Static","moves":["dragonpulse","powergem","thunderbolt","focusblast"],"nature":"Modest","evs":{"hp":248,"atk":0,"def":252,"spa":8,"spd":0,"spe":0},"ivs":{"hp":31,"atk":31,"def":31,"spa":31,"spd":31,"spe":31}},{"name":"Rotom-Wash","species":"Rotom-Wash","item":"leftovers","ability":"Levitate","moves":["hydropump","willowisp","snatch","voltswitch"],"nature":"Bold","evs":{"hp":252,"atk":0,"def":248,"spa":0,"spd":0,"spe":0},"ivs":{"hp":31,"atk":31,"def":31,"spa":31,"spd":31,"spe":31}}],"p2team":[{"name":"Mamoswine","species":"Mamoswine","item":"choiceband","ability":"Thick Fat","moves":["iceshard","iciclecrash","earthquake","knockoff"],"nature":"Adamant","evs":{"hp":4,"atk":252,"def":0,"spa":0,"spd":0,"spe":252},"ivs":{"hp":31,"atk":31,"def":31,"spa":31,"spd":31,"spe":31}},{"name":"Excadrill","species":"Excadrill","item":"choiceband","ability":"Sand Rush","moves":["facade","earthquake","ironhead","xscissor"],"nature":"Adamant","evs":{"hp":0,"atk":252,"def":0,"spa":0,"spd":4,"spe":252},"ivs":{"hp":31,"atk":31,"def":31,"spa":31,"spd":31,"spe":31}},{"name":"Nidoking","species":"Nidoking","item":"lifeorb","ability":"Sheer Force","moves":["flamethrower","sludgewave","icebeam","earthpower"],"nature":"Modest","evs":{"hp":4,"atk":0,"def":0,"spa":252,"spd":0,"spe":252},"ivs":{"hp":31,"atk":31,"def":31,"spa":31,"spd":31,"spe":31}},{"name":"Landorus","species":"Landorus","item":"choicescarf","ability":"Sheer Force","moves":["psychic","earthpower","knockoff","uturn"],"nature":"Mild","evs":{"hp":0,"atk":24,"def":0,"spa":252,"spd":0,"spe":232},"shiny":true,"ivs":{"hp":31,"atk":31,"def":31,"spa":31,"spd":31,"spe":31}},{"name":"Seismitoad","species":"Seismitoad","item":"leftovers","ability":"Water Absorb","moves":["stealthrock","grassknot","toxic","scald"],"nature":"Calm","evs":{"hp":244,"atk":0,"def":0,"spa":0,"spd":252,"spe":12},"ivs":{"hp":31,"atk":0,"def":31,"spa":31,"spd":31,"spe":31}},{"name":"Hippopotas","species":"Hippopotas","item":"eviolite","ability":"Sand Stream","moves":["yawn","whirlwind","stealthrock","slackoff"],"nature":"Bold","evs":{"hp":248,"atk":0,"def":252,"spa":0,"spd":8,"spe":0},"ivs":{"hp":31,"atk":0,"def":31,"spa":31,"spd":31,"spe":31}}],"log":["|player|p1|Alliance-C-Control|190","|player|p2|SWL Neßki|swlneki.png","|gametype|singles","|gen|6","|tier|Monotype","|rated","|rule|Baton Pass Clause: Limit one Baton Passer, can't pass Spe and other stats simultaneously","|rule|Swagger Clause: Swagger is banned","|rule|Same Type Clause: Pokémon in a team must share a type","|clearpoke","|poke|p1|Emolga, M","|poke|p1|Magnezone","|poke|p1|Thundurus, M","|poke|p1|Zapdos","|poke|p1|Ampharos, M","|poke|p1|Rotom-Wash","|poke|p2|Mamoswine, F","|poke|p2|Excadrill, M","|poke|p2|Nidoking, M","|poke|p2|Landorus, M, shiny","|poke|p2|Seismitoad, F","|poke|p2|Hippopotas, F","|rule|Sleep Clause Mod: Limit one foe put to sleep","|rule|Species Clause: Limit one of each Pokémon","|rule|OHKO Clause: OHKO moves are banned","|rule|Moody Clause: Moody is banned","|rule|Evasion Moves Clause: Evasion moves are banned","|rule|Endless Battle Clause: Forcing endless battles is banned","|rule|HP Percentage Mod: HP is shown in percentages","|teampreview","|","|start","|switch|p1a: Rotom-Wash|Rotom-Wash|304/304","|switch|p2a: Seismitoad|Seismitoad, F|412/412","|turn|1","|","|switch|p1a: Thundurus|Thundurus, M|299/299","|move|p2a: Seismitoad|Toxic|p1a: Thundurus","|-status|p1a: Thundurus|tox","|","|-damage|p1a: Thundurus|281/299 tox|[from] psn","|turn|2","|","|switch|p2a: Landorus|Landorus, M, shiny|319/319","|move|p1a: Thundurus|Psychic|p2a: Landorus","|-damage|p2a: Landorus|193/319","|","|-heal|p1a: Thundurus|299/299 tox|[from] item: Leftovers","|-damage|p1a: Thundurus|263/299 tox|[from] psn","|turn|3","|","|switch|p2a: Seismitoad|Seismitoad, F|412/412","|move|p1a: Thundurus|Psychic|p2a: Seismitoad","|-damage|p2a: Seismitoad|326/412","|-unboost|p2a: Seismitoad|spd|1","|","|-heal|p1a: Thundurus|281/299 tox|[from] item: Leftovers","|-heal|p2a: Seismitoad|351/412|[from] item: Leftovers","|-damage|p1a: Thundurus|227/299 tox|[from] psn","|turn|4","|","|switch|p1a: Rotom-Wash|Rotom-Wash|304/304","|switch|p2a: Landorus|Landorus, M, shiny|193/319","|","|turn|5","|","|switch|p2a: Seismitoad|Seismitoad, F|351/412","|move|p1a: Rotom-Wash|Hydro Pump|p2a: Seismitoad","|-heal|p2a: Seismitoad|412/412|[from] ability: Water Absorb|[of] p1a: Rotom-Wash","|","|turn|6","|","|move|p1a: Rotom-Wash|Will-O-Wisp|p2a: Seismitoad|[miss]","|-miss|p1a: Rotom-Wash|p2a: Seismitoad","|move|p2a: Seismitoad|Stealth Rock|p1a: Rotom-Wash","|-sidestart|p1: Alliance-C-Control|move: Stealth Rock","|","|turn|7","|","|move|p1a: Rotom-Wash|Will-O-Wisp|p2a: Seismitoad","|-status|p2a: Seismitoad|brn","|move|p2a: Seismitoad|Toxic|p1a: Rotom-Wash","|-status|p1a: Rotom-Wash|tox","|","|-damage|p1a: Rotom-Wash|285/304 tox|[from] psn","|-damage|p2a: Seismitoad|361/412 brn|[from] brn","|turn|8","|","|switch|p1a: Emolga|Emolga, M|251/251","|-damage|p1a: Emolga|189/251|[from] Stealth Rock","|move|p2a: Seismitoad|Toxic|p1a: Emolga","|-status|p1a: Emolga|tox","|","|-heal|p2a: Seismitoad|386/412 brn|[from] item: Leftovers","|-damage|p1a: Emolga|174/251 tox|[from] psn","|-damage|p2a: Seismitoad|335/412 brn|[from] brn","|turn|9","|","|switch|p2a: Mamoswine|Mamoswine, F|362/362","|move|p1a: Emolga|U-turn|p2a: Mamoswine","|-crit|p2a: Mamoswine","|-damage|p2a: Mamoswine|245/362","|","|switch|p1a: Magnezone|Magnezone|282/282","|-damage|p1a: Magnezone|265/282|[from] Stealth Rock","|","|turn|10","|","|switch|p2a: Hippopotas|Hippopotas, F|339/339","|-weather|Sandstorm","|move|p1a: Magnezone|Flash Cannon|p2a: Hippopotas","|-damage|p2a: Hippopotas|170/339","|","|-weather|Sandstorm|[upkeep]","|turn|11","|","|switch|p1a: Thundurus|Thundurus, M|227/299 tox","|-damage|p1a: Thundurus|153/299 tox|[from] Stealth Rock","|move|p2a: Hippopotas|Yawn|p1a: Thundurus","|-fail|p1a: Thundurus","|","|-weather|Sandstorm|[upkeep]","|-damage|p1a: Thundurus|135/299 tox|[from] sandstorm","|-heal|p1a: Thundurus|153/299 tox|[from] item: Leftovers","|-damage|p1a: Thundurus|135/299 tox|[from] psn","|turn|12","|","|switch|p2a: Landorus|Landorus, M, shiny|193/319","|move|p1a: Thundurus|Psychic|p2a: Landorus","|-damage|p2a: Landorus|63/319","|","|-weather|Sandstorm|[upkeep]","|-damage|p1a: Thundurus|117/299 tox|[from] sandstorm","|-heal|p1a: Thundurus|135/299 tox|[from] item: Leftovers","|-damage|p1a: Thundurus|99/299 tox|[from] psn","|turn|13","|","|move|p2a: Landorus|Psychic|p1a: Thundurus","|-damage|p1a: Thundurus|0 fnt","|faint|p1a: Thundurus","|","|-weather|Sandstorm|[upkeep]","|","|switch|p1a: Magnezone|Magnezone|265/282","|-damage|p1a: Magnezone|248/282|[from] Stealth Rock","|turn|14","|","|move|p2a: Landorus|Psychic|p1a: Magnezone","|-resisted|p1a: Magnezone","|-damage|p1a: Magnezone|178/282","|move|p1a: Magnezone|Flash Cannon|p2a: Landorus","|-damage|p2a: Landorus|0 fnt","|faint|p2a: Landorus","|","|-weather|none","|","|switch|p2a: Nidoking|Nidoking, M|304/304","|turn|15","|","|switch|p1a: Emolga|Emolga, M|174/251 tox","|-damage|p1a: Emolga|112/251 tox|[from] Stealth Rock","|-enditem|p1a: Emolga|Sitrus Berry|[eat]","|-heal|p1a: Emolga|174/251 tox|[from] item: Sitrus Berry","|move|p2a: Nidoking|Earth Power|p1a: Emolga","|-immune|p1a: Emolga|[msg]","|","|-damage|p1a: Emolga|159/251 tox|[from] psn","|turn|16","|","|switch|p2a: Hippopotas|Hippopotas, F|170/339","|-weather|Sandstorm","|move|p1a: Emolga|Acrobatics|p2a: Hippopotas","|-damage|p2a: Hippopotas|91/339","|","|-weather|Sandstorm|[upkeep]","|-damage|p1a: Emolga|144/251 tox|[from] sandstorm","|-damage|p1a: Emolga|114/251 tox|[from] psn","|turn|17","|","|move|p1a: Emolga|Tailwind|p1a: Emolga","|-sidestart|p1: Alliance-C-Control|move: Tailwind","|move|p2a: Hippopotas|Slack Off|p2a: Hippopotas","|-heal|p2a: Hippopotas|261/339","|","|-weather|Sandstorm|[upkeep]","|-damage|p1a: Emolga|99/251 tox|[from] sandstorm","|-damage|p1a: Emolga|54/251 tox|[from] psn","|turn|18","|","|move|p1a: Emolga|U-turn|p2a: Hippopotas","|-damage|p2a: Hippopotas|224/339","|","|switch|p1a: Zapdos|Zapdos|383/383","|-damage|p1a: Zapdos|288/383|[from] Stealth Rock","|-ability|p1a: Zapdos|Pressure","|move|p2a: Hippopotas|Slack Off|p2a: Hippopotas","|-heal|p2a: Hippopotas|339/339","|","|-weather|Sandstorm|[upkeep]","|-damage|p1a: Zapdos|265/383|[from] sandstorm","|turn|19","|","|switch|p2a: Mamoswine|Mamoswine, F|245/362","|move|p1a: Zapdos|Defog|p2a: Mamoswine","|-unboost|p2a: Mamoswine|evasion|1","|-sideend|p1: Alliance-C-Control|Stealth Rock|[from] move: Defog|[of] p1a: Zapdos","|","|-weather|Sandstorm|[upkeep]","|-damage|p1a: Zapdos|242/383|[from] sandstorm","|turn|20","|","|switch|p1a: Magnezone|Magnezone|178/282","|move|p2a: Mamoswine|Icicle Crash|p1a: Magnezone","|-resisted|p1a: Magnezone","|-damage|p1a: Magnezone|75/282","|","|-weather|none","|-sideend|p1: Alliance-C-Control|move: Tailwind","|turn|21","|","|switch|p2a: Excadrill|Excadrill, M|361/361","|move|p1a: Magnezone|Flash Cannon|p2a: Excadrill","|-resisted|p2a: Excadrill","|-damage|p2a: Excadrill|262/361","|","|turn|22","|","|switch|p1a: Emolga|Emolga, M|54/251 tox","|move|p2a: Excadrill|Facade|p1a: Emolga","|-damage|p1a: Emolga|0 fnt","|faint|p1a: Emolga","|","|","|switch|p1a: Zapdos|Zapdos|242/383","|-ability|p1a: Zapdos|Pressure","|turn|23","|","|switch|p2a: Seismitoad|Seismitoad, F|335/412 brn","|move|p1a: Zapdos|Roost|p1a: Zapdos","|-heal|p1a: Zapdos|383/383","|","|-heal|p2a: Seismitoad|360/412 brn|[from] item: Leftovers","|-damage|p2a: Seismitoad|309/412 brn|[from] brn","|turn|24","|","|switch|p1a: Magnezone|Magnezone|75/282","|switch|p2a: Nidoking|Nidoking, M|304/304","|","|turn|25","|","|move|p1a: Magnezone|Hidden Power|p2a: Nidoking","|-supereffective|p2a: Nidoking","|-damage|p2a: Nidoking|118/304","|move|p2a: Nidoking|Flamethrower|p1a: Magnezone","|-supereffective|p1a: Magnezone","|-damage|p1a: Magnezone|0 fnt","|faint|p1a: Magnezone","|","|","|switch|p1a: Ampharos|Ampharos, M|383/383","|turn|26","|","|detailschange|p1a: Ampharos|Ampharos-Mega, M","|-mega|p1a: Ampharos|Ampharos|Ampharosite","|-ability|p1a: Ampharos|Mold Breaker","|move|p2a: Nidoking|Earth Power|p1a: Ampharos","|-supereffective|p1a: Ampharos","|-damage|p1a: Ampharos|0 fnt","|faint|p1a: Ampharos","|","|","|switch|p1a: Rotom-Wash|Rotom-Wash|285/304 tox","|turn|27","|","|move|p2a: Nidoking|Sludge Wave|p1a: Rotom-Wash","|-damage|p1a: Rotom-Wash|47/304 tox","|move|p1a: Rotom-Wash|Hydro Pump|p2a: Nidoking","|-supereffective|p2a: Nidoking","|-damage|p2a: Nidoking|0 fnt","|faint|p2a: Nidoking","|","|-heal|p1a: Rotom-Wash|66/304 tox|[from] item: Leftovers","|-damage|p1a: Rotom-Wash|47/304 tox|[from] psn","|","|switch|p2a: Hippopotas|Hippopotas, F|339/339","|-weather|Sandstorm","|turn|28","|","|switch|p2a: Seismitoad|Seismitoad, F|309/412 brn","|move|p1a: Rotom-Wash|Hydro Pump|p2a: Seismitoad","|-heal|p2a: Seismitoad|412/412 brn|[from] ability: Water Absorb|[of] p1a: Rotom-Wash","|","|-weather|Sandstorm|[upkeep]","|-damage|p1a: Rotom-Wash|28/304 tox|[from] sandstorm","|-heal|p1a: Rotom-Wash|47/304 tox|[from] item: Leftovers","|-damage|p1a: Rotom-Wash|9/304 tox|[from] psn","|-damage|p2a: Seismitoad|361/412 brn|[from] brn","|turn|29","|","|move|p1a: Rotom-Wash|Hydro Pump|p2a: Seismitoad","|-heal|p2a: Seismitoad|412/412 brn|[from] ability: Water Absorb|[of] p1a: Rotom-Wash","|move|p2a: Seismitoad|Stealth Rock|p1a: Rotom-Wash","|-sidestart|p1: Alliance-C-Control|move: Stealth Rock","|","|-weather|Sandstorm|[upkeep]","|-damage|p1a: Rotom-Wash|0 fnt|[from] sandstorm","|-damage|p2a: Seismitoad|361/412 brn|[from] brn","|faint|p1a: Rotom-Wash","|","|switch|p1a: Zapdos|Zapdos|383/383","|-damage|p1a: Zapdos|288/383|[from] Stealth Rock","|-ability|p1a: Zapdos|Pressure","|turn|30","|","|win|SWL Neßki"],"p1rating":{"entryid":"6440455","serverid":"eos","formatid":"monotype","userid":"allianceccontrol","username":"Alliance-C-Control","w":"241","l":305,"t":"0","gxe":45,"r":"1451.5563081439","rd":"25","sigma":"0","rptime":"1438506000","rpr":1462.1783814442,"rprd":25,"rpsigma":"0","acre":1210.2187878327,"lacre":1210.2187878327,"oldacre":"1227.0059214669"},"p2rating":{"entryid":"6746789","serverid":"eos","formatid":"monotype","userid":"swlneki","username":"SWL Neßki","w":21,"l":"9","t":"0","gxe":68.5,"r":"1642.4801397258","rd":"64.028638763394","sigma":"0","rptime":"1438506000","rpr":1648.2290962466,"rprd":63.232167669419,"rpsigma":"0","acre":1358.9675525447,"lacre":1358.9675525447,"oldacre":"1345.5378456373"},"endType":"forfeit"}