{"seed":[55104,23281,34901,21648],"turns":23,"p1":"MASTA_X☆용의 사용자","p2":"Inferno Mamoswine","p1team":[{"name":"キュレム","species":"kyuremblack","item":"choicescarf","ability":"Teravolt","moves":["zenheadbutt","fusionbolt","outrage","ironhead"],"nature":"Adamant","evs":{"hp":0,"atk":252,"def":0,"spa":0,"spd":4,"spe":252},"shiny":true,"ivs":{"hp":31,"atk":31,"def":31,"spa":31,"spd":31,"spe":31}},{"name":"サザンドラ","species":"hydreigon","item":"lifeorb","ability":"Levitate","moves":["darkpulse","flamethrower","dracometeor","flashcannon"],"nature":"Timid","evs":{"hp":4,"atk":0,"def":0,"spa":252,"spd":0,"spe":252},"shiny":true,"ivs":{"hp":31,"atk":31,"def":31,"spa":31,"spd":31,"spe":31}},{"name":"ジガルデ","species":"zygarde","item":"assaultvest","ability":"Aura Break","moves":["outrage","earthquake","extremespeed","irontail"],"nature":"Adamant","evs":{"hp":252,"atk":148,"def":0,"spa":0,"spd":108,"spe":0},"ivs":{"hp":31,"atk":31,"def":31,"spa":31,"spd":31,"spe":31}},{"name":"ドラミドロ","species":"dragalge","item":"blacksludge","ability":"Adaptability","moves":["dracometeor","sludgewave","scald","focusblast"],"nature":"Calm","evs":{"hp":248,"atk":0,"def":28,"spa":0,"spd":232,"spe":0},"ivs":{"hp":31,"atk":31,"def":31,"spa":31,"spd":31,"spe":31}},{"name":"カイリュー","species":"dragonite","item":"weaknesspolicy","ability":"Multiscale","moves":["extremespeed","dragondance","earthquake","dragonclaw"],"nature":"Adamant","evs":{"hp":4,"atk":252,"def":0,"spa":0,"spd":0,"spe":252},"ivs":{"hp":31,"atk":31,"def":31,"spa":31,"spd":31,"spe":31}},{"name":"ガチゴラス","species":"tyrantrum","item":"focussash","ability":"Rock Head","moves":["stealthrock","headsmash","earthquake","dragondance"],"nature":"Adamant","evs":{"hp":0,"atk":252,"def":4,"spa":0,"spd":0,"spe":252},"ivs":{"hp":31,"atk":31,"def":31,"spa":31,"spd":31,"spe":31}}],"p2team":[{"name":"Torkoal","species":"Torkoal","item":"leftovers","ability":"White Smoke","moves":["stealthrock","rapidspin","clearsmog","toxic"],"nature":"Bold","evs":{"hp":252,"atk":0,"def":252,"spa":4,"spd":0,"spe":0},"ivs":{"hp":31,"atk":31,"def":31,"spa":31,"spd":31,"spe":31}},{"name":"Rotom-Heat","species":"Rotom-Heat","item":"lightclay","ability":"Levitate","moves":["reflect","lightscreen","sunnyday","voltswitch"],"nature":"Calm","evs":{"hp":252,"atk":0,"def":4,"spa":0,"spd":252,"spe":0},"shiny":true,"ivs":{"hp":31,"atk":31,"def":31,"spa":31,"spd":31,"spe":31}},{"name":"Charizard","species":"Charizard","item":"charizarditex","ability":"Blaze","moves":["dragondance","dragonclaw","earthquake","flareblitz"],"nature":"Adamant","evs":{"hp":0,"atk":252,"def":0,"spa":0,"spd":4,"spe":252},"shiny":true,"ivs":{"hp":31,"atk":31,"def":31,"spa":31,"spd":31,"spe":31}},{"name":"Darmanitan","species":"Darmanitan","item":"choicescarf","ability":"Sheer Force","moves":["earthquake","flareblitz","superpower","zenheadbutt"],"nature":"Jolly","evs":{"hp":0,"atk":252,"def":0,"spa":0,"spd":4,"spe":252},"ivs":{"hp":31,"atk":31,"def":31,"spa":31,"spd":31,"spe":31}},{"name":"Volcarona","species":"Volcarona","item":"focussash","ability":"Flame Body","moves":["quiverdance","gigadrain","bugbuzz","fierydance"],"nature":"Modest","evs":{"hp":0,"atk":0,"def":0,"spa":252,"spd":4,"spe":252},"shiny":true,"ivs":{"hp":31,"atk":31,"def":31,"spa":31,"spd":31,"spe":31}},{"name":"Infernape","species":"Infernape","item":"lifeorb","ability":"Iron Fist","moves":["machpunch","closecombat","flareblitz","earthquake"],"nature":"Jolly","evs":{"hp":0,"atk":252,"def":0,"spa":0,"spd":4,"spe":252},"ivs":{"hp":31,"atk":31,"def":31,"spa":31,"spd":31,"spe":31}}],"log":["|player|p1|MASTA_X☆용의 사용자|alliancewutang.png","|player|p2|Inferno Mamoswine|170","|gametype|singles","|gen|6","|tier|Monotype","|rated","|rule|Baton Pass Clause: Limit one Baton Passer, can't pass Spe and other stats simultaneously","|rule|Swagger Clause: Swagger is banned","|rule|Same Type Clause: Pokémon in a team must share a type","|clearpoke","|poke|p1|Kyurem-Black, shiny","|poke|p1|Hydreigon, M, shiny","|poke|p1|Zygarde","|poke|p1|Dragalge, M","|poke|p1|Dragonite, F","|poke|p1|Tyrantrum, F","|poke|p2|Torkoal, F","|poke|p2|Rotom-Heat, shiny","|poke|p2|Charizard, F, shiny","|poke|p2|Darmanitan, F","|poke|p2|Volcarona, M, shiny","|poke|p2|Infernape, F","|rule|Sleep Clause Mod: Limit one foe put to sleep","|rule|Species Clause: Limit one of each Pokémon","|rule|OHKO Clause: OHKO moves are banned","|rule|Moody Clause: Moody is banned","|rule|Evasion Moves Clause: Evasion moves are banned","|rule|Endless Battle Clause: Forcing endless battles is banned","|rule|HP Percentage Mod: HP is shown in percentages","|teampreview","|","|start","|switch|p1a: ガチゴラス|Tyrantrum, F|305/305","|switch|p2a: Torkoal|Torkoal, F|344/344","|turn|1","|","|move|p1a: ガチゴラス|Stealth Rock|p2a: Torkoal","|-sidestart|p2: Inferno Mamoswine|move: Stealth Rock","|move|p2a: Torkoal|Rapid Spin|p1a: ガチゴラス","|-resisted|p1a: ガチゴラス","|-damage|p1a: ガチゴラス|300/305","|-sideend|p2: Inferno Mamoswine|Stealth Rock|[from] move: Rapid Spin|[of] p2a: Torkoal","|","|turn|2","|","|switch|p2a: Volcarona|Volcarona, M, shiny|311/311","|move|p1a: ガチゴラス|Stealth Rock|p2a: Volcarona","|-sidestart|p2: Inferno Mamoswine|move: Stealth Rock","|","|turn|3","|","|move|p2a: Volcarona|Quiver Dance|p2a: Volcarona","|-boost|p2a: Volcarona|spa|1","|-boost|p2a: Volcarona|spd|1","|-boost|p2a: Volcarona|spe|1","|move|p1a: ガチゴラス|Head Smash|p2a: Volcarona|[miss]","|-miss|p1a: ガチゴラス|p2a: Volcarona","|","|turn|4","|","|move|p2a: Volcarona|Quiver Dance|p2a: Volcarona","|-boost|p2a: Volcarona|spa|1","|-boost|p2a: Volcarona|spd|1","|-boost|p2a: Volcarona|spe|1","|move|p1a: ガチゴラス|Head Smash|p2a: Volcarona","|-supereffective|p2a: Volcarona","|-enditem|p2a: Volcarona|Focus Sash","|-damage|p2a: Volcarona|1/311","|","|turn|5","|","|switch|p1a: カイリュー|Dragonite, F|324/324","|move|p2a: Volcarona|Giga Drain|p1a: カイリュー","|-resisted|p1a: カイリュー","|-damage|p1a: カイリュー|297/324","|-heal|p2a: Volcarona|15/311|[from] drain|[of] p1a: カイリュー","|","|turn|6","|","|move|p1a: カイリュー|Extreme Speed|p2a: Volcarona","|-damage|p2a: Volcarona|0 fnt","|faint|p2a: Volcarona","|","|","|switch|p2a: Torkoal|Torkoal, F|344/344","|-damage|p2a: Torkoal|258/344|[from] Stealth Rock","|turn|7","|","|move|p1a: カイリュー|Dragon Dance|p1a: カイリュー","|-boost|p1a: カイリュー|atk|1","|-boost|p1a: カイリュー|spe|1","|move|p2a: Torkoal|Rapid Spin|p1a: カイリュー","|-damage|p1a: カイリュー|285/324","|-sideend|p2: Inferno Mamoswine|Stealth Rock|[from] move: Rapid Spin|[of] p2a: Torkoal","|","|-heal|p2a: Torkoal|279/344|[from] item: Leftovers","|turn|8","|","|move|p1a: カイリュー|Earthquake|p2a: Torkoal","|-supereffective|p2a: Torkoal","|-damage|p2a: Torkoal|33/344","|move|p2a: Torkoal|Clear Smog|p1a: カイリュー","|-damage|p1a: カイリュー|247/324","|-clearboost|p1a: カイリュー","|","|-heal|p2a: Torkoal|54/344|[from] item: Leftovers","|turn|9","|","|switch|p1a: ガチゴラス|Tyrantrum, F|300/305","|switch|p2a: Rotom-Heat|Rotom-Heat, shiny|304/304","|","|turn|10","|","|move|p1a: ガチゴラス|Stealth Rock|p2a: Rotom-Heat","|-sidestart|p2: Inferno Mamoswine|move: Stealth Rock","|move|p2a: Rotom-Heat|Reflect|p2a: Rotom-Heat","|-sidestart|p2: Inferno Mamoswine|Reflect","|","|turn|11","|","|move|p1a: ガチゴラス|Dragon Dance|p1a: ガチゴラス","|-boost|p1a: ガチゴラス|atk|1","|-boost|p1a: ガチゴラス|spe|1","|move|p2a: Rotom-Heat|Light Screen|p2a: Rotom-Heat","|-sidestart|p2: Inferno Mamoswine|move: Light Screen","|","|turn|12","|","|move|p1a: ガチゴラス|Dragon Dance|p1a: ガチゴラス","|-boost|p1a: ガチゴラス|atk|1","|-boost|p1a: ガチゴラス|spe|1","|move|p2a: Rotom-Heat|Sunny Day|p2a: Rotom-Heat","|-weather|SunnyDay","|","|-weather|SunnyDay|[upkeep]","|turn|13","|","|switch|p2a: Darmanitan|Darmanitan, F|351/351","|-damage|p2a: Darmanitan|264/351|[from] Stealth Rock","|move|p1a: ガチゴラス|Dragon Dance|p1a: ガチゴラス","|-boost|p1a: ガチゴラス|atk|1","|-boost|p1a: ガチゴラス|spe|1","|","|-weather|SunnyDay|[upkeep]","|turn|14","|","|move|p1a: ガチゴラス|Earthquake|p2a: Darmanitan","|-supereffective|p2a: Darmanitan","|-damage|p2a: Darmanitan|0 fnt","|faint|p2a: Darmanitan","|","|-weather|SunnyDay|[upkeep]","|","|switch|p2a: Charizard|Charizard, F, shiny|297/297","|-damage|p2a: Charizard|149/297|[from] Stealth Rock","|turn|15","|","|move|p1a: ガチゴラス|Head Smash|p2a: Charizard|[miss]","|-miss|p1a: ガチゴラス|p2a: Charizard","|move|p2a: Charizard|Earthquake|p1a: ガチゴラス","|-supereffective|p1a: ガチゴラス","|-damage|p1a: ガチゴラス|122/305","|","|-weather|SunnyDay|[upkeep]","|turn|16","|","|detailschange|p2a: Charizard|Charizard-Mega-X, F, shiny","|-mega|p2a: Charizard|Charizard|Charizardite X","|move|p1a: ガチゴラス|Head Smash|p2a: Charizard","|-supereffective|p2a: Charizard","|-damage|p2a: Charizard|0 fnt","|faint|p2a: Charizard","|","|-weather|none","|","|switch|p2a: Infernape|Infernape, F|293/293","|-damage|p2a: Infernape|257/293|[from] Stealth Rock","|turn|17","|","|move|p2a: Infernape|Mach Punch|p1a: ガチゴラス","|-crit|p1a: ガチゴラス","|-supereffective|p1a: ガチゴラス","|-damage|p1a: ガチゴラス|0 fnt","|-damage|p2a: Infernape|228/293|[from] item: Life Orb","|faint|p1a: ガチゴラス","|","|-sideend|p2: Inferno Mamoswine|Reflect","|","|switch|p1a: カイリュー|Dragonite, F|247/324","|turn|18","|","|move|p2a: Infernape|Flare Blitz|p1a: カイリュー","|-resisted|p1a: カイリュー","|-damage|p1a: カイリュー|133/324","|-damage|p2a: Infernape|190/293|[from] recoil|[of] p1a: カイリュー","|-damage|p2a: Infernape|161/293|[from] item: Life Orb","|move|p1a: カイリュー|Dragon Dance|p1a: カイリュー","|-boost|p1a: カイリュー|atk|1","|-boost|p1a: カイリュー|spe|1","|","|-sideend|p2: Inferno Mamoswine|move: Light Screen","|turn|19","|","|move|p1a: カイリュー|Dragon Dance|p1a: カイリュー","|-boost|p1a: カイリュー|atk|1","|-boost|p1a: カイリュー|spe|1","|move|p2a: Infernape|Close Combat|p1a: カイリュー","|-resisted|p1a: カイリュー","|-damage|p1a: カイリュー|0 fnt","|-unboost|p2a: Infernape|def|1","|-unboost|p2a: Infernape|spd|1","|-damage|p2a: Infernape|132/293|[from] item: Life Orb","|faint|p1a: カイリュー","|","|","|switch|p1a: ドラミドロ|Dragalge, M|333/333","|turn|20","|","|move|p2a: Infernape|Earthquake|p1a: ドラミドロ","|-supereffective|p1a: ドラミドロ","|-damage|p1a: ドラミドロ|70/333","|-damage|p2a: Infernape|103/293|[from] item: Life Orb","|move|p1a: ドラミドロ|Sludge Wave|p2a: Infernape","|-damage|p2a: Infernape|0 fnt","|faint|p2a: Infernape","|","|-heal|p1a: ドラミドロ|90/333|[from] item: Black Sludge","|","|switch|p2a: Rotom-Heat|Rotom-Heat, shiny|304/304","|-damage|p2a: Rotom-Heat|228/304|[from] Stealth Rock","|turn|21","|","|move|p2a: Rotom-Heat|Volt Switch|p1a: ドラミドロ","|-resisted|p1a: ドラミドロ","|-damage|p1a: ドラミドロ|60/333","|","|switch|p2a: Torkoal|Torkoal, F|54/344","|-damage|p2a: Torkoal|0 fnt|[from] Stealth Rock","|faint|p2a: Torkoal","|move|p1a: ドラミドロ|Draco Meteor|p2: Torkoal|[notarget]","|-notarget","|","|-heal|p1a: ドラミドロ|80/333|[from] item: Black Sludge","|","|switch|p2a: Rotom-Heat|Rotom-Heat, shiny|228/304","|-damage|p2a: Rotom-Heat|152/304|[from] Stealth Rock","|turn|22","|","|move|p2a: Rotom-Heat|Light Screen|p2a: Rotom-Heat","|-sidestart|p2: Inferno Mamoswine|move: Light Screen","|move|p1a: ドラミドロ|Sludge Wave|p2a: Rotom-Heat","|-damage|p2a: Rotom-Heat|101/304","|","|-heal|p1a: ドラミドロ|100/333|[from] item: Black Sludge","|turn|23","|","|move|p2a: Rotom-Heat|Volt Switch|p1a: ドラミドロ","|-resisted|p1a: ドラミドロ","|-damage|p1a: ドラミドロ|71/333","|move|p1a: ドラミドロ|Sludge Wave|p2a: Rotom-Heat","|-crit|p2a: Rotom-Heat","|-damage|p2a: Rotom-Heat|0 fnt","|faint|p2a: Rotom-Heat","|","|win|MASTA_X☆용의 사용자"],"p1rating":{"entryid":"7303561","serverid":"eos","formatid":"monotype","userid":"mastax","username":"MASTAX☆용의 사용자","w":27,"l":"3","t":"0","gxe":79.4,"r":"1737.0530088221","rd":"65.625250417605","sigma":"0","rptime":"1438506000","rpr":1757.8296374515,"rprd":62.981426328977,"rpsigma":"0","acre":1406.9258592834,"lacre":1406.9258592834,"oldacre":"1400.4928699598"},"p2rating":{"entryid":"7297985","serverid":"eos","formatid":"monotype","userid":"infernomamoswine","username":"Inferno Mamoswine","w":"6","l":9,"t":"0","gxe":42.1,"r":"1408.5566180404","rd":"90.205360609338","sigma":"0","rptime":"1438506000","rpr":1438.7760223015,"rprd":79.562033753214,"rpsigma":"0","acre":1105.4516988784,"lacre":1105.4516988784,"oldacre":"1113.4929355329"},"endType":"normal"}