{"seed":[22421,45920,45003,6894],"turns":31,"p1":"Prof. Nightmare","p2":"Professor♅ Gotenks","p1team":[{"name":"Togetic","species":"Togetic","item":"eviolite","ability":"Serene Grace","moves":["batonpass","ominouswind","ancientpower","roost"],"nature":"Calm","evs":{"hp":248,"atk":0,"def":124,"spa":0,"spd":136,"spe":0},"ivs":{"hp":31,"atk":31,"def":31,"spa":31,"spd":31,"spe":31}},{"name":"Charizard","species":"Charizard","item":"charizarditex","ability":"Blaze","moves":["dragonclaw","firepunch","thunderpunch","earthquake"],"nature":"Jolly","evs":{"hp":0,"atk":252,"def":0,"spa":0,"spd":4,"spe":252},"ivs":{"hp":31,"atk":31,"def":31,"spa":31,"spd":31,"spe":31}},{"name":"Landorus-Therian","species":"Landorus-Therian","item":"assaultvest","ability":"Intimidate","moves":["earthquake","knockoff","stoneedge","superpower"],"nature":"Careful","evs":{"hp":252,"atk":0,"def":4,"spa":0,"spd":252,"spe":0},"ivs":{"hp":31,"atk":31,"def":31,"spa":31,"spd":31,"spe":31}},{"name":"Thundurus-Therian","species":"Thundurus-Therian","item":"choicespecs","ability":"Volt Absorb","moves":["focusblast","hiddenpowerice","thunderbolt","grassknot"],"nature":"Timid","evs":{"hp":0,"atk":0,"def":0,"spa":252,"spd":4,"spe":252},"ivs":{"hp":31,"atk":30,"def":30,"spa":31,"spd":31,"spe":31}},{"name":"Sigilyph","species":"Sigilyph","item":"flameorb","ability":"Magic Guard","moves":["cosmicpower","roost","psychoshift","storedpower"],"nature":"Bold","evs":{"hp":248,"atk":0,"def":252,"spa":0,"spd":8,"spe":0},"ivs":{"hp":31,"atk":31,"def":31,"spa":31,"spd":31,"spe":31}},{"name":"Skarmory","species":"Skarmory","item":"rockyhelmet","ability":"Sturdy","moves":["stealthrock","whirlwind","drillpeck","spikes"],"nature":"Impish","evs":{"hp":252,"atk":0,"def":252,"spa":0,"spd":0,"spe":4},"ivs":{"hp":31,"atk":31,"def":31,"spa":31,"spd":31,"spe":31}}],"p2team":[{"name":"Beedrill","species":"Beedrill","item":"beedrillite","ability":"Swarm","moves":["fellstinger","poisonjab","drillrun","uturn"],"nature":"Jolly","evs":{"hp":0,"atk":252,"def":0,"spa":0,"spd":4,"spe":252},"shiny":true,"ivs":{"hp":31,"atk":31,"def":31,"spa":31,"spd":31,"spe":31}},{"name":"Toxicroak","species":"Toxicroak","item":"lifeorb","ability":"Poison Touch","moves":["drainpunch","poisonjab","fakeout","bulkup"],"nature":"Jolly","evs":{"hp":0,"atk":252,"def":0,"spa":0,"spd":4,"spe":252},"ivs":{"hp":31,"atk":31,"def":31,"spa":31,"spd":31,"spe":31}},{"name":"Gengar","species":"Gengar","item":"widelens","ability":"Levitate","moves":["dreameater","hypnosis","hex","venoshock"],"nature":"Timid","evs":{"hp":0,"atk":0,"def":0,"spa":252,"spd":4,"spe":252},"shiny":true,"ivs":{"hp":31,"atk":31,"def":31,"spa":31,"spd":31,"spe":31}},{"name":"Drapion","species":"Drapion","item":"blacksludge","ability":"Battle Armor","moves":["swordsdance","poisonjab","firefang","knockoff"],"nature":"Impish","evs":{"hp":4,"atk":252,"def":252,"spa":0,"spd":0,"spe":0},"shiny":true,"ivs":{"hp":31,"atk":31,"def":31,"spa":31,"spd":31,"spe":31}},{"name":"Dragalge","species":"Dragalge","item":"blacksludge","ability":"Poison Point","moves":["hiddenpowerfire","scald","toxicspikes","sludgebomb"],"nature":"Calm","evs":{"hp":4,"atk":0,"def":0,"spa":252,"spd":252,"spe":0},"ivs":{"hp":31,"atk":30,"def":31,"spa":30,"spd":31,"spe":30},"shiny":true},{"name":"Amoonguss","species":"Amoonguss","item":"blacksludge","ability":"Regenerator","moves":["hiddenpowerbug","worryseed","gigadrain","clearsmog"],"nature":"","ivs":{"hp":31,"atk":30,"def":30,"spa":31,"spd":30,"spe":31},"shiny":true,"evs":{"hp":0,"atk":0,"def":0,"spa":0,"spd":0,"spe":0}}],"log":["|player|p1|Prof. Nightmare|167","|player|p2|Professor♅ Gotenks|professorgotenks.png","|gametype|singles","|gen|6","|tier|Monotype","|rated","|rule|Baton Pass Clause: Limit one Baton Passer, can't pass Spe and other stats simultaneously","|rule|Swagger Clause: Swagger is banned","|rule|Same Type Clause: Pokémon in a team must share a type","|clearpoke","|poke|p1|Togetic, M","|poke|p1|Charizard, F","|poke|p1|Landorus-Therian, M","|poke|p1|Thundurus-Therian, M","|poke|p1|Sigilyph, M","|poke|p1|Skarmory, M","|poke|p2|Beedrill, F, shiny","|poke|p2|Toxicroak, F","|poke|p2|Gengar, M, shiny","|poke|p2|Drapion, F, shiny","|poke|p2|Dragalge, M, shiny","|poke|p2|Amoonguss, F, shiny","|rule|Sleep Clause Mod: Limit one foe put to sleep","|rule|Species Clause: Limit one of each Pokémon","|rule|OHKO Clause: OHKO moves are banned","|rule|Moody Clause: Moody is banned","|rule|Evasion Moves Clause: Evasion moves are banned","|rule|Endless Battle Clause: Forcing endless battles is banned","|rule|HP Percentage Mod: HP is shown in percentages","|teampreview","|","|start","|switch|p1a: Skarmory|Skarmory, M|334/334","|switch|p2a: Drapion|Drapion, F, shiny|282/282","|turn|1","|","|move|p2a: Drapion|Swords Dance|p2a: Drapion","|-boost|p2a: Drapion|atk|2","|move|p1a: Skarmory|Spikes|p2a: Drapion","|-sidestart|p2: Professor♅ Gotenks|Spikes","|","|turn|2","|","|move|p2a: Drapion|Knock Off|p1a: Skarmory","|-damage|p1a: Skarmory|174/334","|-damage|p2a: Drapion|235/282|[from] item: Rocky Helmet|[of] p1a: Skarmory","|-enditem|p1a: Skarmory|Rocky Helmet|[from] move: Knock Off|[of] p2a: Drapion","|move|p1a: Skarmory|Spikes|p2a: Drapion","|-sidestart|p2: Professor♅ Gotenks|Spikes","|","|-heal|p2a: Drapion|252/282|[from] item: Black Sludge","|turn|3","|","|move|p2a: Drapion|Fire Fang|p1a: Skarmory","|-supereffective|p1a: Skarmory","|-damage|p1a: Skarmory|30/334","|move|p1a: Skarmory|Spikes|p2a: Drapion","|-sidestart|p2: Professor♅ Gotenks|Spikes","|","|-heal|p2a: Drapion|269/282|[from] item: Black Sludge","|turn|4","|","|move|p2a: Drapion|Fire Fang|p1a: Skarmory","|-supereffective|p1a: Skarmory","|-damage|p1a: Skarmory|0 fnt","|faint|p1a: Skarmory","|","|-heal|p2a: Drapion|282/282|[from] item: Black Sludge","|","|switch|p1a: Charizard|Charizard, F|297/297","|turn|5","|","|detailschange|p1a: Charizard|Charizard-Mega-X, F","|-mega|p1a: Charizard|Charizard|Charizardite X","|move|p1a: Charizard|Earthquake|p2a: Drapion","|-supereffective|p2a: Drapion","|-damage|p2a: Drapion|116/282","|move|p2a: Drapion|Poison Jab|p1a: Charizard","|-damage|p1a: Charizard|80/297","|-status|p1a: Charizard|psn","|","|-heal|p2a: Drapion|133/282|[from] item: Black Sludge","|-damage|p1a: Charizard|43/297 psn|[from] psn","|turn|6","|","|switch|p2a: Gengar|Gengar, M, shiny|261/261","|move|p1a: Charizard|Earthquake|p2a: Gengar","|-immune|p2a: Gengar|[msg]","|","|-damage|p1a: Charizard|6/297 psn|[from] psn","|turn|7","|","|move|p2a: Gengar|Hex|p1a: Charizard","|-damage|p1a: Charizard|0 fnt","|faint|p1a: Charizard","|","|","|switch|p1a: Landorus-Therian|Landorus-Therian, M|382/382","|-ability|p1a: Landorus-Therian|Intimidate","|-unboost|p2a: Gengar|atk|1","|turn|8","|","|move|p2a: Gengar|Hypnosis|p1a: Landorus-Therian|[miss]","|-miss|p2a: Gengar|p1a: Landorus-Therian","|move|p1a: Landorus-Therian|Knock Off|p2a: Gengar","|-supereffective|p2a: Gengar","|-damage|p2a: Gengar|0 fnt","|-enditem|p2a: Gengar|Wide Lens|[from] move: Knock Off|[of] p1a: Landorus-Therian","|faint|p2a: Gengar","|","|","|switch|p2a: Beedrill|Beedrill, F, shiny|271/271","|-damage|p2a: Beedrill|204/271|[from] Spikes","|turn|9","|","|detailschange|p2a: Beedrill|Beedrill-Mega, F, shiny","|-mega|p2a: Beedrill|Beedrill|Beedrillite","|move|p2a: Beedrill|U-turn|p1a: Landorus-Therian","|-crit|p1a: Landorus-Therian","|-resisted|p1a: Landorus-Therian","|-damage|p1a: Landorus-Therian|224/382","|","|switch|p2a: Amoonguss|Amoonguss, F, shiny|369/369","|-damage|p2a: Amoonguss|277/369|[from] Spikes","|move|p1a: Landorus-Therian|Earthquake|p2a: Amoonguss","|-damage|p2a: Amoonguss|40/369","|","|-heal|p2a: Amoonguss|63/369|[from] item: Black Sludge","|turn|10","|","|move|p1a: Landorus-Therian|Earthquake|p2a: Amoonguss","|-damage|p2a: Amoonguss|0 fnt","|faint|p2a: Amoonguss","|","|","|switch|p2a: Toxicroak|Toxicroak, F|307/307","|-damage|p2a: Toxicroak|231/307|[from] Spikes","|turn|11","|","|move|p2a: Toxicroak|Fake Out|p1a: Landorus-Therian","|-damage|p1a: Landorus-Therian|164/382","|-damage|p2a: Toxicroak|201/307|[from] item: Life Orb","|cant|p1a: Landorus-Therian|flinch","|","|turn|12","|","|move|p2a: Toxicroak|Poison Jab|p1a: Landorus-Therian","|-resisted|p1a: Landorus-Therian","|-damage|p1a: Landorus-Therian|76/382","|-status|p1a: Landorus-Therian|psn","|-damage|p2a: Toxicroak|171/307|[from] item: Life Orb","|move|p1a: Landorus-Therian|Earthquake|p2a: Toxicroak","|-supereffective|p2a: Toxicroak","|-damage|p2a: Toxicroak|0 fnt","|faint|p2a: Toxicroak","|","|-damage|p1a: Landorus-Therian|29/382 psn|[from] psn","|","|switch|p2a: Beedrill|Beedrill-Mega, F, shiny|204/271","|-damage|p2a: Beedrill|137/271|[from] Spikes","|turn|13","|","|move|p2a: Beedrill|Fell Stinger|p1a: Landorus-Therian","|-resisted|p1a: Landorus-Therian","|-damage|p1a: Landorus-Therian|0 fnt","|-boost|p2a: Beedrill|atk|2","|faint|p1a: Landorus-Therian","|","|","|switch|p1a: Sigilyph|Sigilyph, M|347/347","|turn|14","|","|move|p2a: Beedrill|U-turn|p1a: Sigilyph","|-damage|p1a: Sigilyph|25/347","|","|switch|p2a: Drapion|Drapion, F, shiny|133/282","|-damage|p2a: Drapion|63/282|[from] Spikes","|move|p1a: Sigilyph|Cosmic Power|p1a: Sigilyph","|-boost|p1a: Sigilyph|def|1","|-boost|p1a: Sigilyph|spd|1","|","|-heal|p2a: Drapion|80/282|[from] item: Black Sludge","|-status|p1a: Sigilyph|brn|[from] item: Flame Orb","|turn|15","|","|move|p1a: Sigilyph|Roost|p1a: Sigilyph","|-heal|p1a: Sigilyph|199/347 brn","|move|p2a: Drapion|Knock Off|p1a: Sigilyph","|-supereffective|p1a: Sigilyph","|-damage|p1a: Sigilyph|41/347 brn","|-enditem|p1a: Sigilyph|Flame Orb|[from] move: Knock Off|[of] p2a: Drapion","|","|-heal|p2a: Drapion|97/282|[from] item: Black Sludge","|turn|16","|","|move|p1a: Sigilyph|Roost|p1a: Sigilyph","|-heal|p1a: Sigilyph|215/347 brn","|move|p2a: Drapion|Poison Jab|p1a: Sigilyph","|-damage|p1a: Sigilyph|151/347 brn","|","|-heal|p2a: Drapion|114/282|[from] item: Black Sludge","|turn|17","|","|move|p1a: Sigilyph|Roost|p1a: Sigilyph","|-heal|p1a: Sigilyph|325/347 brn","|move|p2a: Drapion|Knock Off|p1a: Sigilyph","|-supereffective|p1a: Sigilyph","|-damage|p1a: Sigilyph|229/347 brn","|","|-heal|p2a: Drapion|131/282|[from] item: Black Sludge","|turn|18","|","|move|p1a: Sigilyph|Cosmic Power|p1a: Sigilyph","|-boost|p1a: Sigilyph|def|1","|-boost|p1a: Sigilyph|spd|1","|move|p2a: Drapion|Knock Off|p1a: Sigilyph","|-supereffective|p1a: Sigilyph","|-damage|p1a: Sigilyph|151/347 brn","|","|-heal|p2a: Drapion|148/282|[from] item: Black Sludge","|turn|19","|","|move|p1a: Sigilyph|Roost|p1a: Sigilyph","|-heal|p1a: Sigilyph|325/347 brn","|move|p2a: Drapion|Swords Dance|p2a: Drapion","|-boost|p2a: Drapion|atk|2","|","|-heal|p2a: Drapion|165/282|[from] item: Black Sludge","|turn|20","|","|move|p1a: Sigilyph|Psycho Shift|p2a: Drapion","|-status|p2a: Drapion|brn","|-curestatus|p1a: Sigilyph|brn","|move|p2a: Drapion|Swords Dance|p2a: Drapion","|-boost|p2a: Drapion|atk|2","|","|-heal|p2a: Drapion|182/282 brn|[from] item: Black Sludge","|-damage|p2a: Drapion|147/282 brn|[from] brn","|turn|21","|","|move|p1a: Sigilyph|Cosmic Power|p1a: Sigilyph","|-boost|p1a: Sigilyph|def|1","|-boost|p1a: Sigilyph|spd|1","|move|p2a: Drapion|Swords Dance|p2a: Drapion","|-boost|p2a: Drapion|atk|2","|","|-heal|p2a: Drapion|164/282 brn|[from] item: Black Sludge","|-damage|p2a: Drapion|129/282 brn|[from] brn","|turn|22","|","|move|p1a: Sigilyph|Cosmic Power|p1a: Sigilyph","|-boost|p1a: Sigilyph|def|1","|-boost|p1a: Sigilyph|spd|1","|move|p2a: Drapion|Knock Off|p1a: Sigilyph","|-supereffective|p1a: Sigilyph","|-damage|p1a: Sigilyph|229/347","|","|-heal|p2a: Drapion|146/282 brn|[from] item: Black Sludge","|-damage|p2a: Drapion|111/282 brn|[from] brn","|turn|23","|","|move|p1a: Sigilyph|Cosmic Power|p1a: Sigilyph","|-boost|p1a: Sigilyph|def|1","|-boost|p1a: Sigilyph|spd|1","|move|p2a: Drapion|Knock Off|p1a: Sigilyph","|-supereffective|p1a: Sigilyph","|-damage|p1a: Sigilyph|141/347","|","|-heal|p2a: Drapion|128/282 brn|[from] item: Black Sludge","|-damage|p2a: Drapion|93/282 brn|[from] brn","|turn|24","|","|move|p1a: Sigilyph|Roost|p1a: Sigilyph","|-heal|p1a: Sigilyph|315/347","|move|p2a: Drapion|Knock Off|p1a: Sigilyph","|-supereffective|p1a: Sigilyph","|-damage|p1a: Sigilyph|227/347","|","|-heal|p2a: Drapion|110/282 brn|[from] item: Black Sludge","|-damage|p2a: Drapion|75/282 brn|[from] brn","|turn|25","|","|move|p1a: Sigilyph|Cosmic Power|p1a: Sigilyph","|-boost|p1a: Sigilyph|def|1","|-boost|p1a: Sigilyph|spd|1","|move|p2a: Drapion|Poison Jab|p1a: Sigilyph","|-damage|p1a: Sigilyph|183/347","|","|-heal|p2a: Drapion|92/282 brn|[from] item: Black Sludge","|-damage|p2a: Drapion|57/282 brn|[from] brn","|turn|26","|","|move|p1a: Sigilyph|Roost|p1a: Sigilyph","|-heal|p1a: Sigilyph|347/347","|move|p2a: Drapion|Poison Jab|p1a: Sigilyph","|-damage|p1a: Sigilyph|299/347","|","|-heal|p2a: Drapion|74/282 brn|[from] item: Black Sludge","|-damage|p2a: Drapion|39/282 brn|[from] brn","|turn|27","|","|move|p1a: Sigilyph|Cosmic Power|p1a: Sigilyph","|-fail|p1a: Sigilyph","|move|p2a: Drapion|Knock Off|p1a: Sigilyph","|-supereffective|p1a: Sigilyph","|-damage|p1a: Sigilyph|218/347","|","|-heal|p2a: Drapion|56/282 brn|[from] item: Black Sludge","|-damage|p2a: Drapion|21/282 brn|[from] brn","|turn|28","|","|move|p1a: Sigilyph|Roost|p1a: Sigilyph","|-heal|p1a: Sigilyph|347/347","|move|p2a: Drapion|Knock Off|p1a: Sigilyph","|-crit|p1a: Sigilyph","|-supereffective|p1a: Sigilyph","|-damage|p1a: Sigilyph|0 fnt","|faint|p1a: Sigilyph","|","|-heal|p2a: Drapion|38/282 brn|[from] item: Black Sludge","|-damage|p2a: Drapion|3/282 brn|[from] brn","|","|switch|p1a: Togetic|Togetic, M|313/313","|turn|29","|","|move|p2a: Drapion|Knock Off|p1a: Togetic","|-resisted|p1a: Togetic","|-damage|p1a: Togetic|222/313","|-enditem|p1a: Togetic|Eviolite|[from] move: Knock Off|[of] p2a: Drapion","|move|p1a: Togetic|Ancient Power|p2a: Drapion","|-damage|p2a: Drapion|0 fnt","|faint|p2a: Drapion","|","|","|switch|p2a: Beedrill|Beedrill-Mega, F, shiny|137/271","|-damage|p2a: Beedrill|70/271|[from] Spikes","|turn|30","|","|move|p2a: Beedrill|Poison Jab|p1a: Togetic","|-supereffective|p1a: Togetic","|-damage|p1a: Togetic|0 fnt","|faint|p1a: Togetic","|","|","|switch|p1a: Thundurus-Therian|Thundurus-Therian, M|299/299","|turn|31","|","|move|p2a: Beedrill|Poison Jab|p1a: Thundurus-Therian","|-damage|p1a: Thundurus-Therian|0 fnt","|faint|p1a: Thundurus-Therian","|","|win|Professor♅ Gotenks"],"p1rating":{"entryid":"6844732","serverid":"eos","formatid":"monotype","userid":"profnightmare","username":"Prof. Nightmare","w":"15","l":20,"t":"0","gxe":44.7,"r":1471.4936202776,"rd":62.65334723025,"sigma":"0","rptime":1438506000,"rpr":1459.6251591843,"rprd":61.688481881336,"rpsigma":"0","acre":1024.8327835396,"lacre":1024.8327835396,"oldacre":"1036.9577252527"},"p2rating":{"entryid":"6600838","serverid":"eos","formatid":"monotype","userid":"professorgotenks","username":"Professor♅ Gotenks","w":26,"l":"35","t":"0","gxe":43.4,"r":"1437.8541025355","rd":"46.825165376903","sigma":"0","rptime":"1438506000","rpr":1449.5628555128,"rprd":46.038653708655,"rpsigma":"0","acre":1134.1443897205,"lacre":1134.1443897205,"oldacre":"1114.6429617129"},"endType":"normal"}