{"seed":[44183,26235,8634,31245],"turns":21,"p1":"A Million Hobos","p2":"Alliance-C-Control","p1team":[{"name":"Breloom","species":"Breloom","item":"lifeorb","ability":"Technician","moves":["bulletseed","machpunch","spore","swordsdance"],"nature":"Jolly","evs":{"hp":0,"atk":252,"def":4,"spa":0,"spd":0,"spe":252},"shiny":true,"ivs":{"hp":31,"atk":31,"def":31,"spa":31,"spd":31,"spe":31}},{"name":"Keldeo","species":"Keldeo","item":"choicespecs","ability":"Justified","moves":["scald","secretsword","hydropump","icywind"],"nature":"Timid","evs":{"hp":0,"atk":0,"def":4,"spa":252,"spd":0,"spe":252},"ivs":{"hp":31,"atk":31,"def":31,"spa":31,"spd":31,"spe":31}},{"name":"Gallade","species":"Gallade","item":"galladite","ability":"Justified","moves":["swordsdance","knockoff","psychocut","shadowsneak"],"nature":"Jolly","evs":{"hp":0,"atk":252,"def":0,"spa":0,"spd":4,"spe":252},"shiny":true,"ivs":{"hp":31,"atk":31,"def":31,"spa":31,"spd":31,"spe":31}},{"name":"Infernape","species":"Infernape","item":"focussash","ability":"Blaze","moves":["stealthrock","endeavor","vacuumwave","flamethrower"],"nature":"Naive","evs":{"hp":0,"atk":0,"def":4,"spa":252,"spd":0,"spe":252},"gender":"M","ivs":{"hp":31,"atk":31,"def":31,"spa":31,"spd":31,"spe":31}},{"name":"Terrakion","species":"Terrakion","item":"choicescarf","ability":"Justified","moves":["sacredsword","earthquake","ironhead","stoneedge"],"nature":"Adamant","evs":{"hp":4,"atk":252,"def":0,"spa":0,"spd":0,"spe":252},"ivs":{"hp":31,"atk":31,"def":31,"spa":31,"spd":31,"spe":31}},{"name":"Hawlucha","species":"Hawlucha","item":"powerherb","ability":"Unburden","moves":["acrobatics","highjumpkick","swordsdance","skyattack"],"nature":"Adamant","evs":{"hp":0,"atk":252,"def":0,"spa":0,"spd":4,"spe":252},"ivs":{"hp":31,"atk":31,"def":31,"spa":31,"spd":31,"spe":31}}],"p2team":[{"name":"Emolga","species":"Emolga","item":"sitrusberry","ability":"Motor Drive","moves":["acrobatics","tailwind","uturn","roost"],"nature":"Adamant","evs":{"hp":0,"atk":252,"def":0,"spa":0,"spd":4,"spe":252},"ivs":{"hp":31,"atk":31,"def":31,"spa":31,"spd":31,"spe":31}},{"name":"Magnezone","species":"Magnezone","item":"choicescarf","ability":"Sturdy","moves":["flashcannon","hiddenpowerice","triattack","voltswitch"],"nature":"Timid","evs":{"hp":4,"atk":0,"def":0,"spa":252,"spd":0,"spe":252},"ivs":{"hp":31,"atk":30,"def":30,"spa":31,"spd":31,"spe":31}},{"name":"Thundurus","species":"Thundurus","item":"leftovers","ability":"Prankster","moves":["psychic","thunderwave","superpower","thunderbolt"],"nature":"Hasty","evs":{"hp":0,"atk":4,"def":0,"spa":252,"spd":0,"spe":252},"ivs":{"hp":31,"atk":31,"def":31,"spa":31,"spd":31,"spe":31}},{"name":"Zapdos","species":"Zapdos","item":"rockyhelmet","ability":"Pressure","moves":["heatwave","defog","voltswitch","roost"],"nature":"Modest","evs":{"hp":248,"atk":0,"def":0,"spa":252,"spd":8,"spe":0},"ivs":{"hp":31,"atk":31,"def":31,"spa":31,"spd":31,"spe":31}},{"name":"Ampharos","species":"Ampharos","item":"ampharosite","ability":"Static","moves":["dragonpulse","powergem","thunderbolt","focusblast"],"nature":"Modest","evs":{"hp":248,"atk":0,"def":252,"spa":8,"spd":0,"spe":0},"ivs":{"hp":31,"atk":31,"def":31,"spa":31,"spd":31,"spe":31}},{"name":"Rotom-Wash","species":"Rotom-Wash","item":"leftovers","ability":"Levitate","moves":["hydropump","willowisp","snatch","voltswitch"],"nature":"Bold","evs":{"hp":252,"atk":0,"def":248,"spa":0,"spd":0,"spe":0},"ivs":{"hp":31,"atk":31,"def":31,"spa":31,"spd":31,"spe":31}}],"log":["|player|p1|A Million Hobos|40","|player|p2|Alliance-C-Control|190","|gametype|singles","|gen|6","|tier|Monotype","|rated","|rule|Baton Pass Clause: Limit one Baton Passer, can't pass Spe and other stats simultaneously","|rule|Swagger Clause: Swagger is banned","|rule|Same Type Clause: Pokémon in a team must share a type","|clearpoke","|poke|p1|Breloom, F, shiny","|poke|p1|Keldeo","|poke|p1|Gallade, M, shiny","|poke|p1|Infernape, M","|poke|p1|Terrakion","|poke|p1|Hawlucha, F","|poke|p2|Emolga, F","|poke|p2|Magnezone","|poke|p2|Thundurus, M","|poke|p2|Zapdos","|poke|p2|Ampharos, F","|poke|p2|Rotom-Wash","|rule|Sleep Clause Mod: Limit one foe put to sleep","|rule|Species Clause: Limit one of each Pokémon","|rule|OHKO Clause: OHKO moves are banned","|rule|Moody Clause: Moody is banned","|rule|Evasion Moves Clause: Evasion moves are banned","|rule|Endless Battle Clause: Forcing endless battles is banned","|rule|HP Percentage Mod: HP is shown in percentages","|teampreview","|","|start","|switch|p1a: Infernape|Infernape, M|293/293","|switch|p2a: Emolga|Emolga, F|251/251","|turn|1","|","|move|p1a: Infernape|Stealth Rock|p2a: Emolga","|-sidestart|p2: Alliance-C-Control|move: Stealth Rock","|move|p2a: Emolga|U-turn|p1a: Infernape","|-resisted|p1a: Infernape","|-damage|p1a: Infernape|271/293","|","|switch|p2a: Rotom-Wash|Rotom-Wash|304/304","|-damage|p2a: Rotom-Wash|266/304|[from] Stealth Rock","|","|-heal|p2a: Rotom-Wash|285/304|[from] item: Leftovers","|turn|2","|","|move|p1a: Infernape|Vacuum Wave|p2a: Rotom-Wash","|-damage|p2a: Rotom-Wash|222/304","|move|p2a: Rotom-Wash|Hydro Pump|p1a: Infernape|[miss]","|-miss|p2a: Rotom-Wash|p1a: Infernape","|","|-heal|p2a: Rotom-Wash|241/304|[from] item: Leftovers","|turn|3","|","|move|p1a: Infernape|Vacuum Wave|p2a: Rotom-Wash","|-damage|p2a: Rotom-Wash|177/304","|move|p2a: Rotom-Wash|Hydro Pump|p1a: Infernape","|-supereffective|p1a: Infernape","|-damage|p1a: Infernape|0 fnt","|faint|p1a: Infernape","|","|-heal|p2a: Rotom-Wash|196/304|[from] item: Leftovers","|","|switch|p1a: Breloom|Breloom, F, shiny|261/261","|turn|4","|","|move|p1a: Breloom|Spore|p2a: Rotom-Wash","|-status|p2a: Rotom-Wash|slp","|cant|p2a: Rotom-Wash|slp","|","|-heal|p2a: Rotom-Wash|215/304 slp|[from] item: Leftovers","|turn|5","|","|move|p1a: Breloom|Swords Dance|p1a: Breloom","|-boost|p1a: Breloom|atk|2","|-curestatus|p2a: Rotom-Wash|slp","|move|p2a: Rotom-Wash|Will-O-Wisp|p1a: Breloom","|-status|p1a: Breloom|brn","|","|-heal|p2a: Rotom-Wash|234/304|[from] item: Leftovers","|-damage|p1a: Breloom|229/261 brn|[from] brn","|turn|6","|","|switch|p2a: Ampharos|Ampharos, F|383/383","|-damage|p2a: Ampharos|336/383|[from] Stealth Rock","|move|p1a: Breloom|Bullet Seed|p2a: Ampharos","|-damage|p2a: Ampharos|266/383","|-damage|p2a: Ampharos|184/383","|-damage|p2a: Ampharos|102/383","|-hitcount|p2a: Ampharos|3","|-damage|p1a: Breloom|203/261 brn|[from] item: Life Orb","|","|-damage|p1a: Breloom|171/261 brn|[from] brn","|turn|7","|","|detailschange|p2a: Ampharos|Ampharos-Mega, F","|-mega|p2a: Ampharos|Ampharos|Ampharosite","|-ability|p2a: Ampharos|Mold Breaker","|move|p1a: Breloom|Mach Punch|p2a: Ampharos","|-damage|p2a: Ampharos|5/383","|-damage|p1a: Breloom|145/261 brn|[from] item: Life Orb","|move|p2a: Ampharos|Thunderbolt|p1a: Breloom","|-resisted|p1a: Breloom","|-damage|p1a: Breloom|0 fnt","|faint|p1a: Breloom","|","|","|switch|p1a: Gallade|Gallade, M, shiny|277/277","|turn|8","|","|detailschange|p1a: Gallade|Gallade-Mega, M, shiny","|-mega|p1a: Gallade|Gallade|Galladite","|move|p1a: Gallade|Shadow Sneak|p2a: Ampharos","|-damage|p2a: Ampharos|0 fnt","|faint|p2a: Ampharos","|","|","|switch|p2a: Rotom-Wash|Rotom-Wash|234/304","|-damage|p2a: Rotom-Wash|196/304|[from] Stealth Rock","|turn|9","|","|move|p1a: Gallade|Psycho Cut|p2a: Rotom-Wash","|-damage|p2a: Rotom-Wash|100/304","|move|p2a: Rotom-Wash|Will-O-Wisp|p1a: Gallade","|-status|p1a: Gallade|brn","|","|-heal|p2a: Rotom-Wash|119/304|[from] item: Leftovers","|-damage|p1a: Gallade|243/277 brn|[from] brn","|turn|10","|","|move|p1a: Gallade|Swords Dance|p1a: Gallade","|-boost|p1a: Gallade|atk|2","|move|p2a: Rotom-Wash|Volt Switch|p1a: Gallade","|-damage|p1a: Gallade|162/277 brn","|","|switch|p2a: Zapdos|Zapdos|383/383","|-damage|p2a: Zapdos|288/383|[from] Stealth Rock","|-ability|p2a: Zapdos|Pressure","|","|-damage|p1a: Gallade|128/277 brn|[from] brn","|turn|11","|","|move|p1a: Gallade|Psycho Cut|p2a: Zapdos","|-damage|p2a: Zapdos|132/383","|move|p2a: Zapdos|Defog|p1a: Gallade","|-unboost|p1a: Gallade|evasion|1","|-sideend|p2: Alliance-C-Control|Stealth Rock|[from] move: Defog|[of] p2a: Zapdos","|","|-damage|p1a: Gallade|94/277 brn|[from] brn","|turn|12","|","|switch|p2a: Magnezone|Magnezone|282/282","|move|p1a: Gallade|Psycho Cut|p2a: Magnezone","|-resisted|p2a: Magnezone","|-damage|p2a: Magnezone|214/282","|","|-damage|p1a: Gallade|60/277 brn|[from] brn","|turn|13","|","|move|p2a: Magnezone|Volt Switch|p1a: Gallade","|-damage|p1a: Gallade|0 fnt","|faint|p1a: Gallade","|","|switch|p2a: Thundurus|Thundurus, M|299/299","|","|","|switch|p1a: Keldeo|Keldeo|323/323","|turn|14","|","|switch|p2a: Magnezone|Magnezone|214/282","|move|p1a: Keldeo|Icy Wind|p2a: Magnezone","|-resisted|p2a: Magnezone","|-damage|p2a: Magnezone|161/282","|-unboost|p2a: Magnezone|spe|1","|","|turn|15","|","|move|p1a: Keldeo|Icy Wind|p2a: Magnezone","|-resisted|p2a: Magnezone","|-damage|p2a: Magnezone|106/282","|-unboost|p2a: Magnezone|spe|1","|move|p2a: Magnezone|Volt Switch|p1a: Keldeo","|-supereffective|p1a: Keldeo","|-damage|p1a: Keldeo|65/323","|","|switch|p2a: Thundurus|Thundurus, M|299/299","|","|turn|16","|","|move|p2a: Thundurus|Thunderbolt|p1a: Keldeo","|-supereffective|p1a: Keldeo","|-damage|p1a: Keldeo|0 fnt","|faint|p1a: Keldeo","|","|","|switch|p1a: Hawlucha|Hawlucha, F|297/297","|turn|17","|","|move|p2a: Thundurus|Thunder Wave|p1a: Hawlucha","|-status|p1a: Hawlucha|par","|move|p1a: Hawlucha|Sky Attack|p2a: Thundurus|[still]","|-prepare|p1a: Hawlucha|Sky Attack|p2a: Thundurus","|-enditem|p1a: Hawlucha|Power Herb","|-anim|p1a: Hawlucha|Sky Attack|p2a: Thundurus","|-resisted|p2a: Thundurus","|-damage|p2a: Thundurus|149/299","|","|-heal|p2a: Thundurus|167/299|[from] item: Leftovers","|turn|18","|","|move|p2a: Thundurus|Thunderbolt|p1a: Hawlucha","|-supereffective|p1a: Hawlucha","|-damage|p1a: Hawlucha|0 fnt","|faint|p1a: Hawlucha","|","|-heal|p2a: Thundurus|185/299|[from] item: Leftovers","|","|switch|p1a: Terrakion|Terrakion|324/324","|turn|19","|","|move|p2a: Thundurus|Thunder Wave|p1a: Terrakion","|-status|p1a: Terrakion|par","|move|p1a: Terrakion|Stone Edge|p2a: Thundurus","|-supereffective|p2a: Thundurus","|-damage|p2a: Thundurus|0 fnt","|faint|p2a: Thundurus","|","|","|switch|p2a: Rotom-Wash|Rotom-Wash|119/304","|turn|20","|","|move|p2a: Rotom-Wash|Hydro Pump|p1a: Terrakion","|-supereffective|p1a: Terrakion","|-damage|p1a: Terrakion|4/324 par","|move|p1a: Terrakion|Stone Edge|p2a: Rotom-Wash|[miss]","|-miss|p1a: Terrakion|p2a: Rotom-Wash","|","|-heal|p2a: Rotom-Wash|138/304|[from] item: Leftovers","|turn|21","|","|move|p2a: Rotom-Wash|Hydro Pump|p1a: Terrakion","|-supereffective|p1a: Terrakion","|-damage|p1a: Terrakion|0 fnt","|faint|p1a: Terrakion","|","|win|Alliance-C-Control"],"p1rating":{"entryid":"7177055","serverid":"eos","formatid":"monotype","userid":"amillionhobos","username":"A Million Hobos","w":"9","l":16,"t":"0","gxe":38.8,"r":"1354.5837495703","rd":"77.316411665067","sigma":"0","rptime":"1438506000","rpr":1413.0356786714,"rprd":65.35933016536,"rpsigma":"0","acre":1109.9296272764,"lacre":1109.9296272764,"oldacre":"1135.5269899454"},"p2rating":{"entryid":"6440455","serverid":"eos","formatid":"monotype","userid":"allianceccontrol","username":"Alliance-C-Control","w":235,"l":"302","t":"0","gxe":43.9,"r":"1451.5563081439","rd":"25","sigma":"0","rptime":"1438506000","rpr":1453.7920524966,"rprd":25,"rpsigma":"0","acre":1152.8209701624,"lacre":1152.8209701624,"oldacre":"1127.2236074934"},"endType":"normal"}