{"seed":[27181,55077,58783,22075],"turns":29,"p1":"KGBeast","p2":"GTX♅Bzumzum","p1team":[{"name":"Skarmory","species":"Skarmory","item":"rockyhelmet","ability":"Sturdy","moves":["spikes","bravebird","whirlwind","roost"],"nature":"Relaxed","evs":{"hp":252,"atk":4,"def":252,"spa":0,"spd":0,"spe":0},"ivs":{"hp":31,"atk":31,"def":31,"spa":31,"spd":31,"spe":0}},{"name":"Heatran","species":"Heatran","item":"leftovers","ability":"Flash Fire","moves":["stealthrock","earthpower","toxic","lavaplume"],"nature":"Calm","evs":{"hp":252,"atk":0,"def":0,"spa":0,"spd":252,"spe":4},"ivs":{"hp":31,"atk":0,"def":31,"spa":31,"spd":31,"spe":31}},{"name":"Jirachi","species":"Jirachi","item":"leftovers","ability":"Serene Grace","moves":["protect","ironhead","toxic","wish"],"nature":"Impish","evs":{"hp":252,"atk":0,"def":252,"spa":0,"spd":0,"spe":4},"ivs":{"hp":31,"atk":31,"def":31,"spa":31,"spd":31,"spe":31}},{"name":"Magnezone","species":"Magnezone","item":"choicescarf","ability":"Magnet Pull","moves":["voltswitch","thunderbolt","flashcannon","hiddenpowerice"],"nature":"Timid","evs":{"hp":0,"atk":0,"def":4,"spa":252,"spd":0,"spe":252},"ivs":{"hp":31,"atk":30,"def":30,"spa":31,"spd":31,"spe":31}},{"name":"Excadrill","species":"Excadrill","item":"choicescarf","ability":"Mold Breaker","moves":["ironhead","earthquake","rockslide","rapidspin"],"nature":"Jolly","evs":{"hp":0,"atk":252,"def":4,"spa":0,"spd":0,"spe":252},"ivs":{"hp":31,"atk":31,"def":31,"spa":31,"spd":31,"spe":31}},{"name":"Ferrothorn","species":"Ferrothorn","item":"leftovers","ability":"Iron Barbs","moves":["thunderwave","leechseed","powerwhip","knockoff"],"nature":"Careful","evs":{"hp":252,"atk":0,"def":0,"spa":0,"spd":252,"spe":4},"ivs":{"hp":31,"atk":31,"def":31,"spa":31,"spd":31,"spe":31}}],"p2team":[{"name":"Elec","species":"manectric","item":"manectite","ability":"Lightning Rod","moves":["thunderbolt","hiddenpowerice","voltswitch","overheat"],"nature":"Timid","evs":{"hp":0,"atk":0,"def":0,"spa":252,"spd":4,"spe":252},"gender":"M","ivs":{"hp":31,"atk":30,"def":30,"spa":31,"spd":31,"spe":31}},{"name":"Water-Safe","species":"rotomwash","item":"chestoberry","ability":"Levitate","moves":["hydropump","toxic","willowisp","rest"],"nature":"Calm","evs":{"hp":248,"atk":0,"def":0,"spa":8,"spd":252,"spe":0},"shiny":true,"ivs":{"hp":31,"atk":31,"def":31,"spa":31,"spd":31,"spe":31}},{"name":"MY ZONE!!!","species":"magnezone","item":"choicespecs","ability":"Sturdy","moves":["hiddenpowerice","flashcannon","triattack","signalbeam"],"nature":"Modest","evs":{"hp":248,"atk":0,"def":0,"spa":252,"spd":8,"spe":0},"ivs":{"hp":31,"atk":30,"def":30,"spa":31,"spd":31,"spe":31},"shiny":true},{"name":"Thundernor","species":"eelektross","item":"leftovers","ability":"Levitate","moves":["coil","drainpunch","knockoff","uturn"],"nature":"Adamant","evs":{"hp":252,"atk":252,"def":0,"spa":0,"spd":0,"spe":4},"gender":"M","shiny":true,"ivs":{"hp":31,"atk":31,"def":31,"spa":31,"spd":31,"spe":31}},{"name":"Zapz","species":"zapdos","item":"leftovers","ability":"Pressure","moves":["heatwave","roost","extrasensory","defog"],"nature":"Modest","evs":{"hp":252,"atk":0,"def":0,"spa":252,"spd":4,"spe":0},"shiny":true,"ivs":{"hp":31,"atk":31,"def":31,"spa":31,"spd":31,"spe":31}},{"name":"Plugg-in Failure","species":"electivire","item":"choicescarf","ability":"Vital Spirit","moves":["crosschop","earthquake","icepunch","rockslide"],"nature":"Adamant","evs":{"hp":0,"atk":252,"def":0,"spa":0,"spd":4,"spe":252},"gender":"M","shiny":true,"ivs":{"hp":31,"atk":31,"def":31,"spa":31,"spd":31,"spe":31}}],"log":["|player|p1|KGBeast|kgbeast.png","|player|p2|GTX♅Bzumzum|225","|gametype|singles","|gen|6","|tier|Monotype","|rated","|rule|Baton Pass Clause: Limit one Baton Passer, can't pass Spe and other stats simultaneously","|rule|Swagger Clause: Swagger is banned","|rule|Same Type Clause: Pokémon in a team must share a type","|clearpoke","|poke|p1|Skarmory, M","|poke|p1|Heatran, F","|poke|p1|Jirachi","|poke|p1|Magnezone","|poke|p1|Excadrill, M","|poke|p1|Ferrothorn, F","|poke|p2|Manectric, M","|poke|p2|Rotom-Wash, shiny","|poke|p2|Magnezone, shiny","|poke|p2|Eelektross, M, shiny","|poke|p2|Zapdos, shiny","|poke|p2|Electivire, M, shiny","|rule|Sleep Clause Mod: Limit one foe put to sleep","|rule|Species Clause: Limit one of each Pokémon","|rule|OHKO Clause: OHKO moves are banned","|rule|Moody Clause: Moody is banned","|rule|Evasion Moves Clause: Evasion moves are banned","|rule|Endless Battle Clause: Forcing endless battles is banned","|rule|HP Percentage Mod: HP is shown in percentages","|teampreview","|","|start","|switch|p1a: Excadrill|Excadrill, M|361/361","|switch|p2a: Thundernor|Eelektross, M, shiny|374/374","|-ability|p1a: Excadrill|Mold Breaker","|turn|1","|","|switch|p1a: Skarmory|Skarmory, M|334/334","|switch|p2a: Zapz|Zapdos, shiny|384/384","|-ability|p2a: Zapz|Pressure","|","|turn|2","|","|switch|p1a: Heatran|Heatran, F|386/386","|move|p2a: Zapz|Heat Wave|p1a: Heatran","|-start|p1a: Heatran|ability: Flash Fire","|","|turn|3","|","|move|p2a: Zapz|Extrasensory|p1a: Heatran","|-resisted|p1a: Heatran","|-damage|p1a: Heatran|353/386","|move|p1a: Heatran|Stealth Rock|p2a: Zapz","|-sidestart|p2: GTX♅Bzumzum|move: Stealth Rock","|","|-heal|p1a: Heatran|377/386|[from] item: Leftovers","|turn|4","|","|move|p2a: Zapz|Defog|p1a: Heatran","|-unboost|p1a: Heatran|evasion|1","|-sideend|p2: GTX♅Bzumzum|Stealth Rock|[from] move: Defog|[of] p2a: Zapz","|move|p1a: Heatran|Lava Plume|p2a: Zapz","|-damage|p2a: Zapz|191/384","|-status|p2a: Zapz|brn","|","|-heal|p2a: Zapz|215/384 brn|[from] item: Leftovers","|-heal|p1a: Heatran|386/386|[from] item: Leftovers","|-damage|p2a: Zapz|167/384 brn|[from] brn","|turn|5","|","|switch|p2a: Water-Safe|Rotom-Wash, shiny|303/303","|move|p1a: Heatran|Stealth Rock|p2a: Water-Safe","|-sidestart|p2: GTX♅Bzumzum|move: Stealth Rock","|","|turn|6","|","|move|p2a: Water-Safe|Hydro Pump|p1a: Heatran","|-supereffective|p1a: Heatran","|-damage|p1a: Heatran|206/386","|move|p1a: Heatran|Toxic|p2a: Water-Safe","|-status|p2a: Water-Safe|tox","|","|-heal|p1a: Heatran|230/386|[from] item: Leftovers","|-damage|p2a: Water-Safe|285/303 tox|[from] psn","|turn|7","|","|-end|p1a: Heatran|ability: Flash Fire|[silent]","|switch|p1a: Ferrothorn|Ferrothorn, F|352/352","|move|p2a: Water-Safe|Hydro Pump|p1a: Ferrothorn","|-resisted|p1a: Ferrothorn","|-damage|p1a: Ferrothorn|309/352","|","|-heal|p1a: Ferrothorn|331/352|[from] item: Leftovers","|-damage|p2a: Water-Safe|249/303 tox|[from] psn","|turn|8","|","|move|p2a: Water-Safe|Will-O-Wisp|p1a: Ferrothorn","|-status|p1a: Ferrothorn|brn","|move|p1a: Ferrothorn|Leech Seed|p2a: Water-Safe","|-start|p2a: Water-Safe|move: Leech Seed","|","|-heal|p1a: Ferrothorn|352/352 brn|[from] item: Leftovers","|-damage|p2a: Water-Safe|212/303 tox|[from] Leech Seed|[of] p1a: Ferrothorn","|-damage|p2a: Water-Safe|158/303 tox|[from] psn","|-damage|p1a: Ferrothorn|308/352 brn|[from] brn","|turn|9","|","|switch|p2a: Thundernor|Eelektross, M, shiny|374/374","|-damage|p2a: Thundernor|328/374|[from] Stealth Rock","|move|p1a: Ferrothorn|Leech Seed|p2a: Thundernor","|-start|p2a: Thundernor|move: Leech Seed","|","|-heal|p2a: Thundernor|351/374|[from] item: Leftovers","|-heal|p1a: Ferrothorn|330/352 brn|[from] item: Leftovers","|-damage|p2a: Thundernor|305/374|[from] Leech Seed|[of] p1a: Ferrothorn","|-heal|p1a: Ferrothorn|352/352 brn|[silent]","|-damage|p1a: Ferrothorn|308/352 brn|[from] brn","|turn|10","|","|switch|p1a: Excadrill|Excadrill, M|361/361","|-ability|p1a: Excadrill|Mold Breaker","|move|p2a: Thundernor|Knock Off|p1a: Excadrill","|-damage|p1a: Excadrill|201/361","|-enditem|p1a: Excadrill|Choice Scarf|[from] move: Knock Off|[of] p2a: Thundernor","|","|-heal|p2a: Thundernor|328/374|[from] item: Leftovers","|-damage|p2a: Thundernor|282/374|[from] Leech Seed|[of] p1a: Excadrill","|-heal|p1a: Excadrill|247/361|[silent]","|turn|11","|","|switch|p2a: Zapz|Zapdos, shiny|167/384 brn","|-damage|p2a: Zapz|71/384 brn|[from] Stealth Rock","|-ability|p2a: Zapz|Pressure","|move|p1a: Excadrill|Earthquake|p2a: Zapz","|-immune|p2a: Zapz|[msg]","|","|-heal|p2a: Zapz|95/384 brn|[from] item: Leftovers","|-damage|p2a: Zapz|47/384 brn|[from] brn","|turn|12","|","|move|p1a: Excadrill|Rock Slide|p2a: Zapz","|-miss|p1a: Excadrill|p2a: Zapz","|move|p2a: Zapz|Heat Wave|p1a: Excadrill","|-supereffective|p1a: Excadrill","|-damage|p1a: Excadrill|0 fnt","|faint|p1a: Excadrill","|","|-heal|p2a: Zapz|71/384 brn|[from] item: Leftovers","|-damage|p2a: Zapz|23/384 brn|[from] brn","|","|switch|p1a: Magnezone|Magnezone|281/281","|turn|13","|","|move|p1a: Magnezone|Volt Switch|p2a: Zapz","|-damage|p2a: Zapz|0 fnt","|faint|p2a: Zapz","|","|switch|p1a: Heatran|Heatran, F|230/386","|","|-heal|p1a: Heatran|254/386|[from] item: Leftovers","|","|switch|p2a: Thundernor|Eelektross, M, shiny|282/374","|-damage|p2a: Thundernor|236/374|[from] Stealth Rock","|turn|14","|","|switch|p1a: Jirachi|Jirachi|404/404","|move|p2a: Thundernor|Coil|p2a: Thundernor","|-boost|p2a: Thundernor|atk|1","|-boost|p2a: Thundernor|def|1","|-boost|p2a: Thundernor|accuracy|1","|","|-heal|p2a: Thundernor|259/374|[from] item: Leftovers","|turn|15","|","|move|p1a: Jirachi|Toxic|p2a: Thundernor","|-status|p2a: Thundernor|tox","|move|p2a: Thundernor|Knock Off|p1a: Jirachi","|-supereffective|p1a: Jirachi","|-damage|p1a: Jirachi|146/404","|-enditem|p1a: Jirachi|Leftovers|[from] move: Knock Off|[of] p2a: Thundernor","|","|-heal|p2a: Thundernor|282/374 tox|[from] item: Leftovers","|-damage|p2a: Thundernor|259/374 tox|[from] psn","|turn|16","|","|move|p1a: Jirachi|Wish|p1a: Jirachi","|move|p2a: Thundernor|Drain Punch|p1a: Jirachi","|-damage|p1a: Jirachi|49/404","|-heal|p2a: Thundernor|308/374 tox|[from] drain|[of] p1a: Jirachi","|","|-heal|p2a: Thundernor|331/374 tox|[from] item: Leftovers","|-damage|p2a: Thundernor|285/374 tox|[from] psn","|turn|17","|","|move|p1a: Jirachi|Protect|p1a: Jirachi","|-singleturn|p1a: Jirachi|Protect","|move|p2a: Thundernor|Drain Punch|p1a: Jirachi","|-activate|p1a: Jirachi|Protect","|","|-heal|p1a: Jirachi|251/404|[from] move: Wish|[wisher] Jirachi","|-heal|p2a: Thundernor|308/374 tox|[from] item: Leftovers","|-damage|p2a: Thundernor|239/374 tox|[from] psn","|turn|18","|","|move|p1a: Jirachi|Wish|p1a: Jirachi","|move|p2a: Thundernor|Coil|p2a: Thundernor","|-boost|p2a: Thundernor|atk|1","|-boost|p2a: Thundernor|def|1","|-boost|p2a: Thundernor|accuracy|1","|","|-heal|p2a: Thundernor|262/374 tox|[from] item: Leftovers","|-damage|p2a: Thundernor|170/374 tox|[from] psn","|turn|19","|","|move|p1a: Jirachi|Iron Head|p2a: Thundernor","|-resisted|p2a: Thundernor","|-damage|p2a: Thundernor|140/374 tox","|cant|p2a: Thundernor|flinch","|","|-heal|p1a: Jirachi|404/404|[from] move: Wish|[wisher] Jirachi","|-heal|p2a: Thundernor|163/374 tox|[from] item: Leftovers","|-damage|p2a: Thundernor|48/374 tox|[from] psn","|turn|20","|","|move|p1a: Jirachi|Wish|p1a: Jirachi","|move|p2a: Thundernor|Drain Punch|p1a: Jirachi","|-damage|p1a: Jirachi|270/404","|-heal|p2a: Thundernor|115/374 tox|[from] drain|[of] p1a: Jirachi","|","|-heal|p2a: Thundernor|138/374 tox|[from] item: Leftovers","|-damage|p2a: Thundernor|0 fnt|[from] psn","|faint|p2a: Thundernor","|","|switch|p2a: Water-Safe|Rotom-Wash, shiny|158/303 tox","|-damage|p2a: Water-Safe|121/303 tox|[from] Stealth Rock","|turn|21","|","|switch|p1a: Heatran|Heatran, F|254/386","|move|p2a: Water-Safe|Rest|p2a: Water-Safe","|-status|p2a: Water-Safe|slp","|-heal|p2a: Water-Safe|303/303 slp|[silent]","|-status|p2a: Water-Safe|slp|[from] move: Rest","|-enditem|p2a: Water-Safe|Chesto Berry|[eat]","|-curestatus|p2a: Water-Safe|slp","|","|-heal|p1a: Heatran|386/386|[from] move: Wish|[wisher] Jirachi","|turn|22","|","|move|p2a: Water-Safe|Hydro Pump|p1a: Heatran","|-supereffective|p1a: Heatran","|-damage|p1a: Heatran|200/386","|move|p1a: Heatran|Toxic|p2a: Water-Safe","|-status|p2a: Water-Safe|tox","|","|-heal|p1a: Heatran|224/386|[from] item: Leftovers","|-damage|p2a: Water-Safe|285/303 tox|[from] psn","|turn|23","|","|switch|p1a: Ferrothorn|Ferrothorn, F|308/352 brn","|move|p2a: Water-Safe|Hydro Pump|p1a: Ferrothorn","|-resisted|p1a: Ferrothorn","|-damage|p1a: Ferrothorn|268/352 brn","|","|-heal|p1a: Ferrothorn|290/352 brn|[from] item: Leftovers","|-damage|p2a: Water-Safe|249/303 tox|[from] psn","|-damage|p1a: Ferrothorn|246/352 brn|[from] brn","|turn|24","|","|switch|p2a: MY ZONE!!!|Magnezone, shiny|343/343","|-damage|p2a: MY ZONE!!!|322/343|[from] Stealth Rock","|move|p1a: Ferrothorn|Leech Seed|p2a: MY ZONE!!!","|-start|p2a: MY ZONE!!!|move: Leech Seed","|","|-heal|p1a: Ferrothorn|268/352 brn|[from] item: Leftovers","|-damage|p2a: MY ZONE!!!|280/343|[from] Leech Seed|[of] p1a: Ferrothorn","|-heal|p1a: Ferrothorn|310/352 brn|[silent]","|-damage|p1a: Ferrothorn|266/352 brn|[from] brn","|turn|25","|","|switch|p1a: Heatran|Heatran, F|224/386","|move|p2a: MY ZONE!!!|Signal Beam|p1a: Heatran","|-resisted|p1a: Heatran","|-damage|p1a: Heatran|200/386","|","|-heal|p1a: Heatran|224/386|[from] item: Leftovers","|-damage|p2a: MY ZONE!!!|238/343|[from] Leech Seed|[of] p1a: Heatran","|-heal|p1a: Heatran|266/386|[silent]","|turn|26","|","|switch|p2a: Water-Safe|Rotom-Wash, shiny|249/303 tox","|-damage|p2a: Water-Safe|212/303 tox|[from] Stealth Rock","|move|p1a: Heatran|Lava Plume|p2a: Water-Safe","|-resisted|p2a: Water-Safe","|-damage|p2a: Water-Safe|170/303 tox","|","|-heal|p1a: Heatran|290/386|[from] item: Leftovers","|-damage|p2a: Water-Safe|152/303 tox|[from] psn","|turn|27","|","|switch|p1a: Ferrothorn|Ferrothorn, F|266/352 brn","|move|p2a: Water-Safe|Hydro Pump|p1a: Ferrothorn","|-resisted|p1a: Ferrothorn","|-damage|p1a: Ferrothorn|220/352 brn","|","|-heal|p1a: Ferrothorn|242/352 brn|[from] item: Leftovers","|-damage|p2a: Water-Safe|116/303 tox|[from] psn","|-damage|p1a: Ferrothorn|198/352 brn|[from] brn","|turn|28","|","|move|p2a: Water-Safe|Rest|p2a: Water-Safe","|-status|p2a: Water-Safe|slp","|-heal|p2a: Water-Safe|303/303 slp|[silent]","|-status|p2a: Water-Safe|slp|[from] move: Rest","|move|p1a: Ferrothorn|Leech Seed|p2a: Water-Safe","|-start|p2a: Water-Safe|move: Leech Seed","|","|-heal|p1a: Ferrothorn|220/352 brn|[from] item: Leftovers","|-damage|p2a: Water-Safe|266/303 slp|[from] Leech Seed|[of] p1a: Ferrothorn","|-heal|p1a: Ferrothorn|257/352 brn|[silent]","|-damage|p1a: Ferrothorn|213/352 brn|[from] brn","|turn|29","|","|win|GTX♅Bzumzum"],"p1rating":{"entryid":"6349485","serverid":"eos","formatid":"monotype","userid":"kgbeast","username":"KGBeast","w":"37","l":16,"t":"0","gxe":66.3,"r":"1635.4608504298","rd":"55.691352988027","sigma":"0","rptime":"1438506000","rpr":1629.0582004109,"rprd":54.3368889571,"rpsigma":"0","acre":1226.6794695884,"lacre":1226.6794695884,"oldacre":"1265.9782465004"},"p2rating":{"entryid":"6857825","serverid":"eos","formatid":"monotype","userid":"gtxbzumzum","username":"GTX♅Bzumzum","w":21,"l":"78","t":"0","gxe":22.8,"r":"1262.1544630539","rd":"41.502667195254","sigma":"0","rptime":"1438506000","rpr":1269.6081630841,"rprd":39.833398661298,"rpsigma":"0","acre":1093.4463366003,"lacre":1093.4463366003,"oldacre":"1040"},"endType":"forfeit"}