{"seed":[40816,39668,36584,43292],"turns":18,"p1":"KGBeast","p2":"GTX♅Bzumzum","p1team":[{"name":"Charizard","species":"Charizard","item":"charizarditey","ability":"Blaze","moves":["defog","focusblast","fireblast","solarbeam"],"nature":"Timid","evs":{"hp":0,"atk":0,"def":0,"spa":252,"spd":4,"spe":252},"ivs":{"hp":31,"atk":0,"def":31,"spa":31,"spd":31,"spe":31}},{"name":"Darmanitan","species":"Darmanitan","item":"choicescarf","ability":"Sheer Force","moves":["flareblitz","rockslide","uturn","superpower"],"nature":"Jolly","evs":{"hp":0,"atk":252,"def":4,"spa":0,"spd":0,"spe":252},"ivs":{"hp":31,"atk":31,"def":31,"spa":31,"spd":31,"spe":31}},{"name":"Infernape","species":"Infernape","item":"choiceband","ability":"Iron Fist","moves":["closecombat","machpunch","flareblitz","stoneedge"],"nature":"Adamant","evs":{"hp":0,"atk":252,"def":4,"spa":0,"spd":0,"spe":252},"ivs":{"hp":31,"atk":31,"def":31,"spa":31,"spd":31,"spe":31}},{"name":"Arcanine","species":"Arcanine","item":"leftovers","ability":"Intimidate","moves":["willowisp","flareblitz","extremespeed","morningsun"],"nature":"Impish","evs":{"hp":252,"atk":0,"def":252,"spa":0,"spd":0,"spe":4},"ivs":{"hp":31,"atk":31,"def":31,"spa":31,"spd":31,"spe":31}},{"name":"Chandelure","species":"Chandelure","item":"choicescarf","ability":"Infiltrator","moves":["flamethrower","shadowball","energyball","hiddenpowerice"],"nature":"Timid","evs":{"hp":0,"atk":0,"def":4,"spa":252,"spd":0,"spe":252},"ivs":{"hp":31,"atk":30,"def":30,"spa":31,"spd":31,"spe":31}},{"name":"Heatran","species":"Heatran","item":"airballoon","ability":"Flash Fire","moves":["stealthrock","hiddenpowerice","earthpower","flashcannon"],"nature":"Modest","evs":{"hp":252,"atk":0,"def":0,"spa":252,"spd":0,"spe":4},"ivs":{"hp":31,"atk":0,"def":30,"spa":31,"spd":31,"spe":31}}],"p2team":[{"name":"Elec","species":"manectric","item":"manectite","ability":"Lightning Rod","moves":["thunderbolt","hiddenpowerice","voltswitch","overheat"],"nature":"Timid","evs":{"hp":0,"atk":0,"def":0,"spa":252,"spd":4,"spe":252},"gender":"M","ivs":{"hp":31,"atk":30,"def":30,"spa":31,"spd":31,"spe":31}},{"name":"Water-Safe","species":"rotomwash","item":"chestoberry","ability":"Levitate","moves":["hydropump","toxic","willowisp","rest"],"nature":"Calm","evs":{"hp":248,"atk":0,"def":0,"spa":8,"spd":252,"spe":0},"shiny":true,"ivs":{"hp":31,"atk":31,"def":31,"spa":31,"spd":31,"spe":31}},{"name":"MY ZONE!!!","species":"magnezone","item":"choicespecs","ability":"Sturdy","moves":["hiddenpowerice","flashcannon","triattack","signalbeam"],"nature":"Modest","evs":{"hp":248,"atk":0,"def":0,"spa":252,"spd":8,"spe":0},"ivs":{"hp":31,"atk":30,"def":30,"spa":31,"spd":31,"spe":31},"shiny":true},{"name":"Thundernor","species":"eelektross","item":"leftovers","ability":"Levitate","moves":["coil","drainpunch","knockoff","uturn"],"nature":"Adamant","evs":{"hp":252,"atk":252,"def":0,"spa":0,"spd":0,"spe":4},"gender":"M","shiny":true,"ivs":{"hp":31,"atk":31,"def":31,"spa":31,"spd":31,"spe":31}},{"name":"Zapz","species":"zapdos","item":"leftovers","ability":"Pressure","moves":["heatwave","roost","extrasensory","defog"],"nature":"Modest","evs":{"hp":252,"atk":0,"def":0,"spa":252,"spd":4,"spe":0},"shiny":true,"ivs":{"hp":31,"atk":31,"def":31,"spa":31,"spd":31,"spe":31}},{"name":"Plugg-in Failure","species":"electivire","item":"choicescarf","ability":"Vital Spirit","moves":["crosschop","earthquake","icepunch","rockslide"],"nature":"Adamant","evs":{"hp":0,"atk":252,"def":0,"spa":0,"spd":4,"spe":252},"gender":"M","shiny":true,"ivs":{"hp":31,"atk":31,"def":31,"spa":31,"spd":31,"spe":31}}],"log":["|player|p1|KGBeast|kgbeast.png","|player|p2|GTX♅Bzumzum|225","|gametype|singles","|gen|6","|tier|Monotype","|rated","|rule|Baton Pass Clause: Limit one Baton Passer, can't pass Spe and other stats simultaneously","|rule|Swagger Clause: Swagger is banned","|rule|Same Type Clause: Pokémon in a team must share a type","|clearpoke","|poke|p1|Charizard, F","|poke|p1|Darmanitan, M","|poke|p1|Infernape, F","|poke|p1|Arcanine, M","|poke|p1|Chandelure, M","|poke|p1|Heatran, M","|poke|p2|Manectric, M","|poke|p2|Rotom-Wash, shiny","|poke|p2|Magnezone, shiny","|poke|p2|Eelektross, M, shiny","|poke|p2|Zapdos, shiny","|poke|p2|Electivire, M, shiny","|rule|Sleep Clause Mod: Limit one foe put to sleep","|rule|Species Clause: Limit one of each Pokémon","|rule|OHKO Clause: OHKO moves are banned","|rule|Moody Clause: Moody is banned","|rule|Evasion Moves Clause: Evasion moves are banned","|rule|Endless Battle Clause: Forcing endless battles is banned","|rule|HP Percentage Mod: HP is shown in percentages","|teampreview","|","|start","|switch|p1a: Charizard|Charizard, F|297/297","|switch|p2a: Plugg-in Failure|Electivire, M, shiny|291/291","|turn|1","|","|switch|p1a: Arcanine|Arcanine, M|384/384","|-ability|p1a: Arcanine|Intimidate","|-unboost|p2a: Plugg-in Failure|atk|1","|move|p2a: Plugg-in Failure|Rock Slide|p1a: Arcanine","|-supereffective|p1a: Arcanine","|-damage|p1a: Arcanine|280/384","|","|-heal|p1a: Arcanine|304/384|[from] item: Leftovers","|turn|2","|","|switch|p2a: Water-Safe|Rotom-Wash, shiny|303/303","|move|p1a: Arcanine|Will-O-Wisp|p2a: Water-Safe","|-status|p2a: Water-Safe|brn","|","|-heal|p1a: Arcanine|328/384|[from] item: Leftovers","|-damage|p2a: Water-Safe|266/303 brn|[from] brn","|turn|3","|","|switch|p1a: Heatran|Heatran, M|386/386","|-item|p1a: Heatran|Air Balloon","|move|p2a: Water-Safe|Hydro Pump|p1a: Heatran|[miss]","|-miss|p2a: Water-Safe|p1a: Heatran","|","|-damage|p2a: Water-Safe|229/303 brn|[from] brn","|turn|4","|","|move|p2a: Water-Safe|Hydro Pump|p1a: Heatran","|-supereffective|p1a: Heatran","|-damage|p1a: Heatran|140/386","|-enditem|p1a: Heatran|Air Balloon","|move|p1a: Heatran|Stealth Rock|p2a: Water-Safe","|-sidestart|p2: GTX♅Bzumzum|move: Stealth Rock","|","|-damage|p2a: Water-Safe|192/303 brn|[from] brn","|turn|5","|","|move|p2a: Water-Safe|Hydro Pump|p1a: Heatran","|-supereffective|p1a: Heatran","|-damage|p1a: Heatran|0 fnt","|faint|p1a: Heatran","|","|-damage|p2a: Water-Safe|155/303 brn|[from] brn","|","|switch|p1a: Charizard|Charizard, F|297/297","|turn|6","|","|detailschange|p1a: Charizard|Charizard-Mega-Y, F","|-mega|p1a: Charizard|Charizard|Charizardite Y","|-weather|SunnyDay","|move|p1a: Charizard|Solar Beam|p2a: Water-Safe|[still]","|-prepare|p1a: Charizard|Solar Beam|p2a: Water-Safe","|-anim|p1a: Charizard|Solar Beam|p2a: Water-Safe","|-supereffective|p2a: Water-Safe","|-damage|p2a: Water-Safe|0 fnt","|faint|p2a: Water-Safe","|","|-weather|SunnyDay|[upkeep]","|","|switch|p2a: Plugg-in Failure|Electivire, M, shiny|291/291","|-damage|p2a: Plugg-in Failure|255/291|[from] Stealth Rock","|turn|7","|","|switch|p1a: Arcanine|Arcanine, M|328/384","|-ability|p1a: Arcanine|Intimidate","|-unboost|p2a: Plugg-in Failure|atk|1","|move|p2a: Plugg-in Failure|Rock Slide|p1a: Arcanine","|-supereffective|p1a: Arcanine","|-damage|p1a: Arcanine|228/384","|","|-weather|SunnyDay|[upkeep]","|-heal|p1a: Arcanine|252/384|[from] item: Leftovers","|turn|8","|","|move|p2a: Plugg-in Failure|Rock Slide|p1a: Arcanine","|-supereffective|p1a: Arcanine","|-damage|p1a: Arcanine|140/384","|move|p1a: Arcanine|Flare Blitz|p2a: Plugg-in Failure","|-damage|p2a: Plugg-in Failure|0 fnt","|-damage|p1a: Arcanine|56/384|[from] recoil|[of] p2a: Plugg-in Failure","|faint|p2a: Plugg-in Failure","|","|-weather|SunnyDay|[upkeep]","|-heal|p1a: Arcanine|80/384|[from] item: Leftovers","|","|switch|p2a: Thundernor|Eelektross, M, shiny|374/374","|-damage|p2a: Thundernor|328/374|[from] Stealth Rock","|turn|9","|","|move|p1a: Arcanine|Morning Sun|p1a: Arcanine","|-heal|p1a: Arcanine|336/384","|move|p2a: Thundernor|Drain Punch|p1a: Arcanine","|-damage|p1a: Arcanine|266/384","|-heal|p2a: Thundernor|363/374|[from] drain|[of] p1a: Arcanine","|","|-weather|SunnyDay|[upkeep]","|-heal|p1a: Arcanine|290/384|[from] item: Leftovers","|-heal|p2a: Thundernor|374/374|[from] item: Leftovers","|turn|10","|","|move|p1a: Arcanine|Will-O-Wisp|p2a: Thundernor","|-status|p2a: Thundernor|brn","|move|p2a: Thundernor|Knock Off|p1a: Arcanine","|-damage|p1a: Arcanine|245/384","|-enditem|p1a: Arcanine|Leftovers|[from] move: Knock Off|[of] p2a: Thundernor","|","|-weather|none","|-damage|p2a: Thundernor|328/374 brn|[from] brn","|turn|11","|","|move|p1a: Arcanine|Morning Sun|p1a: Arcanine","|-heal|p1a: Arcanine|384/384","|move|p2a: Thundernor|Coil|p2a: Thundernor","|-boost|p2a: Thundernor|atk|1","|-boost|p2a: Thundernor|def|1","|-boost|p2a: Thundernor|accuracy|1","|","|-heal|p2a: Thundernor|351/374 brn|[from] item: Leftovers","|-damage|p2a: Thundernor|305/374 brn|[from] brn","|turn|12","|","|switch|p1a: Charizard|Charizard-Mega-Y, F|297/297","|-weather|SunnyDay","|move|p2a: Thundernor|Coil|p2a: Thundernor","|-boost|p2a: Thundernor|atk|1","|-boost|p2a: Thundernor|def|1","|-boost|p2a: Thundernor|accuracy|1","|","|-weather|SunnyDay|[upkeep]","|-heal|p2a: Thundernor|328/374 brn|[from] item: Leftovers","|-damage|p2a: Thundernor|282/374 brn|[from] brn","|turn|13","|","|move|p1a: Charizard|Fire Blast|p2a: Thundernor","|-damage|p2a: Thundernor|0 fnt","|faint|p2a: Thundernor","|","|-weather|SunnyDay|[upkeep]","|","|switch|p2a: Elec|Manectric, M|281/281","|-damage|p2a: Elec|246/281|[from] Stealth Rock","|turn|14","|","|detailschange|p2a: Elec|Manectric-Mega, M","|-mega|p2a: Elec|Manectric|Manectite","|-ability|p2a: Elec|Intimidate","|-unboost|p1a: Charizard|atk|1","|move|p2a: Elec|Thunderbolt|p1a: Charizard","|-supereffective|p1a: Charizard","|-damage|p1a: Charizard|19/297","|-status|p1a: Charizard|par","|cant|p1a: Charizard|par","|","|-weather|SunnyDay|[upkeep]","|turn|15","|","|move|p2a: Elec|Volt Switch|p1a: Charizard","|-supereffective|p1a: Charizard","|-damage|p1a: Charizard|0 fnt","|faint|p1a: Charizard","|","|switch|p2a: Zapz|Zapdos, shiny|384/384","|-damage|p2a: Zapz|288/384|[from] Stealth Rock","|-ability|p2a: Zapz|Pressure","|","|-weather|SunnyDay|[upkeep]","|-heal|p2a: Zapz|312/384|[from] item: Leftovers","|","|switch|p1a: Darmanitan|Darmanitan, M|351/351","|turn|16","|","|move|p1a: Darmanitan|Flare Blitz|p2a: Zapz","|-damage|p2a: Zapz|0 fnt","|-damage|p1a: Darmanitan|248/351|[from] recoil|[of] p2a: Zapz","|faint|p2a: Zapz","|","|-weather|none","|","|switch|p2a: Elec|Manectric-Mega, M|246/281","|-damage|p2a: Elec|211/281|[from] Stealth Rock","|-ability|p2a: Elec|Intimidate","|-unboost|p1a: Darmanitan|atk|1","|turn|17","|","|move|p1a: Darmanitan|Flare Blitz|p2a: Elec","|-damage|p2a: Elec|0 fnt","|-damage|p1a: Darmanitan|178/351|[from] recoil|[of] p2a: Elec","|faint|p2a: Elec","|","|","|switch|p2a: MY ZONE!!!|Magnezone, shiny|343/343","|-damage|p2a: MY ZONE!!!|322/343|[from] Stealth Rock","|turn|18","|","|move|p1a: Darmanitan|Flare Blitz|p2a: MY ZONE!!!","|-supereffective|p2a: MY ZONE!!!","|-damage|p2a: MY ZONE!!!|0 fnt","|-damage|p1a: Darmanitan|72/351|[from] recoil|[of] p2a: MY ZONE!!!","|faint|p2a: MY ZONE!!!","|","|win|KGBeast"],"p1rating":{"entryid":"6349485","serverid":"eos","formatid":"monotype","userid":"kgbeast","username":"KGBeast","w":35,"l":"15","t":"0","gxe":67.3,"r":"1635.4608504298","rd":"55.691352988027","sigma":"0","rptime":"1438506000","rpr":1637.322233685,"rprd":55.426316304353,"rpsigma":"0","acre":1240.8444522947,"lacre":1240.8444522947,"oldacre":"1230.2466332673"},"p2rating":{"entryid":"6857825","serverid":"eos","formatid":"monotype","userid":"gtxbzumzum","username":"GTX♅Bzumzum","w":"19","l":78,"t":"0","gxe":21.5,"r":"1262.1544630539","rd":"41.502667195254","sigma":"0","rptime":"1438506000","rpr":1255.1221372576,"rprd":40.105537371288,"rpsigma":"0","acre":1000,"lacre":1000,"oldacre":"1002.1251283404"},"endType":"normal"}