{"seed":[17996,59938,14459,50403],"turns":56,"p1":"Mefitas","p2":"Hamstery","p1team":[{"name":"Gertrude","species":"gengar","item":"lifeorb","ability":"Levitate","moves":["shadowball","sludgebomb","dazzlinggleam","destinybond"],"nature":"Timid","evs":{"hp":0,"atk":0,"def":4,"spa":252,"spd":0,"spe":252},"gender":"F","ivs":{"hp":31,"atk":31,"def":31,"spa":31,"spd":31,"spe":31}},{"name":"Craig","species":"crobat","item":"choiceband","ability":"Infiltrator","moves":["bravebird","uturn","crosspoison","tailwind"],"nature":"Jolly","evs":{"hp":0,"atk":252,"def":4,"spa":0,"spd":0,"spe":252},"gender":"M","ivs":{"hp":31,"atk":31,"def":31,"spa":31,"spd":31,"spe":31}},{"name":"Nelson","species":"nidoking","item":"choicescarf","ability":"Sheer Force","moves":["sludgewave","earthpower","icebeam","thunderbolt"],"nature":"Modest","evs":{"hp":0,"atk":0,"def":4,"spa":252,"spd":0,"spe":252},"ivs":{"hp":31,"atk":31,"def":31,"spa":31,"spd":31,"spe":31}},{"name":"Victoria","species":"venusaur","item":"venusaurite","ability":"Chlorophyll","moves":["gigadrain","sludgebomb","synthesis","leechseed"],"nature":"Bold","evs":{"hp":248,"atk":0,"def":96,"spa":0,"spd":144,"spe":20},"gender":"F","ivs":{"hp":31,"atk":31,"def":31,"spa":31,"spd":31,"spe":31}},{"name":"Drake","species":"drapion","item":"assaultvest","ability":"Battle Armor","moves":["knockoff","poisonjab","earthquake","pursuit"],"nature":"Adamant","evs":{"hp":240,"atk":252,"def":0,"spa":0,"spd":16,"spe":0},"gender":"M","ivs":{"hp":31,"atk":31,"def":31,"spa":31,"spd":31,"spe":31}},{"name":"Nida","species":"nidoqueen","item":"blacksludge","ability":"Poison Point","moves":["earthquake","toxicspikes","dragontail","stealthrock"],"nature":"Impish","evs":{"hp":240,"atk":0,"def":252,"spa":0,"spd":0,"spe":16},"ivs":{"hp":31,"atk":31,"def":31,"spa":31,"spd":31,"spe":31}}],"p2team":[{"name":"Tyranitar","species":"Tyranitar","item":"leftovers","ability":"Sand Stream","moves":["stealthrock","thunderwave","darkpulse","earthpower"],"nature":"Calm","evs":{"hp":252,"atk":0,"def":0,"spa":0,"spd":252,"spe":0},"ivs":{"hp":31,"atk":0,"def":31,"spa":31,"spd":31,"spe":31}},{"name":"Sableye","species":"Sableye","item":"leftovers","ability":"Prankster","moves":["willowisp","recover","snarl","taunt"],"nature":"Calm","evs":{"hp":252,"atk":0,"def":0,"spa":4,"spd":252,"spe":0},"ivs":{"hp":31,"atk":0,"def":31,"spa":31,"spd":31,"spe":31}},{"name":"Mandibuzz","species":"Mandibuzz","item":"rockyhelmet","ability":"Overcoat","moves":["foulplay","toxic","defog","roost"],"nature":"Bold","evs":{"hp":248,"atk":0,"def":252,"spa":0,"spd":8,"spe":0},"ivs":{"hp":31,"atk":31,"def":31,"spa":0,"spd":31,"spe":31}},{"name":"Absol","species":"Absol","item":"absolite","ability":"Pressure","moves":["swordsdance","suckerpunch","playrough","superpower"],"nature":"Jolly","evs":{"hp":0,"atk":252,"def":0,"spa":0,"spd":4,"spe":252},"ivs":{"hp":31,"atk":31,"def":31,"spa":0,"spd":31,"spe":31}},{"name":"Bisharp","species":"Bisharp","item":"leftovers","ability":"Defiant","moves":["swordsdance","substitute","suckerpunch","ironhead"],"nature":"Impish","evs":{"hp":252,"atk":0,"def":252,"spa":0,"spd":4,"spe":0},"ivs":{"hp":31,"atk":31,"def":31,"spa":0,"spd":31,"spe":31}},{"name":"Hydreigon","species":"Hydreigon","item":"choicescarf","ability":"Levitate","moves":["dracometeor","darkpulse","flamethrower","flashcannon"],"nature":"Timid","evs":{"hp":0,"atk":0,"def":0,"spa":252,"spd":4,"spe":252},"ivs":{"hp":31,"atk":0,"def":31,"spa":31,"spd":31,"spe":31}}],"log":["|player|p1|Mefitas|238","|player|p2|Hamstery|102","|gametype|singles","|gen|6","|tier|Monotype","|rated","|rule|Baton Pass Clause: Limit one Baton Passer, can't pass Spe and other stats simultaneously","|rule|Swagger Clause: Swagger is banned","|rule|Same Type Clause: Pokémon in a team must share a type","|clearpoke","|poke|p1|Gengar, F","|poke|p1|Crobat, M","|poke|p1|Nidoking, M","|poke|p1|Venusaur, F","|poke|p1|Drapion, M","|poke|p1|Nidoqueen, F","|poke|p2|Tyranitar, F","|poke|p2|Sableye, M","|poke|p2|Mandibuzz, F","|poke|p2|Absol, F","|poke|p2|Bisharp, F","|poke|p2|Hydreigon, M","|rule|Sleep Clause Mod: Limit one foe put to sleep","|rule|Species Clause: Limit one of each Pokémon","|rule|OHKO Clause: OHKO moves are banned","|rule|Moody Clause: Moody is banned","|rule|Evasion Moves Clause: Evasion moves are banned","|rule|Endless Battle Clause: Forcing endless battles is banned","|rule|HP Percentage Mod: HP is shown in percentages","|teampreview","|","|start","|switch|p1a: Craig|Crobat, M|311/311","|switch|p2a: Sableye|Sableye, M|304/304","|turn|1","|","|switch|p1a: Nida|Nidoqueen, F|381/381","|move|p2a: Sableye|Taunt|p1a: Nida","|-start|p1a: Nida|move: Taunt","|","|turn|2","|","|move|p2a: Sableye|Snarl|p1a: Nida","|-damage|p1a: Nida|324/381","|-unboost|p1a: Nida|spa|1","|move|p1a: Nida|Dragon Tail|p2a: Sableye","|-damage|p2a: Sableye|245/304","|drag|p2a: Bisharp|Bisharp, F|334/334","|","|-heal|p1a: Nida|347/381|[from] item: Black Sludge","|turn|3","|","|switch|p2a: Mandibuzz|Mandibuzz, F|423/423","|move|p1a: Nida|Earthquake|p2a: Mandibuzz","|-immune|p2a: Mandibuzz|[msg]","|","|-heal|p1a: Nida|370/381|[from] item: Black Sludge","|-end|p1a: Nida|move: Taunt","|turn|4","|","|move|p2a: Mandibuzz|Foul Play|p1a: Nida","|-damage|p1a: Nida|283/381","|move|p1a: Nida|Stealth Rock|p2a: Mandibuzz","|-sidestart|p2: Hamstery|move: Stealth Rock","|","|-heal|p1a: Nida|306/381|[from] item: Black Sludge","|turn|5","|","|move|p2a: Mandibuzz|Defog|p1a: Nida","|-unboost|p1a: Nida|evasion|1","|-sideend|p2: Hamstery|Stealth Rock|[from] move: Defog|[of] p2a: Mandibuzz","|move|p1a: Nida|Dragon Tail|p2a: Mandibuzz","|-damage|p2a: Mandibuzz|392/423","|-damage|p1a: Nida|243/381|[from] item: Rocky Helmet|[of] p2a: Mandibuzz","|drag|p2a: Absol|Absol, F|271/271","|-ability|p2a: Absol|Pressure","|","|-heal|p1a: Nida|266/381|[from] item: Black Sludge","|turn|6","|","|switch|p2a: Sableye|Sableye, M|245/304","|move|p1a: Nida|Earthquake|p2a: Sableye","|-damage|p2a: Sableye|100/304","|","|-heal|p1a: Nida|289/381|[from] item: Black Sludge","|-heal|p2a: Sableye|119/304|[from] item: Leftovers","|turn|7","|","|move|p2a: Sableye|Will-O-Wisp|p1a: Nida","|-status|p1a: Nida|brn","|move|p1a: Nida|Earthquake|p2a: Sableye","|-damage|p2a: Sableye|50/304","|","|-heal|p1a: Nida|312/381 brn|[from] item: Black Sludge","|-heal|p2a: Sableye|69/304|[from] item: Leftovers","|-damage|p1a: Nida|265/381 brn|[from] brn","|turn|8","|","|move|p2a: Sableye|Recover|p2a: Sableye","|-heal|p2a: Sableye|221/304","|move|p1a: Nida|Stealth Rock|p2a: Sableye","|-sidestart|p2: Hamstery|move: Stealth Rock","|","|-heal|p1a: Nida|288/381 brn|[from] item: Black Sludge","|-heal|p2a: Sableye|240/304|[from] item: Leftovers","|-damage|p1a: Nida|241/381 brn|[from] brn","|turn|9","|","|move|p1a: Nida|Toxic Spikes|p2a: Sableye","|-sidestart|p2: Hamstery|move: Toxic Spikes","|move|p2a: Sableye|Snarl|p1a: Nida","|-damage|p1a: Nida|190/381 brn","|-unboost|p1a: Nida|spa|1","|","|-heal|p1a: Nida|213/381 brn|[from] item: Black Sludge","|-heal|p2a: Sableye|259/304|[from] item: Leftovers","|-damage|p1a: Nida|166/381 brn|[from] brn","|turn|10","|","|move|p2a: Sableye|Taunt|p1a: Nida","|-start|p1a: Nida|move: Taunt","|move|p1a: Nida|Dragon Tail|p2a: Sableye","|-damage|p2a: Sableye|234/304","|drag|p2a: Mandibuzz|Mandibuzz, F|392/423","|-damage|p2a: Mandibuzz|287/423|[from] Stealth Rock","|","|-heal|p1a: Nida|189/381 brn|[from] item: Black Sludge","|-damage|p1a: Nida|142/381 brn|[from] brn","|turn|11","|","|move|p2a: Mandibuzz|Defog|p1a: Nida","|-unboost|p1a: Nida|evasion|1","|-sideend|p2: Hamstery|Toxic Spikes|[from] move: Defog|[of] p2a: Mandibuzz","|-sideend|p2: Hamstery|Stealth Rock|[from] move: Defog|[of] p2a: Mandibuzz","|move|p1a: Nida|Dragon Tail|p2a: Mandibuzz","|-crit|p2a: Mandibuzz","|-damage|p2a: Mandibuzz|264/423","|-damage|p1a: Nida|79/381 brn|[from] item: Rocky Helmet|[of] p2a: Mandibuzz","|drag|p2a: Tyranitar|Tyranitar, F|404/404","|-weather|Sandstorm","|","|-weather|Sandstorm|[upkeep]","|-heal|p1a: Nida|102/381 brn|[from] item: Black Sludge","|-damage|p1a: Nida|55/381 brn|[from] brn","|turn|12","|","|switch|p2a: Hydreigon|Hydreigon, M|325/325","|move|p1a: Nida|Earthquake|p2a: Hydreigon","|-immune|p2a: Hydreigon|[msg]","|","|-weather|Sandstorm|[upkeep]","|-damage|p2a: Hydreigon|305/325|[from] sandstorm","|-heal|p1a: Nida|78/381 brn|[from] item: Black Sludge","|-damage|p1a: Nida|31/381 brn|[from] brn","|-end|p1a: Nida|move: Taunt","|turn|13","|","|move|p2a: Hydreigon|Dark Pulse|p1a: Nida","|-damage|p1a: Nida|0 fnt","|faint|p1a: Nida","|","|-weather|Sandstorm|[upkeep]","|-damage|p2a: Hydreigon|285/325|[from] sandstorm","|","|switch|p1a: Drake|Drapion, M|341/341","|turn|14","|","|switch|p2a: Mandibuzz|Mandibuzz, F|264/423","|move|p1a: Drake|Knock Off|p2a: Mandibuzz","|-resisted|p2a: Mandibuzz","|-damage|p2a: Mandibuzz|215/423","|-damage|p1a: Drake|285/341|[from] item: Rocky Helmet|[of] p2a: Mandibuzz","|-enditem|p2a: Mandibuzz|Rocky Helmet|[from] move: Knock Off|[of] p1a: Drake","|","|-weather|Sandstorm|[upkeep]","|-damage|p1a: Drake|264/341|[from] sandstorm","|turn|15","|","|move|p1a: Drake|Poison Jab|p2a: Mandibuzz","|-damage|p2a: Mandibuzz|130/423","|-status|p2a: Mandibuzz|psn","|move|p2a: Mandibuzz|Roost|p2a: Mandibuzz","|-heal|p2a: Mandibuzz|342/423 psn","|","|-weather|none","|-damage|p2a: Mandibuzz|290/423 psn|[from] psn","|turn|16","|","|switch|p1a: Craig|Crobat, M|311/311","|switch|p2a: Bisharp|Bisharp, F|334/334","|","|turn|17","|","|move|p1a: Craig|U-turn|p2a: Bisharp","|-damage|p2a: Bisharp|262/334","|","|switch|p1a: Nelson|Nidoking, M|303/303","|move|p2a: Bisharp|Substitute|p2a: Bisharp","|-start|p2a: Bisharp|Substitute","|-damage|p2a: Bisharp|179/334","|","|-heal|p2a: Bisharp|199/334|[from] item: Leftovers","|turn|18","|","|move|p1a: Nelson|Earth Power|p2a: Bisharp","|-supereffective|p2a: Bisharp","|-end|p2a: Bisharp|Substitute","|move|p2a: Bisharp|Iron Head|p1a: Nelson","|-damage|p1a: Nelson|159/303","|","|-heal|p2a: Bisharp|219/334|[from] item: Leftovers","|turn|19","|","|switch|p2a: Mandibuzz|Mandibuzz, F|290/423 psn","|move|p1a: Nelson|Earth Power|p2a: Mandibuzz","|-immune|p2a: Mandibuzz|[msg]","|","|-damage|p2a: Mandibuzz|238/423 psn|[from] psn","|turn|20","|","|switch|p1a: Craig|Crobat, M|311/311","|move|p2a: Mandibuzz|Foul Play|p1a: Craig","|-damage|p1a: Craig|158/311","|","|-damage|p2a: Mandibuzz|186/423 psn|[from] psn","|turn|21","|","|move|p1a: Craig|Brave Bird|p2a: Mandibuzz","|-damage|p2a: Mandibuzz|18/423 psn","|-damage|p1a: Craig|103/311|[from] recoil|[of] p2a: Mandibuzz","|move|p2a: Mandibuzz|Roost|p2a: Mandibuzz","|-heal|p2a: Mandibuzz|230/423 psn","|","|-damage|p2a: Mandibuzz|178/423 psn|[from] psn","|turn|22","|","|switch|p2a: Tyranitar|Tyranitar, F|404/404","|-weather|Sandstorm","|move|p1a: Craig|Brave Bird|p2a: Tyranitar","|-resisted|p2a: Tyranitar","|-damage|p2a: Tyranitar|294/404","|-damage|p1a: Craig|67/311|[from] recoil|[of] p2a: Tyranitar","|","|-weather|Sandstorm|[upkeep]","|-damage|p1a: Craig|48/311|[from] sandstorm","|-heal|p2a: Tyranitar|319/404|[from] item: Leftovers","|turn|23","|","|switch|p1a: Victoria|Venusaur, F|363/363","|move|p2a: Tyranitar|Dark Pulse|p1a: Victoria","|-damage|p1a: Victoria|291/363","|","|-weather|Sandstorm|[upkeep]","|-damage|p1a: Victoria|269/363|[from] sandstorm","|-heal|p2a: Tyranitar|344/404|[from] item: Leftovers","|turn|24","|","|detailschange|p1a: Victoria|Venusaur-Mega, F","|-mega|p1a: Victoria|Venusaur|Venusaurite","|move|p1a: Victoria|Leech Seed|p2a: Tyranitar","|-start|p2a: Tyranitar|move: Leech Seed","|move|p2a: Tyranitar|Stealth Rock|p1a: Victoria","|-sidestart|p1: Mefitas|move: Stealth Rock","|","|-weather|Sandstorm|[upkeep]","|-damage|p1a: Victoria|247/363|[from] sandstorm","|-heal|p2a: Tyranitar|369/404|[from] item: Leftovers","|-damage|p2a: Tyranitar|319/404|[from] Leech Seed|[of] p1a: Victoria","|-heal|p1a: Victoria|297/363|[silent]","|turn|25","|","|switch|p2a: Hydreigon|Hydreigon, M|285/325","|move|p1a: Victoria|Giga Drain|p2a: Hydreigon","|-resisted|p2a: Hydreigon","|-damage|p2a: Hydreigon|224/325","|-heal|p1a: Victoria|328/363|[from] drain|[of] p2a: Hydreigon","|","|-weather|Sandstorm|[upkeep]","|-damage|p2a: Hydreigon|204/325|[from] sandstorm","|-damage|p1a: Victoria|306/363|[from] sandstorm","|turn|26","|","|move|p2a: Hydreigon|Flamethrower|p1a: Victoria","|-supereffective|p1a: Victoria","|-damage|p1a: Victoria|224/363","|move|p1a: Victoria|Leech Seed|p2a: Hydreigon","|-start|p2a: Hydreigon|move: Leech Seed","|","|-weather|none","|-damage|p2a: Hydreigon|164/325|[from] Leech Seed|[of] p1a: Victoria","|-heal|p1a: Victoria|264/363|[silent]","|turn|27","|","|switch|p2a: Sableye|Sableye, M|234/304","|move|p1a: Victoria|Leech Seed|p2a: Sableye","|-start|p2a: Sableye|move: Leech Seed","|","|-heal|p2a: Sableye|253/304|[from] item: Leftovers","|-damage|p2a: Sableye|215/304|[from] Leech Seed|[of] p1a: Victoria","|-heal|p1a: Victoria|302/363|[silent]","|turn|28","|","|move|p2a: Sableye|Taunt|p1a: Victoria","|-start|p1a: Victoria|move: Taunt","|move|p1a: Victoria|Giga Drain|p2a: Sableye","|-damage|p2a: Sableye|119/304","|-heal|p1a: Victoria|350/363|[from] drain|[of] p2a: Sableye","|","|-heal|p2a: Sableye|138/304|[from] item: Leftovers","|-damage|p2a: Sableye|100/304|[from] Leech Seed|[of] p1a: Victoria","|-heal|p1a: Victoria|363/363|[silent]","|turn|29","|","|switch|p2a: Tyranitar|Tyranitar, F|319/404","|-weather|Sandstorm","|move|p1a: Victoria|Giga Drain|p2a: Tyranitar","|-supereffective|p2a: Tyranitar","|-damage|p2a: Tyranitar|211/404","|","|-weather|Sandstorm|[upkeep]","|-damage|p1a: Victoria|341/363|[from] sandstorm","|-heal|p2a: Tyranitar|236/404|[from] item: Leftovers","|turn|30","|","|move|p1a: Victoria|Giga Drain|p2a: Tyranitar","|-supereffective|p2a: Tyranitar","|-damage|p2a: Tyranitar|134/404","|-heal|p1a: Victoria|363/363|[from] drain|[of] p2a: Tyranitar","|move|p2a: Tyranitar|Thunder Wave|p1a: Victoria","|-status|p1a: Victoria|par","|","|-weather|Sandstorm|[upkeep]","|-damage|p1a: Victoria|341/363 par|[from] sandstorm","|-heal|p2a: Tyranitar|159/404|[from] item: Leftovers","|-end|p1a: Victoria|move: Taunt","|turn|31","|","|switch|p2a: Bisharp|Bisharp, F|219/334","|move|p1a: Victoria|Sludge Bomb|p2a: Bisharp","|-immune|p2a: Bisharp|[msg]","|","|-weather|Sandstorm|[upkeep]","|-damage|p1a: Victoria|319/363 par|[from] sandstorm","|-heal|p2a: Bisharp|239/334|[from] item: Leftovers","|turn|32","|","|switch|p1a: Gertrude|Gengar, F|261/261","|-damage|p1a: Gertrude|229/261|[from] Stealth Rock","|move|p2a: Bisharp|Substitute|p2a: Bisharp","|-start|p2a: Bisharp|Substitute","|-damage|p2a: Bisharp|156/334","|","|-weather|Sandstorm|[upkeep]","|-damage|p1a: Gertrude|213/261|[from] sandstorm","|-heal|p2a: Bisharp|176/334|[from] item: Leftovers","|turn|33","|","|move|p2a: Bisharp|Sucker Punch|p1a: Gertrude","|-fail|p2a: Bisharp","|move|p1a: Gertrude|Destiny Bond|p1a: Gertrude","|-singlemove|p1a: Gertrude|Destiny Bond","|","|-weather|none","|-heal|p2a: Bisharp|196/334|[from] item: Leftovers","|turn|34","|","|move|p1a: Gertrude|Dazzling Gleam|p2a: Bisharp","|-end|p2a: Bisharp|Substitute","|-damage|p1a: Gertrude|187/261|[from] item: Life Orb","|move|p2a: Bisharp|Swords Dance|p2a: Bisharp","|-boost|p2a: Bisharp|atk|2","|","|-heal|p2a: Bisharp|216/334|[from] item: Leftovers","|turn|35","|","|move|p2a: Bisharp|Sucker Punch|p1a: Gertrude","|-fail|p2a: Bisharp","|move|p1a: Gertrude|Destiny Bond|p1a: Gertrude","|-singlemove|p1a: Gertrude|Destiny Bond","|","|-heal|p2a: Bisharp|236/334|[from] item: Leftovers","|turn|36","|","|move|p1a: Gertrude|Dazzling Gleam|p2a: Bisharp","|-damage|p2a: Bisharp|79/334","|-damage|p1a: Gertrude|161/261|[from] item: Life Orb","|move|p2a: Bisharp|Substitute|p2a: Bisharp","|-fail|p2a: Bisharp|move: Substitute|[weak]","|","|-heal|p2a: Bisharp|99/334|[from] item: Leftovers","|turn|37","|","|move|p1a: Gertrude|Destiny Bond|p1a: Gertrude","|-singlemove|p1a: Gertrude|Destiny Bond","|move|p2a: Bisharp|Iron Head|p1a: Gertrude","|-damage|p1a: Gertrude|0 fnt","|faint|p1a: Gertrude","|-activate|p1a: Gertrude|Destiny Bond","|faint|p2a: Bisharp","|","|","|switch|p2a: Hydreigon|Hydreigon, M|164/325","|switch|p1a: Victoria|Venusaur-Mega, F|319/363 par","|-damage|p1a: Victoria|274/363 par|[from] Stealth Rock","|turn|38","|","|move|p2a: Hydreigon|Draco Meteor|p1a: Victoria","|-damage|p1a: Victoria|96/363 par","|-unboost|p2a: Hydreigon|spa|2","|move|p1a: Victoria|Leech Seed|p2a: Hydreigon","|-start|p2a: Hydreigon|move: Leech Seed","|","|-damage|p2a: Hydreigon|124/325|[from] Leech Seed|[of] p1a: Victoria","|-heal|p1a: Victoria|136/363 par|[silent]","|turn|39","|","|switch|p2a: Absol|Absol, F|271/271","|-ability|p2a: Absol|Pressure","|move|p1a: Victoria|Synthesis|p1a: Victoria","|-heal|p1a: Victoria|317/363 par","|","|turn|40","|","|detailschange|p2a: Absol|Absol-Mega, F","|-mega|p2a: Absol|Absol|Absolite","|move|p2a: Absol|Swords Dance|p2a: Absol","|-boost|p2a: Absol|atk|2","|move|p1a: Victoria|Giga Drain|p2a: Absol","|-damage|p2a: Absol|108/271","|-heal|p1a: Victoria|363/363 par|[from] drain|[of] p2a: Absol","|","|turn|41","|","|move|p2a: Absol|Sucker Punch|p1a: Victoria","|-damage|p1a: Victoria|129/363 par","|cant|p1a: Victoria|par","|","|turn|42","|","|move|p2a: Absol|Superpower|p1a: Victoria","|-crit|p1a: Victoria","|-resisted|p1a: Victoria","|-damage|p1a: Victoria|0 fnt","|-unboost|p2a: Absol|atk|1","|-unboost|p2a: Absol|def|1","|faint|p1a: Victoria","|","|","|switch|p1a: Drake|Drapion, M|264/341","|-damage|p1a: Drake|222/341|[from] Stealth Rock","|turn|43","|","|switch|p2a: Mandibuzz|Mandibuzz, F|178/423 psn","|move|p1a: Drake|Poison Jab|p2a: Mandibuzz","|-damage|p2a: Mandibuzz|93/423 psn","|","|-damage|p2a: Mandibuzz|41/423 psn|[from] psn","|turn|44","|","|move|p1a: Drake|Poison Jab|p2a: Mandibuzz","|-damage|p2a: Mandibuzz|0 fnt","|faint|p2a: Mandibuzz","|","|","|switch|p2a: Tyranitar|Tyranitar, F|159/404","|-weather|Sandstorm","|turn|45","|","|move|p1a: Drake|Earthquake|p2a: Tyranitar","|-supereffective|p2a: Tyranitar","|-damage|p2a: Tyranitar|0 fnt","|faint|p2a: Tyranitar","|","|-weather|Sandstorm|[upkeep]","|-damage|p1a: Drake|201/341|[from] sandstorm","|","|switch|p2a: Sableye|Sableye, M|100/304","|turn|46","|","|switch|p1a: Nelson|Nidoking, M|159/303","|-damage|p1a: Nelson|141/303|[from] Stealth Rock","|move|p2a: Sableye|Recover|p2a: Sableye","|-heal|p2a: Sableye|252/304","|","|-weather|Sandstorm|[upkeep]","|-damage|p2a: Sableye|233/304|[from] sandstorm","|-heal|p2a: Sableye|252/304|[from] item: Leftovers","|turn|47","|","|move|p1a: Nelson|Ice Beam|p2a: Sableye","|-damage|p2a: Sableye|137/304","|move|p2a: Sableye|Snarl|p1a: Nelson","|-damage|p1a: Nelson|86/303","|-unboost|p1a: Nelson|spa|1","|","|-weather|Sandstorm|[upkeep]","|-damage|p2a: Sableye|118/304|[from] sandstorm","|-heal|p2a: Sableye|137/304|[from] item: Leftovers","|turn|48","|","|switch|p1a: Craig|Crobat, M|48/311","|-damage|p1a: Craig|0 fnt|[from] Stealth Rock","|faint|p1a: Craig","|move|p2a: Sableye|Recover|p2a: Sableye","|-heal|p2a: Sableye|289/304","|","|-weather|Sandstorm|[upkeep]","|-damage|p2a: Sableye|270/304|[from] sandstorm","|-heal|p2a: Sableye|289/304|[from] item: Leftovers","|","|switch|p1a: Drake|Drapion, M|201/341","|-damage|p1a: Drake|159/341|[from] Stealth Rock","|turn|49","|","|move|p2a: Sableye|Will-O-Wisp|p1a: Drake|[miss]","|-miss|p2a: Sableye|p1a: Drake","|move|p1a: Drake|Knock Off|p2a: Sableye","|-damage|p2a: Sableye|85/304","|-enditem|p2a: Sableye|Leftovers|[from] move: Knock Off|[of] p1a: Drake","|","|-weather|none","|turn|50","|","|move|p2a: Sableye|Recover|p2a: Sableye","|-heal|p2a: Sableye|237/304","|move|p1a: Drake|Knock Off|p2a: Sableye","|-damage|p2a: Sableye|101/304","|","|turn|51","|","|move|p2a: Sableye|Will-O-Wisp|p1a: Drake","|-status|p1a: Drake|brn","|move|p1a: Drake|Poison Jab|p2a: Sableye","|-resisted|p2a: Sableye","|-damage|p2a: Sableye|64/304","|","|-damage|p1a: Drake|117/341 brn|[from] brn","|turn|52","|","|move|p2a: Sableye|Recover|p2a: Sableye","|-heal|p2a: Sableye|216/304","|move|p1a: Drake|Knock Off|p2a: Sableye","|-damage|p2a: Sableye|156/304","|","|-damage|p1a: Drake|75/341 brn|[from] brn","|turn|53","|","|move|p1a: Drake|Poison Jab|p2a: Sableye","|-resisted|p2a: Sableye","|-damage|p2a: Sableye|114/304","|move|p2a: Sableye|Snarl|p1a: Drake","|-resisted|p1a: Drake","|-damage|p1a: Drake|55/341 brn","|-unboost|p1a: Drake|spa|1","|","|-damage|p1a: Drake|13/341 brn|[from] brn","|turn|54","|","|move|p2a: Sableye|Recover|p2a: Sableye","|-heal|p2a: Sableye|266/304","|move|p1a: Drake|Poison Jab|p2a: Sableye","|-resisted|p2a: Sableye","|-damage|p2a: Sableye|230/304","|","|-damage|p1a: Drake|0 fnt|[from] brn","|faint|p1a: Drake","|","|switch|p1a: Nelson|Nidoking, M|86/303","|-damage|p1a: Nelson|68/303|[from] Stealth Rock","|turn|55","|","|move|p1a: Nelson|Sludge Wave|p2a: Sableye","|-resisted|p2a: Sableye","|-damage|p2a: Sableye|151/304","|move|p2a: Sableye|Snarl|p1a: Nelson","|-damage|p1a: Nelson|10/303","|-unboost|p1a: Nelson|spa|1","|","|turn|56","|","|move|p1a: Nelson|Sludge Wave|p2a: Sableye","|-resisted|p2a: Sableye","|-damage|p2a: Sableye|97/304","|move|p2a: Sableye|Snarl|p1a: Nelson","|-damage|p1a: Nelson|0 fnt","|faint|p1a: Nelson","|","|win|Hamstery"],"p1rating":{"entryid":"7331675","serverid":"eos","formatid":"monotype","userid":"mefitas","username":"Mefitas","w":"1","l":1,"t":"0","gxe":49.4,"r":"1500","rd":"130","sigma":"0","rptime":"1438419600","rpr":1495.3587936222,"rprd":116.48019789278,"rpsigma":"0","acre":1024.7509516469,"lacre":1024.7509516469,"oldacre":"1040.934548419"},"p2rating":{"entryid":"7331705","serverid":"eos","formatid":"monotype","userid":"hamstery","username":"Hamstery","w":2,"l":"0","t":"0","gxe":59,"r":"1500","rd":"130","sigma":"0","rptime":"1438419600","rpr":1572.5671258289,"rprd":116.77753930647,"rpsigma":"0","acre":1074.0914545629,"lacre":1074.0914545629,"oldacre":"1040"},"endType":"normal"}