{"seed":[28758,44115,28613,11441],"turns":26,"p1":"V Monocle","p2":"Alliance-C-Control","p1team":[{"name":"Terrakion","species":"Terrakion","item":"choicescarf","ability":"Justified","moves":["earthquake","closecombat","stoneedge","poisonjab"],"nature":"Jolly","evs":{"hp":0,"atk":252,"def":0,"spa":0,"spd":4,"spe":252},"ivs":{"hp":31,"atk":31,"def":31,"spa":31,"spd":31,"spe":31}},{"name":"Archeops","species":"Archeops","item":"choicespecs","ability":"Defeatist","moves":["ancientpower","earthpower","dragonpulse","heatwave"],"nature":"Hasty","evs":{"hp":4,"atk":0,"def":0,"spa":252,"spd":0,"spe":252},"ivs":{"hp":31,"atk":31,"def":31,"spa":31,"spd":31,"spe":31}},{"name":"Carracosta","species":"Carracosta","item":"whiteherb","ability":"Sturdy","moves":["aquajet","shellsmash","knockoff","earthquake"],"nature":"Adamant","evs":{"hp":0,"atk":252,"def":0,"spa":0,"spd":4,"spe":252},"ivs":{"hp":31,"atk":31,"def":31,"spa":31,"spd":31,"spe":31}},{"name":"Cradily","species":"Cradily","item":"leftovers","ability":"Storm Drain","moves":["ancientpower","gigadrain","recover","toxic"],"nature":"Calm","evs":{"hp":252,"atk":0,"def":0,"spa":4,"spd":252,"spe":0},"ivs":{"hp":31,"atk":31,"def":31,"spa":31,"spd":31,"spe":31}},{"name":"Aggron","species":"Aggron","item":"aggronite","ability":"Sturdy","moves":["heavyslam","curse","rest","sleeptalk"],"nature":"Impish","evs":{"hp":248,"atk":8,"def":252,"spa":0,"spd":0,"spe":0},"ivs":{"hp":31,"atk":31,"def":31,"spa":31,"spd":31,"spe":31}},{"name":"Tyranitar","species":"Tyranitar","item":"focussash","ability":"Sand Stream","moves":["crunch","stealthrock","earthquake","superpower"],"nature":"Adamant","evs":{"hp":248,"atk":252,"def":0,"spa":0,"spd":8,"spe":0},"ivs":{"hp":31,"atk":31,"def":31,"spa":31,"spd":31,"spe":31}}],"p2team":[{"name":"Raichu","species":"Raichu","item":"custapberry","ability":"Lightning Rod","moves":["brickbreak","endure","fakeout","flail"],"nature":"Jolly","evs":{"hp":0,"atk":252,"def":0,"spa":0,"spd":4,"spe":252},"ivs":{"hp":31,"atk":31,"def":31,"spa":31,"spd":31,"spe":31}},{"name":"Thundurus","species":"Thundurus","item":"leftovers","ability":"Prankster","moves":["flashcannon","thunderbolt","thunderwave","psychic"],"nature":"Timid","evs":{"hp":0,"atk":0,"def":0,"spa":252,"spd":4,"spe":252},"ivs":{"hp":31,"atk":31,"def":31,"spa":31,"spd":31,"spe":31}},{"name":"Magnezone","species":"Magnezone","item":"choicescarf","ability":"Sturdy","moves":["flashcannon","hiddenpowerice","voltswitch","mirrorcoat"],"nature":"Timid","evs":{"hp":0,"atk":0,"def":0,"spa":252,"spd":4,"spe":252},"ivs":{"hp":31,"atk":30,"def":30,"spa":31,"spd":31,"spe":31}},{"name":"Zapdos","species":"Zapdos","item":"rockyhelmet","ability":"Pressure","moves":["defog","roost","heatwave","voltswitch"],"nature":"Modest","evs":{"hp":248,"atk":0,"def":0,"spa":252,"spd":8,"spe":0},"ivs":{"hp":31,"atk":31,"def":31,"spa":31,"spd":31,"spe":31}},{"name":"Rotom-Wash","species":"Rotom-Wash","item":"leftovers","ability":"Levitate","moves":["hydropump","painsplit","willowisp","voltswitch"],"nature":"Bold","evs":{"hp":252,"atk":0,"def":252,"spa":4,"spd":0,"spe":0},"ivs":{"hp":31,"atk":31,"def":31,"spa":31,"spd":31,"spe":31}},{"name":"Electivire","species":"Electivire","item":"custapberry","ability":"Vital Spirit","moves":["earthquake","icepunch","thunderpunch","facade"],"nature":"Adamant","evs":{"hp":248,"atk":252,"def":0,"spa":0,"spd":8,"spe":0},"ivs":{"hp":31,"atk":31,"def":31,"spa":31,"spd":31,"spe":31}}],"log":["|player|p1|V Monocle|vmonocle.png","|player|p2|Alliance-C-Control|190","|gametype|singles","|gen|6","|tier|Monotype","|rated","|rule|Baton Pass Clause: Limit one Baton Passer, can't pass Spe and other stats simultaneously","|rule|Swagger Clause: Swagger is banned","|rule|Same Type Clause: Pokémon in a team must share a type","|clearpoke","|poke|p1|Terrakion","|poke|p1|Archeops, M","|poke|p1|Carracosta, F","|poke|p1|Cradily, M","|poke|p1|Aggron, F","|poke|p1|Tyranitar, M","|poke|p2|Raichu, F","|poke|p2|Thundurus, M","|poke|p2|Magnezone","|poke|p2|Zapdos","|poke|p2|Rotom-Wash","|poke|p2|Electivire, F","|rule|Sleep Clause Mod: Limit one foe put to sleep","|rule|Species Clause: Limit one of each Pokémon","|rule|OHKO Clause: OHKO moves are banned","|rule|Moody Clause: Moody is banned","|rule|Evasion Moves Clause: Evasion moves are banned","|rule|Endless Battle Clause: Forcing endless battles is banned","|rule|HP Percentage Mod: HP is shown in percentages","|teampreview","|","|start","|switch|p1a: Tyranitar|Tyranitar, M|403/403","|switch|p2a: Rotom-Wash|Rotom-Wash|304/304","|-weather|Sandstorm","|turn|1","|","|move|p2a: Rotom-Wash|Will-O-Wisp|p1a: Tyranitar","|-status|p1a: Tyranitar|brn","|move|p1a: Tyranitar|Stealth Rock|p2a: Rotom-Wash","|-sidestart|p2: Alliance-C-Control|move: Stealth Rock","|","|-weather|Sandstorm|[upkeep]","|-damage|p2a: Rotom-Wash|285/304|[from] sandstorm","|-heal|p2a: Rotom-Wash|304/304|[from] item: Leftovers","|-damage|p1a: Tyranitar|353/403 brn|[from] brn","|turn|2","|","|switch|p1a: Cradily|Cradily, M|376/376","|move|p2a: Rotom-Wash|Volt Switch|p1a: Cradily","|-resisted|p1a: Cradily","|-damage|p1a: Cradily|358/376","|","|switch|p2a: Electivire|Electivire, F|353/353","|-damage|p2a: Electivire|309/353|[from] Stealth Rock","|","|-weather|Sandstorm|[upkeep]","|-damage|p2a: Electivire|287/353|[from] sandstorm","|-heal|p1a: Cradily|376/376|[from] item: Leftovers","|turn|3","|","|move|p2a: Electivire|Ice Punch|p1a: Cradily","|-supereffective|p1a: Cradily","|-damage|p1a: Cradily|172/376","|move|p1a: Cradily|Giga Drain|p2a: Electivire","|-crit|p2a: Electivire","|-damage|p2a: Electivire|166/353","|-heal|p1a: Cradily|233/376|[from] drain|[of] p2a: Electivire","|","|-weather|Sandstorm|[upkeep]","|-damage|p2a: Electivire|144/353|[from] sandstorm","|-heal|p1a: Cradily|256/376|[from] item: Leftovers","|turn|4","|","|switch|p1a: Tyranitar|Tyranitar, M|353/403 brn","|move|p2a: Electivire|Earthquake|p1a: Tyranitar","|-supereffective|p1a: Tyranitar","|-damage|p1a: Tyranitar|133/403 brn","|","|-weather|Sandstorm|[upkeep]","|-damage|p2a: Electivire|122/353|[from] sandstorm","|-damage|p1a: Tyranitar|83/403 brn|[from] brn","|turn|5","|","|switch|p1a: Cradily|Cradily, M|256/376","|move|p2a: Electivire|Earthquake|p1a: Cradily","|-damage|p1a: Cradily|123/376","|","|-weather|none","|-heal|p1a: Cradily|146/376|[from] item: Leftovers","|turn|6","|","|move|p2a: Electivire|Ice Punch|p1a: Cradily","|-supereffective|p1a: Cradily","|-damage|p1a: Cradily|0 fnt","|faint|p1a: Cradily","|","|","|switch|p1a: Terrakion|Terrakion|323/323","|turn|7","|","|switch|p2a: Rotom-Wash|Rotom-Wash|304/304","|-damage|p2a: Rotom-Wash|266/304|[from] Stealth Rock","|move|p1a: Terrakion|Close Combat|p2a: Rotom-Wash","|-damage|p2a: Rotom-Wash|131/304","|-unboost|p1a: Terrakion|def|1","|-unboost|p1a: Terrakion|spd|1","|","|-heal|p2a: Rotom-Wash|150/304|[from] item: Leftovers","|turn|8","|","|switch|p1a: Tyranitar|Tyranitar, M|83/403 brn","|-weather|Sandstorm","|move|p2a: Rotom-Wash|Volt Switch|p1a: Tyranitar","|-damage|p1a: Tyranitar|28/403 brn","|","|switch|p2a: Raichu|Raichu, F|261/261","|-damage|p2a: Raichu|229/261|[from] Stealth Rock","|","|-weather|Sandstorm|[upkeep]","|-damage|p2a: Raichu|213/261|[from] sandstorm","|-damage|p1a: Tyranitar|0 fnt|[from] brn","|faint|p1a: Tyranitar","|","|switch|p1a: Terrakion|Terrakion|323/323","|turn|9","|","|switch|p2a: Magnezone|Magnezone|281/281","|-damage|p2a: Magnezone|264/281|[from] Stealth Rock","|move|p1a: Terrakion|Earthquake|p2a: Magnezone","|-supereffective|p2a: Magnezone","|-damage|p2a: Magnezone|0 fnt","|faint|p2a: Magnezone","|","|-weather|Sandstorm|[upkeep]","|","|switch|p2a: Zapdos|Zapdos|383/383","|-damage|p2a: Zapdos|288/383|[from] Stealth Rock","|-ability|p2a: Zapdos|Pressure","|turn|10","|","|switch|p1a: Aggron|Aggron, F|343/343","|move|p2a: Zapdos|Defog|p1a: Aggron","|-unboost|p1a: Aggron|evasion|1","|-sideend|p2: Alliance-C-Control|Stealth Rock|[from] move: Defog|[of] p2a: Zapdos","|","|-weather|Sandstorm|[upkeep]","|-damage|p2a: Zapdos|265/383|[from] sandstorm","|turn|11","|","|detailschange|p1a: Aggron|Aggron-Mega, F","|-mega|p1a: Aggron|Aggron|Aggronite","|move|p2a: Zapdos|Heat Wave|p1a: Aggron","|-supereffective|p1a: Aggron","|-damage|p1a: Aggron|115/343","|move|p1a: Aggron|Curse|p1a: Aggron","|-unboost|p1a: Aggron|spe|1","|-boost|p1a: Aggron|atk|1","|-boost|p1a: Aggron|def|1","|","|-weather|Sandstorm|[upkeep]","|-damage|p2a: Zapdos|242/383|[from] sandstorm","|turn|12","|","|move|p2a: Zapdos|Heat Wave|p1a: Aggron","|-supereffective|p1a: Aggron","|-damage|p1a: Aggron|0 fnt","|faint|p1a: Aggron","|","|-weather|none","|","|switch|p1a: Terrakion|Terrakion|323/323","|turn|13","|","|move|p1a: Terrakion|Stone Edge|p2a: Zapdos","|-supereffective|p2a: Zapdos","|-damage|p2a: Zapdos|0 fnt","|faint|p2a: Zapdos","|","|","|switch|p2a: Rotom-Wash|Rotom-Wash|150/304","|turn|14","|","|move|p1a: Terrakion|Stone Edge|p2a: Rotom-Wash","|-damage|p2a: Rotom-Wash|35/304","|move|p2a: Rotom-Wash|Pain Split|p1a: Terrakion","|-sethp|p1a: Terrakion|179/323|p2a: Rotom-Wash|179/304|[from] move: Pain Split","|","|-heal|p2a: Rotom-Wash|198/304|[from] item: Leftovers","|turn|15","|","|move|p1a: Terrakion|Stone Edge|p2a: Rotom-Wash","|-damage|p2a: Rotom-Wash|75/304","|move|p2a: Rotom-Wash|Will-O-Wisp|p1a: Terrakion","|-status|p1a: Terrakion|brn","|","|-heal|p2a: Rotom-Wash|94/304|[from] item: Leftovers","|-damage|p1a: Terrakion|139/323 brn|[from] brn","|turn|16","|","|switch|p2a: Electivire|Electivire, F|122/353","|move|p1a: Terrakion|Stone Edge|p2a: Electivire","|-damage|p2a: Electivire|0 fnt","|faint|p2a: Electivire","|","|-damage|p1a: Terrakion|99/323 brn|[from] brn","|","|switch|p2a: Raichu|Raichu, F|213/261","|turn|17","|","|move|p2a: Raichu|Fake Out|p1a: Terrakion","|-resisted|p1a: Terrakion","|-damage|p1a: Terrakion|77/323 brn","|cant|p1a: Terrakion|flinch","|","|-damage|p1a: Terrakion|37/323 brn|[from] brn","|turn|18","|","|move|p2a: Raichu|Endure|p2a: Raichu","|-singleturn|p2a: Raichu|move: Endure","|move|p1a: Terrakion|Stone Edge|p2a: Raichu","|-damage|p2a: Raichu|62/261","|","|-damage|p1a: Terrakion|0 fnt|[from] brn","|faint|p1a: Terrakion","|","|switch|p1a: Carracosta|Carracosta, F|289/289","|turn|19","|","|switch|p2a: Thundurus|Thundurus, M|299/299","|move|p1a: Carracosta|Aqua Jet|p2a: Thundurus","|-damage|p2a: Thundurus|212/299","|","|-heal|p2a: Thundurus|230/299|[from] item: Leftovers","|turn|20","|","|move|p2a: Thundurus|Thunderbolt|p1a: Carracosta","|-supereffective|p1a: Carracosta","|-ability|p1a: Carracosta|Sturdy","|-damage|p1a: Carracosta|1/289","|move|p1a: Carracosta|Knock Off|p2a: Thundurus","|-damage|p2a: Thundurus|83/299","|-enditem|p2a: Thundurus|Leftovers|[from] move: Knock Off|[of] p1a: Carracosta","|","|turn|21","|","|switch|p2a: Rotom-Wash|Rotom-Wash|94/304","|move|p1a: Carracosta|Aqua Jet|p2a: Rotom-Wash","|-resisted|p2a: Rotom-Wash","|-damage|p2a: Rotom-Wash|72/304","|","|-heal|p2a: Rotom-Wash|91/304|[from] item: Leftovers","|turn|22","|","|move|p2a: Rotom-Wash|Volt Switch|p1a: Carracosta","|-supereffective|p1a: Carracosta","|-damage|p1a: Carracosta|0 fnt","|faint|p1a: Carracosta","|","|switch|p2a: Thundurus|Thundurus, M|83/299","|","|","|switch|p1a: Archeops|Archeops, M|292/292","|turn|23","|","|move|p2a: Thundurus|Thunder Wave|p1a: Archeops","|-status|p1a: Archeops|par","|move|p1a: Archeops|Ancient Power|p2a: Thundurus","|-supereffective|p2a: Thundurus","|-damage|p2a: Thundurus|0 fnt","|faint|p2a: Thundurus","|","|","|switch|p2a: Raichu|Raichu, F|62/261","|turn|24","|-enditem|p2a: Raichu|Custap Berry|[eat]","|-activate|p2a: Raichu|Custap Berry","|","|move|p2a: Raichu|Flail|p1a: Archeops","|-resisted|p1a: Archeops","|-damage|p1a: Archeops|230/292 par","|move|p1a: Archeops|Ancient Power|p2a: Raichu","|-damage|p2a: Raichu|0 fnt","|faint|p2a: Raichu","|","|","|switch|p2a: Rotom-Wash|Rotom-Wash|91/304","|turn|25","|","|move|p2a: Rotom-Wash|Hydro Pump|p1a: Archeops|[miss]","|-miss|p2a: Rotom-Wash|p1a: Archeops","|cant|p1a: Archeops|par","|","|-heal|p2a: Rotom-Wash|110/304|[from] item: Leftovers","|turn|26","|","|move|p2a: Rotom-Wash|Hydro Pump|p1a: Archeops","|-supereffective|p1a: Archeops","|-damage|p1a: Archeops|0 fnt","|faint|p1a: Archeops","|","|win|Alliance-C-Control"],"p1rating":{"entryid":"7320079","serverid":"eos","formatid":"monotype","userid":"vmonocle","username":"V Monocle","w":"2","l":8,"t":"0","gxe":33.4,"r":1383.1941194797,"rd":89.594542961548,"sigma":"0","rptime":1438506000,"rpr":1365.7334986126,"rprd":86.874339651069,"rpsigma":"0","acre":1000,"lacre":1000,"oldacre":"1000"},"p2rating":{"entryid":"6440455","serverid":"eos","formatid":"monotype","userid":"allianceccontrol","username":"Alliance-C-Control","w":234,"l":"300","t":"0","gxe":44.1,"r":"1451.5563081439","rd":"25","sigma":"0","rptime":"1438506000","rpr":1455.3517755887,"rprd":25,"rpsigma":"0","acre":1187.4639683853,"lacre":1187.4639683853,"oldacre":"1174.0348307597"},"endType":"normal"}