{"seed":[14503,60670,19977,21117],"turns":20,"p1":"Alliance-C-Control","p2":"Sovereign♕Cactus","p1team":[{"name":"Emolga","species":"Emolga","item":"sitrusberry","ability":"Motor Drive","moves":["acrobatics","tailwind","uturn","roost"],"nature":"Adamant","evs":{"hp":0,"atk":252,"def":0,"spa":0,"spd":4,"spe":252},"ivs":{"hp":31,"atk":31,"def":31,"spa":31,"spd":31,"spe":31}},{"name":"Magnezone","species":"Magnezone","item":"choicescarf","ability":"Sturdy","moves":["flashcannon","hiddenpowerice","triattack","voltswitch"],"nature":"Timid","evs":{"hp":4,"atk":0,"def":0,"spa":252,"spd":0,"spe":252},"ivs":{"hp":31,"atk":30,"def":30,"spa":31,"spd":31,"spe":31}},{"name":"Thundurus","species":"Thundurus","item":"leftovers","ability":"Prankster","moves":["psychic","thunderwave","superpower","thunderbolt"],"nature":"Hasty","evs":{"hp":0,"atk":4,"def":0,"spa":252,"spd":0,"spe":252},"ivs":{"hp":31,"atk":31,"def":31,"spa":31,"spd":31,"spe":31}},{"name":"Zapdos","species":"Zapdos","item":"rockyhelmet","ability":"Pressure","moves":["heatwave","defog","voltswitch","roost"],"nature":"Modest","evs":{"hp":248,"atk":0,"def":0,"spa":252,"spd":8,"spe":0},"ivs":{"hp":31,"atk":31,"def":31,"spa":31,"spd":31,"spe":31}},{"name":"Ampharos","species":"Ampharos","item":"ampharosite","ability":"Static","moves":["dragonpulse","powergem","thunderbolt","focusblast"],"nature":"Modest","evs":{"hp":248,"atk":0,"def":252,"spa":8,"spd":0,"spe":0},"ivs":{"hp":31,"atk":31,"def":31,"spa":31,"spd":31,"spe":31}},{"name":"Rotom-Wash","species":"Rotom-Wash","item":"leftovers","ability":"Levitate","moves":["hydropump","willowisp","snatch","voltswitch"],"nature":"Bold","evs":{"hp":252,"atk":0,"def":248,"spa":0,"spd":0,"spe":0},"ivs":{"hp":31,"atk":31,"def":31,"spa":31,"spd":31,"spe":31}}],"p2team":[{"name":"Slippy","species":"politoed","item":"choicespecs","ability":"Drizzle","moves":["focusblast","icebeam","hydropump","psychic"],"nature":"Modest","evs":{"hp":248,"atk":0,"def":0,"spa":252,"spd":8,"spe":0},"gender":"M","ivs":{"hp":31,"atk":31,"def":31,"spa":31,"spd":31,"spe":31}},{"name":"Hentai","species":"tentacruel","item":"blacksludge","ability":"Liquid Ooze","moves":["scald","rapidspin","sludgewave","raindance"],"nature":"Timid","evs":{"hp":0,"atk":0,"def":0,"spa":252,"spd":4,"spe":252},"gender":"M","shiny":true,"ivs":{"hp":31,"atk":31,"def":31,"spa":31,"spd":31,"spe":31}},{"name":"Minty Churro","species":"ludicolo","item":"lifeorb","ability":"Swift Swim","moves":["focusblast","icebeam","energyball","surf"],"nature":"Modest","evs":{"hp":0,"atk":0,"def":0,"spa":252,"spd":4,"spe":252},"gender":"M","shiny":true,"ivs":{"hp":31,"atk":31,"def":31,"spa":31,"spd":31,"spe":31}},{"name":"My Little Ponyta","species":"keldeo","item":"lifeorb","ability":"Justified","moves":["hydropump","secretsword","scald","icywind"],"nature":"Timid","evs":{"hp":0,"atk":0,"def":0,"spa":252,"spd":4,"spe":252},"ivs":{"hp":31,"atk":30,"def":30,"spa":31,"spd":31,"spe":31}},{"name":"Bareny","species":"sharpedo","item":"lifeorb","ability":"Speed Boost","moves":["crunch","icefang","waterfall","earthquake"],"nature":"Adamant","evs":{"hp":0,"atk":252,"def":0,"spa":0,"spd":4,"spe":252},"gender":"M","shiny":true,"ivs":{"hp":31,"atk":31,"def":31,"spa":31,"spd":31,"spe":31}},{"name":"Mulan","species":"gyarados","item":"gyaradosite","ability":"Intimidate","moves":["crunch","dragondance","waterfall","earthquake"],"nature":"Adamant","evs":{"hp":0,"atk":252,"def":0,"spa":0,"spd":4,"spe":252},"shiny":true,"ivs":{"hp":31,"atk":31,"def":31,"spa":31,"spd":31,"spe":31}}],"log":["|player|p1|Alliance-C-Control|190","|player|p2|Sovereign♕Cactus|251","|gametype|singles","|gen|6","|tier|Monotype","|rated","|rule|Baton Pass Clause: Limit one Baton Passer, can't pass Spe and other stats simultaneously","|rule|Swagger Clause: Swagger is banned","|rule|Same Type Clause: Pokémon in a team must share a type","|clearpoke","|poke|p1|Emolga, M","|poke|p1|Magnezone","|poke|p1|Thundurus, M","|poke|p1|Zapdos","|poke|p1|Ampharos, M","|poke|p1|Rotom-Wash","|poke|p2|Politoed, M","|poke|p2|Tentacruel, M, shiny","|poke|p2|Ludicolo, M, shiny","|poke|p2|Keldeo","|poke|p2|Sharpedo, M, shiny","|poke|p2|Gyarados, F, shiny","|rule|Sleep Clause Mod: Limit one foe put to sleep","|rule|Species Clause: Limit one of each Pokémon","|rule|OHKO Clause: OHKO moves are banned","|rule|Moody Clause: Moody is banned","|rule|Evasion Moves Clause: Evasion moves are banned","|rule|Endless Battle Clause: Forcing endless battles is banned","|rule|HP Percentage Mod: HP is shown in percentages","|teampreview","|","|start","|switch|p1a: Magnezone|Magnezone|282/282","|switch|p2a: Slippy|Politoed, M|383/383","|-weather|RainDance","|turn|1","|","|switch|p2a: Hentai|Tentacruel, M, shiny|301/301","|move|p1a: Magnezone|Volt Switch|p2a: Hentai","|-supereffective|p2a: Hentai","|-damage|p2a: Hentai|85/301","|","|switch|p1a: Thundurus|Thundurus, M|299/299","|","|-weather|RainDance|[upkeep]","|-heal|p2a: Hentai|103/301|[from] item: Black Sludge","|turn|2","|","|move|p1a: Thundurus|Thunderbolt|p2a: Hentai","|-supereffective|p2a: Hentai","|-damage|p2a: Hentai|0 fnt","|faint|p2a: Hentai","|","|-weather|RainDance|[upkeep]","|","|switch|p2a: Minty Churro|Ludicolo, M, shiny|301/301","|turn|3","|","|switch|p1a: Rotom-Wash|Rotom-Wash|304/304","|move|p2a: Minty Churro|Ice Beam|p1a: Rotom-Wash","|-resisted|p1a: Rotom-Wash","|-damage|p1a: Rotom-Wash|247/304","|-damage|p2a: Minty Churro|271/301|[from] item: Life Orb","|","|-weather|RainDance|[upkeep]","|-heal|p1a: Rotom-Wash|266/304|[from] item: Leftovers","|turn|4","|","|switch|p1a: Thundurus|Thundurus, M|299/299","|move|p2a: Minty Churro|Energy Ball|p1a: Thundurus","|-resisted|p1a: Thundurus","|-damage|p1a: Thundurus|194/299","|-damage|p2a: Minty Churro|241/301|[from] item: Life Orb","|","|-weather|RainDance|[upkeep]","|-heal|p1a: Thundurus|212/299|[from] item: Leftovers","|turn|5","|","|switch|p1a: Magnezone|Magnezone|282/282","|move|p2a: Minty Churro|Ice Beam|p1a: Magnezone","|-resisted|p1a: Magnezone","|-damage|p1a: Magnezone|221/282","|-damage|p2a: Minty Churro|211/301|[from] item: Life Orb","|","|-weather|none","|turn|6","|","|switch|p2a: Slippy|Politoed, M|383/383","|-weather|RainDance","|move|p1a: Magnezone|Volt Switch|p2a: Slippy","|-supereffective|p2a: Slippy","|-damage|p2a: Slippy|129/383","|","|switch|p1a: Emolga|Emolga, M|251/251","|","|-weather|RainDance|[upkeep]","|turn|7","|","|move|p1a: Emolga|Tailwind|p1a: Emolga","|-sidestart|p1: Alliance-C-Control|move: Tailwind","|move|p2a: Slippy|Ice Beam|p1a: Emolga","|-supereffective|p1a: Emolga","|-damage|p1a: Emolga|0 fnt","|faint|p1a: Emolga","|","|-weather|RainDance|[upkeep]","|","|switch|p1a: Thundurus|Thundurus, M|212/299","|turn|8","|","|move|p1a: Thundurus|Thunderbolt|p2a: Slippy","|-supereffective|p2a: Slippy","|-damage|p2a: Slippy|0 fnt","|faint|p2a: Slippy","|","|-weather|RainDance|[upkeep]","|-heal|p1a: Thundurus|230/299|[from] item: Leftovers","|","|switch|p2a: Minty Churro|Ludicolo, M, shiny|211/301","|turn|9","|","|move|p1a: Thundurus|Thunderbolt|p2a: Minty Churro","|-damage|p2a: Minty Churro|64/301","|move|p2a: Minty Churro|Ice Beam|p1a: Thundurus","|-supereffective|p1a: Thundurus","|-damage|p1a: Thundurus|0 fnt","|-damage|p2a: Minty Churro|34/301|[from] item: Life Orb","|faint|p1a: Thundurus","|","|-weather|RainDance|[upkeep]","|","|switch|p1a: Magnezone|Magnezone|221/282","|turn|10","|","|move|p1a: Magnezone|Volt Switch|p2a: Minty Churro","|-damage|p2a: Minty Churro|0 fnt","|faint|p2a: Minty Churro","|","|switch|p1a: Rotom-Wash|Rotom-Wash|266/304","|","|-weather|none","|-heal|p1a: Rotom-Wash|285/304|[from] item: Leftovers","|-sideend|p1: Alliance-C-Control|move: Tailwind","|","|switch|p2a: Mulan|Gyarados, F, shiny|331/331","|-ability|p2a: Mulan|Intimidate","|-unboost|p1a: Rotom-Wash|atk|1","|turn|11","|","|detailschange|p2a: Mulan|Gyarados-Mega, F, shiny","|-mega|p2a: Mulan|Gyarados|Gyaradosite","|-ability|p2a: Mulan|Mold Breaker","|move|p2a: Mulan|Crunch|p1a: Rotom-Wash","|-damage|p1a: Rotom-Wash|170/304","|move|p1a: Rotom-Wash|Volt Switch|p2a: Mulan","|-supereffective|p2a: Mulan","|-damage|p2a: Mulan|187/331","|","|switch|p1a: Magnezone|Magnezone|221/282","|","|turn|12","|","|move|p1a: Magnezone|Volt Switch|p2a: Mulan","|-supereffective|p2a: Mulan","|-damage|p2a: Mulan|0 fnt","|faint|p2a: Mulan","|","|switch|p1a: Ampharos|Ampharos, M|383/383","|","|","|switch|p2a: My Little Ponyta|Keldeo|323/323","|turn|13","|","|move|p2a: My Little Ponyta|Icy Wind|p1a: Ampharos","|-damage|p1a: Ampharos|292/383","|-unboost|p1a: Ampharos|spe|1","|-damage|p2a: My Little Ponyta|291/323|[from] item: Life Orb","|move|p1a: Ampharos|Thunderbolt|p2a: My Little Ponyta","|-supereffective|p2a: My Little Ponyta","|-damage|p2a: My Little Ponyta|21/323","|","|turn|14","|","|detailschange|p1a: Ampharos|Ampharos-Mega, M","|-mega|p1a: Ampharos|Ampharos|Ampharosite","|-ability|p1a: Ampharos|Mold Breaker","|move|p2a: My Little Ponyta|Hydro Pump|p1a: Ampharos","|-resisted|p1a: Ampharos","|-damage|p1a: Ampharos|172/383","|-damage|p2a: My Little Ponyta|0 fnt|[from] item: Life Orb","|faint|p2a: My Little Ponyta","|move|p1a: Ampharos|Power Gem|p2: My Little Ponyta|[notarget]","|-notarget","|","|","|switch|p2a: Bareny|Sharpedo, M, shiny|281/281","|turn|15","|","|move|p2a: Bareny|Earthquake|p1a: Ampharos","|-supereffective|p1a: Ampharos","|-damage|p1a: Ampharos|0 fnt","|-damage|p2a: Bareny|253/281|[from] item: Life Orb","|faint|p1a: Ampharos","|","|-boost|p2a: Bareny|spe|1|[from] ability: Speed Boost","|","|switch|p1a: Rotom-Wash|Rotom-Wash|170/304","|turn|16","|","|move|p2a: Bareny|Crunch|p1a: Rotom-Wash","|-damage|p1a: Rotom-Wash|48/304","|-damage|p2a: Bareny|225/281|[from] item: Life Orb","|move|p1a: Rotom-Wash|Will-O-Wisp|p2a: Bareny","|-status|p2a: Bareny|brn","|","|-heal|p1a: Rotom-Wash|67/304|[from] item: Leftovers","|-damage|p2a: Bareny|190/281 brn|[from] brn","|-boost|p2a: Bareny|spe|1|[from] ability: Speed Boost","|turn|17","|","|move|p1a: Rotom-Wash|Snatch|p1a: Rotom-Wash","|-singleturn|p1a: Rotom-Wash|Snatch","|move|p2a: Bareny|Crunch|p1a: Rotom-Wash","|-damage|p1a: Rotom-Wash|5/304","|-unboost|p1a: Rotom-Wash|def|1","|-damage|p2a: Bareny|162/281 brn|[from] item: Life Orb","|","|-heal|p1a: Rotom-Wash|24/304|[from] item: Leftovers","|-damage|p2a: Bareny|127/281 brn|[from] brn","|-boost|p2a: Bareny|spe|1|[from] ability: Speed Boost","|turn|18","|","|move|p1a: Rotom-Wash|Snatch|p1a: Rotom-Wash","|-singleturn|p1a: Rotom-Wash|Snatch","|move|p2a: Bareny|Crunch|p1a: Rotom-Wash","|-damage|p1a: Rotom-Wash|0 fnt","|-damage|p2a: Bareny|99/281 brn|[from] item: Life Orb","|faint|p1a: Rotom-Wash","|","|-damage|p2a: Bareny|64/281 brn|[from] brn","|-boost|p2a: Bareny|spe|1|[from] ability: Speed Boost","|","|switch|p1a: Magnezone|Magnezone|221/282","|turn|19","|","|switch|p1a: Zapdos|Zapdos|383/383","|-ability|p1a: Zapdos|Pressure","|move|p2a: Bareny|Earthquake|p1a: Zapdos","|-immune|p1a: Zapdos|[msg]","|","|-damage|p2a: Bareny|29/281 brn|[from] brn","|-boost|p2a: Bareny|spe|1|[from] ability: Speed Boost","|turn|20","|","|move|p2a: Bareny|Ice Fang|p1a: Zapdos","|-supereffective|p1a: Zapdos","|-damage|p1a: Zapdos|253/383","|-damage|p2a: Bareny|0 fnt|[from] item: Rocky Helmet|[of] p1a: Zapdos","|faint|p2a: Bareny","|","|win|Alliance-C-Control"],"p1rating":{"entryid":"6440455","serverid":"eos","formatid":"monotype","userid":"allianceccontrol","username":"Alliance-C-Control","w":239,"l":"304","t":"0","gxe":44.7,"r":"1451.5563081439","rd":"25","sigma":"0","rptime":"1438506000","rpr":1459.7256111146,"rprd":25,"rpsigma":"0","acre":1191.8636769035,"lacre":1191.8636769035,"oldacre":"1175.9693517603"},"p2rating":{"entryid":"6867552","serverid":"eos","formatid":"monotype","userid":"sovereigncactus","username":"Sovereign♕Cactus","w":"60","l":76,"t":"0","gxe":43.6,"r":"1459.3771430334","rd":"32.514639404528","sigma":"0","rptime":"1438506000","rpr":1451.6653850635,"rprd":31.221549883353,"rpsigma":"0","acre":1032.8450658845,"lacre":1032.8450658845,"oldacre":"1043.3355299626"},"endType":"normal"}