{"seed":[64675,64567,6215,10810],"turns":24,"p1":"GTX♅Nyan","p2":"GTX♅Bzumzum","p1team":[{"name":"Gardevoir","species":"Gardevoir","item":"leftovers","ability":"Trace","moves":["sing","dazzlinggleam","moonblast","dreameater"],"nature":"Modest","evs":{"hp":252,"atk":0,"def":0,"spa":252,"spd":4,"spe":0},"shiny":true,"ivs":{"hp":31,"atk":31,"def":31,"spa":31,"spd":31,"spe":31}},{"name":"Latios","species":"Latios","item":"whiteherb","ability":"Levitate","moves":["dracometeor","dragonpulse","outrage","thunderbolt"],"nature":"Hasty","evs":{"hp":0,"atk":4,"def":0,"spa":252,"spd":0,"spe":252},"ivs":{"hp":31,"atk":31,"def":31,"spa":31,"spd":31,"spe":31}},{"name":"Metagross","species":"Metagross","item":"ironplate","ability":"Clear Body","moves":["bulletpunch","ironhead","meteormash","thunderpunch"],"nature":"Adamant","evs":{"hp":248,"atk":252,"def":0,"spa":0,"spd":8,"spe":0},"shiny":true,"ivs":{"hp":31,"atk":31,"def":31,"spa":31,"spd":31,"spe":31}},{"name":"Jirachi","species":"Jirachi","item":"choicescarf","ability":"Serene Grace","moves":["meteormash","ironhead","energyball","thunderwave"],"nature":"Hasty","evs":{"hp":0,"atk":252,"def":0,"spa":4,"spd":0,"spe":252},"shiny":true,"ivs":{"hp":31,"atk":31,"def":31,"spa":31,"spd":31,"spe":31}},{"name":"Victini","species":"Victini","item":"choicescarf","ability":"Victory Star","moves":["vcreate","boltstrike","psyshock","uturn"],"nature":"Hasty","evs":{"hp":0,"atk":252,"def":0,"spa":4,"spd":0,"spe":252},"ivs":{"hp":31,"atk":31,"def":31,"spa":31,"spd":31,"spe":31}},{"name":"Hoopa-Unbound","species":"Hoopa-Unbound","item":"","ability":"Magician","moves":["hyperspacefury","drainpunch","shadowball","phantomforce"],"nature":"Lonely","evs":{"hp":0,"atk":252,"def":0,"spa":4,"spd":0,"spe":0},"ivs":{"hp":31,"atk":31,"def":31,"spa":31,"spd":31,"spe":31}}],"p2team":[{"name":"Elec","species":"manectric","item":"manectite","ability":"Lightning Rod","moves":["thunderbolt","hiddenpowerice","voltswitch","overheat"],"nature":"Timid","evs":{"hp":0,"atk":0,"def":0,"spa":252,"spd":4,"spe":252},"gender":"M","ivs":{"hp":31,"atk":30,"def":30,"spa":31,"spd":31,"spe":31}},{"name":"Water-Safe","species":"rotomwash","item":"lumberry","ability":"Levitate","moves":["hydropump","toxic","willowisp","rest"],"nature":"Calm","evs":{"hp":248,"atk":0,"def":0,"spa":8,"spd":252,"spe":0},"shiny":true,"ivs":{"hp":31,"atk":31,"def":31,"spa":31,"spd":31,"spe":31}},{"name":"MY ZONE!!!","species":"magnezone","item":"choicespecs","ability":"Sturdy","moves":["hiddenpowerice","flashcannon","triattack","signalbeam"],"nature":"Modest","evs":{"hp":248,"atk":0,"def":0,"spa":252,"spd":8,"spe":0},"ivs":{"hp":31,"atk":30,"def":30,"spa":31,"spd":31,"spe":31},"shiny":true},{"name":"Genius","species":"thundurus","item":"focussash","ability":"Prankster","moves":["taunt","grassknot","focusblast","nastyplot"],"nature":"Timid","evs":{"hp":0,"atk":0,"def":0,"spa":252,"spd":4,"spe":252},"shiny":true,"ivs":{"hp":31,"atk":31,"def":31,"spa":31,"spd":31,"spe":31}},{"name":"Zapz","species":"zapdos","item":"leftovers","ability":"Pressure","moves":["heatwave","roost","extrasensory","defog"],"nature":"Modest","evs":{"hp":252,"atk":0,"def":0,"spa":252,"spd":4,"spe":0},"shiny":true,"ivs":{"hp":31,"atk":31,"def":31,"spa":31,"spd":31,"spe":31}},{"name":"Plugg-in Failure","species":"electivire","item":"choicescarf","ability":"Vital Spirit","moves":["crosschop","earthquake","icepunch","rockslide"],"nature":"Adamant","evs":{"hp":0,"atk":252,"def":0,"spa":0,"spd":4,"spe":252},"gender":"M","shiny":true,"ivs":{"hp":31,"atk":31,"def":31,"spa":31,"spd":31,"spe":31}}],"log":["|player|p1|GTX♅Nyan|26","|player|p2|GTX♅Bzumzum|225","|gametype|singles","|gen|6","|tier|Monotype","|rated","|rule|Baton Pass Clause: Limit one Baton Passer, can't pass Spe and other stats simultaneously","|rule|Swagger Clause: Swagger is banned","|rule|Same Type Clause: Pokémon in a team must share a type","|clearpoke","|poke|p1|Gardevoir, M, shiny","|poke|p1|Latios, M","|poke|p1|Metagross, shiny","|poke|p1|Jirachi, shiny","|poke|p1|Victini","|poke|p1|Hoopa-Unbound","|poke|p2|Manectric, M","|poke|p2|Rotom-Wash, shiny","|poke|p2|Magnezone, shiny","|poke|p2|Thundurus, M, shiny","|poke|p2|Zapdos, shiny","|poke|p2|Electivire, M, shiny","|rule|Sleep Clause Mod: Limit one foe put to sleep","|rule|Species Clause: Limit one of each Pokémon","|rule|OHKO Clause: OHKO moves are banned","|rule|Moody Clause: Moody is banned","|rule|Evasion Moves Clause: Evasion moves are banned","|rule|Endless Battle Clause: Forcing endless battles is banned","|rule|HP Percentage Mod: HP is shown in percentages","|teampreview","|","|start","|switch|p1a: Gardevoir|Gardevoir, M, shiny|340/340","|switch|p2a: Elec|Manectric, M|281/281","|-ability|p1a: Gardevoir|Lightning Rod|[from] ability: Trace|[of] p2a: Elec","|turn|1","|","|switch|p2a: Water-Safe|Rotom-Wash, shiny|303/303","|move|p1a: Gardevoir|Sing|p2a: Water-Safe","|-status|p2a: Water-Safe|slp","|-enditem|p2a: Water-Safe|Lum Berry|[eat]","|-curestatus|p2a: Water-Safe|slp","|","|turn|2","|","|move|p2a: Water-Safe|Toxic|p1a: Gardevoir|[miss]","|-miss|p2a: Water-Safe|p1a: Gardevoir","|move|p1a: Gardevoir|Sing|p2a: Water-Safe","|-status|p2a: Water-Safe|slp","|","|turn|3","|","|cant|p2a: Water-Safe|slp","|move|p1a: Gardevoir|Dream Eater|p2a: Water-Safe","|-damage|p2a: Water-Safe|180/303 slp","|","|turn|4","|","|cant|p2a: Water-Safe|slp","|move|p1a: Gardevoir|Dream Eater|p2a: Water-Safe","|-damage|p2a: Water-Safe|54/303 slp","|","|turn|5","|","|-curestatus|p2a: Water-Safe|slp","|move|p2a: Water-Safe|Toxic|p1a: Gardevoir","|-status|p1a: Gardevoir|tox","|move|p1a: Gardevoir|Moonblast|p2a: Water-Safe","|-damage|p2a: Water-Safe|0 fnt","|faint|p2a: Water-Safe","|","|-damage|p1a: Gardevoir|319/340 tox|[from] psn","|","|switch|p2a: Plugg-in Failure|Electivire, M, shiny|291/291","|turn|6","|","|move|p2a: Plugg-in Failure|Earthquake|p1a: Gardevoir","|-damage|p1a: Gardevoir|132/340 tox","|move|p1a: Gardevoir|Sing|p2a: Plugg-in Failure|[miss]","|-miss|p1a: Gardevoir|p2a: Plugg-in Failure","|","|-heal|p1a: Gardevoir|153/340 tox|[from] item: Leftovers","|-damage|p1a: Gardevoir|111/340 tox|[from] psn","|turn|7","|","|move|p2a: Plugg-in Failure|Earthquake|p1a: Gardevoir","|-damage|p1a: Gardevoir|0 fnt","|faint|p1a: Gardevoir","|","|","|switch|p1a: Latios|Latios, M|301/301","|turn|8","|","|switch|p2a: Genius|Thundurus, M, shiny|299/299","|move|p1a: Latios|Draco Meteor|p2a: Genius","|-damage|p2a: Genius|8/299","|-unboost|p1a: Latios|spa|2","|-enditem|p1a: Latios|White Herb","|-restoreboost|p1a: Latios|[silent]","|","|turn|9","|","|move|p2a: Genius|Taunt|p1a: Latios","|-start|p1a: Latios|move: Taunt","|move|p1a: Latios|Outrage|p2a: Genius","|-damage|p2a: Genius|0 fnt","|faint|p2a: Genius","|","|","|switch|p2a: MY ZONE!!!|Magnezone, shiny|343/343","|turn|10","|","|move|p1a: Latios|Outrage|p2a: MY ZONE!!!|[from]lockedmove","|-resisted|p2a: MY ZONE!!!","|-damage|p2a: MY ZONE!!!|281/343","|move|p2a: MY ZONE!!!|Hidden Power|p1a: Latios","|-supereffective|p1a: Latios","|-damage|p1a: Latios|71/301","|","|turn|11","|","|move|p1a: Latios|Outrage|p2a: MY ZONE!!!|[from]lockedmove","|-resisted|p2a: MY ZONE!!!","|-damage|p2a: MY ZONE!!!|221/343","|-start|p1a: Latios|confusion|[fatigue]","|move|p2a: MY ZONE!!!|Hidden Power|p1a: Latios","|-supereffective|p1a: Latios","|-damage|p1a: Latios|0 fnt","|faint|p1a: Latios","|","|","|switch|p1a: Hoopa-Unbound|Hoopa-Unbound|301/301","|turn|12","|","|switch|p2a: Zapz|Zapdos, shiny|384/384","|-ability|p2a: Zapz|Pressure","|move|p1a: Hoopa-Unbound|Hyperspace Fury|p2a: Zapz","|-damage|p2a: Zapz|107/384","|-item|p1a: Hoopa-Unbound|Leftovers|[from] ability: Magician|[of] p2a: Zapz","|-unboost|p1a: Hoopa-Unbound|def|1","|","|turn|13","|","|move|p2a: Zapz|Heat Wave|p1a: Hoopa-Unbound","|-damage|p1a: Hoopa-Unbound|209/301","|move|p1a: Hoopa-Unbound|Hyperspace Fury|p2a: Zapz","|-damage|p2a: Zapz|0 fnt","|-unboost|p1a: Hoopa-Unbound|def|1","|faint|p2a: Zapz","|","|-heal|p1a: Hoopa-Unbound|227/301|[from] item: Leftovers","|","|switch|p2a: Elec|Manectric, M|281/281","|turn|14","|","|detailschange|p2a: Elec|Manectric-Mega, M","|-mega|p2a: Elec|Manectric|Manectite","|-ability|p2a: Elec|Intimidate","|-unboost|p1a: Hoopa-Unbound|atk|1","|move|p2a: Elec|Volt Switch|p1a: Hoopa-Unbound","|-damage|p1a: Hoopa-Unbound|121/301","|","|switch|p2a: MY ZONE!!!|Magnezone, shiny|221/343","|move|p1a: Hoopa-Unbound|Hyperspace Fury|p2a: MY ZONE!!!","|-damage|p2a: MY ZONE!!!|77/343","|-unboost|p1a: Hoopa-Unbound|def|1","|","|-heal|p1a: Hoopa-Unbound|139/301|[from] item: Leftovers","|turn|15","|","|move|p1a: Hoopa-Unbound|Drain Punch|p2a: MY ZONE!!!","|-supereffective|p2a: MY ZONE!!!","|-damage|p2a: MY ZONE!!!|0 fnt","|-heal|p1a: Hoopa-Unbound|178/301|[from] drain|[of] p2a: MY ZONE!!!","|faint|p2a: MY ZONE!!!","|","|-heal|p1a: Hoopa-Unbound|196/301|[from] item: Leftovers","|","|switch|p2a: Plugg-in Failure|Electivire, M, shiny|291/291","|turn|16","|","|move|p2a: Plugg-in Failure|Cross Chop|p1a: Hoopa-Unbound|[miss]","|-miss|p2a: Plugg-in Failure|p1a: Hoopa-Unbound","|move|p1a: Hoopa-Unbound|Hyperspace Fury|p2a: Plugg-in Failure","|-damage|p2a: Plugg-in Failure|86/291","|-unboost|p1a: Hoopa-Unbound|def|1","|","|-heal|p1a: Hoopa-Unbound|214/301|[from] item: Leftovers","|turn|17","|","|switch|p1a: Metagross|Metagross, shiny|363/363","|move|p2a: Plugg-in Failure|Cross Chop|p1a: Metagross","|-damage|p1a: Metagross|259/363","|","|turn|18","|","|switch|p2a: Elec|Manectric-Mega, M|281/281","|-ability|p2a: Elec|Intimidate","|-fail|p1a: Metagross|unboost|[from] ability: Clear Body|[of] p1a: Metagross","|move|p1a: Metagross|Iron Head|p2a: Elec","|-resisted|p2a: Elec","|-damage|p2a: Elec|173/281","|","|turn|19","|","|move|p2a: Elec|Overheat|p1a: Metagross","|-supereffective|p1a: Metagross","|-damage|p1a: Metagross|0 fnt","|-unboost|p2a: Elec|spa|2","|faint|p1a: Metagross","|","|","|switch|p1a: Hoopa-Unbound|Hoopa-Unbound|214/301","|turn|20","|","|move|p2a: Elec|Volt Switch|p1a: Hoopa-Unbound","|-damage|p1a: Hoopa-Unbound|165/301","|","|switch|p2a: Plugg-in Failure|Electivire, M, shiny|86/291","|move|p1a: Hoopa-Unbound|Hyperspace Fury|p2a: Plugg-in Failure","|-damage|p2a: Plugg-in Failure|0 fnt","|-unboost|p1a: Hoopa-Unbound|def|1","|faint|p2a: Plugg-in Failure","|","|-heal|p1a: Hoopa-Unbound|183/301|[from] item: Leftovers","|","|switch|p2a: Elec|Manectric-Mega, M|173/281","|-ability|p2a: Elec|Intimidate","|-unboost|p1a: Hoopa-Unbound|atk|1","|turn|21","|","|move|p2a: Elec|Thunderbolt|p1a: Hoopa-Unbound","|-crit|p1a: Hoopa-Unbound","|-damage|p1a: Hoopa-Unbound|0 fnt","|faint|p1a: Hoopa-Unbound","|","|","|switch|p1a: Jirachi|Jirachi, shiny|341/341","|turn|22","|","|move|p1a: Jirachi|Iron Head|p2a: Elec","|-resisted|p2a: Elec","|-damage|p2a: Elec|104/281","|move|p2a: Elec|Thunderbolt|p1a: Jirachi","|-damage|p1a: Jirachi|187/341","|","|turn|23","|","|move|p1a: Jirachi|Iron Head|p2a: Elec","|-resisted|p2a: Elec","|-damage|p2a: Elec|37/281","|cant|p2a: Elec|flinch","|","|turn|24","|","|move|p1a: Jirachi|Iron Head|p2a: Elec","|-resisted|p2a: Elec","|-damage|p2a: Elec|0 fnt","|faint|p2a: Elec","|","|win|GTX♅Nyan"],"p1rating":{"entryid":"7337255","serverid":"eos","formatid":"monotype","userid":"gtxnyan","username":"GTX♅Nyan","w":3,"l":"1","t":"0","gxe":53.6,"r":"1500","rd":"130","sigma":"0","rptime":"1438506000","rpr":1528.5350074867,"rprd":108.0299340058,"rpsigma":"0","acre":1089.0444064837,"lacre":1089.0444064837,"oldacre":"1059.0880623053"},"p2rating":{"entryid":"6857825","serverid":"eos","formatid":"monotype","userid":"gtxbzumzum","username":"GTX♅Bzumzum","w":"19","l":75,"t":"0","gxe":21.9,"r":"1262.1544630539","rd":"41.502667195254","sigma":"0","rptime":"1438506000","rpr":1259.8206352132,"rprd":40.524950674093,"rpsigma":"0","acre":1029.6636066114,"lacre":1029.6636066114,"oldacre":"1045.9098970152"},"endType":"normal"}