{"seed":[27956,64687,26049,23445],"turns":22,"p1":"Marx-Bot","p2":"LTIL-codypoke","p1team":[{"name":"Darude Hailstorm","species":"abomasnow","item":"focussash","ability":"Snow Warning","moves":["blizzard","gigadrain","iceshard","shadowball"],"nature":"Mild","evs":{"hp":248,"atk":8,"def":0,"spa":252,"spd":0,"spe":0},"gender":"M","shiny":true,"ivs":{"hp":31,"atk":31,"def":31,"spa":31,"spd":31,"spe":31}},{"name":"Froslass","species":"Froslass","item":"focussash","ability":"Cursed Body","moves":["destinybond","icebeam","taunt","shadowball"],"nature":"Timid","evs":{"hp":0,"atk":0,"def":0,"spa":252,"spd":4,"spe":252},"ivs":{"hp":31,"atk":31,"def":31,"spa":31,"spd":31,"spe":31}},{"name":"Ice Age","species":"mamoswine","item":"choicescarf","ability":"Thick Fat","moves":["superpower","earthquake","iciclecrash","stoneedge"],"nature":"Jolly","evs":{"hp":0,"atk":252,"def":0,"spa":0,"spd":4,"spe":252},"gender":"M","shiny":true,"ivs":{"hp":31,"atk":31,"def":31,"spa":31,"spd":31,"spe":31}},{"name":"The Titanic","species":"avalugg","item":"rockyhelmet","ability":"Sturdy","moves":["rapidspin","toxic","recover","avalanche"],"nature":"Bold","evs":{"hp":248,"atk":0,"def":252,"spa":0,"spd":8,"spe":0},"gender":"M","shiny":true,"ivs":{"hp":31,"atk":31,"def":31,"spa":31,"spd":31,"spe":31}},{"name":"Kyurem-Black","species":"Kyurem-Black","item":"muscleband","ability":"Teravolt","moves":["fusionbolt","outrage","icebeam","shadowclaw"],"nature":"Naughty","evs":{"hp":248,"atk":252,"def":0,"spa":8,"spd":0,"spe":0},"ivs":{"hp":31,"atk":31,"def":31,"spa":31,"spd":31,"spe":31}},{"name":"King Kold","species":"rotomfrost","item":"leftovers","ability":"Levitate","moves":["discharge","willowisp","painsplit","charge"],"nature":"Calm","evs":{"hp":248,"atk":0,"def":0,"spa":252,"spd":8,"spe":0},"shiny":true,"ivs":{"hp":31,"atk":31,"def":31,"spa":31,"spd":31,"spe":31}}],"p2team":[{"name":"Dragonite","species":"Dragonite","item":"choiceband","ability":"Multiscale","moves":["outrage","extremespeed","firepunch","earthquake"],"nature":"Adamant","evs":{"hp":0,"atk":252,"def":4,"spa":0,"spd":0,"spe":252},"shiny":true,"ivs":{"hp":31,"atk":31,"def":31,"spa":31,"spd":31,"spe":31}},{"name":"Tyrantrum","species":"Tyrantrum","item":"choicescarf","ability":"Rock Head","moves":["headsmash","outrage","earthquake","superpower"],"nature":"Jolly","evs":{"hp":0,"atk":252,"def":4,"spa":0,"spd":0,"spe":252},"shiny":true,"ivs":{"hp":31,"atk":31,"def":31,"spa":31,"spd":31,"spe":31}},{"name":"Kingdra","species":"Kingdra","item":"lifeorb","ability":"Swift Swim","moves":["hydropump","dracometeor","scald","icebeam"],"nature":"Rash","evs":{"hp":0,"atk":28,"def":0,"spa":252,"spd":0,"spe":228},"shiny":true,"ivs":{"hp":31,"atk":31,"def":31,"spa":31,"spd":31,"spe":31}},{"name":"Kyurem-Black","species":"Kyurem-Black","item":"lifeorb","ability":"Teravolt","moves":["icebeam","earthpower","fusionbolt","outrage"],"nature":"Mild","evs":{"hp":0,"atk":20,"def":0,"spa":252,"spd":0,"spe":236},"shiny":true,"ivs":{"hp":31,"atk":31,"def":31,"spa":31,"spd":31,"spe":31}},{"name":"Dragalge","species":"Dragalge","item":"dracoplate","ability":"Adaptability","moves":["dracometeor","sludgewave","focusblast","toxicspikes"],"nature":"Modest","evs":{"hp":228,"atk":0,"def":0,"spa":252,"spd":0,"spe":28},"shiny":true,"ivs":{"hp":31,"atk":31,"def":31,"spa":31,"spd":31,"spe":31}},{"name":"Altaria","species":"Altaria","item":"altarianite","ability":"Natural Cure","moves":["dragondance","return","earthquake","roost"],"nature":"Adamant","evs":{"hp":0,"atk":252,"def":4,"spa":0,"spd":0,"spe":252},"shiny":true,"ivs":{"hp":31,"atk":31,"def":31,"spa":31,"spd":31,"spe":31}}],"log":["|player|p1|Marx-Bot|238","|player|p2|LTIL-codypoke|ltilcodypoke.png","|gametype|singles","|gen|6","|tier|Monotype","|rated","|rule|Baton Pass Clause: Limit one Baton Passer, can't pass Spe and other stats simultaneously","|rule|Swagger Clause: Swagger is banned","|rule|Same Type Clause: Pokémon in a team must share a type","|clearpoke","|poke|p1|Abomasnow, M, shiny","|poke|p1|Froslass, F","|poke|p1|Mamoswine, M, shiny","|poke|p1|Avalugg, M, shiny","|poke|p1|Kyurem-Black","|poke|p1|Rotom-Frost, shiny","|poke|p2|Dragonite, M, shiny","|poke|p2|Tyrantrum, M, shiny","|poke|p2|Kingdra, M, shiny","|poke|p2|Kyurem-Black, shiny","|poke|p2|Dragalge, M, shiny","|poke|p2|Altaria, F, shiny","|rule|Sleep Clause Mod: Limit one foe put to sleep","|rule|Species Clause: Limit one of each Pokémon","|rule|OHKO Clause: OHKO moves are banned","|rule|Moody Clause: Moody is banned","|rule|Evasion Moves Clause: Evasion moves are banned","|rule|Endless Battle Clause: Forcing endless battles is banned","|rule|HP Percentage Mod: HP is shown in percentages","|teampreview","|","|start","|switch|p1a: Froslass|Froslass, F|281/281","|switch|p2a: Dragonite|Dragonite, M, shiny|323/323","|turn|1","|","|move|p1a: Froslass|Taunt|p2a: Dragonite","|-start|p2a: Dragonite|move: Taunt","|move|p2a: Dragonite|Fire Punch|p1a: Froslass","|-supereffective|p1a: Froslass","|-enditem|p1a: Froslass|Focus Sash","|-damage|p1a: Froslass|1/281","|","|turn|2","|","|move|p1a: Froslass|Destiny Bond|p1a: Froslass","|-singlemove|p1a: Froslass|Destiny Bond","|move|p2a: Dragonite|Fire Punch|p1a: Froslass","|-supereffective|p1a: Froslass","|-damage|p1a: Froslass|0 fnt","|faint|p1a: Froslass","|-activate|p1a: Froslass|Destiny Bond","|faint|p2a: Dragonite","|","|","|switch|p2a: Tyrantrum|Tyrantrum, M, shiny|305/305","|switch|p1a: Darude Hailstorm|Abomasnow, M, shiny|383/383","|-weather|Hail","|turn|3","|","|move|p2a: Tyrantrum|Head Smash|p1a: Darude Hailstorm","|-supereffective|p1a: Darude Hailstorm","|-enditem|p1a: Darude Hailstorm|Focus Sash","|-damage|p1a: Darude Hailstorm|1/383","|move|p1a: Darude Hailstorm|Blizzard|p2a: Tyrantrum","|-supereffective|p2a: Tyrantrum","|-damage|p2a: Tyrantrum|0 fnt","|faint|p2a: Tyrantrum","|","|-weather|Hail|[upkeep]","|","|switch|p2a: Dragalge|Dragalge, M, shiny|328/328","|turn|4","|","|switch|p1a: King Kold|Rotom-Frost, shiny|303/303","|move|p2a: Dragalge|Sludge Wave|p1a: King Kold","|-damage|p1a: King Kold|133/303","|","|-weather|Hail|[upkeep]","|-damage|p2a: Dragalge|308/328|[from] hail","|-heal|p1a: King Kold|151/303|[from] item: Leftovers","|turn|5","|","|move|p1a: King Kold|Charge|p1a: King Kold","|-boost|p1a: King Kold|spd|1","|-activate|p1a: King Kold|move: Charge","|move|p2a: Dragalge|Sludge Wave|p1a: King Kold","|-damage|p1a: King Kold|45/303","|","|-weather|Hail|[upkeep]","|-damage|p2a: Dragalge|288/328|[from] hail","|-heal|p1a: King Kold|63/303|[from] item: Leftovers","|turn|6","|","|move|p1a: King Kold|Pain Split|p2a: Dragalge","|-sethp|p2a: Dragalge|175/328|p1a: King Kold|175/303|[from] move: Pain Split","|move|p2a: Dragalge|Sludge Wave|p1a: King Kold","|-damage|p1a: King Kold|67/303","|","|-weather|Hail|[upkeep]","|-damage|p2a: Dragalge|155/328|[from] hail","|-heal|p1a: King Kold|85/303|[from] item: Leftovers","|turn|7","|","|move|p1a: King Kold|Pain Split|p2a: Dragalge","|-sethp|p2a: Dragalge|120/328|p1a: King Kold|120/303|[from] move: Pain Split","|move|p2a: Dragalge|Focus Blast|p1a: King Kold|[miss]","|-miss|p2a: Dragalge|p1a: King Kold","|","|-weather|none","|-heal|p1a: King Kold|138/303|[from] item: Leftovers","|turn|8","|","|move|p1a: King Kold|Charge|p1a: King Kold","|-boost|p1a: King Kold|spd|1","|-activate|p1a: King Kold|move: Charge","|move|p2a: Dragalge|Focus Blast|p1a: King Kold|[miss]","|-miss|p2a: Dragalge|p1a: King Kold","|","|-heal|p1a: King Kold|156/303|[from] item: Leftovers","|turn|9","|","|move|p1a: King Kold|Discharge|p2a: Dragalge","|-resisted|p2a: Dragalge","|-damage|p2a: Dragalge|12/328","|-status|p2a: Dragalge|par","|cant|p2a: Dragalge|par","|","|-heal|p1a: King Kold|174/303|[from] item: Leftovers","|turn|10","|","|move|p1a: King Kold|Discharge|p2a: Dragalge","|-resisted|p2a: Dragalge","|-damage|p2a: Dragalge|0 fnt","|faint|p2a: Dragalge","|","|-heal|p1a: King Kold|192/303|[from] item: Leftovers","|","|switch|p2a: Altaria|Altaria, F, shiny|291/291","|turn|11","|","|detailschange|p2a: Altaria|Altaria-Mega, F, shiny","|-mega|p2a: Altaria|Altaria|Altarianite","|move|p2a: Altaria|Dragon Dance|p2a: Altaria","|-boost|p2a: Altaria|atk|1","|-boost|p2a: Altaria|spe|1","|move|p1a: King Kold|Will-O-Wisp|p2a: Altaria","|-status|p2a: Altaria|brn","|","|-heal|p1a: King Kold|210/303|[from] item: Leftovers","|-damage|p2a: Altaria|255/291 brn|[from] brn","|turn|12","|","|move|p2a: Altaria|Return|p1a: King Kold","|-damage|p1a: King Kold|53/303","|move|p1a: King Kold|Discharge|p2a: Altaria","|-resisted|p2a: Altaria","|-damage|p2a: Altaria|198/291 brn","|","|-heal|p1a: King Kold|71/303|[from] item: Leftovers","|-damage|p2a: Altaria|162/291 brn|[from] brn","|turn|13","|","|move|p2a: Altaria|Dragon Dance|p2a: Altaria","|-boost|p2a: Altaria|atk|1","|-boost|p2a: Altaria|spe|1","|move|p1a: King Kold|Pain Split|p2a: Altaria","|-sethp|p2a: Altaria|116/291 brn|p1a: King Kold|116/303|[from] move: Pain Split","|","|-heal|p1a: King Kold|134/303|[from] item: Leftovers","|-damage|p2a: Altaria|80/291 brn|[from] brn","|turn|14","|","|switch|p1a: The Titanic|Avalugg, M, shiny|393/393","|move|p2a: Altaria|Return|p1a: The Titanic","|-damage|p1a: The Titanic|288/393","|-damage|p2a: Altaria|32/291 brn|[from] item: Rocky Helmet|[of] p1a: The Titanic","|","|-damage|p2a: Altaria|0 fnt|[from] brn","|faint|p2a: Altaria","|","|switch|p2a: Kyurem-Black|Kyurem-Black, shiny|391/391","|-ability|p2a: Kyurem-Black|Teravolt","|turn|15","|","|move|p2a: Kyurem-Black|Earth Power|p1a: The Titanic","|-damage|p1a: The Titanic|9/393","|-damage|p2a: Kyurem-Black|352/391|[from] item: Life Orb","|move|p1a: The Titanic|Recover|p1a: The Titanic","|-heal|p1a: The Titanic|206/393","|","|turn|16","|","|switch|p1a: Darude Hailstorm|Abomasnow, M, shiny|1/383","|-weather|Hail","|move|p2a: Kyurem-Black|Earth Power|p1a: Darude Hailstorm","|-resisted|p1a: Darude Hailstorm","|-damage|p1a: Darude Hailstorm|0 fnt","|-damage|p2a: Kyurem-Black|313/391|[from] item: Life Orb","|faint|p1a: Darude Hailstorm","|","|-weather|Hail|[upkeep]","|","|switch|p1a: Kyurem-Black|Kyurem-Black|453/453","|-ability|p1a: Kyurem-Black|Teravolt","|turn|17","|","|move|p2a: Kyurem-Black|Outrage|p1a: Kyurem-Black","|-supereffective|p1a: Kyurem-Black","|-damage|p1a: Kyurem-Black|0 fnt","|-damage|p2a: Kyurem-Black|274/391|[from] item: Life Orb","|faint|p1a: Kyurem-Black","|","|-weather|Hail|[upkeep]","|","|switch|p1a: The Titanic|Avalugg, M, shiny|206/393","|turn|18","|","|move|p2a: Kyurem-Black|Outrage|p1a: The Titanic|[from]lockedmove","|-damage|p1a: The Titanic|76/393","|-damage|p2a: Kyurem-Black|209/391|[from] item: Rocky Helmet|[of] p1a: The Titanic","|-damage|p2a: Kyurem-Black|170/391|[from] item: Life Orb","|move|p1a: The Titanic|Recover|p1a: The Titanic","|-heal|p1a: The Titanic|273/393","|","|-weather|Hail|[upkeep]","|turn|19","|","|move|p2a: Kyurem-Black|Outrage|p1a: The Titanic|[from]lockedmove","|-damage|p1a: The Titanic|133/393","|-damage|p2a: Kyurem-Black|105/391|[from] item: Rocky Helmet|[of] p1a: The Titanic","|-damage|p2a: Kyurem-Black|66/391|[from] item: Life Orb","|-start|p2a: Kyurem-Black|confusion|[fatigue]","|move|p1a: The Titanic|Avalanche|p2a: Kyurem-Black","|-damage|p2a: Kyurem-Black|0 fnt","|faint|p2a: Kyurem-Black","|","|-weather|Hail|[upkeep]","|","|switch|p2a: Kingdra|Kingdra, M, shiny|291/291","|turn|20","|","|move|p2a: Kingdra|Hydro Pump|p1a: The Titanic","|-damage|p1a: The Titanic|0 fnt","|-damage|p2a: Kingdra|262/291|[from] item: Life Orb","|faint|p1a: The Titanic","|","|-weather|none","|","|switch|p1a: Ice Age|Mamoswine, M, shiny|361/361","|turn|21","|","|move|p1a: Ice Age|Earthquake|p2a: Kingdra","|-damage|p2a: Kingdra|79/291","|move|p2a: Kingdra|Hydro Pump|p1a: Ice Age","|-supereffective|p1a: Ice Age","|-damage|p1a: Ice Age|0 fnt","|-damage|p2a: Kingdra|50/291|[from] item: Life Orb","|faint|p1a: Ice Age","|","|","|switch|p1a: King Kold|Rotom-Frost, shiny|134/303","|turn|22","|","|move|p2a: Kingdra|Draco Meteor|p1a: King Kold","|-damage|p1a: King Kold|0 fnt","|-unboost|p2a: Kingdra|spa|2","|-damage|p2a: Kingdra|21/291|[from] item: Life Orb","|faint|p1a: King Kold","|","|win|LTIL-codypoke"],"p1rating":{"entryid":"5765428","serverid":"eos","formatid":"monotype","userid":"marxbot","username":"Marx Bot","w":"198","l":295,"t":"0","gxe":40.9,"r":1431.9483458385,"rd":25,"sigma":"0","rptime":1438506000,"rpr":1430.5583024034,"rprd":25,"rpsigma":"0","acre":1045.1502552684,"lacre":1045.1502552684,"oldacre":"1065.8139910523"},"p2rating":{"entryid":"6820837","serverid":"eos","formatid":"monotype","userid":"ltilcodypoke","username":"LTIL-codypoke","w":11,"l":"13","t":"0","gxe":45.7,"r":1454.4108163142,"rd":70.294775597294,"sigma":"0","rptime":1438506000,"rpr":1467.2710717999,"rprd":68.911448580551,"rpsigma":"0","acre":1085.4540465437,"lacre":1085.4540465437,"oldacre":"1051.9660052157"},"endType":"normal"}