{"seed":[946,53015,55742,27835],"turns":21,"p1":"Alliance-C-Control","p2":"Priest♕Cuboner","p1team":[{"name":"Medicham","species":"Medicham","item":"leftovers","ability":"Pure Power","moves":["batonpass","drainpunch","substitute","acupressure"],"nature":"Jolly","evs":{"hp":248,"atk":8,"def":0,"spa":0,"spd":0,"spe":252},"ivs":{"hp":31,"atk":31,"def":31,"spa":31,"spd":31,"spe":31}},{"name":"Heracross","species":"Heracross","item":"heracronite","ability":"Moxie","moves":["bulletseed","closecombat","rockblast","pinmissile"],"nature":"Adamant","evs":{"hp":248,"atk":252,"def":0,"spa":0,"spd":8,"spe":0},"ivs":{"hp":31,"atk":31,"def":31,"spa":31,"spd":31,"spe":31}},{"name":"Chesnaught","species":"Chesnaught","item":"sitrusberry","ability":"Bulletproof","moves":["drainpunch","ironhead","earthquake","bellydrum"],"nature":"Adamant","evs":{"hp":252,"atk":252,"def":0,"spa":0,"spd":4,"spe":0},"ivs":{"hp":31,"atk":31,"def":31,"spa":31,"spd":31,"spe":31}},{"name":"Gallade","species":"Gallade","item":"galladite","ability":"Steadfast","moves":["drainpunch","psychocut","icepunch","knockoff"],"nature":"Adamant","evs":{"hp":248,"atk":252,"def":0,"spa":0,"spd":8,"spe":0},"ivs":{"hp":31,"atk":31,"def":31,"spa":31,"spd":31,"spe":31}},{"name":"Infernape","species":"Infernape","item":"focussash","ability":"Iron Fist","moves":["closecombat","flareblitz","machpunch","endeavor"],"nature":"Jolly","evs":{"hp":0,"atk":252,"def":0,"spa":0,"spd":4,"spe":252},"ivs":{"hp":31,"atk":31,"def":31,"spa":31,"spd":31,"spe":31}},{"name":"Cobalion","species":"Cobalion","item":"leftovers","ability":"Justified","moves":["flashcannon","stealthrock","thunderwave","voltswitch"],"nature":"Timid","evs":{"hp":0,"atk":0,"def":0,"spa":252,"spd":4,"spe":252},"ivs":{"hp":31,"atk":31,"def":31,"spa":31,"spd":31,"spe":31}}],"p2team":[{"name":"Thunder Cats","species":"manectric","item":"manectite","ability":"Static","moves":["thunderbolt","hiddenpowerice","voltswitch","flamethrower"],"nature":"Timid","evs":{"hp":0,"atk":0,"def":0,"spa":252,"spd":4,"spe":252},"ivs":{"hp":31,"atk":30,"def":30,"spa":31,"spd":31,"spe":31},"shiny":true},{"name":"Arachnid","species":"galvantula","item":"focussash","ability":"Compound Eyes","moves":["bugbuzz","thunderwave","stickyweb","thunder"],"nature":"Timid","evs":{"hp":0,"atk":0,"def":0,"spa":252,"spd":4,"spe":252},"shiny":true,"ivs":{"hp":31,"atk":31,"def":31,"spa":31,"spd":31,"spe":31}},{"name":"Kanser","species":"magnezone","item":"choicespecs","ability":"Sturdy","moves":["flashcannon","thunderbolt","hiddenpowerice","voltswitch"],"nature":"Modest","evs":{"hp":248,"atk":0,"def":0,"spa":252,"spd":8,"spe":0},"ivs":{"hp":31,"atk":30,"def":30,"spa":31,"spd":31,"spe":31},"shiny":true},{"name":"Thunder Bird","species":"zapdos","item":"leftovers","ability":"Pressure","moves":["defog","heatwave","thunderbolt","thunderwave"],"nature":"Timid","evs":{"hp":0,"atk":0,"def":0,"spa":252,"spd":4,"spe":252},"shiny":true,"ivs":{"hp":31,"atk":31,"def":31,"spa":31,"spd":31,"spe":31}},{"name":"Thunder Cats 2.0","species":"thundurustherian","item":"choicespecs","ability":"Volt Absorb","moves":["focusblast","darkpulse","psychic","thunderbolt"],"nature":"Timid","evs":{"hp":0,"atk":0,"def":0,"spa":252,"spd":4,"spe":252},"shiny":true,"ivs":{"hp":31,"atk":31,"def":31,"spa":31,"spd":31,"spe":31}},{"name":"Mr.WasheeWashee","species":"rotomwash","item":"choicescarf","ability":"Levitate","moves":["trick","voltswitch","hydropump","willowisp"],"nature":"Timid","evs":{"hp":0,"atk":0,"def":0,"spa":252,"spd":4,"spe":252},"shiny":true,"ivs":{"hp":31,"atk":31,"def":31,"spa":31,"spd":31,"spe":31}}],"log":["|player|p1|Alliance-C-Control|190","|player|p2|Priest♕Cuboner|251","|gametype|singles","|gen|6","|tier|Monotype","|rated","|rule|Baton Pass Clause: Limit one Baton Passer, can't pass Spe and other stats simultaneously","|rule|Swagger Clause: Swagger is banned","|rule|Same Type Clause: Pokémon in a team must share a type","|clearpoke","|poke|p1|Medicham, M","|poke|p1|Heracross, M","|poke|p1|Chesnaught, F","|poke|p1|Gallade, M","|poke|p1|Infernape, F","|poke|p1|Cobalion","|poke|p2|Manectric, F, shiny","|poke|p2|Galvantula, M, shiny","|poke|p2|Magnezone, shiny","|poke|p2|Zapdos, shiny","|poke|p2|Thundurus-Therian, M, shiny","|poke|p2|Rotom-Wash, shiny","|rule|Sleep Clause Mod: Limit one foe put to sleep","|rule|Species Clause: Limit one of each Pokémon","|rule|OHKO Clause: OHKO moves are banned","|rule|Moody Clause: Moody is banned","|rule|Evasion Moves Clause: Evasion moves are banned","|rule|Endless Battle Clause: Forcing endless battles is banned","|rule|HP Percentage Mod: HP is shown in percentages","|teampreview","|","|start","|switch|p1a: Medicham|Medicham, M|323/323","|switch|p2a: Thunder Bird|Zapdos, shiny|321/321","|-ability|p2a: Thunder Bird|Pressure","|turn|1","|","|move|p2a: Thunder Bird|Thunder Wave|p1a: Medicham","|-status|p1a: Medicham|par","|move|p1a: Medicham|Acupressure|p1a: Medicham","|-boost|p1a: Medicham|evasion|2","|","|turn|2","|","|move|p2a: Thunder Bird|Thunderbolt|p1a: Medicham","|-damage|p1a: Medicham|128/323 par","|move|p1a: Medicham|Acupressure|p1a: Medicham","|-boost|p1a: Medicham|evasion|2","|","|-heal|p1a: Medicham|148/323 par|[from] item: Leftovers","|turn|3","|","|move|p2a: Thunder Bird|Thunderbolt|p1a: Medicham","|-crit|p1a: Medicham","|-damage|p1a: Medicham|0 fnt","|faint|p1a: Medicham","|","|","|switch|p1a: Heracross|Heracross, M|363/363","|turn|4","|","|move|p2a: Thunder Bird|Heat Wave|p1a: Heracross","|-supereffective|p1a: Heracross","|-damage|p1a: Heracross|121/363","|move|p1a: Heracross|Rock Blast|p2a: Thunder Bird|[miss]","|-miss|p1a: Heracross|p2a: Thunder Bird","|","|turn|5","|","|move|p2a: Thunder Bird|Thunderbolt|p1a: Heracross","|-damage|p1a: Heracross|0 fnt","|faint|p1a: Heracross","|","|","|switch|p1a: Infernape|Infernape, F|293/293","|turn|6","|","|move|p1a: Infernape|Close Combat|p2a: Thunder Bird","|-resisted|p2a: Thunder Bird","|-damage|p2a: Thunder Bird|215/321","|-unboost|p1a: Infernape|def|1","|-unboost|p1a: Infernape|spd|1","|move|p2a: Thunder Bird|Thunderbolt|p1a: Infernape","|-enditem|p1a: Infernape|Focus Sash","|-damage|p1a: Infernape|1/293","|","|-heal|p2a: Thunder Bird|235/321|[from] item: Leftovers","|turn|7","|","|move|p1a: Infernape|Endeavor|p2a: Thunder Bird","|-damage|p2a: Thunder Bird|1/321","|move|p2a: Thunder Bird|Thunderbolt|p1a: Infernape","|-damage|p1a: Infernape|0 fnt","|faint|p1a: Infernape","|","|-heal|p2a: Thunder Bird|21/321|[from] item: Leftovers","|","|switch|p1a: Cobalion|Cobalion|323/323","|turn|8","|","|move|p1a: Cobalion|Volt Switch|p2a: Thunder Bird","|-damage|p2a: Thunder Bird|0 fnt","|faint|p2a: Thunder Bird","|","|switch|p1a: Chesnaught|Chesnaught, F|380/380","|","|","|switch|p2a: Mr.WasheeWashee|Rotom-Wash, shiny|241/241","|turn|9","|","|switch|p1a: Cobalion|Cobalion|323/323","|move|p2a: Mr.WasheeWashee|Trick|p1a: Cobalion","|-activate|p2a: Mr.WasheeWashee|move: Trick|[of] p1a: Cobalion","|-item|p1a: Cobalion|Choice Scarf|[from] move: Trick","|-item|p2a: Mr.WasheeWashee|Leftovers|[from] move: Trick","|","|turn|10","|","|move|p1a: Cobalion|Stealth Rock|p2a: Mr.WasheeWashee","|-sidestart|p2: Priest♕Cuboner|move: Stealth Rock","|move|p2a: Mr.WasheeWashee|Will-O-Wisp|p1a: Cobalion","|-status|p1a: Cobalion|brn","|","|-damage|p1a: Cobalion|283/323 brn|[from] brn","|turn|11","|","|switch|p1a: Chesnaught|Chesnaught, F|380/380","|move|p2a: Mr.WasheeWashee|Volt Switch|p1a: Chesnaught","|-resisted|p1a: Chesnaught","|-damage|p1a: Chesnaught|308/380","|","|switch|p2a: Thunder Cats|Manectric, F, shiny|281/281","|-damage|p2a: Thunder Cats|246/281|[from] Stealth Rock","|","|turn|12","|","|detailschange|p2a: Thunder Cats|Manectric-Mega, F, shiny","|-mega|p2a: Thunder Cats|Manectric|Manectite","|-ability|p2a: Thunder Cats|Intimidate","|-unboost|p1a: Chesnaught|atk|1","|move|p2a: Thunder Cats|Flamethrower|p1a: Chesnaught","|-supereffective|p1a: Chesnaught","|-damage|p1a: Chesnaught|14/380","|-enditem|p1a: Chesnaught|Sitrus Berry|[eat]","|-heal|p1a: Chesnaught|109/380|[from] item: Sitrus Berry","|move|p1a: Chesnaught|Earthquake|p2a: Thunder Cats","|-supereffective|p2a: Thunder Cats","|-damage|p2a: Thunder Cats|58/281","|","|turn|13","|","|move|p2a: Thunder Cats|Flamethrower|p1a: Chesnaught","|-supereffective|p1a: Chesnaught","|-damage|p1a: Chesnaught|0 fnt","|faint|p1a: Chesnaught","|","|","|switch|p1a: Cobalion|Cobalion|283/323 brn","|turn|14","|","|move|p1a: Cobalion|Volt Switch|p2a: Thunder Cats","|-crit|p2a: Thunder Cats","|-resisted|p2a: Thunder Cats","|-damage|p2a: Thunder Cats|0 fnt","|faint|p2a: Thunder Cats","|","|switch|p1a: Gallade|Gallade, M|339/339","|","|","|switch|p2a: Thunder Cats 2.0|Thundurus-Therian, M, shiny|299/299","|-damage|p2a: Thunder Cats 2.0|225/299|[from] Stealth Rock","|turn|15","|","|detailschange|p1a: Gallade|Gallade-Mega, M","|-mega|p1a: Gallade|Gallade|Galladite","|move|p2a: Thunder Cats 2.0|Thunderbolt|p1a: Gallade","|-damage|p1a: Gallade|104/339","|move|p1a: Gallade|Ice Punch|p2a: Thunder Cats 2.0","|-supereffective|p2a: Thunder Cats 2.0","|-damage|p2a: Thunder Cats 2.0|0 fnt","|faint|p2a: Thunder Cats 2.0","|","|","|switch|p2a: Kanser|Magnezone, shiny|343/343","|-damage|p2a: Kanser|322/343|[from] Stealth Rock","|turn|16","|","|move|p1a: Gallade|Drain Punch|p2a: Kanser","|-crit|p2a: Kanser","|-supereffective|p2a: Kanser","|-damage|p2a: Kanser|0 fnt","|-heal|p1a: Gallade|265/339|[from] drain|[of] p2a: Kanser","|faint|p2a: Kanser","|","|","|switch|p2a: Arachnid|Galvantula, M, shiny|281/281","|-damage|p2a: Arachnid|211/281|[from] Stealth Rock","|turn|17","|","|move|p2a: Arachnid|Thunder Wave|p1a: Gallade","|-status|p1a: Gallade|par","|move|p1a: Gallade|Ice Punch|p2a: Arachnid","|-crit|p2a: Arachnid","|-damage|p2a: Arachnid|0 fnt","|faint|p2a: Arachnid","|","|","|switch|p2a: Mr.WasheeWashee|Rotom-Wash, shiny|241/241","|-damage|p2a: Mr.WasheeWashee|211/241|[from] Stealth Rock","|turn|18","|","|move|p2a: Mr.WasheeWashee|Hydro Pump|p1a: Gallade","|-damage|p1a: Gallade|111/339 par","|move|p1a: Gallade|Knock Off|p2a: Mr.WasheeWashee","|-damage|p2a: Mr.WasheeWashee|72/241","|-enditem|p2a: Mr.WasheeWashee|Leftovers|[from] move: Knock Off|[of] p1a: Gallade","|","|turn|19","|","|move|p2a: Mr.WasheeWashee|Hydro Pump|p1a: Gallade","|-damage|p1a: Gallade|0 fnt","|faint|p1a: Gallade","|","|","|switch|p1a: Cobalion|Cobalion|283/323 brn","|turn|20","|","|move|p1a: Cobalion|Flash Cannon|p2a: Mr.WasheeWashee","|-resisted|p2a: Mr.WasheeWashee","|-damage|p2a: Mr.WasheeWashee|45/241","|move|p2a: Mr.WasheeWashee|Hydro Pump|p1a: Cobalion","|-damage|p1a: Cobalion|48/323 brn","|","|-damage|p1a: Cobalion|8/323 brn|[from] brn","|turn|21","|","|move|p1a: Cobalion|Flash Cannon|p2a: Mr.WasheeWashee","|-resisted|p2a: Mr.WasheeWashee","|-damage|p2a: Mr.WasheeWashee|20/241","|move|p2a: Mr.WasheeWashee|Hydro Pump|p1a: Cobalion|[miss]","|-miss|p2a: Mr.WasheeWashee|p1a: Cobalion","|","|-damage|p1a: Cobalion|0 fnt|[from] brn","|faint|p1a: Cobalion","|","|win|Priest♕Cuboner"],"p1rating":{"entryid":"6440455","serverid":"eos","formatid":"monotype","userid":"allianceccontrol","username":"Alliance-C-Control","w":"228","l":294,"t":"0","gxe":43.7,"r":"1437.6253948805","rd":"25","sigma":"0","rptime":"1438419600","rpr":1452.4428682357,"rprd":25,"rpsigma":"0","acre":1241.6405861449,"lacre":1241.6405861449,"oldacre":"1283.4609262758"},"p2rating":{"entryid":7332128,"formatid":"monotype","userid":"priestcuboner","username":"Priest♕Cuboner","r":1500,"rd":130,"sigma":0,"rpr":1535.1642769317,"rprd":122.03669334871,"rpsigma":0,"rptime":1438419600,"w":1,"l":0,"t":0,"gxe":54.4,"acre":1066.9125442094,"lacre":1066.9125442094,"oldacre":1000},"endType":"normal"}