{"seed":[26394,35450,27385,48629],"turns":19,"p1":"Void Remnant","p2":"Guard Wulf","p1team":[{"name":"Camus","species":"sableye","item":"sablenite","ability":"Prankster","moves":["willowisp","darkpulse","calmmind","recover"],"nature":"Bold","evs":{"hp":248,"atk":0,"def":128,"spa":8,"spd":124,"spe":0},"ivs":{"hp":31,"atk":31,"def":31,"spa":31,"spd":31,"spe":31}},{"name":"Summit","species":"golurk","item":"focussash","ability":"No Guard","moves":["dynamicpunch","stealthrock","stoneedge","earthquake"],"nature":"Adamant","evs":{"hp":8,"atk":252,"def":0,"spa":0,"spd":0,"spe":248},"ivs":{"hp":31,"atk":31,"def":31,"spa":0,"spd":31,"spe":31}},{"name":"Gendar","species":"gengar","item":"focussash","ability":"Levitate","moves":["sludgewave","destinybond","focusblast","shadowball"],"nature":"Timid","evs":{"hp":8,"atk":0,"def":0,"spa":248,"spd":0,"spe":252},"ivs":{"hp":31,"atk":31,"def":31,"spa":31,"spd":31,"spe":31}},{"name":"Lurre","species":"chandelure","item":"choicescarf","ability":"Flash Fire","moves":["fireblast","energyball","trick","shadowball"],"nature":"Timid","evs":{"hp":8,"atk":0,"def":0,"spa":248,"spd":0,"spe":252},"ivs":{"hp":31,"atk":0,"def":31,"spa":31,"spd":31,"spe":31}},{"name":"Druaga","species":"aegislash","item":"weaknesspolicy","ability":"Stance Change","moves":["ironhead","shadowsneak","kingsshield","swordsdance"],"nature":"Adamant","evs":{"hp":0,"atk":252,"def":4,"spa":0,"spd":252,"spe":0},"ivs":{"hp":31,"atk":31,"def":31,"spa":0,"spd":31,"spe":31}},{"name":"Akiiti","species":"cofagrigus","item":"leftovers","ability":"Mummy","moves":["destinybond","trickroom","hex","willowisp"],"nature":"Relaxed","evs":{"hp":252,"atk":0,"def":252,"spa":0,"spd":4,"spe":0},"ivs":{"hp":31,"atk":31,"def":31,"spa":31,"spd":31,"spe":0}}],"p2team":[{"name":"Hippowdon","species":"Hippowdon","item":"leftovers","ability":"Sand Stream","moves":["stealthrock","slackoff","icefang","toxic"],"nature":"Impish","evs":{"hp":252,"atk":4,"def":252,"spa":0,"spd":0,"spe":0},"ivs":{"hp":31,"atk":31,"def":31,"spa":31,"spd":31,"spe":31}},{"name":"Excadrill","species":"Excadrill","item":"lifeorb","ability":"Sand Rush","moves":["ironhead","earthquake","rapidspin","rockslide"],"nature":"Jolly","evs":{"hp":0,"atk":252,"def":0,"spa":0,"spd":4,"spe":252},"ivs":{"hp":31,"atk":31,"def":31,"spa":31,"spd":31,"spe":31}},{"name":"Garchomp","species":"Garchomp","item":"garchompite","ability":"Sand Veil","moves":["fireblast","dragonclaw","swordsdance","earthquake"],"nature":"Naive","evs":{"hp":0,"atk":252,"def":0,"spa":4,"spd":0,"spe":252},"ivs":{"hp":31,"atk":31,"def":31,"spa":31,"spd":31,"spe":31}},{"name":"Landorus","species":"Landorus","item":"lifeorb","ability":"Sheer Force","moves":["earthpower","grassknot","psychic","sludgewave"],"nature":"Timid","evs":{"hp":0,"atk":0,"def":0,"spa":252,"spd":4,"spe":252},"ivs":{"hp":31,"atk":30,"def":30,"spa":31,"spd":31,"spe":31}},{"name":"Seismitoad","species":"Seismitoad","item":"leftovers","ability":"Water Absorb","moves":["knockoff","scald","sludgewave","icepunch"],"nature":"Sassy","evs":{"hp":236,"atk":16,"def":0,"spa":4,"spd":252,"spe":0},"ivs":{"hp":31,"atk":31,"def":31,"spa":31,"spd":31,"spe":31}},{"name":"Diggersby","species":"Diggersby","item":"choicescarf","ability":"Huge Power","moves":["return","firepunch","uturn","earthquake"],"nature":"Jolly","evs":{"hp":0,"atk":252,"def":0,"spa":0,"spd":4,"spe":252},"ivs":{"hp":31,"atk":31,"def":31,"spa":31,"spd":31,"spe":31}}],"log":["|player|p1|Void Remnant|167","|player|p2|Guard Wulf|143","|gametype|singles","|gen|6","|tier|Monotype","|rated","|rule|Baton Pass Clause: Limit one Baton Passer, can't pass Spe and other stats simultaneously","|rule|Swagger Clause: Swagger is banned","|rule|Same Type Clause: Pokémon in a team must share a type","|clearpoke","|poke|p1|Sableye, M","|poke|p1|Golurk","|poke|p1|Gengar, F","|poke|p1|Chandelure, M","|poke|p1|Aegislash, M","|poke|p1|Cofagrigus, F","|poke|p2|Hippowdon, M","|poke|p2|Excadrill, F","|poke|p2|Garchomp, F","|poke|p2|Landorus, M","|poke|p2|Seismitoad, M","|poke|p2|Diggersby, M","|rule|Sleep Clause Mod: Limit one foe put to sleep","|rule|Species Clause: Limit one of each Pokémon","|rule|OHKO Clause: OHKO moves are banned","|rule|Moody Clause: Moody is banned","|rule|Evasion Moves Clause: Evasion moves are banned","|rule|Endless Battle Clause: Forcing endless battles is banned","|rule|HP Percentage Mod: HP is shown in percentages","|teampreview","|","|start","|switch|p1a: Akiiti|Cofagrigus, F|320/320","|switch|p2a: Landorus|Landorus, M|319/319","|turn|1","|","|switch|p1a: Gendar|Gengar, F|263/263","|move|p2a: Landorus|Earth Power|p1a: Gendar","|-immune|p1a: Gendar|[msg]","|","|turn|2","|","|move|p1a: Gendar|Shadow Ball|p2a: Landorus","|-damage|p2a: Landorus|139/319","|move|p2a: Landorus|Psychic|p1a: Gendar","|-supereffective|p1a: Gendar","|-enditem|p1a: Gendar|Focus Sash","|-damage|p1a: Gendar|1/263","|","|turn|3","|","|switch|p2a: Seismitoad|Seismitoad, M|410/410","|move|p1a: Gendar|Shadow Ball|p2a: Seismitoad","|-damage|p2a: Seismitoad|286/410","|","|-heal|p2a: Seismitoad|311/410|[from] item: Leftovers","|turn|4","|","|move|p1a: Gendar|Destiny Bond|p1a: Gendar","|-singlemove|p1a: Gendar|Destiny Bond","|move|p2a: Seismitoad|Scald|p1a: Gendar","|-damage|p1a: Gendar|0 fnt","|faint|p1a: Gendar","|-activate|p1a: Gendar|Destiny Bond","|faint|p2a: Seismitoad","|","|","|switch|p2a: Landorus|Landorus, M|139/319","|switch|p1a: Lurre|Chandelure, M|263/263","|turn|5","|","|move|p1a: Lurre|Shadow Ball|p2a: Landorus","|-damage|p2a: Landorus|0 fnt","|faint|p2a: Landorus","|","|","|switch|p2a: Diggersby|Diggersby, M|311/311","|turn|6","|","|switch|p1a: Akiiti|Cofagrigus, F|320/320","|move|p2a: Diggersby|U-turn|p1a: Akiiti","|-resisted|p1a: Akiiti","|-damage|p1a: Akiiti|291/320","|-endability|p2a: Diggersby|hugepower|[from] Mummy","|-ability|p2a: Diggersby|Mummy|[from] Mummy","|","|switch|p2a: Hippowdon|Hippowdon, M|420/420","|-weather|Sandstorm","|","|-weather|Sandstorm|[upkeep]","|-damage|p1a: Akiiti|271/320|[from] sandstorm","|-heal|p1a: Akiiti|291/320|[from] item: Leftovers","|turn|7","|","|move|p2a: Hippowdon|Toxic|p1a: Akiiti","|-status|p1a: Akiiti|tox","|move|p1a: Akiiti|Trick Room|p1a: Akiiti","|-fieldstart|move: Trick Room|[of] p1a: Akiiti","|","|-weather|Sandstorm|[upkeep]","|-damage|p1a: Akiiti|271/320 tox|[from] sandstorm","|-heal|p1a: Akiiti|291/320 tox|[from] item: Leftovers","|-damage|p1a: Akiiti|271/320 tox|[from] psn","|turn|8","|","|move|p1a: Akiiti|Will-O-Wisp|p2a: Hippowdon","|-status|p2a: Hippowdon|brn","|move|p2a: Hippowdon|Stealth Rock|p1a: Akiiti","|-sidestart|p1: Void Remnant|move: Stealth Rock","|","|-weather|Sandstorm|[upkeep]","|-damage|p1a: Akiiti|251/320 tox|[from] sandstorm","|-heal|p1a: Akiiti|271/320 tox|[from] item: Leftovers","|-damage|p1a: Akiiti|231/320 tox|[from] psn","|-damage|p2a: Hippowdon|368/420 brn|[from] brn","|turn|9","|","|switch|p2a: Garchomp|Garchomp, F|357/357","|move|p1a: Akiiti|Hex|p2a: Garchomp","|-damage|p2a: Garchomp|266/357","|","|-weather|Sandstorm|[upkeep]","|-damage|p1a: Akiiti|211/320 tox|[from] sandstorm","|-heal|p1a: Akiiti|231/320 tox|[from] item: Leftovers","|-damage|p1a: Akiiti|171/320 tox|[from] psn","|turn|10","|","|detailschange|p2a: Garchomp|Garchomp-Mega, F","|-mega|p2a: Garchomp|Garchomp|Garchompite","|move|p1a: Akiiti|Will-O-Wisp|p2a: Garchomp","|-status|p2a: Garchomp|brn","|move|p2a: Garchomp|Fire Blast|p1a: Akiiti","|-damage|p1a: Akiiti|75/320 tox","|","|-weather|none","|-heal|p1a: Akiiti|95/320 tox|[from] item: Leftovers","|-damage|p1a: Akiiti|15/320 tox|[from] psn","|-damage|p2a: Garchomp|222/357 brn|[from] brn","|turn|11","|","|move|p1a: Akiiti|Destiny Bond|p1a: Akiiti","|-singlemove|p1a: Akiiti|Destiny Bond","|move|p2a: Garchomp|Dragon Claw|p1a: Akiiti","|-damage|p1a: Akiiti|0 fnt","|-endability|p2a: Garchomp|sandforce|[from] Mummy","|-ability|p2a: Garchomp|Mummy|[from] Mummy","|faint|p1a: Akiiti","|-activate|p1a: Akiiti|Destiny Bond","|faint|p2a: Garchomp","|","|-fieldend|move: Trick Room","|","|switch|p1a: Lurre|Chandelure, M|263/263","|switch|p2a: Diggersby|Diggersby, M|311/311","|-damage|p1a: Lurre|198/263|[from] Stealth Rock","|turn|12","|","|switch|p2a: Hippowdon|Hippowdon, M|368/420 brn","|-weather|Sandstorm","|move|p1a: Lurre|Energy Ball|p2a: Hippowdon","|-supereffective|p2a: Hippowdon","|-damage|p2a: Hippowdon|84/420 brn","|","|-weather|Sandstorm|[upkeep]","|-damage|p1a: Lurre|182/263|[from] sandstorm","|-heal|p2a: Hippowdon|110/420 brn|[from] item: Leftovers","|-damage|p2a: Hippowdon|58/420 brn|[from] brn","|turn|13","|","|move|p1a: Lurre|Energy Ball|p2a: Hippowdon","|-supereffective|p2a: Hippowdon","|-damage|p2a: Hippowdon|0 fnt","|faint|p2a: Hippowdon","|","|-weather|Sandstorm|[upkeep]","|-damage|p1a: Lurre|166/263|[from] sandstorm","|","|switch|p2a: Excadrill|Excadrill, F|361/361","|turn|14","|","|switch|p1a: Druaga|Aegislash, M|261/261","|-damage|p1a: Druaga|245/261|[from] Stealth Rock","|move|p2a: Excadrill|Earthquake|p1a: Druaga","|-supereffective|p1a: Druaga","|-damage|p1a: Druaga|0 fnt","|-damage|p2a: Excadrill|325/361|[from] item: Life Orb","|faint|p1a: Druaga","|","|-weather|Sandstorm|[upkeep]","|","|switch|p1a: Summit|Golurk|321/321","|-damage|p1a: Summit|301/321|[from] Stealth Rock","|turn|15","|","|move|p2a: Excadrill|Earthquake|p1a: Summit","|-damage|p1a: Summit|31/321","|-damage|p2a: Excadrill|289/361|[from] item: Life Orb","|move|p1a: Summit|Earthquake|p2a: Excadrill","|-supereffective|p2a: Excadrill","|-damage|p2a: Excadrill|0 fnt","|faint|p2a: Excadrill","|","|-weather|Sandstorm|[upkeep]","|","|switch|p2a: Diggersby|Diggersby, M|311/311","|turn|16","|","|move|p2a: Diggersby|Earthquake|p1a: Summit","|-damage|p1a: Summit|0 fnt","|faint|p1a: Summit","|","|-weather|none","|","|switch|p1a: Camus|Sableye, M|303/303","|-damage|p1a: Camus|266/303|[from] Stealth Rock","|turn|17","|","|move|p1a: Camus|Will-O-Wisp|p2a: Diggersby|[miss]","|-miss|p1a: Camus|p2a: Diggersby","|move|p2a: Diggersby|Earthquake|p1a: Camus","|-damage|p1a: Camus|76/303","|","|turn|18","|","|move|p1a: Camus|Will-O-Wisp|p2a: Diggersby","|-status|p2a: Diggersby|brn","|move|p2a: Diggersby|Earthquake|p1a: Camus","|-damage|p1a: Camus|0 fnt","|faint|p1a: Camus","|","|-damage|p2a: Diggersby|273/311 brn|[from] brn","|","|switch|p1a: Lurre|Chandelure, M|166/263","|-damage|p1a: Lurre|101/263|[from] Stealth Rock","|turn|19","|","|move|p1a: Lurre|Energy Ball|p2a: Diggersby","|-supereffective|p2a: Diggersby","|-damage|p2a: Diggersby|0 fnt","|faint|p2a: Diggersby","|","|win|Void Remnant"],"p1rating":{"entryid":"7346518","serverid":"eos","formatid":"monotype","userid":"voidremnant","username":"Void Remnant","w":2,"l":"0","t":"0","gxe":59.5,"r":"1500","rd":"130","sigma":"0","rptime":"1438506000","rpr":1576.2327022858,"rprd":116.7286100764,"rpsigma":"0","acre":1081.2888904986,"lacre":1081.2888904986,"oldacre":"1040"},"p2rating":{"entryid":"7326062","serverid":"eos","formatid":"monotype","userid":"guardwulf","username":"Guard Wulf","w":"3","l":2,"t":"0","gxe":55,"r":"1534.8437477412","rd":"122.05777227973","sigma":"0","rptime":"1438506000","rpr":1539.3891332564,"rprd":101.56644867399,"rpsigma":"0","acre":1085.2970357304,"lacre":1085.2970357304,"oldacre":"1115.6565140382"},"endType":"normal"}