{"seed":[24247,49218,16746,25797],"turns":32,"p1":"Emg GL Twizzler","p2":"Zafyron","p1team":[{"name":"Magnezone","species":"Magnezone","item":"leftovers","ability":"Sturdy","moves":["flashcannon","thunderbolt","protect","hiddenpowerice"],"nature":"Modest","evs":{"hp":76,"atk":0,"def":180,"spa":252,"spd":0,"spe":0},"ivs":{"hp":31,"atk":30,"def":30,"spa":31,"spd":31,"spe":31}},{"name":"Zapdos","species":"Zapdos","item":"leftovers","ability":"Pressure","moves":["discharge","heatwave","toxic","roost"],"nature":"Bold","evs":{"hp":4,"atk":0,"def":252,"spa":0,"spd":252,"spe":0},"ivs":{"hp":31,"atk":31,"def":31,"spa":31,"spd":31,"spe":31}},{"name":"Ampharos","species":"Ampharos","item":"ampharosite","ability":"Static","moves":["cottonguard","rest","sleeptalk","dragonpulse"],"nature":"Bold","evs":{"hp":0,"atk":0,"def":252,"spa":136,"spd":120,"spe":0},"ivs":{"hp":31,"atk":31,"def":31,"spa":31,"spd":31,"spe":31}},{"name":"Raikou","species":"Raikou","item":"leftovers","ability":"Pressure","moves":["calmmind","extrasensory","thunderbolt","substitute"],"nature":"Timid","evs":{"hp":0,"atk":0,"def":0,"spa":252,"spd":4,"spe":252},"ivs":{"hp":31,"atk":31,"def":31,"spa":31,"spd":31,"spe":31}},{"name":"Rotom-Wash","species":"Rotom-Wash","item":"choicescarf","ability":"Levitate","moves":["voltswitch","hydropump","willowisp","trick"],"nature":"Timid","evs":{"hp":0,"atk":0,"def":0,"spa":252,"spd":4,"spe":252},"ivs":{"hp":31,"atk":31,"def":31,"spa":31,"spd":31,"spe":31}},{"name":"Condom","species":"eelektross","item":"assaultvest","ability":"Levitate","moves":["gigadrain","thunderbolt","drainpunch","knockoff"],"nature":"Quiet","evs":{"hp":3,"atk":136,"def":0,"spa":108,"spd":252,"spe":0},"ivs":{"hp":31,"atk":31,"def":31,"spa":31,"spd":31,"spe":31}}],"p2team":[{"name":"Omastar","species":"Omastar","item":"focussash","ability":"Weak Armor","moves":["shellsmash","surf","icebeam","earthpower"],"nature":"Modest","evs":{"hp":0,"atk":0,"def":0,"spa":252,"spd":4,"spe":252},"ivs":{"hp":31,"atk":31,"def":31,"spa":31,"spd":31,"spe":31}},{"name":"Aerodactyl","species":"Aerodactyl","item":"aerodactylite","ability":"Pressure","moves":["defog","aquatail","stoneedge","earthquake"],"nature":"Jolly","evs":{"hp":40,"atk":252,"def":0,"spa":0,"spd":0,"spe":216},"ivs":{"hp":31,"atk":31,"def":31,"spa":31,"spd":31,"spe":31}},{"name":"Tyranitar","species":"Tyranitar","item":"quickclaw","ability":"Sand Stream","moves":["stealthrock","stoneedge","firepunch","avalanche"],"nature":"Adamant","evs":{"hp":248,"atk":252,"def":0,"spa":0,"spd":8,"spe":0},"ivs":{"hp":31,"atk":31,"def":31,"spa":31,"spd":31,"spe":31}},{"name":"Cradily","species":"Cradily","item":"leftovers","ability":"Storm Drain","moves":["stockpile","recover","gigadrain","toxic"],"nature":"Bold","evs":{"hp":252,"atk":0,"def":126,"spa":4,"spd":126,"spe":0},"ivs":{"hp":31,"atk":31,"def":31,"spa":31,"spd":31,"spe":31}},{"name":"Terrakion","species":"Terrakion","item":"choiceband","ability":"Justified","moves":["stoneedge","sacredsword","xscissor","zenheadbutt"],"nature":"Jolly","evs":{"hp":0,"atk":252,"def":0,"spa":0,"spd":4,"spe":252},"ivs":{"hp":31,"atk":31,"def":31,"spa":31,"spd":31,"spe":31}},{"name":"Probopass","species":"Probopass","item":"leftovers","ability":"Sturdy","moves":["stealthrock","voltswitch","powergem","hiddenpowerfire"],"nature":"Calm","evs":{"hp":252,"atk":0,"def":126,"spa":4,"spd":126,"spe":0},"ivs":{"hp":31,"atk":30,"def":31,"spa":30,"spd":31,"spe":30}}],"log":["|player|p1|Emg GL Twizzler|209","|player|p2|Zafyron|70","|gametype|singles","|gen|6","|tier|Monotype","|rated","|rule|Baton Pass Clause: Limit one Baton Passer, can't pass Spe and other stats simultaneously","|rule|Swagger Clause: Swagger is banned","|rule|Same Type Clause: Pokémon in a team must share a type","|clearpoke","|poke|p1|Magnezone","|poke|p1|Zapdos","|poke|p1|Ampharos, F","|poke|p1|Raikou","|poke|p1|Rotom-Wash","|poke|p1|Eelektross, M","|poke|p2|Omastar, F","|poke|p2|Aerodactyl, M","|poke|p2|Tyranitar, M","|poke|p2|Cradily, M","|poke|p2|Terrakion","|poke|p2|Probopass, M","|rule|Sleep Clause Mod: Limit one foe put to sleep","|rule|Species Clause: Limit one of each Pokémon","|rule|OHKO Clause: OHKO moves are banned","|rule|Moody Clause: Moody is banned","|rule|Evasion Moves Clause: Evasion moves are banned","|rule|Endless Battle Clause: Forcing endless battles is banned","|rule|HP Percentage Mod: HP is shown in percentages","|teampreview","|","|start","|switch|p1a: Rotom-Wash|Rotom-Wash|241/241","|switch|p2a: Probopass|Probopass, M|324/324","|turn|1","|","|switch|p2a: Cradily|Cradily, M|376/376","|move|p1a: Rotom-Wash|Trick|p2a: Cradily","|-activate|p1a: Rotom-Wash|move: Trick|[of] p2a: Cradily","|-item|p2a: Cradily|Choice Scarf|[from] move: Trick","|-item|p1a: Rotom-Wash|Leftovers|[from] move: Trick","|","|turn|2","|","|switch|p1a: Magnezone|Magnezone|300/300","|move|p2a: Cradily|Giga Drain|p1a: Magnezone","|-resisted|p1a: Magnezone","|-damage|p1a: Magnezone|261/300","|","|-heal|p1a: Magnezone|279/300|[from] item: Leftovers","|turn|3","|","|switch|p2a: Probopass|Probopass, M|324/324","|move|p1a: Magnezone|Flash Cannon|p2a: Probopass","|-damage|p2a: Probopass|240/324","|","|-heal|p1a: Magnezone|297/300|[from] item: Leftovers","|-heal|p2a: Probopass|260/324|[from] item: Leftovers","|turn|4","|","|move|p1a: Magnezone|Protect|p1a: Magnezone","|-singleturn|p1a: Magnezone|Protect","|move|p2a: Probopass|Stealth Rock|p1a: Magnezone","|-sidestart|p1: Emg GL Twizzler|move: Stealth Rock","|","|-heal|p1a: Magnezone|300/300|[from] item: Leftovers","|-heal|p2a: Probopass|280/324|[from] item: Leftovers","|turn|5","|","|switch|p1a: Rotom-Wash|Rotom-Wash|241/241","|-damage|p1a: Rotom-Wash|211/241|[from] Stealth Rock","|move|p2a: Probopass|Stealth Rock|p1a: Rotom-Wash","|-fail|p1a: Rotom-Wash","|","|-heal|p1a: Rotom-Wash|226/241|[from] item: Leftovers","|-heal|p2a: Probopass|300/324|[from] item: Leftovers","|turn|6","|","|switch|p2a: Cradily|Cradily, M|376/376","|move|p1a: Rotom-Wash|Will-O-Wisp|p2a: Cradily","|-status|p2a: Cradily|brn","|","|-heal|p1a: Rotom-Wash|241/241|[from] item: Leftovers","|-damage|p2a: Cradily|329/376 brn|[from] brn","|turn|7","|","|move|p1a: Rotom-Wash|Volt Switch|p2a: Cradily","|-resisted|p2a: Cradily","|-damage|p2a: Cradily|281/376 brn","|","|switch|p1a: Magnezone|Magnezone|300/300","|-damage|p1a: Magnezone|282/300|[from] Stealth Rock","|move|p2a: Cradily|Toxic|p1a: Magnezone","|-immune|p1a: Magnezone|[msg]","|","|-heal|p1a: Magnezone|300/300|[from] item: Leftovers","|-damage|p2a: Cradily|234/376 brn|[from] brn","|turn|8","|","|switch|p2a: Probopass|Probopass, M|300/324","|move|p1a: Magnezone|Hidden Power|p2a: Probopass","|-resisted|p2a: Probopass","|-damage|p2a: Probopass|276/324","|","|-heal|p2a: Probopass|296/324|[from] item: Leftovers","|turn|9","|","|move|p1a: Magnezone|Protect|p1a: Magnezone","|-singleturn|p1a: Magnezone|Protect","|move|p2a: Probopass|Hidden Power|p1a: Magnezone","|-activate|p1a: Magnezone|Protect","|","|-heal|p2a: Probopass|316/324|[from] item: Leftovers","|turn|10","|","|switch|p1a: Rotom-Wash|Rotom-Wash|241/241","|-damage|p1a: Rotom-Wash|211/241|[from] Stealth Rock","|move|p2a: Probopass|Volt Switch|p1a: Rotom-Wash","|-damage|p1a: Rotom-Wash|169/241","|","|switch|p2a: Cradily|Cradily, M|234/376 brn","|","|-heal|p1a: Rotom-Wash|184/241|[from] item: Leftovers","|-damage|p2a: Cradily|187/376 brn|[from] brn","|turn|11","|","|move|p1a: Rotom-Wash|Volt Switch|p2a: Cradily","|-resisted|p2a: Cradily","|-damage|p2a: Cradily|144/376 brn","|","|switch|p1a: Magnezone|Magnezone|300/300","|-damage|p1a: Magnezone|282/300|[from] Stealth Rock","|move|p2a: Cradily|Recover|p2a: Cradily","|-heal|p2a: Cradily|332/376 brn","|","|-heal|p1a: Magnezone|300/300|[from] item: Leftovers","|-damage|p2a: Cradily|285/376 brn|[from] brn","|turn|12","|","|switch|p2a: Probopass|Probopass, M|316/324","|move|p1a: Magnezone|Flash Cannon|p2a: Probopass","|-damage|p2a: Probopass|219/324","|","|-heal|p2a: Probopass|239/324|[from] item: Leftovers","|turn|13","|","|move|p1a: Magnezone|Protect|p1a: Magnezone","|-singleturn|p1a: Magnezone|Protect","|move|p2a: Probopass|Hidden Power|p1a: Magnezone","|-activate|p1a: Magnezone|Protect","|","|-heal|p2a: Probopass|259/324|[from] item: Leftovers","|turn|14","|","|move|p1a: Magnezone|Flash Cannon|p2a: Probopass","|-damage|p2a: Probopass|166/324","|-unboost|p2a: Probopass|spd|1","|move|p2a: Probopass|Volt Switch|p1a: Magnezone","|-resisted|p1a: Magnezone","|-damage|p1a: Magnezone|276/300","|","|switch|p2a: Cradily|Cradily, M|285/376 brn","|","|-heal|p1a: Magnezone|294/300|[from] item: Leftovers","|-damage|p2a: Cradily|238/376 brn|[from] brn","|turn|15","|","|move|p1a: Magnezone|Protect|p1a: Magnezone","|-singleturn|p1a: Magnezone|Protect","|move|p2a: Cradily|Giga Drain|p1a: Magnezone","|-activate|p1a: Magnezone|Protect","|","|-heal|p1a: Magnezone|300/300|[from] item: Leftovers","|-damage|p2a: Cradily|191/376 brn|[from] brn","|turn|16","|","|switch|p2a: Probopass|Probopass, M|166/324","|move|p1a: Magnezone|Flash Cannon|p2a: Probopass","|-damage|p2a: Probopass|79/324","|","|-heal|p2a: Probopass|99/324|[from] item: Leftovers","|turn|17","|","|move|p1a: Magnezone|Protect|p1a: Magnezone","|-singleturn|p1a: Magnezone|Protect","|move|p2a: Probopass|Hidden Power|p1a: Magnezone","|-activate|p1a: Magnezone|Protect","|","|-heal|p2a: Probopass|119/324|[from] item: Leftovers","|turn|18","|","|move|p1a: Magnezone|Flash Cannon|p2a: Probopass","|-damage|p2a: Probopass|22/324","|move|p2a: Probopass|Hidden Power|p1a: Magnezone","|-crit|p1a: Magnezone","|-supereffective|p1a: Magnezone","|-damage|p1a: Magnezone|176/300","|","|-heal|p1a: Magnezone|194/300|[from] item: Leftovers","|-heal|p2a: Probopass|42/324|[from] item: Leftovers","|turn|19","|","|move|p1a: Magnezone|Protect|p1a: Magnezone","|-singleturn|p1a: Magnezone|Protect","|move|p2a: Probopass|Hidden Power|p1a: Magnezone","|-activate|p1a: Magnezone|Protect","|","|-heal|p1a: Magnezone|212/300|[from] item: Leftovers","|-heal|p2a: Probopass|62/324|[from] item: Leftovers","|turn|20","|","|switch|p2a: Cradily|Cradily, M|191/376 brn","|move|p1a: Magnezone|Flash Cannon|p2a: Cradily","|-supereffective|p2a: Cradily","|-damage|p2a: Cradily|0 fnt","|faint|p2a: Cradily","|","|-heal|p1a: Magnezone|230/300|[from] item: Leftovers","|","|switch|p2a: Terrakion|Terrakion|323/323","|turn|21","|","|move|p1a: Magnezone|Protect|p1a: Magnezone","|-singleturn|p1a: Magnezone|Protect","|move|p2a: Terrakion|Sacred Sword|p1a: Magnezone","|-activate|p1a: Magnezone|Protect","|","|-heal|p1a: Magnezone|248/300|[from] item: Leftovers","|turn|22","|","|switch|p1a: Zapdos|Zapdos|322/322","|-damage|p1a: Zapdos|242/322|[from] Stealth Rock","|-ability|p1a: Zapdos|Pressure","|move|p2a: Terrakion|Sacred Sword|p1a: Zapdos","|-resisted|p1a: Zapdos","|-damage|p1a: Zapdos|138/322","|","|-heal|p1a: Zapdos|158/322|[from] item: Leftovers","|turn|23","|","|switch|p2a: Probopass|Probopass, M|62/324","|move|p1a: Zapdos|Roost|p1a: Zapdos","|-heal|p1a: Zapdos|319/322","|","|-heal|p1a: Zapdos|322/322|[from] item: Leftovers","|-heal|p2a: Probopass|82/324|[from] item: Leftovers","|turn|24","|","|move|p1a: Zapdos|Discharge|p2a: Probopass","|-damage|p2a: Probopass|15/324","|move|p2a: Probopass|Power Gem|p1a: Zapdos","|-supereffective|p1a: Zapdos","|-damage|p1a: Zapdos|206/322","|","|-heal|p1a: Zapdos|226/322|[from] item: Leftovers","|-heal|p2a: Probopass|35/324|[from] item: Leftovers","|turn|25","|","|move|p1a: Zapdos|Roost|p1a: Zapdos","|-heal|p1a: Zapdos|322/322","|move|p2a: Probopass|Power Gem|p1a: Zapdos","|-damage|p1a: Zapdos|261/322","|","|-heal|p1a: Zapdos|281/322|[from] item: Leftovers","|-heal|p2a: Probopass|55/324|[from] item: Leftovers","|turn|26","|","|move|p1a: Zapdos|Discharge|p2a: Probopass","|-damage|p2a: Probopass|0 fnt","|faint|p2a: Probopass","|","|-heal|p1a: Zapdos|301/322|[from] item: Leftovers","|","|switch|p2a: Aerodactyl|Aerodactyl, M|311/311","|-ability|p2a: Aerodactyl|Pressure","|turn|27","|","|detailschange|p2a: Aerodactyl|Aerodactyl-Mega, M","|-mega|p2a: Aerodactyl|Aerodactyl|Aerodactylite","|move|p2a: Aerodactyl|Stone Edge|p1a: Zapdos","|-supereffective|p1a: Zapdos","|-damage|p1a: Zapdos|0 fnt","|faint|p1a: Zapdos","|","|","|switch|p1a: Rotom-Wash|Rotom-Wash|184/241","|-damage|p1a: Rotom-Wash|154/241|[from] Stealth Rock","|turn|28","|","|move|p2a: Aerodactyl|Stone Edge|p1a: Rotom-Wash","|-damage|p1a: Rotom-Wash|0 fnt","|faint|p1a: Rotom-Wash","|","|","|switch|p1a: Magnezone|Magnezone|248/300","|-damage|p1a: Magnezone|230/300|[from] Stealth Rock","|turn|29","|","|move|p1a: Magnezone|Protect|p1a: Magnezone","|-singleturn|p1a: Magnezone|Protect","|move|p2a: Aerodactyl|Earthquake|p1a: Magnezone","|-activate|p1a: Magnezone|Protect","|","|-heal|p1a: Magnezone|248/300|[from] item: Leftovers","|turn|30","|","|switch|p1a: Condom|Eelektross, M|311/311","|-damage|p1a: Condom|273/311|[from] Stealth Rock","|move|p2a: Aerodactyl|Earthquake|p1a: Condom","|-immune|p1a: Condom|[msg]","|","|turn|31","|","|switch|p2a: Tyranitar|Tyranitar, M|403/403","|-weather|Sandstorm","|move|p1a: Condom|Thunderbolt|p2a: Tyranitar","|-damage|p2a: Tyranitar|321/403","|","|-weather|Sandstorm|[upkeep]","|-damage|p1a: Condom|254/311|[from] sandstorm","|turn|32","|","|win|Zafyron"],"p1rating":{"entryid":"7175106","serverid":"eos","formatid":"monotype","userid":"emggltwizzler","username":"Emg GL Twizzler","w":"7","l":6,"t":"0","gxe":51.6,"r":"1549.7478058587","rd":"86.100288775599","sigma":"0","rptime":"1438506000","rpr":1512.0254331253,"rprd":81.706639779574,"rpsigma":"0","acre":1092.0767588339,"lacre":1092.0767588339,"oldacre":"1125.7497312505"},"p2rating":{"entryid":7344055,"formatid":"monotype","userid":"zafyron","username":"Zafyron","r":1500,"rd":130,"sigma":0,"rpr":1547.3140984056,"rprd":122.41176312077,"rpsigma":0,"rptime":1438506000,"w":1,"l":0,"t":0,"gxe":55.9,"acre":1053.8767558666,"lacre":1053.8767558666,"oldacre":1000},"endType":"forfeit"}