{"seed":[46864,56307,61213,57936],"turns":19,"p1":"Rain ☆ Suichika","p2":"pulp34","p1team":[{"name":"Muhammad ashroom","species":"breloom","item":"focussash","ability":"Technician","moves":["spore","bulletseed","rocktomb","machpunch"],"nature":"Jolly","evs":{"hp":4,"atk":252,"def":0,"spa":0,"spd":0,"spe":252},"ivs":{"hp":31,"atk":31,"def":31,"spa":31,"spd":31,"spe":31}},{"name":"Platasaurus-rex","species":"venusaur","item":"venusaurite","ability":"Chlorophyll","moves":["synthesis","hiddenpowerrock","gigadrain","sleeppowder"],"nature":"Modest","evs":{"hp":252,"atk":0,"def":0,"spa":252,"spd":0,"spe":4},"ivs":{"hp":31,"atk":31,"def":30,"spa":31,"spd":30,"spe":30}},{"name":"Vileplume's sister","species":"roserade","item":"choicescarf","ability":"Technician","moves":["hiddenpowerground","extrasensory","sludgebomb","shadowball"],"nature":"Timid","evs":{"hp":4,"atk":0,"def":0,"spa":252,"spd":0,"spe":252},"ivs":{"hp":31,"atk":31,"def":31,"spa":30,"spd":30,"spe":31}},{"name":"Celery the onion","species":"celebi","item":"lifeorb","ability":"Natural Cure","moves":["gigadrain","suckerpunch","earthpower","zenheadbutt"],"nature":"Hasty","evs":{"hp":0,"atk":200,"def":0,"spa":56,"spd":0,"spe":252},"ivs":{"hp":31,"atk":31,"def":31,"spa":31,"spd":31,"spe":31}},{"name":"Iron Durian","species":"ferrothorn","item":"occaberry","ability":"Iron Barbs","moves":["stealthrock","knockoff","thunderwave","gyroball"],"nature":"Impish","evs":{"hp":252,"atk":0,"def":88,"spa":0,"spd":168,"spe":0},"ivs":{"hp":31,"atk":31,"def":31,"spa":31,"spd":31,"spe":31}},{"name":"liligant wannabe","species":"bellossom","item":"choicespecs","ability":"Chlorophyll","moves":["gigadrain","hiddenpowerfire","moonblast","leafstorm"],"nature":"Modest","evs":{"hp":116,"atk":0,"def":0,"spa":252,"spd":0,"spe":140},"ivs":{"hp":31,"atk":30,"def":31,"spa":30,"spd":31,"spe":30}}],"p2team":[{"name":"Keldeo-Resolute","species":"Keldeo-Resolute","item":"lifeorb","ability":"Justified","moves":["icywind","scald","secretsword","hiddenpowerdark"],"nature":"Timid","evs":{"hp":0,"atk":0,"def":0,"spa":252,"spd":4,"spe":252},"ivs":{"hp":31,"atk":31,"def":31,"spe":31,"spa":31,"spd":31}},{"name":"Emboar","species":"Emboar","item":"assaultvest","ability":"Reckless","moves":["flareblitz","heavyslam","headsmash","suckerpunch"],"nature":"Adamant","evs":{"hp":248,"atk":252,"def":0,"spa":0,"spd":8,"spe":0},"ivs":{"hp":31,"atk":31,"def":31,"spa":31,"spd":31,"spe":31}},{"name":"Medicham","species":"Medicham","item":"medichamite","ability":"Pure Power","moves":["bulletpunch","fakeout","highjumpkick","psychocut"],"nature":"Jolly","evs":{"hp":0,"atk":252,"def":0,"spa":0,"spd":4,"spe":252},"shiny":true,"ivs":{"hp":31,"atk":31,"def":31,"spa":31,"spd":31,"spe":31}},{"name":"Terrakion","species":"Terrakion","item":"lifeorb","ability":"Justified","moves":["closecombat","earthquake","stealthrock","stoneedge"],"nature":"Jolly","evs":{"hp":0,"atk":252,"def":0,"spa":0,"spd":4,"spe":252},"ivs":{"hp":31,"atk":31,"def":31,"spa":31,"spd":31,"spe":31}},{"name":"Machamp","species":"Machamp","item":"assaultvest","ability":"No Guard","moves":["dynamicpunch","stoneedge","knockoff","facade"],"nature":"Adamant","evs":{"hp":248,"atk":252,"def":0,"spa":0,"spd":8,"spe":0},"ivs":{"hp":31,"atk":31,"def":31,"spa":31,"spd":31,"spe":31}},{"name":"Breloom","species":"Breloom","item":"lifeorb","ability":"Technician","moves":["bulletseed","machpunch","spore","rocktomb"],"nature":"Jolly","evs":{"hp":0,"atk":252,"def":0,"spa":0,"spd":4,"spe":252},"ivs":{"hp":31,"atk":31,"def":31,"spa":31,"spd":31,"spe":31}}],"log":["|player|p1|Rain ☆ Suichika|rainsuichika.png","|player|p2|pulp34|151","|gametype|singles","|gen|6","|tier|Monotype","|rated","|rule|Baton Pass Clause: Limit one Baton Passer, can't pass Spe and other stats simultaneously","|rule|Swagger Clause: Swagger is banned","|rule|Same Type Clause: Pokémon in a team must share a type","|clearpoke","|poke|p1|Breloom, M","|poke|p1|Venusaur, M","|poke|p1|Roserade, F","|poke|p1|Celebi","|poke|p1|Ferrothorn, F","|poke|p1|Bellossom, M","|poke|p2|Keldeo-Resolute","|poke|p2|Emboar, F","|poke|p2|Medicham, M, shiny","|poke|p2|Terrakion","|poke|p2|Machamp, F","|poke|p2|Breloom, F","|rule|Sleep Clause Mod: Limit one foe put to sleep","|rule|Species Clause: Limit one of each Pokémon","|rule|OHKO Clause: OHKO moves are banned","|rule|Moody Clause: Moody is banned","|rule|Evasion Moves Clause: Evasion moves are banned","|rule|Endless Battle Clause: Forcing endless battles is banned","|rule|HP Percentage Mod: HP is shown in percentages","|teampreview","|","|start","|switch|p1a: Iron Durian|Ferrothorn, F|352/352","|switch|p2a: Terrakion|Terrakion|323/323","|turn|1","|","|move|p2a: Terrakion|Stealth Rock|p1a: Iron Durian","|-sidestart|p1: Rain ☆ Suichika|move: Stealth Rock","|move|p1a: Iron Durian|Stealth Rock|p2a: Terrakion","|-sidestart|p2: pulp34|move: Stealth Rock","|","|turn|2","|","|switch|p2a: Breloom|Breloom, F|261/261","|-damage|p2a: Breloom|245/261|[from] Stealth Rock","|move|p1a: Iron Durian|Gyro Ball|p2a: Breloom","|-damage|p2a: Breloom|128/261","|","|turn|3","|","|move|p2a: Breloom|Mach Punch|p1a: Iron Durian","|-supereffective|p1a: Iron Durian","|-damage|p1a: Iron Durian|149/352","|-damage|p2a: Breloom|96/261|[from] ability: Iron Barbs|[of] p1a: Iron Durian","|-damage|p2a: Breloom|70/261|[from] item: Life Orb","|move|p1a: Iron Durian|Gyro Ball|p2a: Breloom","|-damage|p2a: Breloom|0 fnt","|faint|p2a: Breloom","|","|","|switch|p2a: Emboar|Emboar, F|423/423","|-damage|p2a: Emboar|371/423|[from] Stealth Rock","|turn|4","|","|move|p2a: Emboar|Flare Blitz|p1a: Iron Durian","|-supereffective|p1a: Iron Durian","|-enditem|p1a: Iron Durian|Occa Berry|[eat]","|-damage|p1a: Iron Durian|0 fnt","|-damage|p2a: Emboar|319/423|[from] ability: Iron Barbs|[of] p1a: Iron Durian","|-damage|p2a: Emboar|270/423|[from] recoil|[of] p1a: Iron Durian","|faint|p1a: Iron Durian","|","|","|switch|p1a: Vileplume's sister|Roserade, F|262/262","|-damage|p1a: Vileplume's sister|230/262|[from] Stealth Rock","|turn|5","|","|move|p1a: Vileplume's sister|Hidden Power|p2a: Emboar","|-supereffective|p2a: Emboar","|-damage|p2a: Emboar|82/423","|move|p2a: Emboar|Flare Blitz|p1a: Vileplume's sister","|-supereffective|p1a: Vileplume's sister","|-damage|p1a: Vileplume's sister|0 fnt","|-damage|p2a: Emboar|6/423|[from] recoil|[of] p1a: Vileplume's sister","|faint|p1a: Vileplume's sister","|","|","|switch|p1a: Platasaurus-rex|Venusaur, M|364/364","|-damage|p1a: Platasaurus-rex|319/364|[from] Stealth Rock","|turn|6","|","|detailschange|p1a: Platasaurus-rex|Venusaur-Mega, M","|-mega|p1a: Platasaurus-rex|Venusaur|Venusaurite","|move|p2a: Emboar|Sucker Punch|p1a: Platasaurus-rex","|-damage|p1a: Platasaurus-rex|238/364","|move|p1a: Platasaurus-rex|Hidden Power|p2a: Emboar","|-damage|p2a: Emboar|0 fnt","|faint|p2a: Emboar","|","|","|switch|p2a: Medicham|Medicham, M, shiny|261/261","|-damage|p2a: Medicham|245/261|[from] Stealth Rock","|turn|7","|","|detailschange|p2a: Medicham|Medicham-Mega, M, shiny","|-mega|p2a: Medicham|Medicham|Medichamite","|move|p2a: Medicham|Fake Out|p1a: Platasaurus-rex","|-damage|p1a: Platasaurus-rex|167/364","|cant|p1a: Platasaurus-rex|flinch","|","|turn|8","|","|move|p2a: Medicham|Psycho Cut|p1a: Platasaurus-rex","|-supereffective|p1a: Platasaurus-rex","|-damage|p1a: Platasaurus-rex|0 fnt","|faint|p1a: Platasaurus-rex","|","|","|switch|p1a: liligant wannabe|Bellossom, M|320/320","|-damage|p1a: liligant wannabe|280/320|[from] Stealth Rock","|turn|9","|","|switch|p2a: Machamp|Machamp, F|383/383","|-damage|p2a: Machamp|360/383|[from] Stealth Rock","|move|p1a: liligant wannabe|Moonblast|p2a: Machamp","|-supereffective|p2a: Machamp","|-damage|p2a: Machamp|146/383","|","|turn|10","|","|move|p1a: liligant wannabe|Moonblast|p2a: Machamp","|-supereffective|p2a: Machamp","|-damage|p2a: Machamp|0 fnt","|faint|p2a: Machamp","|","|","|switch|p2a: Keldeo-Resolute|Keldeo-Resolute|323/323","|-damage|p2a: Keldeo-Resolute|303/323|[from] Stealth Rock","|turn|11","|","|move|p2a: Keldeo-Resolute|Icy Wind|p1a: liligant wannabe","|-supereffective|p1a: liligant wannabe","|-damage|p1a: liligant wannabe|95/320","|-unboost|p1a: liligant wannabe|spe|1","|-damage|p2a: Keldeo-Resolute|271/323|[from] item: Life Orb","|move|p1a: liligant wannabe|Moonblast|p2a: Keldeo-Resolute","|-supereffective|p2a: Keldeo-Resolute","|-damage|p2a: Keldeo-Resolute|0 fnt","|faint|p2a: Keldeo-Resolute","|","|","|switch|p2a: Medicham|Medicham-Mega, M, shiny|245/261","|-damage|p2a: Medicham|229/261|[from] Stealth Rock","|turn|12","|","|move|p2a: Medicham|Fake Out|p1a: liligant wannabe","|-damage|p1a: liligant wannabe|11/320","|cant|p1a: liligant wannabe|flinch","|","|turn|13","|","|move|p2a: Medicham|Psycho Cut|p1a: liligant wannabe","|-damage|p1a: liligant wannabe|0 fnt","|faint|p1a: liligant wannabe","|","|","|switch|p1a: Celery the onion|Celebi|341/341","|-damage|p1a: Celery the onion|299/341|[from] Stealth Rock","|turn|14","|","|switch|p2a: Terrakion|Terrakion|323/323","|-damage|p2a: Terrakion|303/323|[from] Stealth Rock","|move|p1a: Celery the onion|Giga Drain|p2a: Terrakion","|-supereffective|p2a: Terrakion","|-damage|p2a: Terrakion|35/323","|-heal|p1a: Celery the onion|341/341|[from] drain|[of] p2a: Terrakion","|-damage|p1a: Celery the onion|307/341|[from] item: Life Orb","|","|turn|15","|","|move|p1a: Celery the onion|Sucker Punch|p2a: Terrakion","|-resisted|p2a: Terrakion","|-damage|p2a: Terrakion|0 fnt","|-damage|p1a: Celery the onion|273/341|[from] item: Life Orb","|faint|p2a: Terrakion","|","|","|switch|p2a: Medicham|Medicham-Mega, M, shiny|229/261","|-damage|p2a: Medicham|213/261|[from] Stealth Rock","|turn|16","|","|switch|p1a: Muhammad ashroom|Breloom, M|262/262","|-damage|p1a: Muhammad ashroom|246/262|[from] Stealth Rock","|move|p2a: Medicham|Fake Out|p1a: Muhammad ashroom","|-damage|p1a: Muhammad ashroom|151/262","|","|turn|17","|","|move|p1a: Muhammad ashroom|Mach Punch|p2a: Medicham","|-resisted|p2a: Medicham","|-damage|p2a: Medicham|155/261","|move|p2a: Medicham|Psycho Cut|p1a: Muhammad ashroom","|-supereffective|p1a: Muhammad ashroom","|-damage|p1a: Muhammad ashroom|0 fnt","|faint|p1a: Muhammad ashroom","|","|","|switch|p1a: Celery the onion|Celebi|273/341","|-damage|p1a: Celery the onion|231/341|[from] Stealth Rock","|turn|18","|","|move|p2a: Medicham|Psycho Cut|p1a: Celery the onion","|-crit|p1a: Celery the onion","|-resisted|p1a: Celery the onion","|-damage|p1a: Celery the onion|44/341","|move|p1a: Celery the onion|Giga Drain|p2a: Medicham","|-damage|p2a: Medicham|13/261","|-heal|p1a: Celery the onion|115/341|[from] drain|[of] p2a: Medicham","|-damage|p1a: Celery the onion|81/341|[from] item: Life Orb","|","|turn|19","|","|move|p1a: Celery the onion|Sucker Punch|p2a: Medicham","|-damage|p2a: Medicham|0 fnt","|-damage|p1a: Celery the onion|47/341|[from] item: Life Orb","|faint|p2a: Medicham","|","|win|Rain ☆ Suichika"],"p1rating":{"entryid":"6383869","serverid":"eos","formatid":"monotype","userid":"rainsuichika","username":"Rain ☆ Suichika","w":41,"l":"26","t":"0","gxe":58.9,"r":"1564.7960560766","rd":"53.502709546407","sigma":"0","rptime":"1438506000","rpr":1568.5690596118,"rprd":51.84671524517,"rpsigma":"0","acre":1229.9336634329,"lacre":1229.9336634329,"oldacre":"1218.8849974904"},"p2rating":{"entryid":7343061,"formatid":"monotype","userid":"pulp34","username":"pulp34","r":1500,"rd":130,"sigma":0,"rpr":1465.3261353143,"rprd":122.20824977713,"rpsigma":0,"rptime":1438506000,"w":0,"l":1,"t":0,"gxe":45.7,"acre":1000,"lacre":1000,"oldacre":1000},"endType":"normal"}