{"seed":[46952,30140,62303,45266],"turns":26,"p1":"Doomsquach","p2":"GTX♅Bzumzum","p1team":[{"name":"Nodt","species":"venusaur","item":"venusaurite","ability":"Overgrow","moves":["earthquake","sludgebomb","hiddenpowerfire","synthesis"],"nature":"Relaxed","evs":{"hp":248,"atk":0,"def":252,"spa":0,"spd":8,"spe":0},"gender":"M","ivs":{"hp":31,"atk":30,"def":31,"spa":30,"spd":31,"spe":30}},{"name":"Goltas","species":"ferrothorn","item":"leftovers","ability":"Iron Barbs","moves":["spikes","leechseed","gyroball","protect"],"nature":"Sassy","evs":{"hp":252,"atk":0,"def":4,"spa":0,"spd":252,"spe":0},"gender":"M","ivs":{"hp":31,"atk":31,"def":31,"spa":31,"spd":31,"spe":0},"shiny":true},{"name":"Lilium","species":"cradily","item":"leftovers","ability":"Suction Cups","moves":["stealthrock","rockslide","toxic","recover"],"nature":"Careful","evs":{"hp":252,"atk":4,"def":0,"spa":0,"spd":252,"spe":0},"gender":"M","shiny":true,"ivs":{"hp":31,"atk":31,"def":31,"spa":31,"spd":31,"spe":31}},{"name":"Versai","species":"serperior","item":"leftovers","ability":"Contrary","moves":["leafstorm","dragonpulse","hiddenpowerfire","substitute"],"nature":"Timid","evs":{"hp":40,"atk":0,"def":0,"spa":216,"spd":0,"spe":252},"gender":"M","ivs":{"hp":31,"atk":0,"def":31,"spa":30,"spd":31,"spe":30},"shiny":true},{"name":"Champi","species":"breloom","item":"lifeorb","ability":"Technician","moves":["swordsdance","spore","machpunch","bulletseed"],"nature":"Adamant","evs":{"hp":0,"atk":252,"def":4,"spa":0,"spd":0,"spe":252},"gender":"M","shiny":true,"ivs":{"hp":31,"atk":31,"def":31,"spa":31,"spd":31,"spe":31}},{"name":"Ludicolo","species":"Ludicolo","item":"lifeorb","ability":"Swift Swim","moves":["raindance","energyball","icebeam","hydropump"],"nature":"Modest","evs":{"hp":156,"atk":0,"def":0,"spa":252,"spd":0,"spe":100},"gender":"M","ivs":{"hp":31,"atk":31,"def":31,"spa":31,"spd":31,"spe":31}}],"p2team":[{"name":"Elec","species":"manectric","item":"manectite","ability":"Lightning Rod","moves":["thunderbolt","hiddenpowerice","voltswitch","overheat"],"nature":"Timid","evs":{"hp":0,"atk":0,"def":0,"spa":252,"spd":4,"spe":252},"gender":"M","ivs":{"hp":31,"atk":30,"def":30,"spa":31,"spd":31,"spe":31}},{"name":"Water-Safe","species":"rotomwash","item":"lumberry","ability":"Levitate","moves":["hydropump","toxic","willowisp","rest"],"nature":"Calm","evs":{"hp":248,"atk":0,"def":0,"spa":8,"spd":252,"spe":0},"shiny":true,"ivs":{"hp":31,"atk":31,"def":31,"spa":31,"spd":31,"spe":31}},{"name":"MY ZONE!!!","species":"magnezone","item":"choicespecs","ability":"Sturdy","moves":["hiddenpowerice","flashcannon","triattack","signalbeam"],"nature":"Modest","evs":{"hp":248,"atk":0,"def":0,"spa":252,"spd":8,"spe":0},"ivs":{"hp":31,"atk":30,"def":30,"spa":31,"spd":31,"spe":31},"shiny":true},{"name":"Genius","species":"thundurus","item":"focussash","ability":"Prankster","moves":["taunt","grassknot","focusblast","nastyplot"],"nature":"Timid","evs":{"hp":0,"atk":0,"def":0,"spa":252,"spd":4,"spe":252},"shiny":true,"ivs":{"hp":31,"atk":31,"def":31,"spa":31,"spd":31,"spe":31}},{"name":"Zapz","species":"zapdos","item":"leftovers","ability":"Pressure","moves":["heatwave","roost","extrasensory","defog"],"nature":"Modest","evs":{"hp":252,"atk":0,"def":0,"spa":252,"spd":4,"spe":0},"shiny":true,"ivs":{"hp":31,"atk":31,"def":31,"spa":31,"spd":31,"spe":31}},{"name":"Plugg-in Failure","species":"electivire","item":"choicescarf","ability":"Motor Drive","moves":["crosschop","earthquake","icepunch","rockslide"],"nature":"Adamant","evs":{"hp":0,"atk":252,"def":0,"spa":0,"spd":4,"spe":252},"gender":"M","shiny":true,"ivs":{"hp":31,"atk":31,"def":31,"spa":31,"spd":31,"spe":31}}],"log":["|player|p1|Doomsquach|154","|player|p2|GTX♅Bzumzum|225","|gametype|singles","|gen|6","|tier|Monotype","|rated","|rule|Baton Pass Clause: Limit one Baton Passer, can't pass Spe and other stats simultaneously","|rule|Swagger Clause: Swagger is banned","|rule|Same Type Clause: Pokémon in a team must share a type","|clearpoke","|poke|p1|Venusaur, M","|poke|p1|Ferrothorn, M, shiny","|poke|p1|Cradily, M, shiny","|poke|p1|Serperior, M, shiny","|poke|p1|Breloom, M, shiny","|poke|p1|Ludicolo, M","|poke|p2|Manectric, M","|poke|p2|Rotom-Wash, shiny","|poke|p2|Magnezone, shiny","|poke|p2|Thundurus, M, shiny","|poke|p2|Zapdos, shiny","|poke|p2|Electivire, M, shiny","|rule|Sleep Clause Mod: Limit one foe put to sleep","|rule|Species Clause: Limit one of each Pokémon","|rule|OHKO Clause: OHKO moves are banned","|rule|Moody Clause: Moody is banned","|rule|Evasion Moves Clause: Evasion moves are banned","|rule|Endless Battle Clause: Forcing endless battles is banned","|rule|HP Percentage Mod: HP is shown in percentages","|teampreview","|","|start","|switch|p1a: Versai|Serperior, M, shiny|301/301","|switch|p2a: MY ZONE!!!|Magnezone, shiny|343/343","|turn|1","|","|move|p1a: Versai|Substitute|p1a: Versai","|-start|p1a: Versai|Substitute","|-damage|p1a: Versai|226/301","|move|p2a: MY ZONE!!!|Signal Beam|p1a: Versai","|-supereffective|p1a: Versai","|-end|p1a: Versai|Substitute","|","|-heal|p1a: Versai|244/301|[from] item: Leftovers","|turn|2","|","|move|p1a: Versai|Hidden Power|p2a: MY ZONE!!!","|-supereffective|p2a: MY ZONE!!!","|-damage|p2a: MY ZONE!!!|233/343","|move|p2a: MY ZONE!!!|Signal Beam|p1a: Versai","|-supereffective|p1a: Versai","|-damage|p1a: Versai|0 fnt","|faint|p1a: Versai","|","|","|switch|p1a: Goltas|Ferrothorn, M, shiny|352/352","|turn|3","|","|move|p2a: MY ZONE!!!|Signal Beam|p1a: Goltas","|-damage|p1a: Goltas|264/352","|move|p1a: Goltas|Spikes|p2a: MY ZONE!!!","|-sidestart|p2: GTX♅Bzumzum|Spikes","|","|-heal|p1a: Goltas|286/352|[from] item: Leftovers","|turn|4","|","|move|p2a: MY ZONE!!!|Signal Beam|p1a: Goltas","|-damage|p1a: Goltas|182/352","|move|p1a: Goltas|Leech Seed|p2a: MY ZONE!!!|[miss]","|-miss|p1a: Goltas|p2a: MY ZONE!!!","|","|-heal|p1a: Goltas|204/352|[from] item: Leftovers","|turn|5","|","|move|p2a: MY ZONE!!!|Signal Beam|p1a: Goltas","|-damage|p1a: Goltas|106/352","|move|p1a: Goltas|Leech Seed|p2a: MY ZONE!!!|[miss]","|-miss|p1a: Goltas|p2a: MY ZONE!!!","|","|-heal|p1a: Goltas|128/352|[from] item: Leftovers","|turn|6","|","|move|p1a: Goltas|Protect|p1a: Goltas","|-singleturn|p1a: Goltas|Protect","|move|p2a: MY ZONE!!!|Signal Beam|p1a: Goltas","|-activate|p1a: Goltas|Protect","|","|-heal|p1a: Goltas|150/352|[from] item: Leftovers","|turn|7","|","|move|p2a: MY ZONE!!!|Signal Beam|p1a: Goltas","|-damage|p1a: Goltas|54/352","|move|p1a: Goltas|Leech Seed|p2a: MY ZONE!!!","|-start|p2a: MY ZONE!!!|move: Leech Seed","|","|-heal|p1a: Goltas|76/352|[from] item: Leftovers","|-damage|p2a: MY ZONE!!!|191/343|[from] Leech Seed|[of] p1a: Goltas","|-heal|p1a: Goltas|118/352|[silent]","|turn|8","|","|switch|p2a: Zapz|Zapdos, shiny|384/384","|-ability|p2a: Zapz|Pressure","|move|p1a: Goltas|Spikes|p2a: Zapz","|-sidestart|p2: GTX♅Bzumzum|Spikes","|","|-heal|p1a: Goltas|140/352|[from] item: Leftovers","|turn|9","|","|move|p2a: Zapz|Defog|p1a: Goltas","|-unboost|p1a: Goltas|evasion|1","|-sideend|p2: GTX♅Bzumzum|Spikes|[from] move: Defog|[of] p2a: Zapz","|move|p1a: Goltas|Leech Seed|p2a: Zapz","|-start|p2a: Zapz|move: Leech Seed","|","|-heal|p1a: Goltas|162/352|[from] item: Leftovers","|-damage|p2a: Zapz|336/384|[from] Leech Seed|[of] p1a: Goltas","|-heal|p1a: Goltas|210/352|[silent]","|turn|10","|","|switch|p1a: Lilium|Cradily, M, shiny|376/376","|move|p2a: Zapz|Heat Wave|p1a: Lilium","|-damage|p1a: Lilium|296/376","|","|-heal|p2a: Zapz|360/384|[from] item: Leftovers","|-heal|p1a: Lilium|319/376|[from] item: Leftovers","|-damage|p2a: Zapz|312/384|[from] Leech Seed|[of] p1a: Lilium","|-heal|p1a: Lilium|367/376|[silent]","|turn|11","|","|move|p2a: Zapz|Defog|p1a: Lilium","|-unboost|p1a: Lilium|evasion|1","|move|p1a: Lilium|Rock Slide|p2a: Zapz","|-supereffective|p2a: Zapz","|-damage|p2a: Zapz|154/384","|","|-heal|p2a: Zapz|178/384|[from] item: Leftovers","|-heal|p1a: Lilium|376/376|[from] item: Leftovers","|-damage|p2a: Zapz|130/384|[from] Leech Seed|[of] p1a: Lilium","|turn|12","|","|switch|p2a: Water-Safe|Rotom-Wash, shiny|303/303","|move|p1a: Lilium|Rock Slide|p2a: Water-Safe","|-damage|p2a: Water-Safe|234/303","|","|turn|13","|","|move|p2a: Water-Safe|Will-O-Wisp|p1a: Lilium","|-status|p1a: Lilium|brn","|move|p1a: Lilium|Toxic|p2a: Water-Safe","|-status|p2a: Water-Safe|tox","|-enditem|p2a: Water-Safe|Lum Berry|[eat]","|-curestatus|p2a: Water-Safe|tox","|","|-damage|p1a: Lilium|329/376 brn|[from] brn","|turn|14","|","|move|p2a: Water-Safe|Hydro Pump|p1a: Lilium","|-damage|p1a: Lilium|236/376 brn","|move|p1a: Lilium|Stealth Rock|p2a: Water-Safe","|-sidestart|p2: GTX♅Bzumzum|move: Stealth Rock","|","|-heal|p1a: Lilium|259/376 brn|[from] item: Leftovers","|-damage|p1a: Lilium|212/376 brn|[from] brn","|turn|15","|","|move|p2a: Water-Safe|Hydro Pump|p1a: Lilium","|-crit|p1a: Lilium","|-damage|p1a: Lilium|83/376 brn","|move|p1a: Lilium|Toxic|p2a: Water-Safe","|-status|p2a: Water-Safe|tox","|","|-heal|p1a: Lilium|106/376 brn|[from] item: Leftovers","|-damage|p2a: Water-Safe|216/303 tox|[from] psn","|-damage|p1a: Lilium|59/376 brn|[from] brn","|turn|16","|","|switch|p1a: Ludicolo|Ludicolo, M|340/340","|move|p2a: Water-Safe|Will-O-Wisp|p1a: Ludicolo","|-status|p1a: Ludicolo|brn","|","|-damage|p2a: Water-Safe|180/303 tox|[from] psn","|-damage|p1a: Ludicolo|298/340 brn|[from] brn","|turn|17","|","|move|p2a: Water-Safe|Rest|p2a: Water-Safe","|-status|p2a: Water-Safe|slp","|-heal|p2a: Water-Safe|303/303 slp|[silent]","|-status|p2a: Water-Safe|slp|[from] move: Rest","|move|p1a: Ludicolo|Rain Dance|p1a: Ludicolo","|-weather|RainDance","|","|-weather|RainDance|[upkeep]","|-damage|p1a: Ludicolo|256/340 brn|[from] brn","|turn|18","|","|switch|p2a: Zapz|Zapdos, shiny|130/384","|-damage|p2a: Zapz|34/384|[from] Stealth Rock","|-ability|p2a: Zapz|Pressure","|move|p1a: Ludicolo|Energy Ball|p2a: Zapz","|-resisted|p2a: Zapz","|-damage|p2a: Zapz|0 fnt","|-damage|p1a: Ludicolo|222/340 brn|[from] item: Life Orb","|faint|p2a: Zapz","|","|-weather|RainDance|[upkeep]","|-damage|p1a: Ludicolo|180/340 brn|[from] brn","|","|switch|p2a: Genius|Thundurus, M, shiny|299/299","|-damage|p2a: Genius|225/299|[from] Stealth Rock","|turn|19","|","|move|p2a: Genius|Nasty Plot|p2a: Genius","|-boost|p2a: Genius|spa|2","|move|p1a: Ludicolo|Ice Beam|p2a: Genius","|-supereffective|p2a: Genius","|-damage|p2a: Genius|0 fnt","|-damage|p1a: Ludicolo|146/340 brn|[from] item: Life Orb","|faint|p2a: Genius","|","|-weather|RainDance|[upkeep]","|-damage|p1a: Ludicolo|104/340 brn|[from] brn","|","|switch|p2a: Water-Safe|Rotom-Wash, shiny|303/303 slp","|-damage|p2a: Water-Safe|266/303 slp|[from] Stealth Rock","|turn|20","|","|move|p1a: Ludicolo|Energy Ball|p2a: Water-Safe","|-supereffective|p2a: Water-Safe","|-damage|p2a: Water-Safe|14/303 slp","|-damage|p1a: Ludicolo|70/340 brn|[from] item: Life Orb","|cant|p2a: Water-Safe|slp","|","|-weather|RainDance|[upkeep]","|-damage|p1a: Ludicolo|28/340 brn|[from] brn","|turn|21","|","|switch|p2a: MY ZONE!!!|Magnezone, shiny|191/343","|-damage|p2a: MY ZONE!!!|170/343|[from] Stealth Rock","|move|p1a: Ludicolo|Hydro Pump|p2a: MY ZONE!!!","|-damage|p2a: MY ZONE!!!|0 fnt","|-damage|p1a: Ludicolo|0 fnt|[from] item: Life Orb","|faint|p2a: MY ZONE!!!","|faint|p1a: Ludicolo","|","|-weather|none","|","|switch|p2a: Water-Safe|Rotom-Wash, shiny|14/303 slp","|switch|p1a: Nodt|Venusaur, M|363/363","|-damage|p2a: Water-Safe|0 fnt|[from] Stealth Rock","|faint|p2a: Water-Safe","|","|switch|p2a: Plugg-in Failure|Electivire, M, shiny|291/291","|-damage|p2a: Plugg-in Failure|255/291|[from] Stealth Rock","|turn|22","|","|detailschange|p1a: Nodt|Venusaur-Mega, M","|-mega|p1a: Nodt|Venusaur|Venusaurite","|move|p2a: Plugg-in Failure|Earthquake|p1a: Nodt","|-damage|p1a: Nodt|288/363","|move|p1a: Nodt|Earthquake|p2a: Plugg-in Failure","|-supereffective|p2a: Plugg-in Failure","|-damage|p2a: Plugg-in Failure|43/291","|","|turn|23","|","|move|p2a: Plugg-in Failure|Earthquake|p1a: Nodt","|-damage|p1a: Nodt|211/363","|move|p1a: Nodt|Earthquake|p2a: Plugg-in Failure","|-supereffective|p2a: Plugg-in Failure","|-damage|p2a: Plugg-in Failure|0 fnt","|faint|p2a: Plugg-in Failure","|","|","|switch|p2a: Elec|Manectric, M|281/281","|-damage|p2a: Elec|246/281|[from] Stealth Rock","|turn|24","|","|detailschange|p2a: Elec|Manectric-Mega, M","|-mega|p2a: Elec|Manectric|Manectite","|-ability|p2a: Elec|Intimidate","|-unboost|p1a: Nodt|atk|1","|move|p2a: Elec|Thunderbolt|p1a: Nodt","|-resisted|p1a: Nodt","|-damage|p1a: Nodt|135/363","|move|p1a: Nodt|Synthesis|p1a: Nodt","|-heal|p1a: Nodt|316/363","|","|turn|25","|","|move|p2a: Elec|Thunderbolt|p1a: Nodt","|-resisted|p1a: Nodt","|-damage|p1a: Nodt|245/363","|move|p1a: Nodt|Sludge Bomb|p2a: Elec","|-damage|p2a: Elec|99/281","|-status|p2a: Elec|psn","|","|-damage|p2a: Elec|64/281 psn|[from] psn","|turn|26","|","|move|p2a: Elec|Overheat|p1a: Nodt","|-supereffective|p1a: Nodt","|-damage|p1a: Nodt|107/363","|-unboost|p2a: Elec|spa|2","|move|p1a: Nodt|Sludge Bomb|p2a: Elec","|-damage|p2a: Elec|0 fnt","|faint|p2a: Elec","|","|win|Doomsquach"],"p1rating":{"entryid":"6925117","serverid":"eos","formatid":"monotype","userid":"doomsquach","username":"doomsquach","w":5,"l":"1","t":"0","gxe":60.4,"r":"1528.6297130013","rd":"114.46972286712","sigma":"0","rptime":"1438506000","rpr":1582.7043168742,"rprd":102.1275353844,"rpsigma":"0","acre":1131.1494885821,"lacre":1131.1494885821,"oldacre":"1113.989513903"},"p2rating":{"entryid":"6857825","serverid":"eos","formatid":"monotype","userid":"gtxbzumzum","username":"GTX♅Bzumzum","w":"18","l":72,"t":"0","gxe":22,"r":1262.1544630539,"rd":41.502667195254,"sigma":"0","rptime":1438506000,"rpr":1260.3857089944,"rprd":41.34175309376,"rpsigma":"0","acre":1000,"lacre":1000,"oldacre":"1001.2347776515"},"endType":"normal"}