{"seed":[23782,17131,41458,36186],"turns":24,"p1":"Alliance ♋ akaFila","p2":"Veniux","p1team":[{"name":"Hoopa-Unbound","species":"Hoopa-Unbound","item":"choiceband","ability":"Magician","moves":["hyperspacefury","facade","icepunch","drainpunch"],"nature":"Adamant","evs":{"hp":248,"atk":252,"def":0,"spa":0,"spd":8,"spe":0},"ivs":{"hp":31,"atk":31,"def":31,"spa":31,"spd":31,"spe":31}},{"name":"Sharpedo","species":"Sharpedo","item":"lifeorb","ability":"Speed Boost","moves":["hydropump","darkpulse","destinybond","protect"],"nature":"Modest","evs":{"hp":0,"atk":0,"def":0,"spa":252,"spd":4,"spe":252},"ivs":{"hp":31,"atk":31,"def":31,"spa":31,"spd":31,"spe":31}},{"name":"Pangoro","species":"Pangoro","item":"choicescarf","ability":"Iron Fist","moves":["drainpunch","knockoff","earthquake","partingshot"],"nature":"Jolly","evs":{"hp":0,"atk":252,"def":0,"spa":0,"spd":4,"spe":252},"ivs":{"hp":31,"atk":31,"def":31,"spa":31,"spd":31,"spe":31}},{"name":"Mandibuzz","species":"Mandibuzz","item":"rockyhelmet","ability":"Overcoat","moves":["foulplay","toxic","roost","defog"],"nature":"Bold","evs":{"hp":248,"atk":0,"def":252,"spa":0,"spd":8,"spe":0},"ivs":{"hp":31,"atk":31,"def":31,"spa":31,"spd":31,"spe":31}},{"name":"Tyranitar","species":"Tyranitar","item":"assaultvest","ability":"Sand Stream","moves":["crunch","earthquake","stoneedge","fireblast"],"nature":"Sassy","evs":{"hp":252,"atk":0,"def":6,"spa":0,"spd":252,"spe":0},"ivs":{"hp":31,"atk":31,"def":31,"spa":31,"spd":31,"spe":31}},{"name":"Bisharp","species":"Bisharp","item":"focussash","ability":"Defiant","moves":["swordsdance","knockoff","ironhead","suckerpunch"],"nature":"Adamant","evs":{"hp":248,"atk":252,"def":0,"spa":0,"spd":8,"spe":0},"ivs":{"hp":31,"atk":31,"def":31,"spa":31,"spd":31,"spe":31}}],"p2team":[{"name":"Big Mama","species":"slaking","item":"choiceband","ability":"Truant","moves":["gigaimpact","icepunch","firepunch","earthquake"],"nature":"Adamant","evs":{"hp":252,"atk":252,"def":0,"spa":0,"spd":0,"spe":4},"ivs":{"hp":31,"atk":31,"def":31,"spa":31,"spd":31,"spe":31}},{"name":"Exploud","species":"Exploud","item":"choicespecs","ability":"Scrappy","moves":["boomburst","icebeam","extrasensory","shadowball"],"nature":"Modest","evs":{"hp":0,"atk":0,"def":4,"spa":252,"spd":0,"spe":252},"ivs":{"hp":31,"atk":31,"def":31,"spa":31,"spd":31,"spe":31}},{"name":"Geico","species":"kecleon","item":"assaultvest","ability":"Protean","moves":["shadowclaw","drainpunch","suckerpunch","icepunch"],"nature":"Adamant","evs":{"hp":252,"atk":0,"def":252,"spa":0,"spd":4,"spe":0},"ivs":{"hp":31,"atk":31,"def":31,"spa":31,"spd":31,"spe":31}},{"name":"African Bunny","species":"lopunny","item":"lopunnite","ability":"Cute Charm","moves":["highjumpkick","poweruppunch","drainpunch","icepunch"],"nature":"Jolly","evs":{"hp":4,"atk":252,"def":0,"spa":0,"spd":0,"spe":252},"ivs":{"hp":31,"atk":31,"def":31,"spa":31,"spd":31,"spe":31}},{"name":"DragonBall-Z","species":"porygonz","item":"focussash","ability":"Adaptability","moves":["triattack","agility","icebeam","thunderbolt"],"nature":"Modest","evs":{"hp":4,"atk":0,"def":0,"spa":252,"spd":0,"spe":252},"ivs":{"hp":31,"atk":31,"def":31,"spa":31,"spd":31,"spe":31}},{"name":"Swellow","species":"Swellow","item":"flameorb","ability":"Guts","moves":["facade","quickattack","bravebird","protect"],"nature":"Jolly","evs":{"hp":0,"atk":252,"def":0,"spa":0,"spd":4,"spe":252},"ivs":{"hp":31,"atk":31,"def":31,"spa":31,"spd":31,"spe":31}}],"log":["|player|p1|Alliance ♋ akaFila|allianceakafila.gif","|player|p2|Veniux|264","|gametype|singles","|gen|6","|tier|Monotype","|rated","|rule|Baton Pass Clause: Limit one Baton Passer, can't pass Spe and other stats simultaneously","|rule|Swagger Clause: Swagger is banned","|rule|Same Type Clause: Pokémon in a team must share a type","|clearpoke","|poke|p1|Hoopa-Unbound","|poke|p1|Sharpedo, F","|poke|p1|Pangoro, F","|poke|p1|Mandibuzz, F","|poke|p1|Tyranitar, M","|poke|p1|Bisharp, F","|poke|p2|Slaking, M","|poke|p2|Exploud, F","|poke|p2|Kecleon, F","|poke|p2|Lopunny, M","|poke|p2|Porygon-Z","|poke|p2|Swellow, M","|rule|Sleep Clause Mod: Limit one foe put to sleep","|rule|Species Clause: Limit one of each Pokémon","|rule|OHKO Clause: OHKO moves are banned","|rule|Moody Clause: Moody is banned","|rule|Evasion Moves Clause: Evasion moves are banned","|rule|Endless Battle Clause: Forcing endless battles is banned","|rule|HP Percentage Mod: HP is shown in percentages","|teampreview","|","|start","|switch|p1a: Tyranitar|Tyranitar, M|404/404","|switch|p2a: DragonBall-Z|Porygon-Z|312/312","|-weather|Sandstorm","|turn|1","|","|move|p2a: DragonBall-Z|Ice Beam|p1a: Tyranitar","|-damage|p1a: Tyranitar|367/404","|move|p1a: Tyranitar|Crunch|p2a: DragonBall-Z","|-damage|p2a: DragonBall-Z|155/312","|","|-weather|Sandstorm|[upkeep]","|-damage|p2a: DragonBall-Z|136/312|[from] sandstorm","|turn|2","|","|move|p2a: DragonBall-Z|Tri Attack|p1a: Tyranitar","|-resisted|p1a: Tyranitar","|-damage|p1a: Tyranitar|331/404","|move|p1a: Tyranitar|Crunch|p2a: DragonBall-Z","|-damage|p2a: DragonBall-Z|0 fnt","|faint|p2a: DragonBall-Z","|","|-weather|Sandstorm|[upkeep]","|","|switch|p2a: Exploud|Exploud, F|349/349","|turn|3","|","|move|p2a: Exploud|Boomburst|p1a: Tyranitar","|-resisted|p1a: Tyranitar","|-damage|p1a: Tyranitar|277/404","|move|p1a: Tyranitar|Crunch|p2a: Exploud","|-damage|p2a: Exploud|177/349","|","|-weather|Sandstorm|[upkeep]","|-damage|p2a: Exploud|156/349|[from] sandstorm","|turn|4","|","|move|p2a: Exploud|Boomburst|p1a: Tyranitar","|-resisted|p1a: Tyranitar","|-damage|p1a: Tyranitar|229/404","|move|p1a: Tyranitar|Crunch|p2a: Exploud","|-damage|p2a: Exploud|0 fnt","|faint|p2a: Exploud","|","|-weather|Sandstorm|[upkeep]","|","|switch|p2a: African Bunny|Lopunny, M|272/272","|turn|5","|","|switch|p1a: Mandibuzz|Mandibuzz, F|423/423","|detailschange|p2a: African Bunny|Lopunny-Mega, M","|-mega|p2a: African Bunny|Lopunny|Lopunnite","|move|p2a: African Bunny|High Jump Kick|p1a: Mandibuzz","|-damage|p1a: Mandibuzz|264/423","|-damage|p2a: African Bunny|227/272|[from] item: Rocky Helmet|[of] p1a: Mandibuzz","|","|-weather|none","|turn|6","|","|move|p2a: African Bunny|Ice Punch|p1a: Mandibuzz","|-supereffective|p1a: Mandibuzz","|-damage|p1a: Mandibuzz|144/423","|-damage|p2a: African Bunny|182/272|[from] item: Rocky Helmet|[of] p1a: Mandibuzz","|move|p1a: Mandibuzz|Roost|p1a: Mandibuzz","|-heal|p1a: Mandibuzz|356/423","|","|turn|7","|","|move|p2a: African Bunny|High Jump Kick|p1a: Mandibuzz","|-damage|p1a: Mandibuzz|185/423","|-damage|p2a: African Bunny|137/272|[from] item: Rocky Helmet|[of] p1a: Mandibuzz","|move|p1a: Mandibuzz|Toxic|p2a: African Bunny","|-status|p2a: African Bunny|tox","|","|-damage|p2a: African Bunny|120/272 tox|[from] psn","|turn|8","|","|move|p2a: African Bunny|High Jump Kick|p1a: Mandibuzz","|-damage|p1a: Mandibuzz|29/423","|-damage|p2a: African Bunny|75/272 tox|[from] item: Rocky Helmet|[of] p1a: Mandibuzz","|move|p1a: Mandibuzz|Roost|p1a: Mandibuzz","|-heal|p1a: Mandibuzz|241/423","|","|-damage|p2a: African Bunny|41/272 tox|[from] psn","|turn|9","|","|move|p2a: African Bunny|High Jump Kick|p1a: Mandibuzz","|-damage|p1a: Mandibuzz|75/423","|-damage|p2a: African Bunny|0 fnt|[from] item: Rocky Helmet|[of] p1a: Mandibuzz","|faint|p2a: African Bunny","|move|p1a: Mandibuzz|Roost|p1a: Mandibuzz","|-heal|p1a: Mandibuzz|287/423","|","|","|switch|p2a: Swellow|Swellow, M|261/261","|turn|10","|","|move|p2a: Swellow|Protect|p2a: Swellow","|-singleturn|p2a: Swellow|Protect","|move|p1a: Mandibuzz|Roost|p1a: Mandibuzz","|-heal|p1a: Mandibuzz|423/423","|","|-status|p2a: Swellow|brn|[from] item: Flame Orb","|turn|11","|","|move|p2a: Swellow|Facade|p1a: Mandibuzz","|-damage|p1a: Mandibuzz|219/423","|-damage|p2a: Swellow|218/261 brn|[from] item: Rocky Helmet|[of] p1a: Mandibuzz","|move|p1a: Mandibuzz|Foul Play|p2a: Swellow","|-damage|p2a: Swellow|40/261 brn","|","|-damage|p2a: Swellow|8/261 brn|[from] brn","|turn|12","|","|move|p2a: Swellow|Facade|p1a: Mandibuzz","|-damage|p1a: Mandibuzz|33/423","|-damage|p2a: Swellow|0 fnt|[from] item: Rocky Helmet|[of] p1a: Mandibuzz","|faint|p2a: Swellow","|move|p1a: Mandibuzz|Roost|p1a: Mandibuzz","|-heal|p1a: Mandibuzz|245/423","|","|","|switch|p2a: Geico|Kecleon, F|324/324","|turn|13","|","|move|p1a: Mandibuzz|Roost|p1a: Mandibuzz","|-heal|p1a: Mandibuzz|423/423","|move|p2a: Geico|Drain Punch|p1a: Mandibuzz","|-start|p2a: Geico|typechange|Fighting|[from] Protean","|-supereffective|p1a: Mandibuzz","|-damage|p1a: Mandibuzz|303/423","|-damage|p2a: Geico|270/324|[from] item: Rocky Helmet|[of] p1a: Mandibuzz","|","|turn|14","|","|move|p1a: Mandibuzz|Toxic|p2a: Geico","|-status|p2a: Geico|tox","|move|p2a: Geico|Ice Punch|p1a: Mandibuzz","|-start|p2a: Geico|typechange|Ice|[from] Protean","|-crit|p1a: Mandibuzz","|-supereffective|p1a: Mandibuzz","|-damage|p1a: Mandibuzz|115/423","|-damage|p2a: Geico|216/324 tox|[from] item: Rocky Helmet|[of] p1a: Mandibuzz","|","|-damage|p2a: Geico|196/324 tox|[from] psn","|turn|15","|","|move|p1a: Mandibuzz|Roost|p1a: Mandibuzz","|-heal|p1a: Mandibuzz|327/423","|move|p2a: Geico|Drain Punch|p1a: Mandibuzz","|-start|p2a: Geico|typechange|Fighting|[from] Protean","|-supereffective|p1a: Mandibuzz","|-damage|p1a: Mandibuzz|205/423","|-heal|p2a: Geico|257/324 tox|[from] drain|[of] p1a: Mandibuzz","|-damage|p2a: Geico|203/324 tox|[from] item: Rocky Helmet|[of] p1a: Mandibuzz","|","|-damage|p2a: Geico|163/324 tox|[from] psn","|turn|16","|","|move|p1a: Mandibuzz|Roost|p1a: Mandibuzz","|-heal|p1a: Mandibuzz|417/423","|move|p2a: Geico|Drain Punch|p1a: Mandibuzz","|-crit|p1a: Mandibuzz","|-supereffective|p1a: Mandibuzz","|-damage|p1a: Mandibuzz|217/423","|-heal|p2a: Geico|263/324 tox|[from] drain|[of] p1a: Mandibuzz","|-damage|p2a: Geico|209/324 tox|[from] item: Rocky Helmet|[of] p1a: Mandibuzz","|","|-damage|p2a: Geico|149/324 tox|[from] psn","|turn|17","|","|move|p1a: Mandibuzz|Roost|p1a: Mandibuzz","|-heal|p1a: Mandibuzz|423/423","|move|p2a: Geico|Drain Punch|p1a: Mandibuzz","|-supereffective|p1a: Mandibuzz","|-damage|p1a: Mandibuzz|289/423","|-heal|p2a: Geico|216/324 tox|[from] drain|[of] p1a: Mandibuzz","|-damage|p2a: Geico|162/324 tox|[from] item: Rocky Helmet|[of] p1a: Mandibuzz","|","|-damage|p2a: Geico|82/324 tox|[from] psn","|turn|18","|","|move|p1a: Mandibuzz|Foul Play|p2a: Geico","|-resisted|p2a: Geico","|-damage|p2a: Geico|23/324 tox","|move|p2a: Geico|Drain Punch|p1a: Mandibuzz","|-crit|p1a: Mandibuzz","|-damage|p1a: Mandibuzz|190/423","|-heal|p2a: Geico|73/324 tox|[from] drain|[of] p1a: Mandibuzz","|-damage|p2a: Geico|19/324 tox|[from] item: Rocky Helmet|[of] p1a: Mandibuzz","|","|-damage|p2a: Geico|0 fnt|[from] psn","|faint|p2a: Geico","|","|switch|p2a: Big Mama|Slaking, M|504/504","|turn|19","|","|move|p2a: Big Mama|Giga Impact|p1a: Mandibuzz","|-damage|p1a: Mandibuzz|0 fnt","|-damage|p2a: Big Mama|420/504|[from] item: Rocky Helmet|[of] p1a: Mandibuzz","|faint|p1a: Mandibuzz","|","|","|switch|p1a: Pangoro|Pangoro, F|331/331","|turn|20","|-mustrecharge|p2a: Big Mama","|-mustrecharge|p2a: Big Mama","|","|move|p1a: Pangoro|Parting Shot|p2a: Big Mama","|-unboost|p2a: Big Mama|atk|1","|-unboost|p2a: Big Mama|spa|1","|","|switch|p1a: Tyranitar|Tyranitar, M|229/404","|-weather|Sandstorm","|cant|p2a: Big Mama|recharge","|","|-weather|Sandstorm|[upkeep]","|-damage|p2a: Big Mama|389/504|[from] sandstorm","|turn|21","|","|move|p2a: Big Mama|Giga Impact|p1a: Tyranitar","|-resisted|p1a: Tyranitar","|-damage|p1a: Tyranitar|82/404","|move|p1a: Tyranitar|Crunch|p2a: Big Mama","|-damage|p2a: Big Mama|263/504","|","|-weather|Sandstorm|[upkeep]","|-damage|p2a: Big Mama|232/504|[from] sandstorm","|turn|22","|-mustrecharge|p2a: Big Mama","|-mustrecharge|p2a: Big Mama","|","|cant|p2a: Big Mama|recharge","|move|p1a: Tyranitar|Crunch|p2a: Big Mama","|-damage|p2a: Big Mama|103/504","|-unboost|p2a: Big Mama|def|1","|","|-weather|Sandstorm|[upkeep]","|-damage|p2a: Big Mama|72/504|[from] sandstorm","|turn|23","|","|switch|p1a: Bisharp|Bisharp, F|333/333","|move|p2a: Big Mama|Giga Impact|p1a: Bisharp","|-resisted|p1a: Bisharp","|-damage|p1a: Bisharp|150/333","|","|-weather|Sandstorm|[upkeep]","|-damage|p2a: Big Mama|41/504|[from] sandstorm","|turn|24","|-mustrecharge|p2a: Big Mama","|-mustrecharge|p2a: Big Mama","|","|cant|p2a: Big Mama|recharge","|move|p1a: Bisharp|Knock Off|p2a: Big Mama","|-damage|p2a: Big Mama|0 fnt","|-enditem|p2a: Big Mama|Choice Band|[from] move: Knock Off|[of] p1a: Bisharp","|faint|p2a: Big Mama","|","|win|Alliance ♋ akaFila"],"p1rating":{"entryid":"6670496","serverid":"eos","formatid":"monotype","userid":"allianceakafila","username":"Alliance ♋ akaFila","w":17,"l":"18","t":"0","gxe":46.3,"r":"1475.9945149897","rd":"61.562408043624","sigma":"0","rptime":"1438506000","rpr":1471.8137766027,"rprd":59.977067764759,"rpsigma":"0","acre":1228.1313614766,"lacre":1228.1313614766,"oldacre":"1214.4660716275"},"p2rating":{"entryid":"7067762","serverid":"eos","formatid":"monotype","userid":"veniux","username":"VeniuX","w":"1","l":2,"t":"0","gxe":43.6,"r":"1457.707516034","rd":"124.10217393468","sigma":"0","rptime":"1438506000","rpr":1449.3677834008,"rprd":111.74298613632,"rpsigma":"0","acre":1035.4632187558,"lacre":1035.4632187558,"oldacre":"1044.584930701"},"endType":"normal"}