{"seed":[63813,39490,1666,45125],"turns":23,"p1":"Void Remnant","p2":"Priest♕Cactus","p1team":[{"name":"Camus","species":"sableye","item":"sablenite","ability":"Prankster","moves":["willowisp","darkpulse","calmmind","recover"],"nature":"Bold","evs":{"hp":248,"atk":0,"def":128,"spa":8,"spd":124,"spe":0},"ivs":{"hp":31,"atk":31,"def":31,"spa":31,"spd":31,"spe":31}},{"name":"Summit","species":"golurk","item":"focussash","ability":"No Guard","moves":["dynamicpunch","stealthrock","stoneedge","earthquake"],"nature":"Adamant","evs":{"hp":8,"atk":252,"def":0,"spa":0,"spd":0,"spe":248},"ivs":{"hp":31,"atk":31,"def":31,"spa":0,"spd":31,"spe":31}},{"name":"Gendar","species":"gengar","item":"focussash","ability":"Levitate","moves":["sludgewave","destinybond","focusblast","shadowball"],"nature":"Timid","evs":{"hp":8,"atk":0,"def":0,"spa":248,"spd":0,"spe":252},"ivs":{"hp":31,"atk":31,"def":31,"spa":31,"spd":31,"spe":31}},{"name":"Lurre","species":"chandelure","item":"choicescarf","ability":"Flash Fire","moves":["fireblast","energyball","trick","shadowball"],"nature":"Timid","evs":{"hp":8,"atk":0,"def":0,"spa":248,"spd":0,"spe":252},"ivs":{"hp":31,"atk":0,"def":31,"spa":31,"spd":31,"spe":31}},{"name":"Druaga","species":"aegislash","item":"weaknesspolicy","ability":"Stance Change","moves":["ironhead","shadowsneak","kingsshield","swordsdance"],"nature":"Adamant","evs":{"hp":0,"atk":252,"def":4,"spa":0,"spd":252,"spe":0},"ivs":{"hp":31,"atk":31,"def":31,"spa":0,"spd":31,"spe":31}},{"name":"Akiiti","species":"cofagrigus","item":"leftovers","ability":"Mummy","moves":["destinybond","trickroom","hex","willowisp"],"nature":"Relaxed","evs":{"hp":252,"atk":0,"def":252,"spa":0,"spd":4,"spe":0},"ivs":{"hp":31,"atk":31,"def":31,"spa":31,"spd":31,"spe":0}}],"p2team":[{"name":"Politoed","species":"Politoed","item":"choicespecs","ability":"Drizzle","moves":["focusblast","icebeam","hydropump","psychic"],"nature":"Modest","evs":{"hp":248,"atk":0,"def":0,"spa":252,"spd":8,"spe":0},"ivs":{"hp":31,"atk":31,"def":31,"spa":31,"spd":31,"spe":31}},{"name":"Tentacruel","species":"Tentacruel","item":"blacksludge","ability":"Liquid Ooze","moves":["scald","rapidspin","sludgewave","toxicspikes"],"nature":"Timid","evs":{"hp":0,"atk":0,"def":0,"spa":252,"spd":4,"spe":252},"ivs":{"hp":31,"atk":31,"def":31,"spa":31,"spd":31,"spe":31}},{"name":"Swampert","species":"Swampert","item":"swampertite","ability":"Torrent","moves":["protect","earthquake","poweruppunch","waterfall"],"nature":"Adamant","evs":{"hp":0,"atk":252,"def":0,"spa":0,"spd":4,"spe":252},"ivs":{"hp":31,"atk":31,"def":31,"spa":31,"spd":31,"spe":31}},{"name":"Keldeo","species":"Keldeo","item":"choicespecs","ability":"Justified","moves":["hiddenpowerdark","secretsword","surf","icywind"],"nature":"Timid","evs":{"hp":0,"atk":0,"def":0,"spa":252,"spd":4,"spe":252},"ivs":{"hp":31,"atk":31,"def":31,"spe":31,"spa":31,"spd":31}},{"name":"Gyarados","species":"Gyarados","item":"leftovers","ability":"Moxie","moves":["dragondance","icefang","waterfall","bounce"],"nature":"Adamant","evs":{"hp":0,"atk":252,"def":0,"spa":0,"spd":4,"spe":252},"ivs":{"hp":31,"atk":31,"def":31,"spa":31,"spd":31,"spe":31}},{"name":"Azumarill","species":"Azumarill","item":"sitrusberry","ability":"Sap Sipper","moves":["bellydrum","aquajet","playrough","waterfall"],"nature":"Adamant","evs":{"hp":252,"atk":252,"def":0,"spa":0,"spd":4,"spe":0},"ivs":{"hp":31,"atk":31,"def":31,"spa":31,"spd":31,"spe":31}}],"log":["|player|p1|Void Remnant|167","|player|p2|Priest♕Cactus|251","|gametype|singles","|gen|6","|tier|Monotype","|rated","|rule|Baton Pass Clause: Limit one Baton Passer, can't pass Spe and other stats simultaneously","|rule|Swagger Clause: Swagger is banned","|rule|Same Type Clause: Pokémon in a team must share a type","|clearpoke","|poke|p1|Sableye, F","|poke|p1|Golurk","|poke|p1|Gengar, F","|poke|p1|Chandelure, F","|poke|p1|Aegislash, M","|poke|p1|Cofagrigus, M","|poke|p2|Politoed, F","|poke|p2|Tentacruel, M","|poke|p2|Swampert, F","|poke|p2|Keldeo","|poke|p2|Gyarados, F","|poke|p2|Azumarill, M","|rule|Sleep Clause Mod: Limit one foe put to sleep","|rule|Species Clause: Limit one of each Pokémon","|rule|OHKO Clause: OHKO moves are banned","|rule|Moody Clause: Moody is banned","|rule|Evasion Moves Clause: Evasion moves are banned","|rule|Endless Battle Clause: Forcing endless battles is banned","|rule|HP Percentage Mod: HP is shown in percentages","|teampreview","|","|start","|switch|p1a: Akiiti|Cofagrigus, M|320/320","|switch|p2a: Politoed|Politoed, F|383/383","|-weather|RainDance","|turn|1","|","|move|p2a: Politoed|Hydro Pump|p1a: Akiiti|[miss]","|-miss|p2a: Politoed|p1a: Akiiti","|move|p1a: Akiiti|Trick Room|p1a: Akiiti","|-fieldstart|move: Trick Room|[of] p1a: Akiiti","|","|-weather|RainDance|[upkeep]","|turn|2","|","|move|p1a: Akiiti|Will-O-Wisp|p2a: Politoed","|-status|p2a: Politoed|brn","|move|p2a: Politoed|Hydro Pump|p1a: Akiiti","|-damage|p1a: Akiiti|0 fnt","|faint|p1a: Akiiti","|","|-weather|RainDance|[upkeep]","|-damage|p2a: Politoed|336/383 brn|[from] brn","|","|switch|p1a: Druaga|Aegislash, M|261/261","|turn|3","|","|move|p1a: Druaga|Swords Dance|p1a: Druaga","|-boost|p1a: Druaga|atk|2","|move|p2a: Politoed|Hydro Pump|p1a: Druaga","|-damage|p1a: Druaga|51/261","|","|-weather|RainDance|[upkeep]","|-damage|p2a: Politoed|289/383 brn|[from] brn","|turn|4","|","|move|p1a: Druaga|King's Shield|p1a: Druaga","|-singleturn|p1a: Druaga|Protect","|move|p2a: Politoed|Hydro Pump|p1a: Druaga","|-activate|p1a: Druaga|Protect","|","|-weather|RainDance|[upkeep]","|-damage|p2a: Politoed|242/383 brn|[from] brn","|turn|5","|","|-formechange|p1a: Druaga|Aegislash-Blade","|move|p1a: Druaga|Shadow Sneak|p2a: Politoed","|-damage|p2a: Politoed|26/383 brn","|move|p2a: Politoed|Hydro Pump|p1a: Druaga","|-damage|p1a: Druaga|0 fnt","|faint|p1a: Druaga","|","|-weather|none","|-damage|p2a: Politoed|0 fnt|[from] brn","|-fieldend|move: Trick Room","|faint|p2a: Politoed","|","|switch|p2a: Tentacruel|Tentacruel, M|301/301","|switch|p1a: Camus|Sableye, F|303/303","|turn|6","|","|detailschange|p1a: Camus|Sableye-Mega, F","|-mega|p1a: Camus|Sableye|Sablenite","|move|p1a: Camus|Will-O-Wisp|p2a: Tentacruel","|-status|p2a: Tentacruel|brn","|move|p2a: Tentacruel|Scald|p1a: Camus","|-crit|p1a: Camus","|-damage|p1a: Camus|170/303","|-status|p1a: Camus|brn","|","|-damage|p2a: Tentacruel|264/301 brn|[from] brn","|-damage|p1a: Camus|133/303 brn|[from] brn","|turn|7","|","|switch|p2a: Swampert|Swampert, F|341/341","|move|p1a: Camus|Recover|p1a: Camus","|-heal|p1a: Camus|285/303 brn","|","|-damage|p1a: Camus|248/303 brn|[from] brn","|turn|8","|","|detailschange|p2a: Swampert|Swampert-Mega, F","|-mega|p2a: Swampert|Swampert|Swampertite","|move|p2a: Swampert|Protect|p2a: Swampert","|-singleturn|p2a: Swampert|Protect","|move|p1a: Camus|Will-O-Wisp|p2a: Swampert","|-activate|p2a: Swampert|Protect","|","|-damage|p1a: Camus|211/303 brn|[from] brn","|turn|9","|","|switch|p2a: Tentacruel|Tentacruel, M|264/301 brn","|move|p1a: Camus|Will-O-Wisp|p2a: Tentacruel","|-fail|p2a: Tentacruel|brn","|","|-heal|p2a: Tentacruel|282/301 brn|[from] item: Black Sludge","|-damage|p2a: Tentacruel|245/301 brn|[from] brn","|-damage|p1a: Camus|174/303 brn|[from] brn","|turn|10","|","|move|p2a: Tentacruel|Scald|p1a: Camus","|-damage|p1a: Camus|86/303 brn","|move|p1a: Camus|Recover|p1a: Camus","|-heal|p1a: Camus|238/303 brn","|","|-heal|p2a: Tentacruel|263/301 brn|[from] item: Black Sludge","|-damage|p2a: Tentacruel|226/301 brn|[from] brn","|-damage|p1a: Camus|201/303 brn|[from] brn","|turn|11","|","|move|p2a: Tentacruel|Toxic Spikes|p1a: Camus","|move|p1a: Camus|Toxic Spikes|p2a: Tentacruel|[from]Magic Bounce","|-sidestart|p2: Priest♕Cactus|move: Toxic Spikes","|move|p1a: Camus|Recover|p1a: Camus","|-heal|p1a: Camus|303/303 brn","|","|-heal|p2a: Tentacruel|244/301 brn|[from] item: Black Sludge","|-damage|p2a: Tentacruel|207/301 brn|[from] brn","|-damage|p1a: Camus|266/303 brn|[from] brn","|turn|12","|","|switch|p2a: Swampert|Swampert-Mega, F|341/341","|-status|p2a: Swampert|psn","|move|p1a: Camus|Calm Mind|p1a: Camus","|-boost|p1a: Camus|spa|1","|-boost|p1a: Camus|spd|1","|","|-damage|p2a: Swampert|299/341 psn|[from] psn","|-damage|p1a: Camus|229/303 brn|[from] brn","|turn|13","|","|move|p2a: Swampert|Earthquake|p1a: Camus","|-damage|p1a: Camus|78/303 brn","|move|p1a: Camus|Dark Pulse|p2a: Swampert","|-damage|p2a: Swampert|178/341 psn","|","|-damage|p2a: Swampert|136/341 psn|[from] psn","|-damage|p1a: Camus|41/303 brn|[from] brn","|turn|14","|","|move|p2a: Swampert|Waterfall|p1a: Camus","|-damage|p1a: Camus|0 fnt","|faint|p1a: Camus","|","|-damage|p2a: Swampert|94/341 psn|[from] psn","|","|switch|p1a: Gendar|Gengar, F|263/263","|turn|15","|","|move|p1a: Gendar|Shadow Ball|p2a: Swampert","|-damage|p2a: Swampert|0 fnt","|faint|p2a: Swampert","|","|","|switch|p2a: Tentacruel|Tentacruel, M|207/301 brn","|-sideend|p2: Priest♕Cactus|move: Toxic Spikes|[of] p2a: Tentacruel","|turn|16","|","|move|p1a: Gendar|Shadow Ball|p2a: Tentacruel","|-damage|p2a: Tentacruel|84/301 brn","|move|p2a: Tentacruel|Scald|p1a: Gendar","|-crit|p1a: Gendar","|-damage|p1a: Gendar|55/263","|","|-heal|p2a: Tentacruel|102/301 brn|[from] item: Black Sludge","|-damage|p2a: Tentacruel|65/301 brn|[from] brn","|turn|17","|","|move|p1a: Gendar|Shadow Ball|p2a: Tentacruel","|-damage|p2a: Tentacruel|0 fnt","|faint|p2a: Tentacruel","|","|","|switch|p2a: Keldeo|Keldeo|323/323","|turn|18","|","|move|p1a: Gendar|Destiny Bond|p1a: Gendar","|-singlemove|p1a: Gendar|Destiny Bond","|move|p2a: Keldeo|Surf|p1a: Gendar","|-damage|p1a: Gendar|0 fnt","|faint|p1a: Gendar","|-activate|p1a: Gendar|Destiny Bond","|faint|p2a: Keldeo","|","|","|switch|p1a: Summit|Golurk|321/321","|switch|p2a: Azumarill|Azumarill, M|404/404","|turn|19","|","|move|p1a: Summit|Dynamic Punch|p2a: Azumarill","|-resisted|p2a: Azumarill","|-damage|p2a: Azumarill|333/404","|-start|p2a: Azumarill|confusion","|-activate|p2a: Azumarill|confusion","|move|p2a: Azumarill|Belly Drum|p2a: Azumarill","|-damage|p2a: Azumarill|131/404","|-setboost|p2a: Azumarill|atk|6|[from] move: Belly Drum","|-enditem|p2a: Azumarill|Sitrus Berry|[eat]","|-heal|p2a: Azumarill|232/404|[from] item: Sitrus Berry","|","|turn|20","|","|-activate|p2a: Azumarill|confusion","|-damage|p2a: Azumarill|103/404|[from] confusion","|move|p1a: Summit|Earthquake|p2a: Azumarill","|-damage|p2a: Azumarill|0 fnt","|faint|p2a: Azumarill","|","|","|switch|p2a: Gyarados|Gyarados, F|331/331","|turn|21","|","|move|p2a: Gyarados|Waterfall|p1a: Summit","|-supereffective|p1a: Summit","|-enditem|p1a: Summit|Focus Sash","|-damage|p1a: Summit|1/321","|move|p1a: Summit|Stone Edge|p2a: Gyarados","|-supereffective|p2a: Gyarados","|-damage|p2a: Gyarados|39/331","|","|-heal|p2a: Gyarados|59/331|[from] item: Leftovers","|turn|22","|","|move|p2a: Gyarados|Waterfall|p1a: Summit","|-supereffective|p1a: Summit","|-damage|p1a: Summit|0 fnt","|faint|p1a: Summit","|-boost|p2a: Gyarados|atk|1|[from] ability: Moxie","|","|-heal|p2a: Gyarados|79/331|[from] item: Leftovers","|","|switch|p1a: Lurre|Chandelure, F|263/263","|turn|23","|","|move|p1a: Lurre|Shadow Ball|p2a: Gyarados","|-damage|p2a: Gyarados|0 fnt","|faint|p2a: Gyarados","|","|win|Void Remnant"],"p1rating":{"entryid":7346518,"formatid":"monotype","userid":"voidremnant","username":"Void Remnant","r":1500,"rd":130,"sigma":0,"rpr":1540.1606143388,"rprd":122.8583080769,"rpsigma":0,"rptime":1438506000,"w":1,"l":0,"t":0,"gxe":55,"acre":1040,"lacre":1040,"oldacre":1000},"p2rating":{"entryid":7346519,"formatid":"monotype","userid":"priestcactus","username":"Priest♕Cactus","r":1500,"rd":130,"sigma":0,"rpr":1459.8393856612,"rprd":122.8583080769,"rpsigma":0,"rptime":1438506000,"w":0,"l":1,"t":0,"gxe":45,"acre":1000,"lacre":1000,"oldacre":1000},"endType":"normal"}