{"seed":[47367,4694,45,37162],"turns":27,"p1":"Carnie Moe Sedah","p2":"Alliance - Healer","p1team":[{"name":"slice and dice","species":"bisharp","item":"choicescarf","ability":"Defiant","moves":["xscissor","nightslash","ironhead","brickbreak"],"nature":"Adamant","evs":{"hp":252,"atk":252,"def":0,"spa":0,"spd":4,"spe":0},"ivs":{"hp":31,"atk":31,"def":31,"spa":31,"spd":31,"spe":31}},{"name":"Hades","species":"hydreigon","item":"choicescarf","ability":"Levitate","moves":["darkpulse","uturn","flamethrower","flashcannon"],"nature":"Timid","evs":{"hp":0,"atk":0,"def":0,"spa":252,"spd":4,"spe":252},"ivs":{"hp":31,"atk":31,"def":31,"spa":31,"spd":30,"spe":31}},{"name":"wheres me diamonds","species":"sableye","item":"sablenite","ability":"Prankster","moves":["calmmind","darkpulse","recover","willowisp"],"nature":"Calm","evs":{"hp":248,"atk":0,"def":0,"spa":8,"spd":252,"spe":0},"ivs":{"hp":31,"atk":31,"def":31,"spa":31,"spd":31,"spe":31}},{"name":"Carnie-Reapz 3.0","species":"sharpedo","item":"focussash","ability":"Speed Boost","moves":["protect","waterfall","poisonjab","destinybond"],"nature":"Adamant","evs":{"hp":0,"atk":252,"def":0,"spa":0,"spd":4,"spe":252},"shiny":true,"ivs":{"hp":31,"atk":31,"def":31,"spa":31,"spd":31,"spe":31}},{"name":"this is a vulture","species":"mandibuzz","item":"leftovers","ability":"Overcoat","moves":["roost","steelwing","toxic","defog"],"nature":"Impish","evs":{"hp":252,"atk":4,"def":252,"spa":0,"spd":0,"spe":0},"ivs":{"hp":31,"atk":31,"def":31,"spa":31,"spd":31,"spe":31}},{"name":"FAIRY JANITOR","species":"drapion","item":"assaultvest","ability":"Battle Armor","moves":["earthquake","crunch","poisonjab","icefang"],"nature":"Adamant","evs":{"hp":248,"atk":252,"def":0,"spa":0,"spd":8,"spe":0},"ivs":{"hp":31,"atk":31,"def":31,"spa":31,"spd":31,"spe":31}}],"p2team":[{"name":"Ice elemental","species":"mamoswine","item":"lifeorb","ability":"Thick Fat","moves":["earthquake","iciclecrash","knockoff","iceshard"],"nature":"Jolly","evs":{"hp":4,"atk":252,"def":0,"spa":0,"spd":0,"spe":252},"gender":"F","ivs":{"hp":31,"atk":31,"def":31,"spa":31,"spd":31,"spe":31}},{"name":"Water elemental","species":"seismitoad","item":"assaultvest","ability":"Water Absorb","moves":["earthquake","drainpunch","knockoff","poisonjab"],"nature":"Careful","evs":{"hp":4,"atk":252,"def":0,"spa":0,"spd":252,"spe":0},"gender":"F","ivs":{"hp":31,"atk":31,"def":31,"spa":31,"spd":31,"spe":31}},{"name":"Fire elemental","species":"nidoking","item":"choicescarf","ability":"Sheer Force","moves":["sludgewave","flamethrower","thunderbolt","icebeam"],"nature":"Timid","evs":{"hp":4,"atk":0,"def":0,"spa":252,"spd":0,"spe":252},"ivs":{"hp":31,"atk":0,"def":31,"spa":31,"spd":31,"spe":31}},{"name":"Earth elemental","species":"hippowdon","item":"leftovers","ability":"Sand Stream","moves":["earthquake","stealthrock","slackoff","whirlwind"],"nature":"Impish","evs":{"hp":252,"atk":0,"def":252,"spa":0,"spd":4,"spe":0},"gender":"F","ivs":{"hp":31,"atk":31,"def":31,"spa":31,"spd":31,"spe":31}},{"name":"Thunder elemental","species":"excadrill","item":"choiceband","ability":"Sand Rush","moves":["ironhead","earthquake","rockslide","rapidspin"],"nature":"Adamant","evs":{"hp":4,"atk":252,"def":0,"spa":0,"spd":0,"spe":252},"gender":"F","ivs":{"hp":31,"atk":31,"def":31,"spa":31,"spd":31,"spe":31}},{"name":"Air elemental","species":"landorus","item":"lifeorb","ability":"Sheer Force","moves":["earthpower","sludgewave","rockslide","gravity"],"nature":"Naive","evs":{"hp":4,"atk":0,"def":0,"spa":252,"spd":0,"spe":252},"ivs":{"hp":31,"atk":0,"def":31,"spa":31,"spd":31,"spe":31}}],"log":["|player|p1|Carnie Moe Sedah|89","|player|p2|Alliance - Healer|144","|gametype|singles","|gen|6","|tier|Monotype","|rated","|rule|Baton Pass Clause: Limit one Baton Passer, can't pass Spe and other stats simultaneously","|rule|Swagger Clause: Swagger is banned","|rule|Same Type Clause: Pokémon in a team must share a type","|clearpoke","|poke|p1|Bisharp, F","|poke|p1|Hydreigon, F","|poke|p1|Sableye, M","|poke|p1|Sharpedo, M, shiny","|poke|p1|Mandibuzz, F","|poke|p1|Drapion, M","|poke|p2|Mamoswine, F","|poke|p2|Seismitoad, F","|poke|p2|Nidoking, M","|poke|p2|Hippowdon, F","|poke|p2|Excadrill, F","|poke|p2|Landorus, M","|rule|Sleep Clause Mod: Limit one foe put to sleep","|rule|Species Clause: Limit one of each Pokémon","|rule|OHKO Clause: OHKO moves are banned","|rule|Moody Clause: Moody is banned","|rule|Evasion Moves Clause: Evasion moves are banned","|rule|Endless Battle Clause: Forcing endless battles is banned","|rule|HP Percentage Mod: HP is shown in percentages","|teampreview","|","|start","|switch|p1a: this is a vulture|Mandibuzz, F|424/424","|switch|p2a: Air elemental|Landorus, M|320/320","|turn|1","|","|switch|p2a: Fire elemental|Nidoking, M|304/304","|move|p1a: this is a vulture|Toxic|p2a: Fire elemental","|-immune|p2a: Fire elemental|[msg]","|","|turn|2","|","|move|p2a: Fire elemental|Ice Beam|p1a: this is a vulture","|-supereffective|p1a: this is a vulture","|-damage|p1a: this is a vulture|206/424","|move|p1a: this is a vulture|Steel Wing|p2a: Fire elemental","|-damage|p2a: Fire elemental|259/304","|","|-heal|p1a: this is a vulture|232/424|[from] item: Leftovers","|turn|3","|","|switch|p2a: Earth elemental|Hippowdon, F|420/420","|-weather|Sandstorm","|move|p1a: this is a vulture|Steel Wing|p2a: Earth elemental","|-damage|p2a: Earth elemental|396/420","|","|-weather|Sandstorm|[upkeep]","|-heal|p1a: this is a vulture|258/424|[from] item: Leftovers","|-heal|p2a: Earth elemental|420/420|[from] item: Leftovers","|turn|4","|","|switch|p2a: Fire elemental|Nidoking, M|259/304","|move|p1a: this is a vulture|Toxic|p2a: Fire elemental","|-immune|p2a: Fire elemental|[msg]","|","|-weather|Sandstorm|[upkeep]","|-heal|p1a: this is a vulture|284/424|[from] item: Leftovers","|turn|5","|","|switch|p1a: FAIRY JANITOR|Drapion, M|343/343","|move|p2a: Fire elemental|Ice Beam|p1a: FAIRY JANITOR","|-damage|p1a: FAIRY JANITOR|251/343","|","|-weather|Sandstorm|[upkeep]","|-damage|p1a: FAIRY JANITOR|230/343|[from] sandstorm","|turn|6","|","|switch|p2a: Earth elemental|Hippowdon, F|420/420","|move|p1a: FAIRY JANITOR|Earthquake|p2a: Earth elemental","|-damage|p2a: Earth elemental|359/420","|","|-weather|Sandstorm|[upkeep]","|-damage|p1a: FAIRY JANITOR|209/343|[from] sandstorm","|-heal|p2a: Earth elemental|385/420|[from] item: Leftovers","|turn|7","|","|move|p1a: FAIRY JANITOR|Ice Fang|p2a: Earth elemental","|-supereffective|p2a: Earth elemental","|-damage|p2a: Earth elemental|305/420","|cant|p2a: Earth elemental|flinch","|","|-weather|none","|-heal|p2a: Earth elemental|331/420|[from] item: Leftovers","|turn|8","|","|move|p1a: FAIRY JANITOR|Ice Fang|p2a: Earth elemental","|-supereffective|p2a: Earth elemental","|-damage|p2a: Earth elemental|247/420","|-status|p2a: Earth elemental|frz","|cant|p2a: Earth elemental|frz","|","|-heal|p2a: Earth elemental|273/420 frz|[from] item: Leftovers","|turn|9","|","|move|p1a: FAIRY JANITOR|Crunch|p2a: Earth elemental","|-damage|p2a: Earth elemental|197/420 frz","|-curestatus|p2a: Earth elemental|frz","|move|p2a: Earth elemental|Stealth Rock|p1a: FAIRY JANITOR","|-sidestart|p1: Carnie Moe Sedah|move: Stealth Rock","|","|-heal|p2a: Earth elemental|223/420|[from] item: Leftovers","|turn|10","|","|move|p1a: FAIRY JANITOR|Ice Fang|p2a: Earth elemental","|-supereffective|p2a: Earth elemental","|-damage|p2a: Earth elemental|133/420","|move|p2a: Earth elemental|Slack Off|p2a: Earth elemental","|-heal|p2a: Earth elemental|343/420","|","|-heal|p2a: Earth elemental|369/420|[from] item: Leftovers","|turn|11","|","|switch|p2a: Ice elemental|Mamoswine, F|362/362","|move|p1a: FAIRY JANITOR|Ice Fang|p2a: Ice elemental","|-damage|p2a: Ice elemental|322/362","|","|turn|12","|","|move|p2a: Ice elemental|Earthquake|p1a: FAIRY JANITOR","|-supereffective|p1a: FAIRY JANITOR","|-damage|p1a: FAIRY JANITOR|0 fnt","|-damage|p2a: Ice elemental|286/362|[from] item: Life Orb","|faint|p1a: FAIRY JANITOR","|","|","|switch|p1a: this is a vulture|Mandibuzz, F|284/424","|-damage|p1a: this is a vulture|178/424|[from] Stealth Rock","|turn|13","|","|move|p2a: Ice elemental|Icicle Crash|p1a: this is a vulture","|-supereffective|p1a: this is a vulture","|-damage|p1a: this is a vulture|0 fnt","|-damage|p2a: Ice elemental|250/362|[from] item: Life Orb","|faint|p1a: this is a vulture","|","|","|switch|p1a: Carnie-Reapz 3.0|Sharpedo, M, shiny|281/281","|-damage|p1a: Carnie-Reapz 3.0|246/281|[from] Stealth Rock","|turn|14","|","|switch|p2a: Earth elemental|Hippowdon, F|369/420","|-weather|Sandstorm","|move|p1a: Carnie-Reapz 3.0|Protect|p1a: Carnie-Reapz 3.0","|-fail|p1a: Carnie-Reapz 3.0","|","|-weather|Sandstorm|[upkeep]","|-damage|p1a: Carnie-Reapz 3.0|229/281|[from] sandstorm","|-heal|p2a: Earth elemental|395/420|[from] item: Leftovers","|-boost|p1a: Carnie-Reapz 3.0|spe|1|[from] ability: Speed Boost","|turn|15","|","|move|p1a: Carnie-Reapz 3.0|Waterfall|p2a: Earth elemental","|-supereffective|p2a: Earth elemental","|-damage|p2a: Earth elemental|213/420","|move|p2a: Earth elemental|Earthquake|p1a: Carnie-Reapz 3.0","|-crit|p1a: Carnie-Reapz 3.0","|-damage|p1a: Carnie-Reapz 3.0|0 fnt","|faint|p1a: Carnie-Reapz 3.0","|","|-weather|Sandstorm|[upkeep]","|-heal|p2a: Earth elemental|239/420|[from] item: Leftovers","|","|switch|p1a: wheres me diamonds|Sableye, M|303/303","|-damage|p1a: wheres me diamonds|266/303|[from] Stealth Rock","|turn|16","|","|switch|p2a: Fire elemental|Nidoking, M|259/304","|detailschange|p1a: wheres me diamonds|Sableye-Mega, M","|-mega|p1a: wheres me diamonds|Sableye|Sablenite","|move|p1a: wheres me diamonds|Will-O-Wisp|p2a: Fire elemental","|-status|p2a: Fire elemental|brn","|","|-weather|Sandstorm|[upkeep]","|-damage|p1a: wheres me diamonds|248/303|[from] sandstorm","|-damage|p2a: Fire elemental|221/304 brn|[from] brn","|turn|17","|","|switch|p2a: Air elemental|Landorus, M|320/320","|move|p1a: wheres me diamonds|Calm Mind|p1a: wheres me diamonds","|-boost|p1a: wheres me diamonds|spa|1","|-boost|p1a: wheres me diamonds|spd|1","|","|-weather|Sandstorm|[upkeep]","|-damage|p1a: wheres me diamonds|230/303|[from] sandstorm","|turn|18","|","|move|p2a: Air elemental|Earth Power|p1a: wheres me diamonds","|-damage|p1a: wheres me diamonds|127/303","|move|p1a: wheres me diamonds|Dark Pulse|p2a: Air elemental","|-damage|p2a: Air elemental|146/320","|","|-weather|none","|turn|19","|","|switch|p2a: Earth elemental|Hippowdon, F|239/420","|-weather|Sandstorm","|move|p1a: wheres me diamonds|Recover|p1a: wheres me diamonds","|-heal|p1a: wheres me diamonds|279/303","|","|-weather|Sandstorm|[upkeep]","|-damage|p1a: wheres me diamonds|261/303|[from] sandstorm","|-heal|p2a: Earth elemental|265/420|[from] item: Leftovers","|turn|20","|","|switch|p2a: Fire elemental|Nidoking, M|221/304 brn","|move|p1a: wheres me diamonds|Calm Mind|p1a: wheres me diamonds","|-boost|p1a: wheres me diamonds|spa|1","|-boost|p1a: wheres me diamonds|spd|1","|","|-weather|Sandstorm|[upkeep]","|-damage|p1a: wheres me diamonds|243/303|[from] sandstorm","|-damage|p2a: Fire elemental|183/304 brn|[from] brn","|turn|21","|","|move|p2a: Fire elemental|Flamethrower|p1a: wheres me diamonds","|-damage|p1a: wheres me diamonds|206/303","|move|p1a: wheres me diamonds|Dark Pulse|p2a: Fire elemental","|-damage|p2a: Fire elemental|0 fnt","|faint|p2a: Fire elemental","|","|-weather|Sandstorm|[upkeep]","|-damage|p1a: wheres me diamonds|188/303|[from] sandstorm","|","|switch|p2a: Thunder elemental|Excadrill, F|362/362","|turn|22","|","|move|p2a: Thunder elemental|Earthquake|p1a: wheres me diamonds","|-damage|p1a: wheres me diamonds|0 fnt","|faint|p1a: wheres me diamonds","|","|-weather|Sandstorm|[upkeep]","|","|switch|p1a: slice and dice|Bisharp, F|334/334","|-damage|p1a: slice and dice|314/334|[from] Stealth Rock","|turn|23","|","|move|p2a: Thunder elemental|Earthquake|p1a: slice and dice","|-supereffective|p1a: slice and dice","|-damage|p1a: slice and dice|0 fnt","|faint|p1a: slice and dice","|","|-weather|none","|","|switch|p1a: Hades|Hydreigon, F|325/325","|-damage|p1a: Hades|285/325|[from] Stealth Rock","|turn|24","|","|switch|p2a: Air elemental|Landorus, M|146/320","|move|p1a: Hades|Flamethrower|p2a: Air elemental","|-damage|p2a: Air elemental|11/320","|","|turn|25","|","|move|p1a: Hades|Flamethrower|p2a: Air elemental","|-damage|p2a: Air elemental|0 fnt","|faint|p2a: Air elemental","|","|","|switch|p2a: Water elemental|Seismitoad, F|352/352","|turn|26","|","|move|p1a: Hades|Flamethrower|p2a: Water elemental","|-resisted|p2a: Water elemental","|-damage|p2a: Water elemental|323/352","|move|p2a: Water elemental|Drain Punch|p1a: Hades","|-supereffective|p1a: Hades","|-damage|p1a: Hades|121/325","|-heal|p2a: Water elemental|352/352|[from] drain|[of] p1a: Hades","|","|turn|27","|","|move|p1a: Hades|Flamethrower|p2a: Water elemental","|-resisted|p2a: Water elemental","|-damage|p2a: Water elemental|322/352","|move|p2a: Water elemental|Drain Punch|p1a: Hades","|-supereffective|p1a: Hades","|-damage|p1a: Hades|0 fnt","|-heal|p2a: Water elemental|352/352|[from] drain|[of] p1a: Hades","|faint|p1a: Hades","|","|win|Alliance - Healer"],"p1rating":{"entryid":"7144790","serverid":"eos","formatid":"monotype","userid":"carniemoesedah","username":"Carnie Moe Sedah","w":"10","l":22,"t":"0","gxe":35.2,"r":"1336.1121183247","rd":"65.802143348134","sigma":"0","rptime":"1438506000","rpr":1383.0663845198,"rprd":63.267646809489,"rpsigma":"0","acre":1111.0961519196,"lacre":1111.0961519196,"oldacre":"1120.6775788302"},"p2rating":{"entryid":"5885761","serverid":"eos","formatid":"monotype","userid":"alliancehealer","username":"Alliance - Healer","w":57,"l":"16","t":"0","gxe":76.6,"r":"1723.6836019775","rd":"50.082747427158","sigma":"0","rptime":"1438506000","rpr":1725.1037122813,"rprd":49.902316603468,"rpsigma":"0","acre":1378.4030349027,"lacre":1378.4030349027,"oldacre":"1370.7378933743"},"endType":"normal"}