{"seed":[45424,33323,28868,14991],"turns":28,"p1":"Carnie Apexin","p2":"Kingdra-Chan","p1team":[{"name":"Jewl","species":"diancie","item":"diancite","ability":"Clear Body","moves":["diamondstorm","moonblast","healbell","earthpower"],"nature":"Hasty","evs":{"hp":0,"atk":4,"def":0,"spa":252,"spd":0,"spe":252},"ivs":{"hp":31,"atk":31,"def":31,"spa":31,"spd":31,"spe":31}},{"name":"Bun Bun","species":"azumarill","item":"sitrusberry","ability":"Huge Power","moves":["aquajet","aquatail","bellydrum","playrough"],"nature":"Adamant","evs":{"hp":252,"atk":252,"def":0,"spa":0,"spd":4,"spe":0},"gender":"F","shiny":true,"ivs":{"hp":31,"atk":31,"def":31,"spa":31,"spd":31,"spe":31}},{"name":"Flinch every day","species":"togekiss","item":"leftovers","ability":"Serene Grace","moves":["airslash","thunderwave","healbell","dazzlinggleam"],"nature":"Modest","evs":{"hp":252,"atk":0,"def":0,"spa":252,"spd":4,"spe":0},"gender":"F","ivs":{"hp":31,"atk":31,"def":31,"spa":31,"spd":31,"spe":31}},{"name":"senpai","species":"gardevoir","item":"choicespecs","ability":"Trace","moves":["focusblast","shadowball","moonblast","psychic"],"nature":"Modest","evs":{"hp":8,"atk":0,"def":0,"spa":252,"spd":0,"spe":248},"gender":"M","shiny":true,"ivs":{"hp":31,"atk":31,"def":31,"spa":31,"spd":31,"spe":31}},{"name":"Me rich","species":"klefki","item":"lightclay","ability":"Prankster","moves":["lightscreen","reflect","thunderwave","playrough"],"nature":"Impish","evs":{"hp":248,"atk":8,"def":252,"spa":0,"spd":0,"spe":0},"gender":"M","shiny":true,"ivs":{"hp":31,"atk":31,"def":31,"spa":31,"spd":31,"spe":31}},{"name":"aries","species":"whimsicott","item":"assaultvest","ability":"Infiltrator","moves":["hurricane","gigadrain","moonblast","knockoff"],"nature":"Naive","evs":{"hp":0,"atk":4,"def":0,"spa":252,"spd":0,"spe":252},"gender":"F","ivs":{"hp":31,"atk":31,"def":31,"spa":31,"spd":31,"spe":31}}],"p2team":[{"name":"Heracross","species":"Heracross","item":"heracronite","ability":"Swarm","moves":["bulletseed","rockblast","pinmissile","swordsdance"],"nature":"Adamant","evs":{"hp":252,"atk":252,"def":0,"spa":0,"spd":4,"spe":0},"ivs":{"hp":31,"atk":31,"def":31,"spa":31,"spd":31,"spe":31}},{"name":"Breloom","species":"Breloom","item":"focussash","ability":"Technician","moves":["spore","swordsdance","machpunch","bulletseed"],"nature":"Jolly","evs":{"hp":4,"atk":252,"def":0,"spa":0,"spd":0,"spe":252},"ivs":{"hp":31,"atk":31,"def":31,"spa":31,"spd":31,"spe":31}},{"name":"Conkeldurr","species":"Conkeldurr","item":"flameorb","ability":"Guts","moves":["icepunch","firepunch","thunderpunch","machpunch"],"nature":"Adamant","evs":{"hp":252,"atk":252,"def":4,"spa":0,"spd":0,"spe":0},"ivs":{"hp":31,"atk":31,"def":31,"spa":31,"spd":31,"spe":31}},{"name":"Lucario","species":"Lucario","item":"expertbelt","ability":"Justified","moves":["aurasphere","darkpulse","dragonpulse","flashcannon"],"nature":"","evs":{"hp":0,"atk":0,"def":0,"spa":0,"spd":0,"spe":0},"ivs":{"hp":31,"atk":31,"def":31,"spa":31,"spd":31,"spe":31}},{"name":"Cobalion","species":"Cobalion","item":"leftovers","ability":"Justified","moves":["honeclaws","stoneedge","closecombat","ironhead"],"nature":"Adamant","evs":{"hp":0,"atk":252,"def":252,"spa":0,"spd":0,"spe":4},"ivs":{"hp":31,"atk":31,"def":31,"spa":31,"spd":31,"spe":31}},{"name":"Combusken","species":"Combusken","item":"focussash","ability":"Speed Boost","moves":["protect","flamecharge","batonpass","firepunch"],"nature":"Jolly","evs":{"hp":252,"atk":0,"def":4,"spa":0,"spd":0,"spe":252},"ivs":{"hp":31,"atk":31,"def":31,"spa":31,"spd":31,"spe":31}}],"log":["|player|p1|Carnie Apexin|92","|player|p2|Kingdra-Chan|40","|gametype|singles","|gen|6","|tier|Monotype","|rated","|rule|Baton Pass Clause: Limit one Baton Passer, can't pass Spe and other stats simultaneously","|rule|Swagger Clause: Swagger is banned","|rule|Same Type Clause: Pokémon in a team must share a type","|clearpoke","|poke|p1|Diancie","|poke|p1|Azumarill, F, shiny","|poke|p1|Togekiss, F","|poke|p1|Gardevoir, M, shiny","|poke|p1|Klefki, M, shiny","|poke|p1|Whimsicott, F","|poke|p2|Heracross, F","|poke|p2|Breloom, F","|poke|p2|Conkeldurr, M","|poke|p2|Lucario, M","|poke|p2|Cobalion","|poke|p2|Combusken, M","|rule|Sleep Clause Mod: Limit one foe put to sleep","|rule|Species Clause: Limit one of each Pokémon","|rule|OHKO Clause: OHKO moves are banned","|rule|Moody Clause: Moody is banned","|rule|Evasion Moves Clause: Evasion moves are banned","|rule|Endless Battle Clause: Forcing endless battles is banned","|rule|HP Percentage Mod: HP is shown in percentages","|teampreview","|","|start","|switch|p1a: Me rich|Klefki, M, shiny|317/317","|switch|p2a: Combusken|Combusken, M|324/324","|turn|1","|","|move|p2a: Combusken|Protect|p2a: Combusken","|-singleturn|p2a: Combusken|Protect","|move|p1a: Me rich|Thunder Wave|p2a: Combusken","|-activate|p2a: Combusken|Protect","|","|-boost|p2a: Combusken|spe|1|[from] ability: Speed Boost","|turn|2","|","|move|p1a: Me rich|Thunder Wave|p2a: Combusken","|-status|p2a: Combusken|par","|move|p2a: Combusken|Flame Charge|p1a: Me rich","|-supereffective|p1a: Me rich","|-damage|p1a: Me rich|243/317","|-boost|p2a: Combusken|spe|1","|","|-boost|p2a: Combusken|spe|1|[from] ability: Speed Boost","|turn|3","|","|move|p1a: Me rich|Reflect|p1a: Me rich","|-sidestart|p1: Carnie Apexin|Reflect","|move|p2a: Combusken|Baton Pass|p2a: Combusken","|","|switch|p2a: Heracross|Heracross, F|364/364","|","|turn|4","|","|detailschange|p2a: Heracross|Heracross-Mega, F","|-mega|p2a: Heracross|Heracross|Heracronite","|move|p1a: Me rich|Thunder Wave|p2a: Heracross","|-status|p2a: Heracross|par","|move|p2a: Heracross|Bullet Seed|p1a: Me rich","|-resisted|p1a: Me rich","|-damage|p1a: Me rich|234/317","|-resisted|p1a: Me rich","|-damage|p1a: Me rich|225/317","|-resisted|p1a: Me rich","|-damage|p1a: Me rich|217/317","|-resisted|p1a: Me rich","|-damage|p1a: Me rich|209/317","|-resisted|p1a: Me rich","|-damage|p1a: Me rich|201/317","|-hitcount|p1a: Me rich|5","|","|turn|5","|","|move|p1a: Me rich|Light Screen|p1a: Me rich","|-sidestart|p1: Carnie Apexin|move: Light Screen","|move|p2a: Heracross|Swords Dance|p2a: Heracross","|-boost|p2a: Heracross|atk|2","|","|turn|6","|","|move|p1a: Me rich|Play Rough|p2a: Heracross","|-supereffective|p2a: Heracross","|-damage|p2a: Heracross|202/364 par","|-unboost|p2a: Heracross|atk|1","|move|p2a: Heracross|Pin Missile|p1a: Me rich","|-resisted|p1a: Me rich","|-damage|p1a: Me rich|193/317","|-resisted|p1a: Me rich","|-damage|p1a: Me rich|185/317","|-resisted|p1a: Me rich","|-damage|p1a: Me rich|175/317","|-resisted|p1a: Me rich","|-damage|p1a: Me rich|166/317","|-resisted|p1a: Me rich","|-damage|p1a: Me rich|157/317","|-hitcount|p1a: Me rich|5","|","|turn|7","|","|move|p1a: Me rich|Play Rough|p2a: Heracross","|-crit|p2a: Heracross","|-supereffective|p2a: Heracross","|-damage|p2a: Heracross|0 fnt","|faint|p2a: Heracross","|","|","|switch|p2a: Combusken|Combusken, M|324/324 par","|turn|8","|","|move|p1a: Me rich|Play Rough|p2a: Combusken","|-damage|p2a: Combusken|197/324 par","|move|p2a: Combusken|Flame Charge|p1a: Me rich","|-supereffective|p1a: Me rich","|-damage|p1a: Me rich|114/317","|-boost|p2a: Combusken|spe|1","|","|-boost|p2a: Combusken|spe|1|[from] ability: Speed Boost","|turn|9","|","|move|p1a: Me rich|Play Rough|p2a: Combusken","|-damage|p2a: Combusken|70/324 par","|cant|p2a: Combusken|par","|","|-boost|p2a: Combusken|spe|1|[from] ability: Speed Boost","|turn|10","|","|move|p1a: Me rich|Play Rough|p2a: Combusken|[miss]","|-miss|p1a: Me rich|p2a: Combusken","|cant|p2a: Combusken|par","|","|-sideend|p1: Carnie Apexin|Reflect","|-boost|p2a: Combusken|spe|1|[from] ability: Speed Boost","|turn|11","|","|move|p1a: Me rich|Reflect|p1a: Me rich","|-sidestart|p1: Carnie Apexin|Reflect","|move|p2a: Combusken|Baton Pass|p2a: Combusken","|","|switch|p2a: Conkeldurr|Conkeldurr, M|414/414","|","|-status|p2a: Conkeldurr|brn|[from] item: Flame Orb","|turn|12","|","|move|p2a: Conkeldurr|Fire Punch|p1a: Me rich","|-supereffective|p1a: Me rich","|-damage|p1a: Me rich|0 fnt","|faint|p1a: Me rich","|","|-damage|p2a: Conkeldurr|363/414 brn|[from] brn","|-sideend|p1: Carnie Apexin|move: Light Screen","|","|switch|p1a: Bun Bun|Azumarill, F, shiny|404/404","|turn|13","|","|move|p2a: Conkeldurr|Thunder Punch|p1a: Bun Bun","|-supereffective|p1a: Bun Bun","|-damage|p1a: Bun Bun|227/404","|move|p1a: Bun Bun|Belly Drum|p1a: Bun Bun","|-damage|p1a: Bun Bun|25/404","|-setboost|p1a: Bun Bun|atk|6|[from] move: Belly Drum","|-enditem|p1a: Bun Bun|Sitrus Berry|[eat]","|-heal|p1a: Bun Bun|126/404|[from] item: Sitrus Berry","|","|-damage|p2a: Conkeldurr|312/414 brn|[from] brn","|turn|14","|","|move|p2a: Conkeldurr|Mach Punch|p1a: Bun Bun","|-resisted|p1a: Bun Bun","|-damage|p1a: Bun Bun|92/404","|move|p1a: Bun Bun|Aqua Jet|p2a: Conkeldurr","|-damage|p2a: Conkeldurr|0 fnt","|faint|p2a: Conkeldurr","|","|","|switch|p2a: Breloom|Breloom, F|262/262","|turn|15","|","|move|p1a: Bun Bun|Aqua Jet|p2a: Breloom","|-resisted|p2a: Breloom","|-damage|p2a: Breloom|53/262","|move|p2a: Breloom|Spore|p1a: Bun Bun","|-status|p1a: Bun Bun|slp","|","|turn|16","|","|cant|p1a: Bun Bun|slp","|move|p2a: Breloom|Bullet Seed|p1a: Bun Bun","|-supereffective|p1a: Bun Bun","|-damage|p1a: Bun Bun|16/404 slp","|-crit|p1a: Bun Bun","|-supereffective|p1a: Bun Bun","|-damage|p1a: Bun Bun|0 fnt","|-hitcount|p1a: Bun Bun|2","|faint|p1a: Bun Bun","|","|","|switch|p1a: Flinch every day|Togekiss, F|374/374","|turn|17","|","|move|p2a: Breloom|Spore|p1a: Flinch every day","|-status|p1a: Flinch every day|slp","|cant|p1a: Flinch every day|slp","|","|turn|18","|","|switch|p1a: senpai|Gardevoir, M, shiny|279/279","|-ability|p1a: senpai|Technician|[from] ability: Trace|[of] p2a: Breloom","|move|p2a: Breloom|Swords Dance|p2a: Breloom","|-boost|p2a: Breloom|atk|2","|","|-sideend|p1: Carnie Apexin|Reflect","|turn|19","|","|move|p2a: Breloom|Bullet Seed|p1a: senpai","|-damage|p1a: senpai|80/279","|-damage|p1a: senpai|0 fnt","|-hitcount|p1a: senpai|2","|faint|p1a: senpai","|","|","|switch|p1a: aries|Whimsicott, F|261/261","|turn|20","|","|move|p1a: aries|Moonblast|p2a: Breloom","|-supereffective|p2a: Breloom","|-damage|p2a: Breloom|0 fnt","|faint|p2a: Breloom","|","|","|switch|p2a: Combusken|Combusken, M|70/324 par","|turn|21","|","|move|p2a: Combusken|Protect|p2a: Combusken","|-singleturn|p2a: Combusken|Protect","|move|p1a: aries|Hurricane|p2a: Combusken","|-activate|p2a: Combusken|Protect","|","|-boost|p2a: Combusken|spe|1|[from] ability: Speed Boost","|turn|22","|","|move|p1a: aries|Hurricane|p2a: Combusken","|-crit|p2a: Combusken","|-supereffective|p2a: Combusken","|-damage|p2a: Combusken|0 fnt","|faint|p2a: Combusken","|","|","|switch|p2a: Lucario|Lucario, M|281/281","|turn|23","|","|move|p1a: aries|Knock Off|p2a: Lucario","|-resisted|p2a: Lucario","|-damage|p2a: Lucario|246/281","|-boost|p2a: Lucario|atk|1|[from] ability: Justified","|-enditem|p2a: Lucario|Expert Belt|[from] move: Knock Off|[of] p1a: aries","|move|p2a: Lucario|Flash Cannon|p1a: aries","|-supereffective|p1a: aries","|-damage|p1a: aries|45/261","|","|turn|24","|","|move|p1a: aries|Hurricane|p2a: Lucario","|-damage|p2a: Lucario|127/281","|move|p2a: Lucario|Flash Cannon|p1a: aries","|-supereffective|p1a: aries","|-damage|p1a: aries|0 fnt","|faint|p1a: aries","|","|","|switch|p1a: Jewl|Diancie|241/241","|turn|25","|","|detailschange|p1a: Jewl|Diancie-Mega","|-mega|p1a: Jewl|Diancie|Diancite","|move|p1a: Jewl|Earth Power|p2a: Lucario","|-supereffective|p2a: Lucario","|-damage|p2a: Lucario|0 fnt","|faint|p2a: Lucario","|","|","|switch|p2a: Cobalion|Cobalion|323/323","|turn|26","|","|move|p1a: Jewl|Earth Power|p2a: Cobalion","|-supereffective|p2a: Cobalion","|-damage|p2a: Cobalion|19/323","|move|p2a: Cobalion|Iron Head|p1a: Jewl","|-supereffective|p1a: Jewl","|-damage|p1a: Jewl|0 fnt","|faint|p1a: Jewl","|","|-heal|p2a: Cobalion|39/323|[from] item: Leftovers","|","|switch|p1a: Flinch every day|Togekiss, F|374/374 slp","|turn|27","|","|move|p2a: Cobalion|Iron Head|p1a: Flinch every day","|-supereffective|p1a: Flinch every day","|-damage|p1a: Flinch every day|126/374 slp","|cant|p1a: Flinch every day|slp","|","|-heal|p2a: Cobalion|59/323|[from] item: Leftovers","|-heal|p1a: Flinch every day|149/374 slp|[from] item: Leftovers","|turn|28","|","|move|p2a: Cobalion|Iron Head|p1a: Flinch every day","|-supereffective|p1a: Flinch every day","|-damage|p1a: Flinch every day|0 fnt","|faint|p1a: Flinch every day","|","|win|Kingdra-Chan"],"p1rating":{"entryid":"7057897","serverid":"eos","formatid":"monotype","userid":"carnieapexin","username":"Carnie Apexin","w":"19","l":40,"t":"1","gxe":33.9,"r":1376.9838471621,"rd":47.426027485232,"sigma":"0","rptime":1438506000,"rpr":1372.9488905603,"rprd":47.089789109942,"rpsigma":"0","acre":1039.219991069,"lacre":1039.219991069,"oldacre":"1061.8207335265"},"p2rating":{"entryid":"7342413","serverid":"eos","formatid":"monotype","userid":"kingdrachan","username":"Kingdra-Chan","w":2,"l":"4","t":"0","gxe":40.1,"r":"1500","rd":"130","sigma":"0","rptime":"1438506000","rpr":1421.8568690724,"rprd":99.005174466651,"rpsigma":"0","acre":1047.9171651402,"lacre":1047.9171651402,"oldacre":"1001.2266636888"},"endType":"normal"}