{"seed":[27770,2672,8879,45112],"turns":32,"p1":"Carnie Moe Sedah","p2":"Emg dooms","p1team":[{"name":"slice and dice","species":"bisharp","item":"leftovers","ability":"Defiant","moves":["swordsdance","suckerpunch","ironhead","brickbreak"],"nature":"Adamant","evs":{"hp":252,"atk":252,"def":0,"spa":0,"spd":4,"spe":0},"ivs":{"hp":31,"atk":31,"def":31,"spa":31,"spd":31,"spe":31}},{"name":"Hades","species":"hydreigon","item":"lifeorb","ability":"Levitate","moves":["darkpulse","roost","flamethrower","hiddenpowersteel"],"nature":"Timid","evs":{"hp":0,"atk":0,"def":0,"spa":252,"spd":4,"spe":252},"ivs":{"hp":31,"atk":31,"def":31,"spa":31,"spd":30,"spe":31}},{"name":"wheres me diamonds","species":"sableye","item":"sablenite","ability":"Prankster","moves":["calmmind","shadowball","recover","willowisp"],"nature":"Calm","evs":{"hp":248,"atk":0,"def":0,"spa":8,"spd":252,"spe":0},"ivs":{"hp":31,"atk":31,"def":31,"spa":31,"spd":31,"spe":31}},{"name":"Carnie-Reapz 2.0","species":"scrafty","item":"focussash","ability":"Moxie","moves":["dragondance","drainpunch","poisonjab","bulkup"],"nature":"Adamant","evs":{"hp":0,"atk":252,"def":0,"spa":0,"spd":4,"spe":252},"ivs":{"hp":31,"atk":31,"def":31,"spa":31,"spd":31,"spe":31}},{"name":"this is a vulture","species":"mandibuzz","item":"leftovers","ability":"Overcoat","moves":["roost","knockoff","toxic","defog"],"nature":"Impish","evs":{"hp":252,"atk":4,"def":252,"spa":0,"spd":0,"spe":0},"ivs":{"hp":31,"atk":31,"def":31,"spa":31,"spd":31,"spe":31}},{"name":"FAIRY JANITOR","species":"drapion","item":"assaultvest","ability":"Battle Armor","moves":["earthquake","crunch","poisonjab","icefang"],"nature":"Adamant","evs":{"hp":248,"atk":252,"def":0,"spa":0,"spd":8,"spe":0},"ivs":{"hp":31,"atk":31,"def":31,"spa":31,"spd":31,"spe":31}}],"p2team":[{"name":"Drago","species":"dragonite","item":"choiceband","ability":"Multiscale","moves":["extremespeed","outrage","ironhead","earthquake"],"nature":"Jolly","evs":{"hp":4,"atk":252,"def":0,"spa":0,"spd":0,"spe":252},"gender":"M","ivs":{"hp":31,"atk":31,"def":31,"spa":31,"spd":31,"spe":31}},{"name":"Mandi","species":"mandibuzz","item":"rockyhelmet","ability":"Overcoat","moves":["taunt","foulplay","defog","roost"],"nature":"Bold","evs":{"hp":252,"atk":0,"def":252,"spa":0,"spd":0,"spe":4},"ivs":{"hp":31,"atk":31,"def":31,"spa":31,"spd":31,"spe":31}},{"name":"Thundurus-Therian","species":"Thundurus-Therian","item":"assaultvest","ability":"Volt Absorb","moves":["voltswitch","discharge","grassknot","hiddenpowerice"],"nature":"Timid","evs":{"hp":0,"atk":0,"def":0,"spa":252,"spd":4,"spe":252},"ivs":{"hp":31,"atk":30,"def":30,"spa":31,"spd":31,"spe":31}},{"name":"Down","species":"charizard","item":"charizarditey","ability":"Blaze","moves":["flamethrower","solarbeam","earthquake","overheat"],"nature":"Timid","evs":{"hp":4,"atk":0,"def":0,"spa":252,"spd":0,"spe":252},"gender":"M","ivs":{"hp":31,"atk":31,"def":31,"spa":31,"spd":31,"spe":31}},{"name":"Landorus-Therian","species":"Landorus-Therian","item":"choicescarf","ability":"Intimidate","moves":["uturn","rockslide","earthquake","outrage"],"nature":"Jolly","evs":{"hp":4,"atk":252,"def":0,"spa":0,"spd":0,"spe":252},"ivs":{"hp":31,"atk":31,"def":31,"spa":31,"spd":31,"spe":31}},{"name":"Arche","species":"archeops","item":"focussash","ability":"Defeatist","moves":["taunt","stealthrock","defog","endeavor"],"nature":"Naive","evs":{"hp":0,"atk":252,"def":0,"spa":0,"spd":0,"spe":252},"gender":"M","ivs":{"hp":0,"atk":31,"def":0,"spa":0,"spd":0,"spe":31}}],"log":["|player|p1|Carnie Moe Sedah|89","|player|p2|Emg dooms|154","|gametype|singles","|gen|6","|tier|Monotype","|rated","|rule|Baton Pass Clause: Limit one Baton Passer, can't pass Spe and other stats simultaneously","|rule|Swagger Clause: Swagger is banned","|rule|Same Type Clause: Pokémon in a team must share a type","|clearpoke","|poke|p1|Bisharp, M","|poke|p1|Hydreigon, M","|poke|p1|Sableye, M","|poke|p1|Scrafty, F","|poke|p1|Mandibuzz, F","|poke|p1|Drapion, M","|poke|p2|Dragonite, M","|poke|p2|Mandibuzz, F","|poke|p2|Thundurus-Therian, M","|poke|p2|Charizard, M","|poke|p2|Landorus-Therian, M","|poke|p2|Archeops, M","|rule|Sleep Clause Mod: Limit one foe put to sleep","|rule|Species Clause: Limit one of each Pokémon","|rule|OHKO Clause: OHKO moves are banned","|rule|Moody Clause: Moody is banned","|rule|Evasion Moves Clause: Evasion moves are banned","|rule|Endless Battle Clause: Forcing endless battles is banned","|rule|HP Percentage Mod: HP is shown in percentages","|teampreview","|","|start","|switch|p1a: Carnie-Reapz 2.0|Scrafty, F|271/271","|switch|p2a: Drago|Dragonite, M|324/324","|turn|1","|","|move|p2a: Drago|Outrage|p1a: Carnie-Reapz 2.0","|-enditem|p1a: Carnie-Reapz 2.0|Focus Sash","|-damage|p1a: Carnie-Reapz 2.0|1/271","|move|p1a: Carnie-Reapz 2.0|Dragon Dance|p1a: Carnie-Reapz 2.0","|-boost|p1a: Carnie-Reapz 2.0|atk|1","|-boost|p1a: Carnie-Reapz 2.0|spe|1","|","|turn|2","|","|move|p1a: Carnie-Reapz 2.0|Poison Jab|p2a: Drago","|-damage|p2a: Drago|256/324","|-status|p2a: Drago|psn","|move|p2a: Drago|Outrage|p1a: Carnie-Reapz 2.0|[from]lockedmove","|-damage|p1a: Carnie-Reapz 2.0|0 fnt","|faint|p1a: Carnie-Reapz 2.0","|","|-damage|p2a: Drago|216/324 psn|[from] psn","|","|switch|p1a: this is a vulture|Mandibuzz, F|424/424","|turn|3","|","|move|p2a: Drago|Outrage|p1a: this is a vulture|[from]lockedmove","|-damage|p1a: this is a vulture|180/424","|-start|p2a: Drago|confusion|[fatigue]","|move|p1a: this is a vulture|Knock Off|p2a: Drago","|-damage|p2a: Drago|137/324 psn","|-enditem|p2a: Drago|Choice Band|[from] move: Knock Off|[of] p1a: this is a vulture","|","|-heal|p1a: this is a vulture|206/424|[from] item: Leftovers","|-damage|p2a: Drago|97/324 psn|[from] psn","|turn|4","|","|-activate|p2a: Drago|confusion","|-damage|p2a: Drago|46/324 psn|[from] confusion","|move|p1a: this is a vulture|Roost|p1a: this is a vulture","|-heal|p1a: this is a vulture|418/424","|","|-heal|p1a: this is a vulture|424/424|[from] item: Leftovers","|-damage|p2a: Drago|6/324 psn|[from] psn","|turn|5","|","|-activate|p2a: Drago|confusion","|-damage|p2a: Drago|0 fnt|[from] confusion","|faint|p2a: Drago","|move|p1a: this is a vulture|Roost|p1a: this is a vulture","|-fail|p1a: this is a vulture","|","|","|switch|p2a: Thundurus-Therian|Thundurus-Therian, M|299/299","|turn|6","|","|move|p2a: Thundurus-Therian|Discharge|p1a: this is a vulture","|-supereffective|p1a: this is a vulture","|-damage|p1a: this is a vulture|80/424","|-status|p1a: this is a vulture|par","|move|p1a: this is a vulture|Toxic|p2a: Thundurus-Therian","|-status|p2a: Thundurus-Therian|tox","|","|-heal|p1a: this is a vulture|106/424 par|[from] item: Leftovers","|-damage|p2a: Thundurus-Therian|281/299 tox|[from] psn","|turn|7","|","|move|p2a: Thundurus-Therian|Volt Switch|p1a: this is a vulture","|-supereffective|p1a: this is a vulture","|-damage|p1a: this is a vulture|0 fnt","|faint|p1a: this is a vulture","|","|switch|p2a: Down|Charizard, M|298/298","|","|","|switch|p1a: wheres me diamonds|Sableye, M|303/303","|turn|8","|","|detailschange|p2a: Down|Charizard-Mega-Y, M","|-mega|p2a: Down|Charizard|Charizardite Y","|-weather|SunnyDay","|detailschange|p1a: wheres me diamonds|Sableye-Mega, M","|-mega|p1a: wheres me diamonds|Sableye|Sablenite","|move|p1a: wheres me diamonds|Calm Mind|p1a: wheres me diamonds","|-boost|p1a: wheres me diamonds|spa|1","|-boost|p1a: wheres me diamonds|spd|1","|move|p2a: Down|Overheat|p1a: wheres me diamonds","|-damage|p1a: wheres me diamonds|135/303","|-unboost|p2a: Down|spa|2","|","|-weather|SunnyDay|[upkeep]","|turn|9","|","|switch|p2a: Landorus-Therian|Landorus-Therian, M|320/320","|-ability|p2a: Landorus-Therian|Intimidate","|-unboost|p1a: wheres me diamonds|atk|1","|move|p1a: wheres me diamonds|Recover|p1a: wheres me diamonds","|-heal|p1a: wheres me diamonds|287/303","|","|-weather|SunnyDay|[upkeep]","|turn|10","|","|move|p2a: Landorus-Therian|Outrage|p1a: wheres me diamonds","|-damage|p1a: wheres me diamonds|160/303","|move|p1a: wheres me diamonds|Calm Mind|p1a: wheres me diamonds","|-boost|p1a: wheres me diamonds|spa|1","|-boost|p1a: wheres me diamonds|spd|1","|","|-weather|SunnyDay|[upkeep]","|turn|11","|","|move|p2a: Landorus-Therian|Outrage|p1a: wheres me diamonds|[from]lockedmove","|-damage|p1a: wheres me diamonds|27/303","|-start|p2a: Landorus-Therian|confusion|[fatigue]","|move|p1a: wheres me diamonds|Recover|p1a: wheres me diamonds","|-heal|p1a: wheres me diamonds|179/303","|","|-weather|SunnyDay|[upkeep]","|turn|12","|","|switch|p2a: Down|Charizard-Mega-Y, M|298/298","|move|p1a: wheres me diamonds|Recover|p1a: wheres me diamonds","|-heal|p1a: wheres me diamonds|303/303","|","|-weather|none","|turn|13","|","|move|p2a: Down|Overheat|p1a: wheres me diamonds|[miss]","|-miss|p2a: Down|p1a: wheres me diamonds","|move|p1a: wheres me diamonds|Calm Mind|p1a: wheres me diamonds","|-boost|p1a: wheres me diamonds|spa|1","|-boost|p1a: wheres me diamonds|spd|1","|","|turn|14","|","|switch|p2a: Landorus-Therian|Landorus-Therian, M|320/320","|-ability|p2a: Landorus-Therian|Intimidate","|-unboost|p1a: wheres me diamonds|atk|1","|move|p1a: wheres me diamonds|Calm Mind|p1a: wheres me diamonds","|-boost|p1a: wheres me diamonds|spa|1","|-boost|p1a: wheres me diamonds|spd|1","|","|turn|15","|","|move|p2a: Landorus-Therian|Rock Slide|p1a: wheres me diamonds","|-damage|p1a: wheres me diamonds|222/303","|move|p1a: wheres me diamonds|Shadow Ball|p2a: Landorus-Therian","|-damage|p2a: Landorus-Therian|47/320","|","|turn|16","|","|move|p2a: Landorus-Therian|Rock Slide|p1a: wheres me diamonds","|-damage|p1a: wheres me diamonds|136/303","|cant|p1a: wheres me diamonds|flinch","|","|turn|17","|","|move|p2a: Landorus-Therian|Rock Slide|p1a: wheres me diamonds","|-damage|p1a: wheres me diamonds|52/303","|cant|p1a: wheres me diamonds|flinch","|","|turn|18","|","|move|p2a: Landorus-Therian|Rock Slide|p1a: wheres me diamonds","|-damage|p1a: wheres me diamonds|0 fnt","|faint|p1a: wheres me diamonds","|","|","|switch|p1a: slice and dice|Bisharp, M|334/334","|turn|19","|","|switch|p2a: Down|Charizard-Mega-Y, M|298/298","|-weather|SunnyDay","|move|p1a: slice and dice|Swords Dance|p1a: slice and dice","|-boost|p1a: slice and dice|atk|2","|","|-weather|SunnyDay|[upkeep]","|turn|20","|","|move|p1a: slice and dice|Sucker Punch|p2a: Down","|-damage|p2a: Down|0 fnt","|faint|p2a: Down","|","|-weather|SunnyDay|[upkeep]","|","|switch|p2a: Arche|Archeops, M|260/260","|turn|21","|","|move|p1a: slice and dice|Sucker Punch|p2a: Arche","|-fail|p1a: slice and dice","|move|p2a: Arche|Taunt|p1a: slice and dice","|-start|p1a: slice and dice|move: Taunt","|","|-weather|SunnyDay|[upkeep]","|turn|22","|","|move|p1a: slice and dice|Sucker Punch|p2a: Arche","|-enditem|p2a: Arche|Focus Sash","|-damage|p2a: Arche|1/260","|move|p2a: Arche|Endeavor|p1a: slice and dice","|-damage|p1a: slice and dice|1/334","|","|-weather|SunnyDay|[upkeep]","|-heal|p1a: slice and dice|21/334|[from] item: Leftovers","|turn|23","|","|move|p1a: slice and dice|Sucker Punch|p2a: Arche","|-fail|p1a: slice and dice","|move|p2a: Arche|Stealth Rock|p1a: slice and dice","|-sidestart|p1: Carnie Moe Sedah|move: Stealth Rock","|","|-weather|none","|-heal|p1a: slice and dice|41/334|[from] item: Leftovers","|turn|24","|","|move|p1a: slice and dice|Sucker Punch|p2a: Arche","|-damage|p2a: Arche|0 fnt","|faint|p2a: Arche","|","|-heal|p1a: slice and dice|61/334|[from] item: Leftovers","|-end|p1a: slice and dice|move: Taunt","|","|switch|p2a: Mandi|Mandibuzz, F|424/424","|turn|25","|","|move|p2a: Mandi|Foul Play|p1a: slice and dice","|-resisted|p1a: slice and dice","|-damage|p1a: slice and dice|0 fnt","|faint|p1a: slice and dice","|","|","|switch|p1a: FAIRY JANITOR|Drapion, M|343/343","|-damage|p1a: FAIRY JANITOR|301/343|[from] Stealth Rock","|turn|26","|","|move|p1a: FAIRY JANITOR|Ice Fang|p2a: Mandi","|-supereffective|p2a: Mandi","|-damage|p2a: Mandi|330/424","|-damage|p1a: FAIRY JANITOR|244/343|[from] item: Rocky Helmet|[of] p2a: Mandi","|-status|p2a: Mandi|frz","|cant|p2a: Mandi|frz","|","|turn|27","|","|move|p1a: FAIRY JANITOR|Ice Fang|p2a: Mandi","|-supereffective|p2a: Mandi","|-damage|p2a: Mandi|232/424 frz","|-damage|p1a: FAIRY JANITOR|187/343|[from] item: Rocky Helmet|[of] p2a: Mandi","|cant|p2a: Mandi|frz","|","|turn|28","|","|move|p1a: FAIRY JANITOR|Poison Jab|p2a: Mandi","|-damage|p2a: Mandi|154/424 frz","|-damage|p1a: FAIRY JANITOR|130/343|[from] item: Rocky Helmet|[of] p2a: Mandi","|cant|p2a: Mandi|frz","|","|turn|29","|","|move|p1a: FAIRY JANITOR|Crunch|p2a: Mandi","|-resisted|p2a: Mandi","|-damage|p2a: Mandi|109/424 frz","|-damage|p1a: FAIRY JANITOR|73/343|[from] item: Rocky Helmet|[of] p2a: Mandi","|-unboost|p2a: Mandi|def|1","|cant|p2a: Mandi|frz","|","|turn|30","|","|move|p1a: FAIRY JANITOR|Ice Fang|p2a: Mandi","|-supereffective|p2a: Mandi","|-damage|p2a: Mandi|0 fnt","|-damage|p1a: FAIRY JANITOR|16/343|[from] item: Rocky Helmet|[of] p2a: Mandi","|faint|p2a: Mandi","|","|","|switch|p2a: Landorus-Therian|Landorus-Therian, M|47/320","|-ability|p2a: Landorus-Therian|Intimidate","|-unboost|p1a: FAIRY JANITOR|atk|1","|turn|31","|","|move|p2a: Landorus-Therian|Outrage|p1a: FAIRY JANITOR","|-damage|p1a: FAIRY JANITOR|0 fnt","|faint|p1a: FAIRY JANITOR","|","|","|switch|p1a: Hades|Hydreigon, M|325/325","|-damage|p1a: Hades|285/325|[from] Stealth Rock","|turn|32","|","|move|p2a: Landorus-Therian|Outrage|p1a: Hades|[from]lockedmove","|-supereffective|p1a: Hades","|-damage|p1a: Hades|0 fnt","|-start|p2a: Landorus-Therian|confusion|[fatigue]","|faint|p1a: Hades","|","|win|Emg dooms"],"p1rating":{"entryid":"7144790","serverid":"eos","formatid":"monotype","userid":"carniemoesedah","username":"Carnie Moe Sedah","w":"7","l":18,"t":"0","gxe":32.1,"r":"1369.4744347767","rd":"70.409511304174","sigma":"0","rptime":"1438419600","rpr":1356.3604152756,"rprd":68.59802558739,"rpsigma":"0","acre":1068.9365330938,"lacre":1068.9365330938,"oldacre":"1101.0064668038"},"p2rating":{"entryid":"7246156","serverid":"eos","formatid":"monotype","userid":"emgdooms","username":"Emg dooms","w":1,"l":"3","t":"0","gxe":42.1,"r":1408.9410269613,"rd":111.42064868144,"sigma":"0","rptime":1438419600,"rpr":1437.2259840439,"rprd":106.39223971553,"rpsigma":"0","acre":1051.311893936,"lacre":1051.311893936,"oldacre":"1000"},"endType":"normal"}