{"seed":[46035,48409,51100,6869],"turns":35,"p1":"Alliance-C-Control","p2":"OSMG","p1team":[{"name":"Raichu","species":"Raichu","item":"custapberry","ability":"Lightning Rod","moves":["brickbreak","endure","fakeout","flail"],"nature":"Jolly","evs":{"hp":0,"atk":252,"def":0,"spa":0,"spd":4,"spe":252},"ivs":{"hp":31,"atk":31,"def":31,"spa":31,"spd":31,"spe":31}},{"name":"Thundurus","species":"Thundurus","item":"leftovers","ability":"Prankster","moves":["flashcannon","thunderbolt","thunderwave","psychic"],"nature":"Timid","evs":{"hp":0,"atk":0,"def":0,"spa":252,"spd":4,"spe":252},"ivs":{"hp":31,"atk":31,"def":31,"spa":31,"spd":31,"spe":31}},{"name":"Magnezone","species":"Magnezone","item":"choicescarf","ability":"Sturdy","moves":["flashcannon","hiddenpowerice","voltswitch","mirrorcoat"],"nature":"Timid","evs":{"hp":0,"atk":0,"def":0,"spa":252,"spd":4,"spe":252},"ivs":{"hp":31,"atk":30,"def":30,"spa":31,"spd":31,"spe":31}},{"name":"Zapdos","species":"Zapdos","item":"rockyhelmet","ability":"Pressure","moves":["defog","roost","heatwave","voltswitch"],"nature":"Modest","evs":{"hp":248,"atk":0,"def":0,"spa":252,"spd":8,"spe":0},"ivs":{"hp":31,"atk":31,"def":31,"spa":31,"spd":31,"spe":31}},{"name":"Rotom-Wash","species":"Rotom-Wash","item":"leftovers","ability":"Levitate","moves":["hydropump","painsplit","willowisp","voltswitch"],"nature":"Bold","evs":{"hp":252,"atk":0,"def":252,"spa":4,"spd":0,"spe":0},"ivs":{"hp":31,"atk":31,"def":31,"spa":31,"spd":31,"spe":31}},{"name":"Electivire","species":"Electivire","item":"custapberry","ability":"Vital Spirit","moves":["earthquake","icepunch","thunderpunch","facade"],"nature":"Adamant","evs":{"hp":248,"atk":252,"def":0,"spa":0,"spd":8,"spe":0},"ivs":{"hp":31,"atk":31,"def":31,"spa":31,"spd":31,"spe":31}}],"p2team":[{"name":"Sharpedo","species":"Sharpedo","item":"sharpedonite","ability":"Speed Boost","moves":["protect","crunch","hydropump","icefang"],"nature":"Lonely","evs":{"hp":0,"atk":252,"def":0,"spa":32,"spd":0,"spe":224},"ivs":{"hp":31,"atk":31,"def":31,"spa":31,"spd":31,"spe":31}},{"name":"Empoleon","species":"Empoleon","item":"leftovers","ability":"Torrent","moves":["scald","stealthrock","defog","roar"],"nature":"Calm","evs":{"hp":250,"atk":0,"def":0,"spa":4,"spd":252,"spe":0},"ivs":{"hp":31,"atk":31,"def":31,"spa":31,"spd":31,"spe":31}},{"name":"Starmie","species":"Starmie","item":"expertbelt","ability":"Natural Cure","moves":["grassknot","hiddenpowerfire","psyshock","reflecttype"],"nature":"Timid","evs":{"hp":0,"atk":0,"def":0,"spa":252,"spd":4,"spe":252},"ivs":{"hp":31,"atk":30,"def":31,"spa":30,"spd":31,"spe":30}},{"name":"Rotom-Wash","species":"Rotom-Wash","item":"leftovers","ability":"Levitate","moves":["voltswitch","hydropump","willowisp","painsplit"],"nature":"Bold","evs":{"hp":248,"atk":0,"def":252,"spa":0,"spd":0,"spe":8},"ivs":{"hp":31,"atk":31,"def":31,"spa":31,"spd":31,"spe":31}},{"name":"Gyarados","species":"Gyarados","item":"leftovers","ability":"Intimidate","moves":["substitute","dragondance","waterfall","bounce"],"nature":"Adamant","evs":{"hp":88,"atk":192,"def":4,"spa":0,"spd":0,"spe":224},"ivs":{"hp":31,"atk":31,"def":31,"spa":31,"spd":31,"spe":31}},{"name":"Swampert","species":"Swampert","item":"leftovers","ability":"Torrent","moves":["stealthrock","earthquake","scald","roar"],"nature":"Relaxed","evs":{"hp":240,"atk":16,"def":252,"spa":0,"spd":0,"spe":0},"ivs":{"hp":31,"atk":31,"def":31,"spa":31,"spd":31,"spe":31}}],"log":["|player|p1|Alliance-C-Control|190","|player|p2|OSMG|159","|gametype|singles","|gen|6","|tier|Monotype","|rated","|rule|Baton Pass Clause: Limit one Baton Passer, can't pass Spe and other stats simultaneously","|rule|Swagger Clause: Swagger is banned","|rule|Same Type Clause: Pokémon in a team must share a type","|clearpoke","|poke|p1|Raichu, M","|poke|p1|Thundurus, M","|poke|p1|Magnezone","|poke|p1|Zapdos","|poke|p1|Rotom-Wash","|poke|p1|Electivire, M","|poke|p2|Sharpedo, M","|poke|p2|Empoleon, M","|poke|p2|Starmie","|poke|p2|Rotom-Wash","|poke|p2|Gyarados, F","|poke|p2|Swampert, M","|rule|Sleep Clause Mod: Limit one foe put to sleep","|rule|Species Clause: Limit one of each Pokémon","|rule|OHKO Clause: OHKO moves are banned","|rule|Moody Clause: Moody is banned","|rule|Evasion Moves Clause: Evasion moves are banned","|rule|Endless Battle Clause: Forcing endless battles is banned","|rule|HP Percentage Mod: HP is shown in percentages","|teampreview","|","|start","|switch|p1a: Thundurus|Thundurus, M|299/299","|switch|p2a: Swampert|Swampert, M|401/401","|turn|1","|","|switch|p1a: Raichu|Raichu, M|261/261","|move|p2a: Swampert|Stealth Rock|p1a: Raichu","|-sidestart|p1: Alliance-C-Control|move: Stealth Rock","|","|turn|2","|","|switch|p1a: Rotom-Wash|Rotom-Wash|304/304","|-damage|p1a: Rotom-Wash|266/304|[from] Stealth Rock","|switch|p2a: Empoleon|Empoleon, M|371/371","|","|-heal|p1a: Rotom-Wash|285/304|[from] item: Leftovers","|turn|3","|","|move|p1a: Rotom-Wash|Volt Switch|p2a: Empoleon","|-supereffective|p2a: Empoleon","|-damage|p2a: Empoleon|255/371","|","|switch|p1a: Magnezone|Magnezone|281/281","|-damage|p1a: Magnezone|264/281|[from] Stealth Rock","|move|p2a: Empoleon|Scald|p1a: Magnezone","|-damage|p1a: Magnezone|155/281","|-status|p1a: Magnezone|brn","|","|-heal|p2a: Empoleon|278/371|[from] item: Leftovers","|-damage|p1a: Magnezone|120/281 brn|[from] brn","|turn|4","|","|switch|p2a: Swampert|Swampert, M|401/401","|move|p1a: Magnezone|Volt Switch|p2a: Swampert","|-immune|p2a: Swampert|[msg]","|","|-damage|p1a: Magnezone|85/281 brn|[from] brn","|turn|5","|","|switch|p1a: Zapdos|Zapdos|383/383","|-damage|p1a: Zapdos|288/383|[from] Stealth Rock","|-ability|p1a: Zapdos|Pressure","|move|p2a: Swampert|Roar|p1a: Zapdos","|drag|p1a: Rotom-Wash|Rotom-Wash|285/304","|-damage|p1a: Rotom-Wash|247/304|[from] Stealth Rock","|","|-heal|p1a: Rotom-Wash|266/304|[from] item: Leftovers","|turn|6","|","|switch|p2a: Empoleon|Empoleon, M|278/371","|move|p1a: Rotom-Wash|Will-O-Wisp|p2a: Empoleon","|-status|p2a: Empoleon|brn","|","|-heal|p1a: Rotom-Wash|285/304|[from] item: Leftovers","|-heal|p2a: Empoleon|301/371 brn|[from] item: Leftovers","|-damage|p2a: Empoleon|255/371 brn|[from] brn","|turn|7","|","|move|p1a: Rotom-Wash|Volt Switch|p2a: Empoleon","|-supereffective|p2a: Empoleon","|-damage|p2a: Empoleon|141/371 brn","|","|switch|p1a: Magnezone|Magnezone|85/281 brn","|-damage|p1a: Magnezone|68/281 brn|[from] Stealth Rock","|move|p2a: Empoleon|Scald|p1a: Magnezone","|-damage|p1a: Magnezone|0 fnt","|faint|p1a: Magnezone","|","|-heal|p2a: Empoleon|164/371 brn|[from] item: Leftovers","|-damage|p2a: Empoleon|118/371 brn|[from] brn","|","|switch|p1a: Electivire|Electivire, M|353/353","|-damage|p1a: Electivire|309/353|[from] Stealth Rock","|turn|8","|","|move|p1a: Electivire|Earthquake|p2a: Empoleon","|-supereffective|p2a: Empoleon","|-damage|p2a: Empoleon|0 fnt","|faint|p2a: Empoleon","|","|","|switch|p2a: Gyarados|Gyarados, F|353/353","|-ability|p2a: Gyarados|Intimidate","|-unboost|p1a: Electivire|atk|1","|turn|9","|","|move|p2a: Gyarados|Substitute|p2a: Gyarados","|-start|p2a: Gyarados|Substitute","|-damage|p2a: Gyarados|265/353","|move|p1a: Electivire|Thunder Punch|p2a: Gyarados","|-supereffective|p2a: Gyarados","|-end|p2a: Gyarados|Substitute","|","|-heal|p2a: Gyarados|287/353|[from] item: Leftovers","|turn|10","|","|switch|p2a: Rotom-Wash|Rotom-Wash|303/303","|switch|p1a: Thundurus|Thundurus, M|299/299","|-damage|p1a: Thundurus|225/299|[from] Stealth Rock","|","|-heal|p1a: Thundurus|243/299|[from] item: Leftovers","|turn|11","|","|move|p1a: Thundurus|Thunderbolt|p2a: Rotom-Wash","|-damage|p2a: Rotom-Wash|155/303","|move|p2a: Rotom-Wash|Will-O-Wisp|p1a: Thundurus","|-status|p1a: Thundurus|brn","|","|-heal|p1a: Thundurus|261/299 brn|[from] item: Leftovers","|-heal|p2a: Rotom-Wash|173/303|[from] item: Leftovers","|-damage|p1a: Thundurus|224/299 brn|[from] brn","|turn|12","|","|move|p1a: Thundurus|Psychic|p2a: Rotom-Wash","|-damage|p2a: Rotom-Wash|70/303","|move|p2a: Rotom-Wash|Pain Split|p1a: Thundurus","|-sethp|p1a: Thundurus|147/299 brn|p2a: Rotom-Wash|147/303|[from] move: Pain Split","|","|-heal|p1a: Thundurus|165/299 brn|[from] item: Leftovers","|-heal|p2a: Rotom-Wash|165/303|[from] item: Leftovers","|-damage|p1a: Thundurus|128/299 brn|[from] brn","|turn|13","|","|switch|p1a: Rotom-Wash|Rotom-Wash|285/304","|-damage|p1a: Rotom-Wash|247/304|[from] Stealth Rock","|switch|p2a: Swampert|Swampert, M|401/401","|","|-heal|p1a: Rotom-Wash|266/304|[from] item: Leftovers","|turn|14","|","|switch|p2a: Rotom-Wash|Rotom-Wash|165/303","|move|p1a: Rotom-Wash|Will-O-Wisp|p2a: Rotom-Wash","|-status|p2a: Rotom-Wash|brn","|","|-heal|p2a: Rotom-Wash|183/303 brn|[from] item: Leftovers","|-heal|p1a: Rotom-Wash|285/304|[from] item: Leftovers","|-damage|p2a: Rotom-Wash|146/303 brn|[from] brn","|turn|15","|","|switch|p1a: Thundurus|Thundurus, M|128/299 brn","|-damage|p1a: Thundurus|54/299 brn|[from] Stealth Rock","|move|p2a: Rotom-Wash|Pain Split|p1a: Thundurus","|-sethp|p1a: Thundurus|100/299 brn|p2a: Rotom-Wash|100/303 brn|[from] move: Pain Split","|","|-heal|p1a: Thundurus|118/299 brn|[from] item: Leftovers","|-heal|p2a: Rotom-Wash|118/303 brn|[from] item: Leftovers","|-damage|p1a: Thundurus|81/299 brn|[from] brn","|-damage|p2a: Rotom-Wash|81/303 brn|[from] brn","|turn|16","|","|move|p1a: Thundurus|Psychic|p2a: Rotom-Wash","|-damage|p2a: Rotom-Wash|0 fnt","|faint|p2a: Rotom-Wash","|","|-heal|p1a: Thundurus|99/299 brn|[from] item: Leftovers","|-damage|p1a: Thundurus|62/299 brn|[from] brn","|","|switch|p2a: Swampert|Swampert, M|401/401","|turn|17","|","|move|p1a: Thundurus|Psychic|p2a: Swampert","|-damage|p2a: Swampert|284/401","|move|p2a: Swampert|Scald|p1a: Thundurus","|-damage|p1a: Thundurus|0 fnt","|faint|p1a: Thundurus","|","|-heal|p2a: Swampert|309/401|[from] item: Leftovers","|","|switch|p1a: Zapdos|Zapdos|288/383","|-damage|p1a: Zapdos|193/383|[from] Stealth Rock","|-ability|p1a: Zapdos|Pressure","|turn|18","|","|move|p1a: Zapdos|Defog|p2a: Swampert","|-unboost|p2a: Swampert|evasion|1","|-sideend|p1: Alliance-C-Control|Stealth Rock|[from] move: Defog|[of] p1a: Zapdos","|move|p2a: Swampert|Scald|p1a: Zapdos","|-damage|p1a: Zapdos|111/383","|","|-heal|p2a: Swampert|334/401|[from] item: Leftovers","|turn|19","|","|move|p1a: Zapdos|Roost|p1a: Zapdos","|-heal|p1a: Zapdos|303/383","|move|p2a: Swampert|Earthquake|p1a: Zapdos","|-supereffective|p1a: Zapdos","|-damage|p1a: Zapdos|15/383","|","|-heal|p2a: Swampert|359/401|[from] item: Leftovers","|turn|20","|","|move|p1a: Zapdos|Heat Wave|p2a: Swampert","|-crit|p2a: Swampert","|-resisted|p2a: Swampert","|-damage|p2a: Swampert|260/401","|move|p2a: Swampert|Stealth Rock|p1a: Zapdos","|-sidestart|p1: Alliance-C-Control|move: Stealth Rock","|","|-heal|p2a: Swampert|285/401|[from] item: Leftovers","|turn|21","|","|switch|p2a: Sharpedo|Sharpedo, M|281/281","|move|p1a: Zapdos|Defog|p2a: Sharpedo","|-unboost|p2a: Sharpedo|evasion|1","|-sideend|p1: Alliance-C-Control|Stealth Rock|[from] move: Defog|[of] p1a: Zapdos","|","|turn|22","|","|switch|p1a: Rotom-Wash|Rotom-Wash|285/304","|move|p2a: Sharpedo|Ice Fang|p1a: Rotom-Wash","|-resisted|p1a: Rotom-Wash","|-damage|p1a: Rotom-Wash|260/304","|","|-heal|p1a: Rotom-Wash|279/304|[from] item: Leftovers","|-boost|p2a: Sharpedo|spe|1|[from] ability: Speed Boost","|turn|23","|","|switch|p2a: Starmie|Starmie|261/261","|move|p1a: Rotom-Wash|Will-O-Wisp|p2a: Starmie","|-status|p2a: Starmie|brn","|","|-heal|p1a: Rotom-Wash|298/304|[from] item: Leftovers","|-damage|p2a: Starmie|229/261 brn|[from] brn","|turn|24","|","|move|p2a: Starmie|Grass Knot|p1a: Rotom-Wash","|-supereffective|p1a: Rotom-Wash","|-damage|p1a: Rotom-Wash|252/304","|move|p1a: Rotom-Wash|Volt Switch|p2a: Starmie","|-supereffective|p2a: Starmie","|-damage|p2a: Starmie|23/261 brn","|","|switch|p1a: Zapdos|Zapdos|15/383","|-ability|p1a: Zapdos|Pressure","|","|-damage|p2a: Starmie|0 fnt|[from] brn","|faint|p2a: Starmie","|","|switch|p2a: Swampert|Swampert, M|285/401","|turn|25","|","|move|p1a: Zapdos|Heat Wave|p2a: Swampert","|-crit|p2a: Swampert","|-resisted|p2a: Swampert","|-damage|p2a: Swampert|183/401","|move|p2a: Swampert|Scald|p1a: Zapdos","|-damage|p1a: Zapdos|0 fnt","|faint|p1a: Zapdos","|","|-heal|p2a: Swampert|208/401|[from] item: Leftovers","|","|switch|p1a: Electivire|Electivire, M|309/353","|turn|26","|","|move|p1a: Electivire|Earthquake|p2a: Swampert","|-damage|p2a: Swampert|111/401","|move|p2a: Swampert|Earthquake|p1a: Electivire","|-supereffective|p1a: Electivire","|-damage|p1a: Electivire|0 fnt","|faint|p1a: Electivire","|","|-heal|p2a: Swampert|136/401|[from] item: Leftovers","|","|switch|p1a: Rotom-Wash|Rotom-Wash|252/304","|turn|27","|","|move|p1a: Rotom-Wash|Will-O-Wisp|p2a: Swampert","|-status|p2a: Swampert|brn","|move|p2a: Swampert|Scald|p1a: Rotom-Wash","|-resisted|p1a: Rotom-Wash","|-damage|p1a: Rotom-Wash|211/304","|-status|p1a: Rotom-Wash|brn","|","|-heal|p1a: Rotom-Wash|230/304 brn|[from] item: Leftovers","|-heal|p2a: Swampert|161/401 brn|[from] item: Leftovers","|-damage|p1a: Rotom-Wash|192/304 brn|[from] brn","|-damage|p2a: Swampert|111/401 brn|[from] brn","|turn|28","|","|move|p1a: Rotom-Wash|Hydro Pump|p2a: Swampert","|-damage|p2a: Swampert|0 fnt","|faint|p2a: Swampert","|","|-heal|p1a: Rotom-Wash|211/304 brn|[from] item: Leftovers","|-damage|p1a: Rotom-Wash|173/304 brn|[from] brn","|","|switch|p2a: Gyarados|Gyarados, F|287/353","|-ability|p2a: Gyarados|Intimidate","|-unboost|p1a: Rotom-Wash|atk|1","|turn|29","|","|move|p2a: Gyarados|Substitute|p2a: Gyarados","|-start|p2a: Gyarados|Substitute","|-damage|p2a: Gyarados|199/353","|move|p1a: Rotom-Wash|Volt Switch|p2a: Gyarados","|-supereffective|p2a: Gyarados","|-end|p2a: Gyarados|Substitute","|","|switch|p1a: Raichu|Raichu, M|261/261","|","|-heal|p2a: Gyarados|221/353|[from] item: Leftovers","|turn|30","|","|move|p1a: Raichu|Fake Out|p2a: Gyarados","|-damage|p2a: Gyarados|173/353","|cant|p2a: Gyarados|flinch","|","|-heal|p2a: Gyarados|195/353|[from] item: Leftovers","|turn|31","|","|move|p1a: Raichu|Brick Break|p2a: Gyarados","|-resisted|p2a: Gyarados","|-damage|p2a: Gyarados|155/353","|move|p2a: Gyarados|Waterfall|p1a: Raichu","|-damage|p1a: Raichu|12/261","|","|-heal|p2a: Gyarados|177/353|[from] item: Leftovers","|turn|32","|-enditem|p1a: Raichu|Custap Berry|[eat]","|-activate|p1a: Raichu|Custap Berry","|","|move|p1a: Raichu|Flail|p2a: Gyarados","|-damage|p2a: Gyarados|16/353","|move|p2a: Gyarados|Dragon Dance|p2a: Gyarados","|-boost|p2a: Gyarados|atk|1","|-boost|p2a: Gyarados|spe|1","|","|-heal|p2a: Gyarados|38/353|[from] item: Leftovers","|turn|33","|","|move|p2a: Gyarados|Waterfall|p1a: Raichu","|-damage|p1a: Raichu|0 fnt","|faint|p1a: Raichu","|","|-heal|p2a: Gyarados|60/353|[from] item: Leftovers","|","|switch|p1a: Rotom-Wash|Rotom-Wash|173/304 brn","|turn|34","|","|move|p2a: Gyarados|Waterfall|p1a: Rotom-Wash","|-resisted|p1a: Rotom-Wash","|-damage|p1a: Rotom-Wash|100/304 brn","|cant|p1a: Rotom-Wash|flinch","|","|-heal|p2a: Gyarados|82/353|[from] item: Leftovers","|-heal|p1a: Rotom-Wash|119/304 brn|[from] item: Leftovers","|-damage|p1a: Rotom-Wash|81/304 brn|[from] brn","|turn|35","|","|move|p2a: Gyarados|Waterfall|p1a: Rotom-Wash","|-resisted|p1a: Rotom-Wash","|-damage|p1a: Rotom-Wash|0 fnt","|faint|p1a: Rotom-Wash","|","|win|OSMG"],"p1rating":{"entryid":"6440455","serverid":"eos","formatid":"monotype","userid":"allianceccontrol","username":"Alliance-C-Control","w":"233","l":299,"t":"0","gxe":44,"r":"1451.5563081439","rd":"25","sigma":"0","rptime":"1438506000","rpr":1454.9214793866,"rprd":25,"rpsigma":"0","acre":1198.8597032956,"lacre":1198.8597032956,"oldacre":"1221.753389281"},"p2rating":{"entryid":"6698041","serverid":"eos","formatid":"monotype","userid":"osmg","username":"OSMG","w":29,"l":"11","t":"0","gxe":68.2,"r":"1639.579543962","rd":"64.250752195273","sigma":"0","rptime":"1438506000","rpr":1645.4387518741,"rprd":63.439525873882,"rpsigma":"0","acre":1273.9889726582,"lacre":1273.9889726582,"oldacre":"1251.0952866728"},"endType":"normal"}