{"seed":[11085,57047,7305,3339],"turns":22,"p1":"SovereignCygnus","p2":"Alliance - Warner","p1team":[{"name":"Weavile","species":"Weavile","item":"lifeorb","ability":"Pressure","moves":["iciclecrash","knockoff","iceshard","lowkick"],"nature":"Jolly","evs":{"hp":0,"atk":252,"def":4,"spa":0,"spd":0,"spe":252},"ivs":{"hp":31,"atk":31,"def":31,"spa":31,"spd":31,"spe":31}},{"name":"Hydreigon","species":"Hydreigon","item":"lifeorb","ability":"Levitate","moves":["flashcannon","darkpulse","fireblast","dracometeor"],"nature":"Timid","evs":{"hp":0,"atk":4,"def":0,"spa":252,"spd":0,"spe":252},"ivs":{"hp":31,"atk":31,"def":31,"spa":31,"spd":31,"spe":31}},{"name":"Bisharp","species":"Bisharp","item":"blackglasses","ability":"Defiant","moves":["knockoff","ironhead","suckerpunch","pursuit"],"nature":"Adamant","evs":{"hp":0,"atk":252,"def":0,"spa":0,"spd":52,"spe":204},"ivs":{"hp":31,"atk":31,"def":31,"spa":31,"spd":31,"spe":31}},{"name":"Sharpedo","species":"Sharpedo","item":"sharpedonite","ability":"Speed Boost","moves":["protect","crunch","waterfall","poisonjab"],"nature":"Jolly","evs":{"hp":0,"atk":252,"def":4,"spa":0,"spd":0,"spe":252},"ivs":{"hp":31,"atk":31,"def":31,"spa":31,"spd":31,"spe":31}},{"name":"Mandibuzz","species":"Mandibuzz","item":"leftovers","ability":"Overcoat","moves":["foulplay","roost","taunt","defog"],"nature":"Bold","evs":{"hp":248,"atk":0,"def":136,"spa":0,"spd":108,"spe":16},"ivs":{"hp":31,"atk":31,"def":31,"spa":31,"spd":31,"spe":31}},{"name":"The Dark Magician","species":"hoopaunbound","item":"lifeorb","ability":"Magician","moves":["firepunch","hyperspacefury","gunkshot","zenheadbutt"],"nature":"Jolly","evs":{"hp":4,"atk":252,"def":0,"spa":0,"spd":0,"spe":252},"ivs":{"hp":31,"atk":31,"def":31,"spa":31,"spd":31,"spe":31}}],"p2team":[{"name":"Gardevoir","species":"Gardevoir","item":"gardevoirite","ability":"Trace","moves":["hypervoice","psyshock","focusblast","substitute"],"nature":"Timid","evs":{"hp":0,"atk":0,"def":4,"spa":252,"spd":0,"spe":252},"gender":"F","ivs":{"hp":31,"atk":31,"def":31,"spa":31,"spd":31,"spe":31}},{"name":"Slowbro","species":"Slowbro","item":"leftovers","ability":"Regenerator","moves":["flamethrower","scald","thunderwave","slackoff"],"nature":"Bold","evs":{"hp":252,"atk":0,"def":252,"spa":4,"spd":0,"spe":0},"gender":"M","ivs":{"hp":31,"atk":31,"def":31,"spa":31,"spd":31,"spe":31}},{"name":"Mew","species":"Mew","item":"leftovers","ability":"Synchronize","moves":["stealthrock","willowisp","defog","roost"],"nature":"Calm","evs":{"hp":252,"atk":0,"def":0,"spa":0,"spd":148,"spe":108},"ivs":{"hp":31,"atk":31,"def":31,"spa":31,"spd":31,"spe":31}},{"name":"Jirachi","species":"Jirachi","item":"choicescarf","ability":"Serene Grace","moves":["zenheadbutt","firepunch","ironhead","uturn"],"nature":"Jolly","evs":{"hp":0,"atk":252,"def":0,"spa":0,"spd":4,"spe":252},"ivs":{"hp":31,"atk":31,"def":31,"spa":31,"spd":31,"spe":31}},{"name":"Victini","species":"Victini","item":"choiceband","ability":"Victory Star","moves":["zenheadbutt","boltstrike","vcreate","trick"],"nature":"Jolly","evs":{"hp":0,"atk":252,"def":4,"spa":0,"spd":0,"spe":252},"ivs":{"hp":31,"atk":31,"def":31,"spa":31,"spd":31,"spe":31}},{"name":"Meloetta","species":"Meloetta","item":"assaultvest","ability":"Serene Grace","moves":["shadowball","energyball","focusblast","psyshock"],"nature":"Modest","evs":{"hp":144,"atk":0,"def":104,"spa":176,"spd":0,"spe":84},"ivs":{"hp":31,"atk":31,"def":31,"spa":31,"spd":31,"spe":31}}],"log":["|player|p1|SovereignCygnus|101","|player|p2|Alliance - Warner|167","|gametype|singles","|gen|6","|tier|Monotype","|rated","|rule|Baton Pass Clause: Limit one Baton Passer, can't pass Spe and other stats simultaneously","|rule|Swagger Clause: Swagger is banned","|rule|Same Type Clause: Pokémon in a team must share a type","|clearpoke","|poke|p1|Weavile, M","|poke|p1|Hydreigon, M","|poke|p1|Bisharp, M","|poke|p1|Sharpedo, F","|poke|p1|Mandibuzz, F","|poke|p1|Hoopa-Unbound","|poke|p2|Gardevoir, F","|poke|p2|Slowbro, M","|poke|p2|Mew","|poke|p2|Jirachi","|poke|p2|Victini","|poke|p2|Meloetta","|rule|Sleep Clause Mod: Limit one foe put to sleep","|rule|Species Clause: Limit one of each Pokémon","|rule|OHKO Clause: OHKO moves are banned","|rule|Moody Clause: Moody is banned","|rule|Evasion Moves Clause: Evasion moves are banned","|rule|Endless Battle Clause: Forcing endless battles is banned","|rule|HP Percentage Mod: HP is shown in percentages","|teampreview","|","|start","|switch|p1a: Bisharp|Bisharp, M|271/271","|switch|p2a: Gardevoir|Gardevoir, F|277/277","|-ability|p2a: Gardevoir|Defiant|[from] ability: Trace|[of] p1a: Bisharp","|turn|1","|","|detailschange|p2a: Gardevoir|Gardevoir-Mega, F","|-mega|p2a: Gardevoir|Gardevoir|Gardevoirite","|move|p2a: Gardevoir|Substitute|p2a: Gardevoir","|-start|p2a: Gardevoir|Substitute","|-damage|p2a: Gardevoir|208/277","|move|p1a: Bisharp|Iron Head|p2a: Gardevoir","|-supereffective|p2a: Gardevoir","|-end|p2a: Gardevoir|Substitute","|","|turn|2","|","|move|p2a: Gardevoir|Focus Blast|p1a: Bisharp","|-supereffective|p1a: Bisharp","|-damage|p1a: Bisharp|0 fnt","|faint|p1a: Bisharp","|","|","|switch|p1a: Hydreigon|Hydreigon, M|325/325","|turn|3","|","|move|p2a: Gardevoir|Hyper Voice|p1a: Hydreigon","|-supereffective|p1a: Hydreigon","|-damage|p1a: Hydreigon|0 fnt","|faint|p1a: Hydreigon","|","|","|switch|p1a: The Dark Magician|Hoopa-Unbound|302/302","|turn|4","|","|move|p2a: Gardevoir|Hyper Voice|p1a: The Dark Magician","|-supereffective|p1a: The Dark Magician","|-damage|p1a: The Dark Magician|0 fnt","|faint|p1a: The Dark Magician","|","|","|switch|p1a: Weavile|Weavile, M|281/281","|-ability|p1a: Weavile|Pressure","|turn|5","|","|move|p1a: Weavile|Icicle Crash|p2a: Gardevoir","|-damage|p2a: Gardevoir|0 fnt","|-damage|p1a: Weavile|253/281|[from] item: Life Orb","|faint|p2a: Gardevoir","|","|","|switch|p2a: Jirachi|Jirachi|341/341","|turn|6","|","|move|p2a: Jirachi|Iron Head|p1a: Weavile","|-supereffective|p1a: Weavile","|-damage|p1a: Weavile|0 fnt","|faint|p1a: Weavile","|","|","|switch|p1a: Sharpedo|Sharpedo, F|281/281","|turn|7","|","|move|p1a: Sharpedo|Protect|p1a: Sharpedo","|-singleturn|p1a: Sharpedo|Protect","|move|p2a: Jirachi|Iron Head|p1a: Sharpedo","|-activate|p1a: Sharpedo|Protect","|","|-boost|p1a: Sharpedo|spe|1|[from] ability: Speed Boost","|turn|8","|","|move|p1a: Sharpedo|Protect|p1a: Sharpedo","|-singleturn|p1a: Sharpedo|Protect","|move|p2a: Jirachi|Iron Head|p1a: Sharpedo","|-activate|p1a: Sharpedo|Protect","|","|-boost|p1a: Sharpedo|spe|1|[from] ability: Speed Boost","|turn|9","|","|detailschange|p1a: Sharpedo|Sharpedo-Mega, F","|-mega|p1a: Sharpedo|Sharpedo|Sharpedonite","|move|p1a: Sharpedo|Crunch|p2a: Jirachi","|-supereffective|p2a: Jirachi","|-damage|p2a: Jirachi|0 fnt","|faint|p2a: Jirachi","|","|","|switch|p2a: Slowbro|Slowbro, M|394/394","|turn|10","|","|move|p1a: Sharpedo|Crunch|p2a: Slowbro","|-supereffective|p2a: Slowbro","|-damage|p2a: Slowbro|100/394","|move|p2a: Slowbro|Thunder Wave|p1a: Sharpedo","|-status|p1a: Sharpedo|par","|","|-heal|p2a: Slowbro|124/394|[from] item: Leftovers","|turn|11","|","|move|p1a: Sharpedo|Crunch|p2a: Slowbro","|-supereffective|p2a: Slowbro","|-damage|p2a: Slowbro|0 fnt","|faint|p2a: Slowbro","|","|","|switch|p2a: Victini|Victini|341/341","|turn|12","|","|move|p2a: Victini|Bolt Strike|p1a: Sharpedo","|-supereffective|p1a: Sharpedo","|-damage|p1a: Sharpedo|0 fnt","|faint|p1a: Sharpedo","|","|","|switch|p1a: Mandibuzz|Mandibuzz, F|423/423","|turn|13","|","|move|p2a: Victini|Bolt Strike|p1a: Mandibuzz","|-supereffective|p1a: Mandibuzz","|-damage|p1a: Mandibuzz|113/423","|move|p1a: Mandibuzz|Foul Play|p2a: Victini","|-crit|p2a: Victini","|-supereffective|p2a: Victini","|-damage|p2a: Victini|0 fnt","|faint|p2a: Victini","|","|-heal|p1a: Mandibuzz|139/423|[from] item: Leftovers","|","|switch|p2a: Meloetta|Meloetta|377/377","|turn|14","|","|move|p2a: Meloetta|Focus Blast|p1a: Mandibuzz|[miss]","|-miss|p2a: Meloetta|p1a: Mandibuzz","|move|p1a: Mandibuzz|Taunt|p2a: Meloetta","|-start|p2a: Meloetta|move: Taunt","|","|-heal|p1a: Mandibuzz|165/423|[from] item: Leftovers","|turn|15","|","|move|p2a: Meloetta|Focus Blast|p1a: Mandibuzz","|-damage|p1a: Mandibuzz|16/423","|move|p1a: Mandibuzz|Roost|p1a: Mandibuzz","|-heal|p1a: Mandibuzz|228/423","|","|-heal|p1a: Mandibuzz|254/423|[from] item: Leftovers","|turn|16","|","|move|p2a: Meloetta|Shadow Ball|p1a: Mandibuzz","|-resisted|p1a: Mandibuzz","|-damage|p1a: Mandibuzz|211/423","|move|p1a: Mandibuzz|Foul Play|p2a: Meloetta","|-supereffective|p2a: Meloetta","|-damage|p2a: Meloetta|213/377","|","|-heal|p1a: Mandibuzz|237/423|[from] item: Leftovers","|turn|17","|","|move|p2a: Meloetta|Shadow Ball|p1a: Mandibuzz","|-crit|p1a: Mandibuzz","|-resisted|p1a: Mandibuzz","|-damage|p1a: Mandibuzz|170/423","|move|p1a: Mandibuzz|Foul Play|p2a: Meloetta","|-supereffective|p2a: Meloetta","|-damage|p2a: Meloetta|33/377","|","|-heal|p1a: Mandibuzz|196/423|[from] item: Leftovers","|-end|p2a: Meloetta|move: Taunt","|turn|18","|","|move|p2a: Meloetta|Focus Blast|p1a: Mandibuzz","|-damage|p1a: Mandibuzz|52/423","|move|p1a: Mandibuzz|Roost|p1a: Mandibuzz","|-heal|p1a: Mandibuzz|264/423","|","|-heal|p1a: Mandibuzz|290/423|[from] item: Leftovers","|turn|19","|","|move|p2a: Meloetta|Shadow Ball|p1a: Mandibuzz","|-resisted|p1a: Mandibuzz","|-damage|p1a: Mandibuzz|241/423","|move|p1a: Mandibuzz|Foul Play|p2a: Meloetta","|-supereffective|p2a: Meloetta","|-damage|p2a: Meloetta|0 fnt","|faint|p2a: Meloetta","|","|-heal|p1a: Mandibuzz|267/423|[from] item: Leftovers","|","|switch|p2a: Mew|Mew|404/404","|turn|20","|","|move|p2a: Mew|Will-O-Wisp|p1a: Mandibuzz","|-status|p1a: Mandibuzz|brn","|move|p1a: Mandibuzz|Foul Play|p2a: Mew","|-supereffective|p2a: Mew","|-damage|p2a: Mew|311/404","|","|-heal|p2a: Mew|336/404|[from] item: Leftovers","|-heal|p1a: Mandibuzz|293/423 brn|[from] item: Leftovers","|-damage|p1a: Mandibuzz|241/423 brn|[from] brn","|turn|21","|","|move|p2a: Mew|Stealth Rock|p1a: Mandibuzz","|-sidestart|p1: SovereignCygnus|move: Stealth Rock","|move|p1a: Mandibuzz|Roost|p1a: Mandibuzz","|-heal|p1a: Mandibuzz|423/423 brn","|","|-heal|p2a: Mew|361/404|[from] item: Leftovers","|-damage|p1a: Mandibuzz|371/423 brn|[from] brn","|turn|22","|player|p2","|","|win|SovereignCygnus"],"p1rating":{"entryid":7343609,"formatid":"monotype","userid":"sovereigncygnus","username":"SovereignCygnus","r":1500,"rd":130,"sigma":0,"rpr":1540.1606143388,"rprd":122.8583080769,"rpsigma":0,"rptime":1438506000,"w":1,"l":0,"t":0,"gxe":55,"acre":1040,"lacre":1040,"oldacre":1000},"p2rating":{"entryid":7343610,"formatid":"monotype","userid":"alliancewarner","username":"Alliance - Warner","r":1500,"rd":130,"sigma":0,"rpr":1459.8393856612,"rprd":122.8583080769,"rpsigma":0,"rptime":1438506000,"w":0,"l":1,"t":0,"gxe":45,"acre":1000,"lacre":1000,"oldacre":1000},"endType":"forfeit"}