{"seed":[12497,47432,14820,24333],"turns":22,"p1":"Sovereign♕Cactus","p2":"Sovereign♕Blake","p1team":[{"name":"Slippy","species":"politoed","item":"choicespecs","ability":"Drizzle","moves":["focusblast","icebeam","hydropump","psychic"],"nature":"Modest","evs":{"hp":248,"atk":0,"def":0,"spa":252,"spd":8,"spe":0},"gender":"M","ivs":{"hp":31,"atk":31,"def":31,"spa":31,"spd":31,"spe":31}},{"name":"Hentai","species":"tentacruel","item":"blacksludge","ability":"Liquid Ooze","moves":["scald","rapidspin","sludgewave","raindance"],"nature":"Timid","evs":{"hp":0,"atk":0,"def":0,"spa":252,"spd":4,"spe":252},"gender":"M","shiny":true,"ivs":{"hp":31,"atk":31,"def":31,"spa":31,"spd":31,"spe":31}},{"name":"Minty Churro","species":"ludicolo","item":"lifeorb","ability":"Swift Swim","moves":["focusblast","icebeam","energyball","surf"],"nature":"Modest","evs":{"hp":0,"atk":0,"def":0,"spa":252,"spd":4,"spe":252},"gender":"M","shiny":true,"ivs":{"hp":31,"atk":31,"def":31,"spa":31,"spd":31,"spe":31}},{"name":"My Little Ponyta","species":"keldeo","item":"lifeorb","ability":"Justified","moves":["hydropump","secretsword","scald","icywind"],"nature":"Timid","evs":{"hp":0,"atk":0,"def":0,"spa":252,"spd":4,"spe":252},"ivs":{"hp":31,"atk":30,"def":30,"spa":31,"spd":31,"spe":31}},{"name":"Bareny","species":"sharpedo","item":"lifeorb","ability":"Speed Boost","moves":["crunch","icefang","waterfall","earthquake"],"nature":"Adamant","evs":{"hp":0,"atk":252,"def":0,"spa":0,"spd":4,"spe":252},"gender":"M","shiny":true,"ivs":{"hp":31,"atk":31,"def":31,"spa":31,"spd":31,"spe":31}},{"name":"Mulan","species":"gyarados","item":"gyaradosite","ability":"Intimidate","moves":["crunch","dragondance","waterfall","earthquake"],"nature":"Adamant","evs":{"hp":0,"atk":252,"def":0,"spa":0,"spd":4,"spe":252},"shiny":true,"ivs":{"hp":31,"atk":31,"def":31,"spa":31,"spd":31,"spe":31}}],"p2team":[{"name":"Empoleon","species":"Empoleon","item":"leftovers","ability":"Torrent","moves":["stealthrock","roar","scald","flashcannon"],"nature":"Modest","evs":{"hp":252,"atk":0,"def":0,"spa":252,"spd":4,"spe":0},"gender":"M","ivs":{"hp":31,"atk":31,"def":31,"spa":31,"spd":31,"spe":31}},{"name":"Tentacruel","species":"Tentacruel","item":"assaultvest","ability":"Liquid Ooze","moves":["acidspray","gigadrain","sludgewave","scald"],"nature":"Modest","evs":{"hp":240,"atk":0,"def":0,"spa":252,"spd":0,"spe":16},"gender":"M","ivs":{"hp":31,"atk":31,"def":31,"spa":31,"spd":31,"spe":31}},{"name":"Azumarill","species":"Azumarill","item":"assaultvest","ability":"Sap Sipper","moves":["waterfall","knockoff","playrough","icepunch"],"nature":"Adamant","evs":{"hp":248,"atk":252,"def":0,"spa":0,"spd":8,"spe":0},"gender":"F","ivs":{"hp":31,"atk":31,"def":31,"spa":31,"spd":31,"spe":31}},{"name":"Lanturn","species":"Lanturn","item":"leftovers","ability":"Volt Absorb","moves":["thunderwave","confuseray","surf","voltswitch"],"nature":"Modest","evs":{"hp":252,"atk":0,"def":0,"spa":252,"spd":4,"spe":0},"gender":"M","ivs":{"hp":31,"atk":31,"def":31,"spa":31,"spd":31,"spe":31}},{"name":"Lapras","species":"Lapras","item":"assaultvest","ability":"Water Absorb","moves":["hydropump","thunderbolt","freezedry","iceshard"],"nature":"Mild","evs":{"hp":248,"atk":8,"def":0,"spa":252,"spd":0,"spe":0},"ivs":{"hp":31,"atk":31,"def":31,"spa":31,"spd":31,"spe":31}},{"name":"Blastoise","species":"Blastoise","item":"blastoisinite","ability":"Torrent","moves":["scald","aurasphere","darkpulse","icebeam"],"nature":"Modest","evs":{"hp":248,"atk":0,"def":0,"spa":252,"spd":8,"spe":0},"gender":"M","ivs":{"hp":31,"atk":31,"def":31,"spa":31,"spd":31,"spe":31}}],"log":["|player|p1|Sovereign♕Cactus|251","|player|p2|Sovereign♕Blake|169","|gametype|singles","|gen|6","|tier|Monotype","|rated","|rule|Baton Pass Clause: Limit one Baton Passer, can't pass Spe and other stats simultaneously","|rule|Swagger Clause: Swagger is banned","|rule|Same Type Clause: Pokémon in a team must share a type","|clearpoke","|poke|p1|Politoed, M","|poke|p1|Tentacruel, M, shiny","|poke|p1|Ludicolo, M, shiny","|poke|p1|Keldeo","|poke|p1|Sharpedo, M, shiny","|poke|p1|Gyarados, F, shiny","|poke|p2|Empoleon, M","|poke|p2|Tentacruel, M","|poke|p2|Azumarill, F","|poke|p2|Lanturn, M","|poke|p2|Lapras, M","|poke|p2|Blastoise, M","|rule|Sleep Clause Mod: Limit one foe put to sleep","|rule|Species Clause: Limit one of each Pokémon","|rule|OHKO Clause: OHKO moves are banned","|rule|Moody Clause: Moody is banned","|rule|Evasion Moves Clause: Evasion moves are banned","|rule|Endless Battle Clause: Forcing endless battles is banned","|rule|HP Percentage Mod: HP is shown in percentages","|teampreview","|","|start","|switch|p1a: Slippy|Politoed, M|383/383","|switch|p2a: Empoleon|Empoleon, M|372/372","|-weather|RainDance","|turn|1","|","|move|p1a: Slippy|Focus Blast|p2a: Empoleon","|-supereffective|p2a: Empoleon","|-damage|p2a: Empoleon|0 fnt","|faint|p2a: Empoleon","|","|-weather|RainDance|[upkeep]","|","|switch|p2a: Lanturn|Lanturn, M|454/454","|turn|2","|","|switch|p1a: Hentai|Tentacruel, M, shiny|301/301","|move|p2a: Lanturn|Thunder Wave|p1a: Hentai","|-status|p1a: Hentai|par","|","|-weather|RainDance|[upkeep]","|turn|3","|","|move|p2a: Lanturn|Confuse Ray|p1a: Hentai","|-start|p1a: Hentai|confusion","|-activate|p1a: Hentai|confusion","|-damage|p1a: Hentai|271/301 par|[from] confusion","|","|-weather|RainDance|[upkeep]","|-heal|p1a: Hentai|289/301 par|[from] item: Black Sludge","|turn|4","|","|move|p2a: Lanturn|Volt Switch|p1a: Hentai","|-supereffective|p1a: Hentai","|-damage|p1a: Hentai|137/301 par","|","|switch|p2a: Tentacruel|Tentacruel, M|361/361","|-activate|p1a: Hentai|confusion","|move|p1a: Hentai|Sludge Wave|p2a: Tentacruel","|-resisted|p2a: Tentacruel","|-damage|p2a: Tentacruel|325/361","|","|-weather|RainDance|[upkeep]","|-heal|p1a: Hentai|155/301 par|[from] item: Black Sludge","|turn|5","|","|switch|p1a: Slippy|Politoed, M|383/383","|move|p2a: Tentacruel|Acid Spray|p1a: Slippy","|-damage|p1a: Slippy|323/383","|-unboost|p1a: Slippy|spd|2","|","|-weather|none","|turn|6","|","|move|p2a: Tentacruel|Giga Drain|p1a: Slippy","|-supereffective|p1a: Slippy","|-damage|p1a: Slippy|47/383","|-heal|p2a: Tentacruel|361/361|[from] drain|[of] p1a: Slippy","|move|p1a: Slippy|Psychic|p2a: Tentacruel","|-supereffective|p2a: Tentacruel","|-damage|p2a: Tentacruel|193/361","|","|turn|7","|","|switch|p1a: Hentai|Tentacruel, M, shiny|155/301 par","|move|p2a: Tentacruel|Giga Drain|p1a: Hentai","|-damage|p1a: Hentai|98/301 par","|-damage|p2a: Tentacruel|164/361|[from] ability: Liquid Ooze|[of] p1a: Hentai","|","|-heal|p1a: Hentai|116/301 par|[from] item: Black Sludge","|turn|8","|","|move|p2a: Tentacruel|Acid Spray|p1a: Hentai","|-resisted|p1a: Hentai","|-damage|p1a: Hentai|89/301 par","|-unboost|p1a: Hentai|spd|2","|move|p1a: Hentai|Scald|p2a: Tentacruel","|-resisted|p2a: Tentacruel","|-damage|p2a: Tentacruel|132/361","|","|-heal|p1a: Hentai|107/301 par|[from] item: Black Sludge","|turn|9","|","|move|p2a: Tentacruel|Sludge Wave|p1a: Hentai","|-resisted|p1a: Hentai","|-damage|p1a: Hentai|0 fnt","|faint|p1a: Hentai","|","|","|switch|p1a: Slippy|Politoed, M|47/383","|-weather|RainDance","|turn|10","|","|move|p2a: Tentacruel|Giga Drain|p1a: Slippy","|-supereffective|p1a: Slippy","|-damage|p1a: Slippy|0 fnt","|-heal|p2a: Tentacruel|156/361|[from] drain|[of] p1a: Slippy","|faint|p1a: Slippy","|","|-weather|RainDance|[upkeep]","|","|switch|p1a: Minty Churro|Ludicolo, M, shiny|301/301","|turn|11","|","|move|p1a: Minty Churro|Surf|p2a: Tentacruel","|-resisted|p2a: Tentacruel","|-damage|p2a: Tentacruel|86/361","|-damage|p1a: Minty Churro|271/301|[from] item: Life Orb","|move|p2a: Tentacruel|Acid Spray|p1a: Minty Churro","|-supereffective|p1a: Minty Churro","|-damage|p1a: Minty Churro|151/301","|-unboost|p1a: Minty Churro|spd|2","|","|-weather|RainDance|[upkeep]","|turn|12","|","|move|p1a: Minty Churro|Energy Ball|p2a: Tentacruel","|-damage|p2a: Tentacruel|0 fnt","|-damage|p1a: Minty Churro|121/301|[from] item: Life Orb","|faint|p2a: Tentacruel","|","|-weather|RainDance|[upkeep]","|","|switch|p2a: Azumarill|Azumarill, F|403/403","|turn|13","|","|move|p1a: Minty Churro|Energy Ball|p2a: Azumarill","|-boost|p2a: Azumarill|atk|1|[from] ability: Sap Sipper","|move|p2a: Azumarill|Knock Off|p1a: Minty Churro","|-damage|p1a: Minty Churro|0 fnt","|-enditem|p1a: Minty Churro|Life Orb|[from] move: Knock Off|[of] p2a: Azumarill","|faint|p1a: Minty Churro","|","|-weather|RainDance|[upkeep]","|","|switch|p1a: Bareny|Sharpedo, M, shiny|281/281","|turn|14","|","|move|p1a: Bareny|Earthquake|p2a: Azumarill","|-damage|p2a: Azumarill|220/403","|-damage|p1a: Bareny|253/281|[from] item: Life Orb","|move|p2a: Azumarill|Knock Off|p1a: Bareny","|-resisted|p1a: Bareny","|-damage|p1a: Bareny|140/281","|-enditem|p1a: Bareny|Life Orb|[from] move: Knock Off|[of] p2a: Azumarill","|","|-weather|none","|-boost|p1a: Bareny|spe|1|[from] ability: Speed Boost","|turn|15","|","|move|p1a: Bareny|Earthquake|p2a: Azumarill","|-damage|p2a: Azumarill|79/403","|move|p2a: Azumarill|Play Rough|p1a: Bareny","|-supereffective|p1a: Bareny","|-damage|p1a: Bareny|0 fnt","|faint|p1a: Bareny","|","|","|switch|p1a: Mulan|Gyarados, F, shiny|331/331","|-ability|p1a: Mulan|Intimidate","|-unboost|p2a: Azumarill|atk|1","|turn|16","|","|detailschange|p1a: Mulan|Gyarados-Mega, F, shiny","|-mega|p1a: Mulan|Gyarados|Gyaradosite","|-ability|p1a: Mulan|Mold Breaker","|move|p1a: Mulan|Earthquake|p2a: Azumarill","|-damage|p2a: Azumarill|0 fnt","|faint|p2a: Azumarill","|","|","|switch|p2a: Lapras|Lapras, M|463/463","|turn|17","|","|move|p1a: Mulan|Dragon Dance|p1a: Mulan","|-boost|p1a: Mulan|atk|1","|-boost|p1a: Mulan|spe|1","|move|p2a: Lapras|Freeze-Dry|p1a: Mulan","|-supereffective|p1a: Mulan","|-damage|p1a: Mulan|157/331","|","|turn|18","|","|move|p1a: Mulan|Crunch|p2a: Lapras","|-damage|p2a: Lapras|96/463","|-unboost|p2a: Lapras|def|1","|move|p2a: Lapras|Freeze-Dry|p1a: Mulan","|-supereffective|p1a: Mulan","|-damage|p1a: Mulan|0 fnt","|faint|p1a: Mulan","|","|","|switch|p1a: My Little Ponyta|Keldeo|323/323","|turn|19","|","|move|p2a: Lapras|Ice Shard|p1a: My Little Ponyta","|-resisted|p1a: My Little Ponyta","|-damage|p1a: My Little Ponyta|300/323","|move|p1a: My Little Ponyta|Secret Sword|p2a: Lapras","|-supereffective|p2a: Lapras","|-damage|p2a: Lapras|0 fnt","|-damage|p1a: My Little Ponyta|268/323|[from] item: Life Orb","|faint|p2a: Lapras","|","|","|switch|p2a: Lanturn|Lanturn, M|454/454","|turn|20","|","|move|p1a: My Little Ponyta|Secret Sword|p2a: Lanturn","|-damage|p2a: Lanturn|129/454","|-damage|p1a: My Little Ponyta|236/323|[from] item: Life Orb","|move|p2a: Lanturn|Thunder Wave|p1a: My Little Ponyta","|-status|p1a: My Little Ponyta|par","|","|-heal|p2a: Lanturn|157/454|[from] item: Leftovers","|turn|21","|","|move|p2a: Lanturn|Confuse Ray|p1a: My Little Ponyta","|-start|p1a: My Little Ponyta|confusion","|-activate|p1a: My Little Ponyta|confusion","|move|p1a: My Little Ponyta|Secret Sword|p2a: Lanturn","|-damage|p2a: Lanturn|0 fnt","|-damage|p1a: My Little Ponyta|204/323 par|[from] item: Life Orb","|faint|p2a: Lanturn","|","|","|switch|p2a: Blastoise|Blastoise, M|361/361","|turn|22","|","|detailschange|p2a: Blastoise|Blastoise-Mega, M","|-mega|p2a: Blastoise|Blastoise|Blastoisinite","|move|p2a: Blastoise|Aura Sphere|p1a: My Little Ponyta","|-damage|p1a: My Little Ponyta|30/323 par","|-end|p1a: My Little Ponyta|confusion","|move|p1a: My Little Ponyta|Hydro Pump|p2a: Blastoise","|-resisted|p2a: Blastoise","|-damage|p2a: Blastoise|244/361","|-damage|p1a: My Little Ponyta|0 fnt|[from] item: Life Orb","|faint|p1a: My Little Ponyta","|","|win|Sovereign♕Blake"],"p1rating":{"entryid":"6867552","serverid":"eos","formatid":"monotype","userid":"sovereigncactus","username":"Sovereign♕Cactus","w":"60","l":75,"t":"0","gxe":44,"r":"1459.3771430334","rd":"32.514639404528","sigma":"0","rptime":"1438506000","rpr":1454.4857702678,"rprd":31.347518651115,"rpsigma":"0","acre":1043.3355299626,"lacre":1043.3355299626,"oldacre":"1061.1313826002"},"p2rating":{"entryid":"7151294","serverid":"eos","formatid":"monotype","userid":"sovereignblake","username":"Sovereign♕Blake","w":11,"l":"11","t":"0","gxe":45.8,"r":1454.6846519944,"rd":68.994819345467,"sigma":"0","rptime":1438506000,"rpr":1467.9779632784,"rprd":67.687123350807,"rpsigma":"0","acre":1111.2216321945,"lacre":1111.2216321945,"oldacre":"1086.0741623122"},"endType":"normal"}