{"seed":[7724,53525,5214,1002],"turns":26,"p1":"Rain ☆ sidious","p2":"Doomsquach","p1team":[{"name":"Alakazam","species":"Alakazam","item":"lifeorb","ability":"Magic Guard","moves":["energyball","psychic","focusblast","dazzlinggleam"],"nature":"Timid","evs":{"hp":0,"atk":0,"def":0,"spa":252,"spd":4,"spe":252},"ivs":{"hp":31,"atk":31,"def":31,"spa":31,"spd":31,"spe":31}},{"name":"Latios","species":"Latios","item":"latiosite","ability":"Levitate","moves":["dragonpulse","icebeam","calmmind","defog"],"nature":"","evs":{"hp":0,"atk":0,"def":0,"spa":0,"spd":0,"spe":0},"ivs":{"hp":31,"atk":31,"def":31,"spa":31,"spd":31,"spe":31}},{"name":"Mew","species":"Mew","item":"leftovers","ability":"Synchronize","moves":["aurasphere","flamethrower","swordsdance","batonpass"],"nature":"Bold","evs":{"hp":252,"atk":0,"def":252,"spa":4,"spd":0,"spe":0},"ivs":{"hp":31,"atk":31,"def":31,"spa":31,"spd":31,"spe":31}},{"name":"Cresselia","species":"Cresselia","item":"leftovers","ability":"Levitate","moves":["lunardance","thunderwave","psychic","magiccoat"],"nature":"Calm","evs":{"hp":252,"atk":0,"def":0,"spa":4,"spd":252,"spe":0},"ivs":{"hp":31,"atk":31,"def":31,"spa":31,"spd":31,"spe":31}},{"name":"Medicham","species":"Medicham","item":"choicescarf","ability":"Pure Power","moves":["firepunch","drainpunch","psychocut","icepunch"],"nature":"Jolly","evs":{"hp":0,"atk":252,"def":0,"spa":0,"spd":4,"spe":252},"ivs":{"hp":31,"atk":31,"def":31,"spa":31,"spd":31,"spe":31}},{"name":"Victini","species":"Victini","item":"choiceband","ability":"Victory Star","moves":["flareblitz","boltstrike","uturn","facade"],"nature":"Jolly","evs":{"hp":0,"atk":252,"def":0,"spa":0,"spd":4,"spe":252},"ivs":{"hp":31,"atk":31,"def":31,"spa":31,"spd":31,"spe":31}}],"p2team":[{"name":"Nodt","species":"venusaur","item":"venusaurite","ability":"Overgrow","moves":["earthquake","sludgebomb","hiddenpowerfire","synthesis"],"nature":"Relaxed","evs":{"hp":248,"atk":0,"def":252,"spa":0,"spd":8,"spe":0},"gender":"M","ivs":{"hp":31,"atk":30,"def":31,"spa":30,"spd":31,"spe":30}},{"name":"Goltas","species":"ferrothorn","item":"leftovers","ability":"Iron Barbs","moves":["spikes","leechseed","gyroball","protect"],"nature":"Sassy","evs":{"hp":252,"atk":0,"def":4,"spa":0,"spd":252,"spe":0},"gender":"M","ivs":{"hp":31,"atk":31,"def":31,"spa":31,"spd":31,"spe":0},"shiny":true},{"name":"Lilium","species":"cradily","item":"leftovers","ability":"Suction Cups","moves":["stealthrock","rockslide","toxic","recover"],"nature":"Careful","evs":{"hp":252,"atk":4,"def":0,"spa":0,"spd":252,"spe":0},"gender":"M","shiny":true,"ivs":{"hp":31,"atk":31,"def":31,"spa":31,"spd":31,"spe":31}},{"name":"Versai","species":"serperior","item":"leftovers","ability":"Contrary","moves":["leafstorm","dragonpulse","hiddenpowerfire","substitute"],"nature":"Timid","evs":{"hp":40,"atk":0,"def":0,"spa":216,"spd":0,"spe":252},"gender":"M","ivs":{"hp":31,"atk":0,"def":31,"spa":30,"spd":31,"spe":30},"shiny":true},{"name":"Champi","species":"breloom","item":"lifeorb","ability":"Technician","moves":["swordsdance","spore","machpunch","bulletseed"],"nature":"Adamant","evs":{"hp":0,"atk":252,"def":4,"spa":0,"spd":0,"spe":252},"gender":"M","shiny":true,"ivs":{"hp":31,"atk":31,"def":31,"spa":31,"spd":31,"spe":31}},{"name":"Ludicolo","species":"Ludicolo","item":"leftovers","ability":"Swift Swim","moves":["raindance","energyball","icebeam","surf"],"nature":"Modest","evs":{"hp":156,"atk":0,"def":0,"spa":252,"spd":0,"spe":100},"gender":"M","ivs":{"hp":31,"atk":31,"def":31,"spa":31,"spd":31,"spe":31}}],"log":["|player|p1|Rain ☆ sidious|278","|player|p2|Doomsquach|154","|gametype|singles","|gen|6","|tier|Monotype","|rated","|rule|Baton Pass Clause: Limit one Baton Passer, can't pass Spe and other stats simultaneously","|rule|Swagger Clause: Swagger is banned","|rule|Same Type Clause: Pokémon in a team must share a type","|clearpoke","|poke|p1|Alakazam, M","|poke|p1|Latios, M","|poke|p1|Mew","|poke|p1|Cresselia, F","|poke|p1|Medicham, F","|poke|p1|Victini","|poke|p2|Venusaur, M","|poke|p2|Ferrothorn, M, shiny","|poke|p2|Cradily, M, shiny","|poke|p2|Serperior, M, shiny","|poke|p2|Breloom, M, shiny","|poke|p2|Ludicolo, M","|rule|Sleep Clause Mod: Limit one foe put to sleep","|rule|Species Clause: Limit one of each Pokémon","|rule|OHKO Clause: OHKO moves are banned","|rule|Moody Clause: Moody is banned","|rule|Evasion Moves Clause: Evasion moves are banned","|rule|Endless Battle Clause: Forcing endless battles is banned","|rule|HP Percentage Mod: HP is shown in percentages","|teampreview","|","|start","|switch|p1a: Mew|Mew|404/404","|switch|p2a: Versai|Serperior, M, shiny|301/301","|turn|1","|","|move|p2a: Versai|Substitute|p2a: Versai","|-start|p2a: Versai|Substitute","|-damage|p2a: Versai|226/301","|move|p1a: Mew|Flamethrower|p2a: Versai","|-supereffective|p2a: Versai","|-end|p2a: Versai|Substitute","|","|-heal|p2a: Versai|244/301|[from] item: Leftovers","|turn|2","|","|switch|p1a: Cresselia|Cresselia, F|444/444","|move|p2a: Versai|Leaf Storm|p1a: Cresselia","|-damage|p1a: Cresselia|354/444","|-boost|p2a: Versai|spa|2","|","|-heal|p2a: Versai|262/301|[from] item: Leftovers","|-heal|p1a: Cresselia|381/444|[from] item: Leftovers","|turn|3","|","|move|p2a: Versai|Leaf Storm|p1a: Cresselia","|-damage|p1a: Cresselia|203/444","|-boost|p2a: Versai|spa|2","|move|p1a: Cresselia|Thunder Wave|p2a: Versai","|-status|p2a: Versai|par","|","|-heal|p1a: Cresselia|230/444|[from] item: Leftovers","|-heal|p2a: Versai|280/301 par|[from] item: Leftovers","|turn|4","|","|move|p1a: Cresselia|Psychic|p2a: Versai","|-damage|p2a: Versai|193/301 par","|move|p2a: Versai|Leaf Storm|p1a: Cresselia","|-crit|p1a: Cresselia","|-damage|p1a: Cresselia|0 fnt","|-boost|p2a: Versai|spa|2","|faint|p1a: Cresselia","|","|-heal|p2a: Versai|211/301 par|[from] item: Leftovers","|","|switch|p1a: Medicham|Medicham, F|261/261","|turn|5","|","|move|p1a: Medicham|Fire Punch|p2a: Versai","|-supereffective|p2a: Versai","|-damage|p2a: Versai|0 fnt","|faint|p2a: Versai","|","|","|switch|p2a: Ludicolo|Ludicolo, M|340/340","|turn|6","|","|move|p1a: Medicham|Fire Punch|p2a: Ludicolo","|-damage|p2a: Ludicolo|182/340","|move|p2a: Ludicolo|Rain Dance|p2a: Ludicolo","|-weather|RainDance","|","|-weather|RainDance|[upkeep]","|-heal|p2a: Ludicolo|203/340|[from] item: Leftovers","|turn|7","|","|switch|p1a: Mew|Mew|404/404","|move|p2a: Ludicolo|Surf|p1a: Mew","|-damage|p1a: Mew|199/404","|","|-weather|RainDance|[upkeep]","|-heal|p2a: Ludicolo|224/340|[from] item: Leftovers","|-heal|p1a: Mew|224/404|[from] item: Leftovers","|turn|8","|","|move|p2a: Ludicolo|Surf|p1a: Mew","|-crit|p1a: Mew","|-damage|p1a: Mew|0 fnt","|faint|p1a: Mew","|","|-weather|RainDance|[upkeep]","|-heal|p2a: Ludicolo|245/340|[from] item: Leftovers","|","|switch|p1a: Alakazam|Alakazam, M|251/251","|turn|9","|","|move|p2a: Ludicolo|Surf|p1a: Alakazam","|-damage|p1a: Alakazam|44/251","|move|p1a: Alakazam|Psychic|p2a: Ludicolo","|-damage|p2a: Ludicolo|34/340","|","|-weather|RainDance|[upkeep]","|-heal|p2a: Ludicolo|55/340|[from] item: Leftovers","|turn|10","|","|move|p2a: Ludicolo|Surf|p1a: Alakazam","|-damage|p1a: Alakazam|0 fnt","|faint|p1a: Alakazam","|","|-weather|none","|-heal|p2a: Ludicolo|76/340|[from] item: Leftovers","|","|switch|p1a: Latios|Latios, M|301/301","|turn|11","|","|detailschange|p1a: Latios|Latios-Mega, M","|-mega|p1a: Latios|Latios|Latiosite","|move|p1a: Latios|Ice Beam|p2a: Ludicolo","|-damage|p2a: Ludicolo|0 fnt","|faint|p2a: Ludicolo","|","|","|switch|p2a: Goltas|Ferrothorn, M, shiny|352/352","|turn|12","|","|move|p1a: Latios|Calm Mind|p1a: Latios","|-boost|p1a: Latios|spa|1","|-boost|p1a: Latios|spd|1","|move|p2a: Goltas|Leech Seed|p1a: Latios","|-start|p1a: Latios|move: Leech Seed","|","|-damage|p1a: Latios|264/301|[from] Leech Seed|[of] p2a: Goltas","|turn|13","|","|move|p1a: Latios|Ice Beam|p2a: Goltas","|-damage|p2a: Goltas|252/352","|move|p2a: Goltas|Spikes|p1a: Latios","|-sidestart|p1: Rain ☆ sidious|Spikes","|","|-heal|p2a: Goltas|274/352|[from] item: Leftovers","|-damage|p1a: Latios|227/301|[from] Leech Seed|[of] p2a: Goltas","|-heal|p2a: Goltas|311/352|[silent]","|turn|14","|","|move|p1a: Latios|Defog|p2a: Goltas","|-unboost|p2a: Goltas|evasion|1","|-sideend|p1: Rain ☆ sidious|Spikes|[from] move: Defog|[of] p1a: Latios","|move|p2a: Goltas|Spikes|p1a: Latios","|-sidestart|p1: Rain ☆ sidious|Spikes","|","|-heal|p2a: Goltas|333/352|[from] item: Leftovers","|-damage|p1a: Latios|190/301|[from] Leech Seed|[of] p2a: Goltas","|-heal|p2a: Goltas|352/352|[silent]","|turn|15","|","|move|p1a: Latios|Calm Mind|p1a: Latios","|-boost|p1a: Latios|spa|1","|-boost|p1a: Latios|spd|1","|move|p2a: Goltas|Gyro Ball|p1a: Latios","|-damage|p1a: Latios|16/301","|","|-damage|p1a: Latios|0 fnt|[from] Leech Seed|[of] p2a: Goltas","|faint|p1a: Latios","|","|switch|p1a: Medicham|Medicham, F|261/261","|-damage|p1a: Medicham|229/261|[from] Spikes","|turn|16","|","|move|p2a: Goltas|Protect|p2a: Goltas","|-singleturn|p2a: Goltas|Protect","|move|p1a: Medicham|Fire Punch|p2a: Goltas","|-activate|p2a: Goltas|Protect","|","|turn|17","|","|switch|p2a: Lilium|Cradily, M, shiny|376/376","|move|p1a: Medicham|Fire Punch|p2a: Lilium","|-damage|p2a: Lilium|259/376","|","|-heal|p2a: Lilium|282/376|[from] item: Leftovers","|turn|18","|","|switch|p1a: Victini|Victini|341/341","|-damage|p1a: Victini|299/341|[from] Spikes","|move|p2a: Lilium|Stealth Rock|p1a: Victini","|-sidestart|p1: Rain ☆ sidious|move: Stealth Rock","|","|-heal|p2a: Lilium|305/376|[from] item: Leftovers","|turn|19","|","|move|p1a: Victini|Flare Blitz|p2a: Lilium","|-damage|p2a: Lilium|23/376","|-damage|p1a: Victini|206/341|[from] recoil|[of] p2a: Lilium","|move|p2a: Lilium|Rock Slide|p1a: Victini","|-supereffective|p1a: Victini","|-damage|p1a: Victini|50/341","|","|-heal|p2a: Lilium|46/376|[from] item: Leftovers","|turn|20","|","|move|p1a: Victini|Flare Blitz|p2a: Lilium","|-damage|p2a: Lilium|0 fnt","|-damage|p1a: Victini|35/341|[from] recoil|[of] p2a: Lilium","|faint|p2a: Lilium","|","|","|switch|p2a: Nodt|Venusaur, M|363/363","|turn|21","|","|detailschange|p2a: Nodt|Venusaur-Mega, M","|-mega|p2a: Nodt|Venusaur|Venusaurite","|move|p1a: Victini|Flare Blitz|p2a: Nodt","|-crit|p2a: Nodt","|-supereffective|p2a: Nodt","|-damage|p2a: Nodt|91/363","|-damage|p1a: Victini|0 fnt|[from] recoil|[of] p2a: Nodt","|faint|p1a: Victini","|move|p2a: Nodt|Synthesis|p2a: Nodt","|-heal|p2a: Nodt|272/363","|","|","|switch|p1a: Medicham|Medicham, F|229/261","|-damage|p1a: Medicham|213/261|[from] Stealth Rock","|-damage|p1a: Medicham|181/261|[from] Spikes","|turn|22","|","|move|p1a: Medicham|Psycho Cut|p2a: Nodt","|-supereffective|p2a: Nodt","|-damage|p2a: Nodt|72/363","|move|p2a: Nodt|Earthquake|p1a: Medicham","|-damage|p1a: Medicham|78/261","|","|turn|23","|","|move|p1a: Medicham|Psycho Cut|p2a: Nodt","|-supereffective|p2a: Nodt","|-damage|p2a: Nodt|0 fnt","|faint|p2a: Nodt","|","|","|switch|p2a: Goltas|Ferrothorn, M, shiny|352/352","|turn|24","|","|move|p1a: Medicham|Psycho Cut|p2a: Goltas","|-resisted|p2a: Goltas","|-damage|p2a: Goltas|296/352","|move|p2a: Goltas|Leech Seed|p1a: Medicham","|-start|p1a: Medicham|move: Leech Seed","|","|-heal|p2a: Goltas|318/352|[from] item: Leftovers","|-damage|p1a: Medicham|46/261|[from] Leech Seed|[of] p2a: Goltas","|-heal|p2a: Goltas|350/352|[silent]","|turn|25","|","|move|p2a: Goltas|Protect|p2a: Goltas","|-singleturn|p2a: Goltas|Protect","|move|p1a: Medicham|Psycho Cut|p2a: Goltas","|-activate|p2a: Goltas|Protect","|","|-heal|p2a: Goltas|352/352|[from] item: Leftovers","|-damage|p1a: Medicham|14/261|[from] Leech Seed|[of] p2a: Goltas","|turn|26","|","|move|p1a: Medicham|Psycho Cut|p2a: Goltas","|-resisted|p2a: Goltas","|-damage|p2a: Goltas|290/352","|move|p2a: Goltas|Gyro Ball|p1a: Medicham","|-damage|p1a: Medicham|0 fnt","|faint|p1a: Medicham","|","|win|Doomsquach"],"p1rating":{"entryid":"6395890","serverid":"eos","formatid":"monotype","userid":"rainsidious","username":"Rain ☆ sidious","w":"45","l":60,"t":"0","gxe":44,"r":1458.2554562896,"rd":41.958700888471,"sigma":"0","rptime":1438506000,"rpr":1454.436173303,"rprd":41.700370038485,"rpsigma":"0","acre":1069.9481476319,"lacre":1069.9481476319,"oldacre":"1094.7519780243"},"p2rating":{"entryid":"6925117","serverid":"eos","formatid":"monotype","userid":"doomsquach","username":"doomsquach","w":4,"l":"1","t":"0","gxe":59.3,"r":"1528.6297130013","rd":"114.46972286712","sigma":"0","rptime":"1438506000","rpr":1573.9716345271,"rprd":104.85707606602,"rpsigma":"0","acre":1113.989513903,"lacre":1113.989513903,"oldacre":"1086.2694000824"},"endType":"normal"}