{"seed":[46818,13482,19816,15127],"turns":31,"p1":"Kingdra-Chan","p2":"Emg GL Linket","p1team":[{"name":"Hitmontop","species":"Hitmontop","item":"scopelens","ability":"Technician","moves":["triplekick","focusenergy","fakeout","bulletpunch"],"nature":"Jolly","evs":{"hp":4,"atk":252,"def":0,"spa":0,"spd":0,"spe":252},"ivs":{"hp":31,"atk":31,"def":31,"spa":31,"spd":31,"spe":31}},{"name":"Breloom","species":"Breloom","item":"focussash","ability":"Technician","moves":["spore","swordsdance","machpunch","bulletseed"],"nature":"Jolly","evs":{"hp":4,"atk":252,"def":0,"spa":0,"spd":0,"spe":252},"ivs":{"hp":31,"atk":31,"def":31,"spa":31,"spd":31,"spe":31}},{"name":"Conkeldurr","species":"Conkeldurr","item":"flameorb","ability":"Guts","moves":["icepunch","firepunch","thunderpunch","machpunch"],"nature":"Adamant","evs":{"hp":252,"atk":252,"def":4,"spa":0,"spd":0,"spe":0},"ivs":{"hp":31,"atk":31,"def":31,"spa":31,"spd":31,"spe":31}},{"name":"Lucario","species":"Lucario","item":"expertbelt","ability":"Justified","moves":["aurasphere","darkpulse","dragonpulse","flashcannon"],"nature":"","evs":{"hp":0,"atk":0,"def":0,"spa":0,"spd":0,"spe":0},"ivs":{"hp":31,"atk":31,"def":31,"spa":31,"spd":31,"spe":31}},{"name":"Cobalion","species":"Cobalion","item":"leftovers","ability":"Justified","moves":["honeclaws","stoneedge","closecombat","ironhead"],"nature":"Adamant","evs":{"hp":0,"atk":252,"def":252,"spa":0,"spd":0,"spe":4},"ivs":{"hp":31,"atk":31,"def":31,"spa":31,"spd":31,"spe":31}},{"name":"Combusken","species":"Combusken","item":"focussash","ability":"Speed Boost","moves":["protect","flamecharge","batonpass","firepunch"],"nature":"Jolly","evs":{"hp":252,"atk":0,"def":4,"spa":0,"spd":0,"spe":252},"ivs":{"hp":31,"atk":31,"def":31,"spa":31,"spd":31,"spe":31}}],"p2team":[{"name":"Crobat","species":"Crobat","item":"muscleband","ability":"Infiltrator","moves":["confuseray","superfang","uturn","crosspoison"],"nature":"Jolly","evs":{"hp":0,"atk":252,"def":0,"spa":0,"spd":4,"spe":252},"ivs":{"hp":31,"atk":31,"def":31,"spa":31,"spd":31,"spe":31}},{"name":"Charizard","species":"Charizard","item":"choicescarf","ability":"Solar Power","moves":["fireblast","airslash","dragonpulse","ancientpower"],"nature":"Timid","evs":{"hp":0,"atk":0,"def":0,"spa":252,"spd":4,"spe":252},"ivs":{"hp":31,"atk":31,"def":31,"spa":31,"spd":31,"spe":31}},{"name":"Thundurus","species":"Thundurus","item":"focussash","ability":"Prankster","moves":["thunderwave","grassknot","knockoff","discharge"],"nature":"Hasty","evs":{"hp":0,"atk":4,"def":0,"spa":252,"spd":0,"spe":252},"ivs":{"hp":31,"atk":31,"def":31,"spa":31,"spd":31,"spe":31}},{"name":"Skarmory","species":"Skarmory","item":"redcard","ability":"Sturdy","moves":["stealthrock","whirlwind","airslash","counter"],"nature":"Timid","evs":{"hp":4,"atk":0,"def":0,"spa":252,"spd":0,"spe":252},"ivs":{"hp":31,"atk":31,"def":31,"spa":31,"spd":31,"spe":31}},{"name":"Altaria","species":"Altaria","item":"altarianite","ability":"Natural Cure","moves":["cottonguard","roost","hypervoice","earthquake"],"nature":"Sassy","evs":{"hp":4,"atk":0,"def":252,"spa":0,"spd":252,"spe":0},"ivs":{"hp":31,"atk":31,"def":31,"spa":31,"spd":31,"spe":31}},{"name":"Honchkrow","species":"Honchkrow","item":"razorclaw","ability":"Super Luck","moves":["suckerpunch","steelwing","superpower","bravebird"],"nature":"Jolly","evs":{"hp":4,"atk":252,"def":0,"spa":0,"spd":0,"spe":252},"ivs":{"hp":31,"atk":31,"def":31,"spa":31,"spd":31,"spe":31}}],"log":["|player|p1|Kingdra-Chan|40","|player|p2|Emg GL Linket|101","|gametype|singles","|gen|6","|tier|Monotype","|rated","|rule|Baton Pass Clause: Limit one Baton Passer, can't pass Spe and other stats simultaneously","|rule|Swagger Clause: Swagger is banned","|rule|Same Type Clause: Pokémon in a team must share a type","|clearpoke","|poke|p1|Hitmontop, M","|poke|p1|Breloom, F","|poke|p1|Conkeldurr, F","|poke|p1|Lucario, M","|poke|p1|Cobalion","|poke|p1|Combusken, M","|poke|p2|Crobat, M","|poke|p2|Charizard, M","|poke|p2|Thundurus, M","|poke|p2|Skarmory, M","|poke|p2|Altaria, F","|poke|p2|Honchkrow, M","|rule|Sleep Clause Mod: Limit one foe put to sleep","|rule|Species Clause: Limit one of each Pokémon","|rule|OHKO Clause: OHKO moves are banned","|rule|Moody Clause: Moody is banned","|rule|Evasion Moves Clause: Evasion moves are banned","|rule|Endless Battle Clause: Forcing endless battles is banned","|rule|HP Percentage Mod: HP is shown in percentages","|teampreview","|","|start","|switch|p1a: Combusken|Combusken, M|324/324","|switch|p2a: Skarmory|Skarmory, M|272/272","|turn|1","|","|move|p1a: Combusken|Protect|p1a: Combusken","|-singleturn|p1a: Combusken|Protect","|move|p2a: Skarmory|Stealth Rock|p1a: Combusken","|-sidestart|p1: Kingdra-Chan|move: Stealth Rock","|","|-boost|p1a: Combusken|spe|1|[from] ability: Speed Boost","|turn|2","|","|move|p1a: Combusken|Flame Charge|p2a: Skarmory","|-supereffective|p2a: Skarmory","|-damage|p2a: Skarmory|198/272","|-boost|p1a: Combusken|spe|1","|-enditem|p2a: Skarmory|Red Card|[of] p1a: Combusken","|drag|p1a: Breloom|Breloom, F|262/262","|-damage|p1a: Breloom|246/262|[from] Stealth Rock","|move|p2a: Skarmory|Stealth Rock|p1a: Breloom","|-fail|p1a: Breloom","|","|turn|3","|","|move|p2a: Skarmory|Air Slash|p1a: Breloom","|-supereffective|p1a: Breloom","|-damage|p1a: Breloom|0 fnt","|faint|p1a: Breloom","|","|","|switch|p1a: Combusken|Combusken, M|324/324","|-damage|p1a: Combusken|284/324|[from] Stealth Rock","|turn|4","|","|move|p1a: Combusken|Protect|p1a: Combusken","|-singleturn|p1a: Combusken|Protect","|move|p2a: Skarmory|Air Slash|p1a: Combusken","|-activate|p1a: Combusken|Protect","|","|-boost|p1a: Combusken|spe|1|[from] ability: Speed Boost","|turn|5","|","|move|p1a: Combusken|Baton Pass|p1a: Combusken","|","|switch|p1a: Hitmontop|Hitmontop, M|242/242","|-damage|p1a: Hitmontop|227/242|[from] Stealth Rock","|move|p2a: Skarmory|Counter|p1a: Hitmontop","|-fail|p1a: Hitmontop","|","|turn|6","|","|move|p1a: Hitmontop|Fake Out|p2a: Skarmory","|-resisted|p2a: Skarmory","|-damage|p2a: Skarmory|178/272","|cant|p2a: Skarmory|flinch","|","|turn|7","|","|move|p1a: Hitmontop|Focus Energy|p1a: Hitmontop","|-start|p1a: Hitmontop|move: Focus Energy","|move|p2a: Skarmory|Counter|p1a: Hitmontop","|-fail|p1a: Hitmontop","|","|turn|8","|","|move|p1a: Hitmontop|Triple Kick|p2a: Skarmory","|-crit|p2a: Skarmory","|-damage|p2a: Skarmory|154/272","|-crit|p2a: Skarmory","|-damage|p2a: Skarmory|106/272","|-crit|p2a: Skarmory","|-damage|p2a: Skarmory|34/272","|-hitcount|p2a: Skarmory|3","|move|p2a: Skarmory|Whirlwind|p1a: Hitmontop","|drag|p1a: Conkeldurr|Conkeldurr, F|414/414","|-damage|p1a: Conkeldurr|389/414|[from] Stealth Rock","|","|-status|p1a: Conkeldurr|brn|[from] item: Flame Orb","|turn|9","|","|move|p2a: Skarmory|Air Slash|p1a: Conkeldurr|[miss]","|-miss|p2a: Skarmory|p1a: Conkeldurr","|move|p1a: Conkeldurr|Fire Punch|p2a: Skarmory","|-supereffective|p2a: Skarmory","|-damage|p2a: Skarmory|0 fnt","|faint|p2a: Skarmory","|","|-damage|p1a: Conkeldurr|338/414 brn|[from] brn","|","|switch|p2a: Charizard|Charizard, M|297/297","|turn|10","|","|move|p2a: Charizard|Air Slash|p1a: Conkeldurr","|-supereffective|p1a: Conkeldurr","|-damage|p1a: Conkeldurr|30/414 brn","|move|p1a: Conkeldurr|Thunder Punch|p2a: Charizard","|-supereffective|p2a: Charizard","|-damage|p2a: Charizard|0 fnt","|faint|p2a: Charizard","|","|-damage|p1a: Conkeldurr|0 fnt|[from] brn","|faint|p1a: Conkeldurr","|","|switch|p2a: Crobat|Crobat, M|311/311","|switch|p1a: Combusken|Combusken, M|284/324","|-damage|p1a: Combusken|244/324|[from] Stealth Rock","|turn|11","|","|move|p1a: Combusken|Protect|p1a: Combusken","|-singleturn|p1a: Combusken|Protect","|move|p2a: Crobat|Confuse Ray|p1a: Combusken","|-activate|p1a: Combusken|Protect","|","|-boost|p1a: Combusken|spe|1|[from] ability: Speed Boost","|turn|12","|","|move|p2a: Crobat|Confuse Ray|p1a: Combusken","|-start|p1a: Combusken|confusion","|-activate|p1a: Combusken|confusion","|-damage|p1a: Combusken|199/324|[from] confusion","|","|-boost|p1a: Combusken|spe|1|[from] ability: Speed Boost","|turn|13","|","|-activate|p1a: Combusken|confusion","|move|p1a: Combusken|Baton Pass|p1a: Combusken","|","|switch|p1a: Hitmontop|Hitmontop, M|227/242","|-damage|p1a: Hitmontop|212/242|[from] Stealth Rock","|move|p2a: Crobat|Super Fang|p1a: Hitmontop","|-damage|p1a: Hitmontop|106/242","|","|turn|14","|","|-activate|p1a: Hitmontop|confusion","|move|p1a: Hitmontop|Fake Out|p2a: Crobat","|-damage|p2a: Crobat|245/311","|cant|p2a: Crobat|flinch","|","|turn|15","|","|-end|p1a: Hitmontop|confusion","|move|p1a: Hitmontop|Focus Energy|p1a: Hitmontop","|-start|p1a: Hitmontop|move: Focus Energy","|move|p2a: Crobat|Cross Poison|p1a: Hitmontop","|-damage|p1a: Hitmontop|0 fnt","|faint|p1a: Hitmontop","|","|","|switch|p1a: Combusken|Combusken, M|199/324","|-damage|p1a: Combusken|159/324|[from] Stealth Rock","|turn|16","|","|move|p1a: Combusken|Protect|p1a: Combusken","|-singleturn|p1a: Combusken|Protect","|move|p2a: Crobat|Confuse Ray|p1a: Combusken","|-activate|p1a: Combusken|Protect","|","|-boost|p1a: Combusken|spe|1|[from] ability: Speed Boost","|turn|17","|","|move|p2a: Crobat|Confuse Ray|p1a: Combusken","|-start|p1a: Combusken|confusion","|-activate|p1a: Combusken|confusion","|-damage|p1a: Combusken|116/324|[from] confusion","|","|-boost|p1a: Combusken|spe|1|[from] ability: Speed Boost","|turn|18","|","|-activate|p1a: Combusken|confusion","|-damage|p1a: Combusken|70/324|[from] confusion","|move|p2a: Crobat|Cross Poison|p1a: Combusken","|-damage|p1a: Combusken|0 fnt","|faint|p1a: Combusken","|","|","|switch|p1a: Cobalion|Cobalion|323/323","|-damage|p1a: Cobalion|313/323|[from] Stealth Rock","|turn|19","|","|move|p2a: Crobat|Confuse Ray|p1a: Cobalion","|-start|p1a: Cobalion|confusion","|-activate|p1a: Cobalion|confusion","|-damage|p1a: Cobalion|284/323|[from] confusion","|","|-heal|p1a: Cobalion|304/323|[from] item: Leftovers","|turn|20","|","|move|p2a: Crobat|Super Fang|p1a: Cobalion","|-damage|p1a: Cobalion|152/323","|-activate|p1a: Cobalion|confusion","|-damage|p1a: Cobalion|123/323|[from] confusion","|","|-heal|p1a: Cobalion|143/323|[from] item: Leftovers","|turn|21","|","|move|p2a: Crobat|Super Fang|p1a: Cobalion","|-damage|p1a: Cobalion|72/323","|-end|p1a: Cobalion|confusion","|move|p1a: Cobalion|Hone Claws|p1a: Cobalion","|-boost|p1a: Cobalion|atk|1","|-boost|p1a: Cobalion|accuracy|1","|","|-heal|p1a: Cobalion|92/323|[from] item: Leftovers","|turn|22","|","|move|p2a: Crobat|Confuse Ray|p1a: Cobalion","|-start|p1a: Cobalion|confusion","|-activate|p1a: Cobalion|confusion","|-damage|p1a: Cobalion|51/323|[from] confusion","|","|-heal|p1a: Cobalion|71/323|[from] item: Leftovers","|turn|23","|","|move|p2a: Crobat|U-turn|p1a: Cobalion","|-resisted|p1a: Cobalion","|-damage|p1a: Cobalion|58/323","|","|switch|p2a: Altaria|Altaria, F|292/292","|-end|p1a: Cobalion|confusion","|move|p1a: Cobalion|Stone Edge|p2a: Altaria","|-supereffective|p2a: Altaria","|-damage|p2a: Altaria|30/292","|","|-heal|p1a: Cobalion|78/323|[from] item: Leftovers","|turn|24","|","|detailschange|p2a: Altaria|Altaria-Mega, F","|-mega|p2a: Altaria|Altaria|Altarianite","|move|p1a: Cobalion|Iron Head|p2a: Altaria","|-supereffective|p2a: Altaria","|-damage|p2a: Altaria|0 fnt","|faint|p2a: Altaria","|","|-heal|p1a: Cobalion|98/323|[from] item: Leftovers","|","|switch|p2a: Honchkrow|Honchkrow, M|342/342","|turn|25","|","|move|p2a: Honchkrow|Sucker Punch|p1a: Cobalion","|-crit|p1a: Cobalion","|-resisted|p1a: Cobalion","|-damage|p1a: Cobalion|26/323","|-boost|p1a: Cobalion|atk|1|[from] ability: Justified","|move|p1a: Cobalion|Stone Edge|p2a: Honchkrow","|-supereffective|p2a: Honchkrow","|-damage|p2a: Honchkrow|0 fnt","|faint|p2a: Honchkrow","|","|-heal|p1a: Cobalion|46/323|[from] item: Leftovers","|","|switch|p2a: Crobat|Crobat, M|245/311","|turn|26","|","|move|p2a: Crobat|Confuse Ray|p1a: Cobalion","|-start|p1a: Cobalion|confusion","|-activate|p1a: Cobalion|confusion","|move|p1a: Cobalion|Stone Edge|p2a: Crobat","|-supereffective|p2a: Crobat","|-damage|p2a: Crobat|0 fnt","|faint|p2a: Crobat","|","|-heal|p1a: Cobalion|66/323|[from] item: Leftovers","|","|switch|p2a: Thundurus|Thundurus, M|299/299","|turn|27","|","|move|p2a: Thundurus|Discharge|p1a: Cobalion","|-damage|p1a: Cobalion|0 fnt","|faint|p1a: Cobalion","|","|","|switch|p1a: Lucario|Lucario, M|281/281","|-damage|p1a: Lucario|273/281|[from] Stealth Rock","|turn|28","|","|move|p2a: Thundurus|Thunder Wave|p1a: Lucario","|-status|p1a: Lucario|par","|cant|p1a: Lucario|par","|","|turn|29","|","|move|p2a: Thundurus|Knock Off|p1a: Lucario","|-resisted|p1a: Lucario","|-damage|p1a: Lucario|217/281 par","|-boost|p1a: Lucario|atk|1|[from] ability: Justified","|-enditem|p1a: Lucario|Expert Belt|[from] move: Knock Off|[of] p2a: Thundurus","|cant|p1a: Lucario|par","|","|turn|30","|","|move|p2a: Thundurus|Discharge|p1a: Lucario","|-damage|p1a: Lucario|34/281 par","|move|p1a: Lucario|Flash Cannon|p2a: Thundurus","|-resisted|p2a: Thundurus","|-damage|p2a: Thundurus|233/299","|","|turn|31","|","|move|p2a: Thundurus|Discharge|p1a: Lucario","|-damage|p1a: Lucario|0 fnt","|faint|p1a: Lucario","|","|win|Emg GL Linket"],"p1rating":{"entryid":"7342413","serverid":"eos","formatid":"monotype","userid":"kingdrachan","username":"Kingdra-Chan","w":"1","l":1,"t":"0","gxe":48,"r":"1500","rd":"130","sigma":"0","rptime":"1438506000","rpr":1483.8292965774,"rprd":116.80609334193,"rpsigma":"0","acre":1034.9706529158,"lacre":1034.9706529158,"oldacre":"1049.2249318747"},"p2rating":{"entryid":"7095008","serverid":"eos","formatid":"monotype","userid":"emggllinket","username":"Emg GL Linket","w":5,"l":"3","t":"0","gxe":53.8,"r":"1488.9440304367","rd":"100.33427356323","sigma":"0","rptime":"1438506000","rpr":1529.5036178901,"rprd":94.002169188162,"rpsigma":"0","acre":1132.9596437087,"lacre":1132.9596437087,"oldacre":"1112.4602012149"},"endType":"normal"}