{"seed":[14102,11365,58529,21601],"turns":26,"p1":"OSMG","p2":"Sovereign Spheal","p1team":[{"name":"Doublade","species":"Doublade","item":"eviolite","ability":"No Guard","moves":["swordsdance","sacredsword","gyroball","shadowsneak"],"nature":"Brave","evs":{"hp":248,"atk":252,"def":0,"spa":0,"spd":8,"spe":0},"ivs":{"hp":31,"atk":31,"def":31,"spa":31,"spd":31,"spe":0}},{"name":"Empoleon","species":"Empoleon","item":"leftovers","ability":"Torrent","moves":["scald","defog","roar","stealthrock"],"nature":"Calm","evs":{"hp":248,"atk":0,"def":8,"spa":0,"spd":252,"spe":0},"ivs":{"hp":31,"atk":31,"def":31,"spa":31,"spd":31,"spe":31}},{"name":"Lucario","species":"Lucario","item":"lifeorb","ability":"Justified","moves":["closecombat","swordsdance","extremespeed","irontail"],"nature":"Adamant","evs":{"hp":0,"atk":252,"def":4,"spa":0,"spd":0,"spe":252},"ivs":{"hp":31,"atk":31,"def":31,"spa":31,"spd":31,"spe":31}},{"name":"Bisharp","species":"Bisharp","item":"lumberry","ability":"Defiant","moves":["ironhead","swordsdance","knockoff","suckerpunch"],"nature":"Adamant","evs":{"hp":0,"atk":252,"def":0,"spa":0,"spd":0,"spe":252},"ivs":{"hp":31,"atk":31,"def":31,"spa":31,"spd":31,"spe":31}},{"name":"Heatran","species":"Heatran","item":"airballoon","ability":"Flash Fire","moves":["fireblast","earthpower","ancientpower","taunt"],"nature":"Timid","evs":{"hp":0,"atk":0,"def":0,"spa":252,"spd":0,"spe":252},"ivs":{"hp":31,"atk":31,"def":31,"spa":31,"spd":31,"spe":31}},{"name":"Ferrothorn","species":"Ferrothorn","item":"leftovers","ability":"Iron Barbs","moves":["spikes","thunderwave","powerwhip","leechseed"],"nature":"Impish","evs":{"hp":252,"atk":4,"def":252,"spa":0,"spd":0,"spe":0},"ivs":{"hp":31,"atk":31,"def":31,"spa":31,"spd":31,"spe":31}}],"p2team":[{"name":"Azumarill","species":"Azumarill","item":"sitrusberry","ability":"Huge Power","moves":["bellydrum","aquajet","playrough","knockoff"],"nature":"Adamant","evs":{"hp":128,"atk":252,"def":0,"spa":0,"spd":0,"spe":128},"ivs":{"hp":31,"atk":31,"def":31,"spa":31,"spd":31,"spe":31}},{"name":"Crawdaunt","species":"Crawdaunt","item":"focussash","ability":"Adaptability","moves":["dragondance","crabhammer","knockoff","aquajet"],"nature":"Jolly","evs":{"hp":4,"atk":252,"def":0,"spa":0,"spd":0,"spe":252},"ivs":{"hp":31,"atk":31,"def":31,"spa":31,"spd":31,"spe":31}},{"name":"Politoed","species":"Politoed","item":"leftovers","ability":"Drizzle","moves":["perishsong","scald","toxic","protect"],"nature":"Bold","evs":{"hp":252,"atk":0,"def":252,"spa":0,"spd":4,"spe":0},"ivs":{"hp":31,"atk":31,"def":31,"spa":31,"spd":31,"spe":31}},{"name":"Slowbro","species":"Slowbro","item":"leftovers","ability":"Oblivious","moves":["irondefense","calmmind","scald","slackoff"],"nature":"Calm","evs":{"hp":252,"atk":0,"def":4,"spa":0,"spd":252,"spe":0},"ivs":{"hp":31,"atk":31,"def":31,"spa":31,"spd":31,"spe":31}},{"name":"Cloyster","species":"Cloyster","item":"focussash","ability":"Skill Link","moves":["shellsmash","iciclespear","rockblast","iceshard"],"nature":"Serious","evs":{"hp":0,"atk":252,"def":4,"spa":0,"spd":0,"spe":252},"ivs":{"hp":31,"atk":31,"def":31,"spa":31,"spd":31,"spe":31}},{"name":"Swampert","species":"Swampert","item":"swampertite","ability":"Damp","moves":["raindance","waterfall","earthquake","icepunch"],"nature":"Adamant","evs":{"hp":0,"atk":252,"def":0,"spa":0,"spd":4,"spe":252},"ivs":{"hp":31,"atk":31,"def":31,"spa":31,"spd":31,"spe":31}}],"log":["|player|p1|OSMG|159","|player|p2|Sovereign Spheal|40","|gametype|singles","|gen|6","|tier|Monotype","|rated","|rule|Baton Pass Clause: Limit one Baton Passer, can't pass Spe and other stats simultaneously","|rule|Swagger Clause: Swagger is banned","|rule|Same Type Clause: Pokémon in a team must share a type","|clearpoke","|poke|p1|Doublade, M","|poke|p1|Empoleon, F","|poke|p1|Lucario, M","|poke|p1|Bisharp, M","|poke|p1|Heatran, F","|poke|p1|Ferrothorn, M","|poke|p2|Azumarill, M","|poke|p2|Crawdaunt, M","|poke|p2|Politoed, M","|poke|p2|Slowbro, M","|poke|p2|Cloyster, F","|poke|p2|Swampert, M","|rule|Sleep Clause Mod: Limit one foe put to sleep","|rule|Species Clause: Limit one of each Pokémon","|rule|OHKO Clause: OHKO moves are banned","|rule|Moody Clause: Moody is banned","|rule|Evasion Moves Clause: Evasion moves are banned","|rule|Endless Battle Clause: Forcing endless battles is banned","|rule|HP Percentage Mod: HP is shown in percentages","|teampreview","|","|start","|switch|p1a: Ferrothorn|Ferrothorn, M|352/352","|switch|p2a: Azumarill|Azumarill, M|373/373","|turn|1","|","|move|p2a: Azumarill|Belly Drum|p2a: Azumarill","|-damage|p2a: Azumarill|187/373","|-setboost|p2a: Azumarill|atk|6|[from] move: Belly Drum","|move|p1a: Ferrothorn|Thunder Wave|p2a: Azumarill","|-status|p2a: Azumarill|par","|","|turn|2","|","|move|p2a: Azumarill|Aqua Jet|p1a: Ferrothorn","|-crit|p1a: Ferrothorn","|-resisted|p1a: Ferrothorn","|-damage|p1a: Ferrothorn|197/352","|-damage|p2a: Azumarill|141/373 par|[from] ability: Iron Barbs|[of] p1a: Ferrothorn","|-enditem|p2a: Azumarill|Sitrus Berry|[eat]","|-heal|p2a: Azumarill|234/373 par|[from] item: Sitrus Berry","|move|p1a: Ferrothorn|Power Whip|p2a: Azumarill","|-supereffective|p2a: Azumarill","|-damage|p2a: Azumarill|0 fnt","|faint|p2a: Azumarill","|","|-heal|p1a: Ferrothorn|219/352|[from] item: Leftovers","|","|switch|p2a: Swampert|Swampert, M|341/341","|turn|3","|","|detailschange|p2a: Swampert|Swampert-Mega, M","|-mega|p2a: Swampert|Swampert|Swampertite","|move|p2a: Swampert|Rain Dance|p2a: Swampert","|-weather|RainDance","|move|p1a: Ferrothorn|Leech Seed|p2a: Swampert","|-start|p2a: Swampert|move: Leech Seed","|","|-weather|RainDance|[upkeep]","|-heal|p1a: Ferrothorn|241/352|[from] item: Leftovers","|-damage|p2a: Swampert|299/341|[from] Leech Seed|[of] p1a: Ferrothorn","|-heal|p1a: Ferrothorn|283/352|[silent]","|turn|4","|","|move|p2a: Swampert|Earthquake|p1a: Ferrothorn","|-damage|p1a: Ferrothorn|150/352","|move|p1a: Ferrothorn|Thunder Wave|p2a: Swampert","|-immune|p2a: Swampert|[msg]","|","|-weather|RainDance|[upkeep]","|-heal|p1a: Ferrothorn|172/352|[from] item: Leftovers","|-damage|p2a: Swampert|257/341|[from] Leech Seed|[of] p1a: Ferrothorn","|-heal|p1a: Ferrothorn|214/352|[silent]","|turn|5","|","|switch|p1a: Heatran|Heatran, F|323/323","|-item|p1a: Heatran|Air Balloon","|move|p2a: Swampert|Earthquake|p1a: Heatran","|-immune|p1a: Heatran|[msg]","|","|-weather|RainDance|[upkeep]","|-damage|p2a: Swampert|215/341|[from] Leech Seed|[of] p1a: Heatran","|turn|6","|","|switch|p1a: Ferrothorn|Ferrothorn, M|214/352","|move|p2a: Swampert|Waterfall|p1a: Ferrothorn","|-resisted|p1a: Ferrothorn","|-damage|p1a: Ferrothorn|130/352","|-damage|p2a: Swampert|173/341|[from] ability: Iron Barbs|[of] p1a: Ferrothorn","|","|-weather|RainDance|[upkeep]","|-heal|p1a: Ferrothorn|152/352|[from] item: Leftovers","|-damage|p2a: Swampert|131/341|[from] Leech Seed|[of] p1a: Ferrothorn","|-heal|p1a: Ferrothorn|194/352|[silent]","|turn|7","|","|move|p2a: Swampert|Waterfall|p1a: Ferrothorn","|-resisted|p1a: Ferrothorn","|-damage|p1a: Ferrothorn|113/352","|-damage|p2a: Swampert|89/341|[from] ability: Iron Barbs|[of] p1a: Ferrothorn","|move|p1a: Ferrothorn|Power Whip|p2a: Swampert","|-supereffective|p2a: Swampert","|-damage|p2a: Swampert|0 fnt","|faint|p2a: Swampert","|","|-weather|none","|-heal|p1a: Ferrothorn|135/352|[from] item: Leftovers","|","|switch|p2a: Politoed|Politoed, M|384/384","|-weather|RainDance","|turn|8","|","|move|p2a: Politoed|Perish Song|p2a: Politoed","|-start|p1a: Ferrothorn|perish3|[silent]","|-start|p2a: Politoed|perish3|[silent]","|-fieldactivate|move: Perish Song","|move|p1a: Ferrothorn|Leech Seed|p2a: Politoed","|-start|p2a: Politoed|move: Leech Seed","|","|-start|p2a: Politoed|perish3","|-start|p1a: Ferrothorn|perish3","|-weather|RainDance|[upkeep]","|-heal|p1a: Ferrothorn|157/352|[from] item: Leftovers","|-damage|p2a: Politoed|336/384|[from] Leech Seed|[of] p1a: Ferrothorn","|-heal|p1a: Ferrothorn|205/352|[silent]","|turn|9","|","|switch|p1a: Empoleon|Empoleon, F|371/371","|move|p2a: Politoed|Protect|p2a: Politoed","|-fail|p2a: Politoed","|","|-start|p2a: Politoed|perish2","|-weather|RainDance|[upkeep]","|-heal|p2a: Politoed|360/384|[from] item: Leftovers","|-damage|p2a: Politoed|312/384|[from] Leech Seed|[of] p1a: Empoleon","|turn|10","|","|move|p2a: Politoed|Scald|p1a: Empoleon","|-resisted|p1a: Empoleon","|-damage|p1a: Empoleon|321/371","|-status|p1a: Empoleon|brn","|move|p1a: Empoleon|Stealth Rock|p2a: Politoed","|-sidestart|p2: Sovereign Spheal|move: Stealth Rock","|","|-start|p2a: Politoed|perish1","|-weather|RainDance|[upkeep]","|-heal|p2a: Politoed|336/384|[from] item: Leftovers","|-heal|p1a: Empoleon|344/371 brn|[from] item: Leftovers","|-damage|p2a: Politoed|288/384|[from] Leech Seed|[of] p1a: Empoleon","|-heal|p1a: Empoleon|371/371 brn|[silent]","|-damage|p1a: Empoleon|325/371 brn|[from] brn","|turn|11","|","|switch|p2a: Slowbro|Slowbro, M|394/394","|-damage|p2a: Slowbro|345/394|[from] Stealth Rock","|move|p1a: Empoleon|Roar|p2a: Slowbro","|drag|p2a: Cloyster|Cloyster, F|241/241","|-damage|p2a: Cloyster|181/241|[from] Stealth Rock","|","|-weather|RainDance|[upkeep]","|-heal|p1a: Empoleon|348/371 brn|[from] item: Leftovers","|-damage|p1a: Empoleon|302/371 brn|[from] brn","|turn|12","|","|move|p2a: Cloyster|Rock Blast|p1a: Empoleon","|-resisted|p1a: Empoleon","|-damage|p1a: Empoleon|289/371 brn","|-resisted|p1a: Empoleon","|-damage|p1a: Empoleon|276/371 brn","|-resisted|p1a: Empoleon","|-damage|p1a: Empoleon|263/371 brn","|-resisted|p1a: Empoleon","|-damage|p1a: Empoleon|251/371 brn","|-resisted|p1a: Empoleon","|-damage|p1a: Empoleon|237/371 brn","|-hitcount|p1a: Empoleon|5","|move|p1a: Empoleon|Roar|p2a: Cloyster","|drag|p2a: Politoed|Politoed, M|288/384","|-damage|p2a: Politoed|240/384|[from] Stealth Rock","|","|-weather|none","|-heal|p2a: Politoed|264/384|[from] item: Leftovers","|-heal|p1a: Empoleon|260/371 brn|[from] item: Leftovers","|-damage|p1a: Empoleon|214/371 brn|[from] brn","|turn|13","|","|switch|p1a: Ferrothorn|Ferrothorn, M|205/352","|move|p2a: Politoed|Protect|p2a: Politoed","|-fail|p2a: Politoed","|","|-heal|p2a: Politoed|288/384|[from] item: Leftovers","|-heal|p1a: Ferrothorn|227/352|[from] item: Leftovers","|turn|14","|","|switch|p2a: Cloyster|Cloyster, F|181/241","|-damage|p2a: Cloyster|121/241|[from] Stealth Rock","|move|p1a: Ferrothorn|Leech Seed|p2a: Cloyster","|-start|p2a: Cloyster|move: Leech Seed","|","|-heal|p1a: Ferrothorn|249/352|[from] item: Leftovers","|-damage|p2a: Cloyster|91/241|[from] Leech Seed|[of] p1a: Ferrothorn","|-heal|p1a: Ferrothorn|279/352|[silent]","|turn|15","|","|move|p2a: Cloyster|Icicle Spear|p1a: Ferrothorn","|-damage|p1a: Ferrothorn|257/352","|-damage|p1a: Ferrothorn|236/352","|-damage|p1a: Ferrothorn|214/352","|-damage|p1a: Ferrothorn|190/352","|-damage|p1a: Ferrothorn|166/352","|-hitcount|p1a: Ferrothorn|5","|move|p1a: Ferrothorn|Spikes|p2a: Cloyster","|-sidestart|p2: Sovereign Spheal|Spikes","|","|-heal|p1a: Ferrothorn|188/352|[from] item: Leftovers","|-damage|p2a: Cloyster|61/241|[from] Leech Seed|[of] p1a: Ferrothorn","|-heal|p1a: Ferrothorn|218/352|[silent]","|turn|16","|","|switch|p1a: Doublade|Doublade, M|321/321","|move|p2a: Cloyster|Icicle Spear|p1a: Doublade","|-resisted|p1a: Doublade","|-damage|p1a: Doublade|312/321","|-resisted|p1a: Doublade","|-damage|p1a: Doublade|303/321","|-resisted|p1a: Doublade","|-damage|p1a: Doublade|293/321","|-resisted|p1a: Doublade","|-damage|p1a: Doublade|284/321","|-resisted|p1a: Doublade","|-damage|p1a: Doublade|275/321","|-hitcount|p1a: Doublade|5","|","|-damage|p2a: Cloyster|31/241|[from] Leech Seed|[of] p1a: Doublade","|-heal|p1a: Doublade|305/321|[silent]","|turn|17","|","|move|p2a: Cloyster|Ice Shard|p1a: Doublade","|-resisted|p1a: Doublade","|-damage|p1a: Doublade|290/321","|move|p1a: Doublade|Swords Dance|p1a: Doublade","|-boost|p1a: Doublade|atk|2","|","|-damage|p2a: Cloyster|1/241|[from] Leech Seed|[of] p1a: Doublade","|-heal|p1a: Doublade|320/321|[silent]","|turn|18","|","|move|p2a: Cloyster|Shell Smash|p2a: Cloyster","|-unboost|p2a: Cloyster|def|1","|-unboost|p2a: Cloyster|spd|1","|-boost|p2a: Cloyster|atk|2","|-boost|p2a: Cloyster|spa|2","|-boost|p2a: Cloyster|spe|2","|move|p1a: Doublade|Swords Dance|p1a: Doublade","|-boost|p1a: Doublade|atk|2","|","|-damage|p2a: Cloyster|0 fnt|[from] Leech Seed|[of] p1a: Doublade","|-heal|p1a: Doublade|321/321|[silent]","|faint|p2a: Cloyster","|","|switch|p2a: Politoed|Politoed, M|288/384","|-damage|p2a: Politoed|240/384|[from] Spikes","|-damage|p2a: Politoed|192/384|[from] Stealth Rock","|-weather|RainDance","|turn|19","|","|move|p1a: Doublade|Shadow Sneak|p2a: Politoed","|-damage|p2a: Politoed|6/384","|move|p2a: Politoed|Perish Song|p2a: Politoed","|-start|p1a: Doublade|perish3|[silent]","|-start|p2a: Politoed|perish3|[silent]","|-fieldactivate|move: Perish Song","|","|-start|p2a: Politoed|perish3","|-start|p1a: Doublade|perish3","|-weather|RainDance|[upkeep]","|-heal|p2a: Politoed|30/384|[from] item: Leftovers","|turn|20","|","|move|p2a: Politoed|Protect|p2a: Politoed","|-singleturn|p2a: Politoed|Protect","|move|p1a: Doublade|Shadow Sneak|p2a: Politoed","|-activate|p2a: Politoed|Protect","|","|-start|p2a: Politoed|perish2","|-start|p1a: Doublade|perish2","|-weather|RainDance|[upkeep]","|-heal|p2a: Politoed|54/384|[from] item: Leftovers","|turn|21","|","|move|p2a: Politoed|Scald|p1a: Doublade","|-damage|p1a: Doublade|176/321","|-status|p1a: Doublade|brn","|move|p1a: Doublade|Sacred Sword|p2a: Politoed","|-damage|p2a: Politoed|0 fnt","|faint|p2a: Politoed","|","|-start|p1a: Doublade|perish1","|-weather|RainDance|[upkeep]","|-damage|p1a: Doublade|136/321 brn|[from] brn","|","|switch|p2a: Slowbro|Slowbro, M|345/394","|-damage|p2a: Slowbro|296/394|[from] Spikes","|-damage|p2a: Slowbro|247/394|[from] Stealth Rock","|turn|22","|","|move|p1a: Doublade|Shadow Sneak|p2a: Slowbro","|-supereffective|p2a: Slowbro","|-damage|p2a: Slowbro|67/394","|move|p2a: Slowbro|Iron Defense|p2a: Slowbro","|-boost|p2a: Slowbro|def|2","|","|-start|p1a: Doublade|perish0","|-weather|RainDance|[upkeep]","|-heal|p2a: Slowbro|91/394|[from] item: Leftovers","|faint|p1a: Doublade","|","|switch|p1a: Bisharp|Bisharp, M|271/271","|turn|23","|","|move|p1a: Bisharp|Knock Off|p2a: Slowbro","|-supereffective|p2a: Slowbro","|-damage|p2a: Slowbro|0 fnt","|-enditem|p2a: Slowbro|Leftovers|[from] move: Knock Off|[of] p1a: Bisharp","|faint|p2a: Slowbro","|","|-weather|none","|","|switch|p2a: Crawdaunt|Crawdaunt, M|268/268","|-damage|p2a: Crawdaunt|235/268|[from] Spikes","|-damage|p2a: Crawdaunt|202/268|[from] Stealth Rock","|turn|24","|","|move|p1a: Bisharp|Knock Off|p2a: Crawdaunt","|-resisted|p2a: Crawdaunt","|-damage|p2a: Crawdaunt|98/268","|-enditem|p2a: Crawdaunt|Focus Sash|[from] move: Knock Off|[of] p1a: Bisharp","|move|p2a: Crawdaunt|Dragon Dance|p2a: Crawdaunt","|-boost|p2a: Crawdaunt|atk|1","|-boost|p2a: Crawdaunt|spe|1","|","|turn|25","|","|move|p2a: Crawdaunt|Aqua Jet|p1a: Bisharp","|-crit|p1a: Bisharp","|-damage|p1a: Bisharp|81/271","|move|p1a: Bisharp|Knock Off|p2a: Crawdaunt","|-resisted|p2a: Crawdaunt","|-damage|p2a: Crawdaunt|23/268","|","|turn|26","|","|switch|p1a: Ferrothorn|Ferrothorn, M|218/352","|move|p2a: Crawdaunt|Aqua Jet|p1a: Ferrothorn","|-resisted|p1a: Ferrothorn","|-damage|p1a: Ferrothorn|178/352","|-damage|p2a: Crawdaunt|0 fnt|[from] ability: Iron Barbs|[of] p1a: Ferrothorn","|faint|p2a: Crawdaunt","|","|win|OSMG"],"p1rating":{"entryid":"6698041","serverid":"eos","formatid":"monotype","userid":"osmg","username":"OSMG","w":31,"l":"11","t":"0","gxe":69.7,"r":"1639.579543962","rd":"64.250752195273","sigma":"0","rptime":"1438506000","rpr":1659.1630367563,"rprd":61.785771722618,"rpsigma":"0","acre":1304.2360690736,"lacre":1304.2360690736,"oldacre":"1296.5592675547"},"p2rating":{"entryid":"7340891","serverid":"eos","formatid":"monotype","userid":"sovereignspheal","username":"Sovereign Spheal","w":"0","l":2,"t":"0","gxe":40.8,"r":"1500","rd":"130","sigma":"0","rptime":"1438506000","rpr":1425.9813764971,"rprd":117.10098799954,"rpsigma":"0","acre":1000,"lacre":1000,"oldacre":"1000"},"endType":"normal"}