{"seed":[15540,336,49213,49786],"turns":32,"p1":"Emg UnownMaN","p2":"Emg GL Twizzler","p1team":[{"name":"Toxicroak","species":"Toxicroak","item":"blacksludge","ability":"Poison Touch","moves":["gunkshot","drainpunch","icepunch","suckerpunch"],"nature":"Adamant","evs":{"hp":0,"atk":252,"def":0,"spa":0,"spd":0,"spe":252},"gender":"M","shiny":true,"ivs":{"hp":31,"atk":31,"def":31,"spa":31,"spd":31,"spe":31}},{"name":"Ariados","species":"Ariados","item":"focussash","ability":"Insomnia","moves":["stickyweb","toxicspikes","suckerpunch","megahorn"],"nature":"Adamant","evs":{"hp":0,"atk":252,"def":4,"spa":0,"spd":0,"spe":252},"gender":"M","shiny":true,"ivs":{"hp":31,"atk":31,"def":31,"spa":31,"spd":31,"spe":31}},{"name":"Venusaur","species":"Venusaur","item":"venusaurite","ability":"Chlorophyll","moves":["gigadrain","sludgebomb","synthesis","leechseed"],"nature":"Bold","evs":{"hp":0,"atk":0,"def":252,"spa":148,"spd":108,"spe":0},"gender":"M","shiny":true,"ivs":{"hp":31,"atk":31,"def":31,"spa":31,"spd":31,"spe":31}},{"name":"Scolipede","species":"Scolipede","item":"focussash","ability":"Speed Boost","moves":["protect","megahorn","batonpass","substitute"],"nature":"Jolly","evs":{"hp":0,"atk":252,"def":4,"spa":0,"spd":0,"spe":252},"gender":"M","shiny":true,"ivs":{"hp":31,"atk":31,"def":31,"spa":31,"spd":31,"spe":31}},{"name":"Crobat","species":"Crobat","item":"blacksludge","ability":"Infiltrator","moves":["defog","superfang","bravebird","taunt"],"nature":"Jolly","evs":{"hp":88,"atk":168,"def":0,"spa":0,"spd":0,"spe":252},"gender":"M","shiny":true,"ivs":{"hp":31,"atk":31,"def":31,"spa":31,"spd":31,"spe":31}},{"name":"Nidoking","species":"Nidoking","item":"lifeorb","ability":"Sheer Force","moves":["sludgewave","earthpower","icebeam","flamethrower"],"nature":"Modest","evs":{"hp":0,"atk":0,"def":0,"spa":252,"spd":4,"spe":252},"shiny":true,"ivs":{"hp":31,"atk":31,"def":31,"spa":31,"spd":31,"spe":31}}],"p2team":[{"name":"Magnezone","species":"Magnezone","item":"leftovers","ability":"Sturdy","moves":["flashcannon","thunderbolt","protect","hiddenpowerice"],"nature":"Modest","evs":{"hp":76,"atk":0,"def":180,"spa":252,"spd":0,"spe":0},"ivs":{"hp":31,"atk":30,"def":30,"spa":31,"spd":31,"spe":31}},{"name":"Zapdos","species":"Zapdos","item":"leftovers","ability":"Pressure","moves":["discharge","heatwave","toxic","roost"],"nature":"Bold","evs":{"hp":4,"atk":0,"def":252,"spa":0,"spd":252,"spe":0},"ivs":{"hp":31,"atk":31,"def":31,"spa":31,"spd":31,"spe":31}},{"name":"Ampharos","species":"Ampharos","item":"ampharosite","ability":"Static","moves":["cottonguard","rest","sleeptalk","dragonpulse"],"nature":"Bold","evs":{"hp":0,"atk":0,"def":252,"spa":136,"spd":120,"spe":0},"ivs":{"hp":31,"atk":31,"def":31,"spa":31,"spd":31,"spe":31}},{"name":"Raikou","species":"Raikou","item":"leftovers","ability":"Pressure","moves":["calmmind","extrasensory","thunderbolt","substitute"],"nature":"Timid","evs":{"hp":0,"atk":0,"def":0,"spa":252,"spd":4,"spe":252},"ivs":{"hp":31,"atk":31,"def":31,"spa":31,"spd":31,"spe":31}},{"name":"Rotom-Wash","species":"Rotom-Wash","item":"choicescarf","ability":"Levitate","moves":["voltswitch","hydropump","willowisp","trick"],"nature":"Timid","evs":{"hp":0,"atk":0,"def":0,"spa":252,"spd":4,"spe":252},"ivs":{"hp":31,"atk":31,"def":31,"spa":31,"spd":31,"spe":31}},{"name":"Condom","species":"eelektross","item":"assaultvest","ability":"Levitate","moves":["gigadrain","thunderbolt","drainpunch","knockoff"],"nature":"Quiet","evs":{"hp":3,"atk":136,"def":0,"spa":108,"spd":252,"spe":0},"ivs":{"hp":31,"atk":31,"def":31,"spa":31,"spd":31,"spe":31}}],"log":["|player|p1|Emg UnownMaN|168","|player|p2|Emg GL Twizzler|209","|gametype|singles","|gen|6","|tier|Monotype","|rated","|rule|Baton Pass Clause: Limit one Baton Passer, can't pass Spe and other stats simultaneously","|rule|Swagger Clause: Swagger is banned","|rule|Same Type Clause: Pokémon in a team must share a type","|clearpoke","|poke|p1|Toxicroak, M, shiny","|poke|p1|Ariados, M, shiny","|poke|p1|Venusaur, M, shiny","|poke|p1|Scolipede, M, shiny","|poke|p1|Crobat, M, shiny","|poke|p1|Nidoking, M, shiny","|poke|p2|Magnezone","|poke|p2|Zapdos","|poke|p2|Ampharos, F","|poke|p2|Raikou","|poke|p2|Rotom-Wash","|poke|p2|Eelektross, F","|rule|Sleep Clause Mod: Limit one foe put to sleep","|rule|Species Clause: Limit one of each Pokémon","|rule|OHKO Clause: OHKO moves are banned","|rule|Moody Clause: Moody is banned","|rule|Evasion Moves Clause: Evasion moves are banned","|rule|Endless Battle Clause: Forcing endless battles is banned","|rule|HP Percentage Mod: HP is shown in percentages","|teampreview","|","|start","|switch|p1a: Crobat|Crobat, M, shiny|333/333","|switch|p2a: Rotom-Wash|Rotom-Wash|241/241","|turn|1","|","|switch|p1a: Nidoking|Nidoking, M, shiny|303/303","|move|p2a: Rotom-Wash|Volt Switch|p1a: Nidoking","|-immune|p1a: Nidoking|[msg]","|","|turn|2","|","|switch|p2a: Condom|Eelektross, F|311/311","|move|p1a: Nidoking|Ice Beam|p2a: Condom","|-damage|p2a: Condom|224/311","|","|turn|3","|","|move|p1a: Nidoking|Sludge Wave|p2a: Condom","|-damage|p2a: Condom|91/311","|move|p2a: Condom|Knock Off|p1a: Nidoking","|-damage|p1a: Nidoking|189/303","|-enditem|p1a: Nidoking|Life Orb|[from] move: Knock Off|[of] p2a: Condom","|","|turn|4","|","|switch|p2a: Magnezone|Magnezone|300/300","|move|p1a: Nidoking|Sludge Wave|p2a: Magnezone","|-immune|p2a: Magnezone|[msg]","|","|turn|5","|","|move|p2a: Magnezone|Protect|p2a: Magnezone","|-singleturn|p2a: Magnezone|Protect","|move|p1a: Nidoking|Earth Power|p2a: Magnezone","|-activate|p2a: Magnezone|Protect","|","|turn|6","|","|switch|p2a: Rotom-Wash|Rotom-Wash|241/241","|move|p1a: Nidoking|Ice Beam|p2a: Rotom-Wash","|-resisted|p2a: Rotom-Wash","|-damage|p2a: Rotom-Wash|186/241","|","|turn|7","|","|switch|p1a: Venusaur|Venusaur, M, shiny|301/301","|move|p2a: Rotom-Wash|Hydro Pump|p1a: Venusaur","|-resisted|p1a: Venusaur","|-damage|p1a: Venusaur|229/301","|","|turn|8","|","|switch|p2a: Magnezone|Magnezone|300/300","|detailschange|p1a: Venusaur|Venusaur-Mega, M, shiny","|-mega|p1a: Venusaur|Venusaur|Venusaurite","|move|p1a: Venusaur|Leech Seed|p2a: Magnezone","|-start|p2a: Magnezone|move: Leech Seed","|","|-damage|p2a: Magnezone|263/300|[from] Leech Seed|[of] p1a: Venusaur","|-heal|p1a: Venusaur|266/301|[silent]","|turn|9","|","|switch|p1a: Toxicroak|Toxicroak, M, shiny|307/307","|switch|p2a: Rotom-Wash|Rotom-Wash|186/241","|","|turn|10","|","|move|p2a: Rotom-Wash|Will-O-Wisp|p1a: Toxicroak|[miss]","|-miss|p2a: Rotom-Wash|p1a: Toxicroak","|move|p1a: Toxicroak|Drain Punch|p2a: Rotom-Wash","|-crit|p2a: Rotom-Wash","|-damage|p2a: Rotom-Wash|18/241","|","|turn|11","|","|switch|p1a: Crobat|Crobat, M, shiny|333/333","|move|p2a: Rotom-Wash|Will-O-Wisp|p1a: Crobat","|-status|p1a: Crobat|brn","|","|-damage|p1a: Crobat|292/333 brn|[from] brn","|turn|12","|","|switch|p2a: Condom|Eelektross, F|91/311","|move|p1a: Crobat|Super Fang|p2a: Condom|[miss]","|-miss|p1a: Crobat|p2a: Condom","|","|-heal|p1a: Crobat|312/333 brn|[from] item: Black Sludge","|-damage|p1a: Crobat|271/333 brn|[from] brn","|turn|13","|","|move|p1a: Crobat|Super Fang|p2a: Condom","|-damage|p2a: Condom|46/311","|move|p2a: Condom|Knock Off|p1a: Crobat","|-damage|p1a: Crobat|158/333 brn","|-enditem|p1a: Crobat|Black Sludge|[from] move: Knock Off|[of] p2a: Condom","|","|-damage|p1a: Crobat|117/333 brn|[from] brn","|turn|14","|","|move|p1a: Crobat|Brave Bird|p2a: Condom","|-resisted|p2a: Condom","|-damage|p2a: Condom|3/311","|-damage|p1a: Crobat|103/333 brn|[from] recoil|[of] p2a: Condom","|move|p2a: Condom|Drain Punch|p1a: Crobat","|-resisted|p1a: Crobat","|-damage|p1a: Crobat|79/333 brn","|-heal|p2a: Condom|15/311|[from] drain|[of] p1a: Crobat","|","|-damage|p1a: Crobat|38/333 brn|[from] brn","|turn|15","|","|move|p1a: Crobat|Brave Bird|p2a: Condom","|-resisted|p2a: Condom","|-damage|p2a: Condom|0 fnt","|-damage|p1a: Crobat|33/333 brn|[from] recoil|[of] p2a: Condom","|faint|p2a: Condom","|","|-damage|p1a: Crobat|0 fnt|[from] brn","|faint|p1a: Crobat","|","|switch|p2a: Rotom-Wash|Rotom-Wash|18/241","|switch|p1a: Ariados|Ariados, M, shiny|281/281","|turn|16","|","|move|p1a: Ariados|Sucker Punch|p2a: Rotom-Wash","|-damage|p2a: Rotom-Wash|0 fnt","|faint|p2a: Rotom-Wash","|","|","|switch|p2a: Raikou|Raikou|321/321","|-ability|p2a: Raikou|Pressure","|turn|17","|","|move|p2a: Raikou|Substitute|p2a: Raikou","|-start|p2a: Raikou|Substitute","|-damage|p2a: Raikou|241/321","|move|p1a: Ariados|Sticky Web|p2a: Raikou","|-sidestart|p2: Emg GL Twizzler|move: Sticky Web","|","|-heal|p2a: Raikou|261/321|[from] item: Leftovers","|turn|18","|","|move|p2a: Raikou|Extrasensory|p1a: Ariados","|-supereffective|p1a: Ariados","|-damage|p1a: Ariados|39/281","|move|p1a: Ariados|Megahorn|p2a: Raikou","|-end|p2a: Raikou|Substitute","|","|-heal|p2a: Raikou|281/321|[from] item: Leftovers","|turn|19","|","|move|p2a: Raikou|Substitute|p2a: Raikou","|-start|p2a: Raikou|Substitute","|-damage|p2a: Raikou|201/321","|move|p1a: Ariados|Megahorn|p2a: Raikou","|-end|p2a: Raikou|Substitute","|","|-heal|p2a: Raikou|221/321|[from] item: Leftovers","|turn|20","|","|switch|p2a: Zapdos|Zapdos|322/322","|-ability|p2a: Zapdos|Pressure","|move|p1a: Ariados|Megahorn|p2a: Zapdos|[miss]","|-miss|p1a: Ariados|p2a: Zapdos","|","|turn|21","|","|move|p2a: Zapdos|Heat Wave|p1a: Ariados","|-supereffective|p1a: Ariados","|-damage|p1a: Ariados|0 fnt","|faint|p1a: Ariados","|","|","|switch|p1a: Scolipede|Scolipede, M, shiny|261/261","|turn|22","|","|move|p1a: Scolipede|Protect|p1a: Scolipede","|-singleturn|p1a: Scolipede|Protect","|move|p2a: Zapdos|Discharge|p1a: Scolipede","|-activate|p1a: Scolipede|Protect","|","|-boost|p1a: Scolipede|spe|1|[from] ability: Speed Boost","|turn|23","|","|move|p1a: Scolipede|Substitute|p1a: Scolipede","|-start|p1a: Scolipede|Substitute","|-damage|p1a: Scolipede|196/261","|move|p2a: Zapdos|Discharge|p1a: Scolipede","|-end|p1a: Scolipede|Substitute","|","|-boost|p1a: Scolipede|spe|1|[from] ability: Speed Boost","|turn|24","|","|move|p1a: Scolipede|Baton Pass|p1a: Scolipede","|","|switch|p1a: Nidoking|Nidoking, M, shiny|189/303","|move|p2a: Zapdos|Discharge|p1a: Nidoking","|-immune|p1a: Nidoking|[msg]","|","|turn|25","|","|move|p1a: Nidoking|Ice Beam|p2a: Zapdos","|-supereffective|p2a: Zapdos","|-damage|p2a: Zapdos|120/322","|move|p2a: Zapdos|Roost|p2a: Zapdos","|-heal|p2a: Zapdos|281/322","|","|-heal|p2a: Zapdos|301/322|[from] item: Leftovers","|turn|26","|","|move|p1a: Nidoking|Ice Beam|p2a: Zapdos","|-supereffective|p2a: Zapdos","|-damage|p2a: Zapdos|111/322","|move|p2a: Zapdos|Roost|p2a: Zapdos","|-heal|p2a: Zapdos|272/322","|","|-heal|p2a: Zapdos|292/322|[from] item: Leftovers","|turn|27","|","|switch|p2a: Magnezone|Magnezone|263/300","|-activate|p2a: Magnezone|move: Sticky Web","|-unboost|p2a: Magnezone|spe|1","|move|p1a: Nidoking|Ice Beam|p2a: Magnezone","|-resisted|p2a: Magnezone","|-damage|p2a: Magnezone|198/300","|","|-heal|p2a: Magnezone|216/300|[from] item: Leftovers","|turn|28","|","|move|p2a: Magnezone|Protect|p2a: Magnezone","|-singleturn|p2a: Magnezone|Protect","|move|p1a: Nidoking|Earth Power|p2a: Magnezone","|-activate|p2a: Magnezone|Protect","|","|-heal|p2a: Magnezone|234/300|[from] item: Leftovers","|turn|29","|","|switch|p2a: Zapdos|Zapdos|292/322","|-ability|p2a: Zapdos|Pressure","|move|p1a: Nidoking|Ice Beam|p2a: Zapdos","|-supereffective|p2a: Zapdos","|-damage|p2a: Zapdos|108/322","|","|-heal|p2a: Zapdos|128/322|[from] item: Leftovers","|turn|30","|","|move|p1a: Nidoking|Ice Beam|p2a: Zapdos","|-supereffective|p2a: Zapdos","|-damage|p2a: Zapdos|0 fnt","|faint|p2a: Zapdos","|","|","|switch|p2a: Magnezone|Magnezone|234/300","|-activate|p2a: Magnezone|move: Sticky Web","|-unboost|p2a: Magnezone|spe|1","|turn|31","|","|move|p2a: Magnezone|Protect|p2a: Magnezone","|-singleturn|p2a: Magnezone|Protect","|move|p1a: Nidoking|Earth Power|p2a: Magnezone","|-activate|p2a: Magnezone|Protect","|","|-heal|p2a: Magnezone|252/300|[from] item: Leftovers","|turn|32","|","|win|Emg UnownMaN"],"p1rating":{"entryid":"7117043","serverid":"eos","formatid":"monotype","userid":"emgunownman","username":"Emg UnownMaN","w":19,"l":"11","t":"0","gxe":61.7,"r":"1572.891956449","rd":"62.063006184617","sigma":"0","rptime":"1438506000","rpr":1591.0375541974,"rprd":60.356171979394,"rpsigma":"0","acre":1233.8286796666,"lacre":1233.8286796666,"oldacre":"1213.6393783288"},"p2rating":{"entryid":"7175106","serverid":"eos","formatid":"monotype","userid":"emggltwizzler","username":"Emg GL Twizzler","w":"7","l":5,"t":"0","gxe":54,"r":"1549.7478058587","rd":"86.100288775599","sigma":"0","rptime":"1438506000","rpr":1531.2672008408,"rprd":83.672700519393,"rpsigma":"0","acre":1125.7497312505,"lacre":1125.7497312505,"oldacre":"1145.9390325883"},"endType":"forfeit"}