{"seed":[29620,57439,32065,47920],"turns":17,"p1":"V Monocle","p2":"mahadev","p1team":[{"name":"Terrakion","species":"Terrakion","item":"choicescarf","ability":"Justified","moves":["earthquake","closecombat","stoneedge","poisonjab"],"nature":"Jolly","evs":{"hp":0,"atk":252,"def":0,"spa":0,"spd":4,"spe":252},"ivs":{"hp":31,"atk":31,"def":31,"spa":31,"spd":31,"spe":31}},{"name":"Archeops","species":"Archeops","item":"choicespecs","ability":"Defeatist","moves":["ancientpower","earthpower","dragonpulse","heatwave"],"nature":"Hasty","evs":{"hp":4,"atk":0,"def":0,"spa":252,"spd":0,"spe":252},"ivs":{"hp":31,"atk":31,"def":31,"spa":31,"spd":31,"spe":31}},{"name":"Carracosta","species":"Carracosta","item":"whiteherb","ability":"Sturdy","moves":["aquajet","shellsmash","knockoff","earthquake"],"nature":"Adamant","evs":{"hp":0,"atk":252,"def":0,"spa":0,"spd":4,"spe":252},"ivs":{"hp":31,"atk":31,"def":31,"spa":31,"spd":31,"spe":31}},{"name":"Cradily","species":"Cradily","item":"leftovers","ability":"Storm Drain","moves":["ancientpower","gigadrain","recover","toxic"],"nature":"Calm","evs":{"hp":252,"atk":0,"def":0,"spa":4,"spd":252,"spe":0},"ivs":{"hp":31,"atk":31,"def":31,"spa":31,"spd":31,"spe":31}},{"name":"Aggron","species":"Aggron","item":"aggronite","ability":"Sturdy","moves":["heavyslam","curse","rest","sleeptalk"],"nature":"Impish","evs":{"hp":248,"atk":8,"def":252,"spa":0,"spd":0,"spe":0},"ivs":{"hp":31,"atk":31,"def":31,"spa":31,"spd":31,"spe":31}},{"name":"Tyranitar","species":"Tyranitar","item":"focussash","ability":"Sand Stream","moves":["crunch","stealthrock","earthquake","superpower"],"nature":"Adamant","evs":{"hp":248,"atk":252,"def":0,"spa":0,"spd":8,"spe":0},"ivs":{"hp":31,"atk":31,"def":31,"spa":31,"spd":31,"spe":31}}],"p2team":[{"name":"Hoopa-Unbound","species":"Hoopa-Unbound","item":"assaultvest","ability":"Magician","moves":["drainpunch","hyperspacefury","knockoff","zenheadbutt"],"nature":"Adamant","evs":{"hp":164,"atk":252,"def":0,"spa":0,"spd":8,"spe":84},"ivs":{"hp":31,"atk":31,"def":31,"spa":31,"spd":31,"spe":31}},{"name":"Medicham","species":"Medicham","item":"medichamite","ability":"Pure Power","moves":["bulletpunch","drainpunch","psychocut","bulkup"],"nature":"Adamant","evs":{"hp":184,"atk":252,"def":0,"spa":0,"spd":8,"spe":64},"ivs":{"hp":31,"atk":31,"def":31,"spa":31,"spd":31,"spe":31}},{"name":"Victini","species":"Victini","item":"leftovers","ability":"Victory Star","moves":["blueflare","thunderwave","dazzlinggleam","psyshock"],"nature":"Timid","evs":{"hp":196,"atk":0,"def":0,"spa":152,"spd":104,"spe":56},"ivs":{"hp":31,"atk":31,"def":31,"spa":31,"spd":31,"spe":31}},{"name":"Alakazam","species":"Alakazam","item":"choicescarf","ability":"Inner Focus","moves":["focusblast","psychic","shadowball","dazzlinggleam"],"nature":"Timid","evs":{"hp":0,"atk":0,"def":0,"spa":252,"spd":4,"spe":252},"ivs":{"hp":31,"atk":31,"def":31,"spa":31,"spd":31,"spe":31}},{"name":"Latios","species":"Latios","item":"magnet","ability":"Levitate","moves":["calmmind","dragonpulse","thunderbolt","thunderwave"],"nature":"Timid","evs":{"hp":100,"atk":0,"def":0,"spa":152,"spd":4,"spe":252},"ivs":{"hp":31,"atk":31,"def":31,"spa":31,"spd":31,"spe":31}},{"name":"Mew","species":"Mew","item":"chestoberry","ability":"Synchronize","moves":["calmmind","batonpass","thunderwave","rest"],"nature":"","evs":{"hp":0,"atk":0,"def":0,"spa":0,"spd":0,"spe":0},"ivs":{"hp":31,"atk":31,"def":31,"spa":31,"spd":31,"spe":31}}],"log":["|player|p1|V Monocle|vmonocle.png","|player|p2|mahadev|102","|gametype|singles","|gen|6","|tier|Monotype","|rated","|rule|Baton Pass Clause: Limit one Baton Passer, can't pass Spe and other stats simultaneously","|rule|Swagger Clause: Swagger is banned","|rule|Same Type Clause: Pokémon in a team must share a type","|clearpoke","|poke|p1|Terrakion","|poke|p1|Archeops, M","|poke|p1|Carracosta, M","|poke|p1|Cradily, M","|poke|p1|Aggron, M","|poke|p1|Tyranitar, M","|poke|p2|Hoopa-Unbound","|poke|p2|Medicham, M","|poke|p2|Victini","|poke|p2|Alakazam, M","|poke|p2|Latios, M","|poke|p2|Mew","|rule|Sleep Clause Mod: Limit one foe put to sleep","|rule|Species Clause: Limit one of each Pokémon","|rule|OHKO Clause: OHKO moves are banned","|rule|Moody Clause: Moody is banned","|rule|Evasion Moves Clause: Evasion moves are banned","|rule|Endless Battle Clause: Forcing endless battles is banned","|rule|HP Percentage Mod: HP is shown in percentages","|teampreview","|","|start","|switch|p1a: Carracosta|Carracosta, M|289/289","|switch|p2a: Alakazam|Alakazam, M|251/251","|turn|1","|","|move|p2a: Alakazam|Focus Blast|p1a: Carracosta|[miss]","|-miss|p2a: Alakazam|p1a: Carracosta","|move|p1a: Carracosta|Knock Off|p2a: Alakazam","|-supereffective|p2a: Alakazam","|-damage|p2a: Alakazam|0 fnt","|-enditem|p2a: Alakazam|Choice Scarf|[from] move: Knock Off|[of] p1a: Carracosta","|faint|p2a: Alakazam","|","|","|switch|p2a: Latios|Latios, M|326/326","|turn|2","|","|move|p2a: Latios|Thunderbolt|p1a: Carracosta","|-supereffective|p1a: Carracosta","|-ability|p1a: Carracosta|Sturdy","|-damage|p1a: Carracosta|1/289","|move|p1a: Carracosta|Knock Off|p2a: Latios","|-supereffective|p2a: Latios","|-damage|p2a: Latios|72/326","|-enditem|p2a: Latios|Magnet|[from] move: Knock Off|[of] p1a: Carracosta","|","|turn|3","|","|move|p1a: Carracosta|Aqua Jet|p2a: Latios","|-resisted|p2a: Latios","|-damage|p2a: Latios|28/326","|move|p2a: Latios|Thunderbolt|p1a: Carracosta","|-crit|p1a: Carracosta","|-supereffective|p1a: Carracosta","|-damage|p1a: Carracosta|0 fnt","|faint|p1a: Carracosta","|","|","|switch|p1a: Cradily|Cradily, M|376/376","|turn|4","|","|move|p2a: Latios|Thunder Wave|p1a: Cradily","|-status|p1a: Cradily|par","|move|p1a: Cradily|Ancient Power|p2a: Latios","|-damage|p2a: Latios|0 fnt","|faint|p2a: Latios","|","|","|switch|p2a: Medicham|Medicham, M|307/307","|turn|5","|","|detailschange|p2a: Medicham|Medicham-Mega, M","|-mega|p2a: Medicham|Medicham|Medichamite","|move|p2a: Medicham|Bulk Up|p2a: Medicham","|-boost|p2a: Medicham|atk|1","|-boost|p2a: Medicham|def|1","|move|p1a: Cradily|Toxic|p2a: Medicham","|-status|p2a: Medicham|tox","|","|-damage|p2a: Medicham|288/307 tox|[from] psn","|turn|6","|","|move|p2a: Medicham|Bullet Punch|p1a: Cradily","|-crit|p1a: Cradily","|-supereffective|p1a: Cradily","|-damage|p1a: Cradily|0 fnt","|faint|p1a: Cradily","|","|-damage|p2a: Medicham|250/307 tox|[from] psn","|","|switch|p1a: Aggron|Aggron, M|343/343","|turn|7","|","|detailschange|p1a: Aggron|Aggron-Mega, M","|-mega|p1a: Aggron|Aggron|Aggronite","|move|p2a: Medicham|Drain Punch|p1a: Aggron","|-supereffective|p1a: Aggron","|-damage|p1a: Aggron|148/343","|-heal|p2a: Medicham|307/307 tox|[from] drain|[of] p1a: Aggron","|move|p1a: Aggron|Curse|p1a: Aggron","|-unboost|p1a: Aggron|spe|1","|-boost|p1a: Aggron|atk|1","|-boost|p1a: Aggron|def|1","|","|-damage|p2a: Medicham|250/307 tox|[from] psn","|turn|8","|","|move|p2a: Medicham|Bulk Up|p2a: Medicham","|-boost|p2a: Medicham|atk|1","|-boost|p2a: Medicham|def|1","|move|p1a: Aggron|Curse|p1a: Aggron","|-unboost|p1a: Aggron|spe|1","|-boost|p1a: Aggron|atk|1","|-boost|p1a: Aggron|def|1","|","|-damage|p2a: Medicham|174/307 tox|[from] psn","|turn|9","|","|move|p2a: Medicham|Drain Punch|p1a: Aggron","|-supereffective|p1a: Aggron","|-damage|p1a: Aggron|13/343","|-heal|p2a: Medicham|242/307 tox|[from] drain|[of] p1a: Aggron","|move|p1a: Aggron|Curse|p1a: Aggron","|-unboost|p1a: Aggron|spe|1","|-boost|p1a: Aggron|atk|1","|-boost|p1a: Aggron|def|1","|","|-damage|p2a: Medicham|147/307 tox|[from] psn","|turn|10","|","|move|p2a: Medicham|Drain Punch|p1a: Aggron","|-supereffective|p1a: Aggron","|-damage|p1a: Aggron|0 fnt","|-heal|p2a: Medicham|154/307 tox|[from] drain|[of] p1a: Aggron","|faint|p1a: Aggron","|","|-damage|p2a: Medicham|40/307 tox|[from] psn","|","|switch|p1a: Tyranitar|Tyranitar, M|403/403","|-weather|Sandstorm","|turn|11","|","|move|p2a: Medicham|Bullet Punch|p1a: Tyranitar","|-supereffective|p1a: Tyranitar","|-damage|p1a: Tyranitar|91/403","|move|p1a: Tyranitar|Stealth Rock|p2a: Medicham","|-sidestart|p2: mahadev|move: Stealth Rock","|","|-weather|Sandstorm|[upkeep]","|-damage|p2a: Medicham|21/307 tox|[from] sandstorm","|-damage|p2a: Medicham|0 fnt|[from] psn","|faint|p2a: Medicham","|","|switch|p2a: Mew|Mew|341/341","|-damage|p2a: Mew|299/341|[from] Stealth Rock","|turn|12","|","|move|p2a: Mew|Thunder Wave|p1a: Tyranitar","|-status|p1a: Tyranitar|par","|move|p1a: Tyranitar|Crunch|p2a: Mew","|-supereffective|p2a: Mew","|-damage|p2a: Mew|0 fnt","|faint|p2a: Mew","|","|-weather|Sandstorm|[upkeep]","|","|switch|p2a: Victini|Victini|390/390","|-damage|p2a: Victini|293/390|[from] Stealth Rock","|turn|13","|","|move|p2a: Victini|Dazzling Gleam|p1a: Tyranitar","|-supereffective|p1a: Tyranitar","|-damage|p1a: Tyranitar|1/403 par","|move|p1a: Tyranitar|Earthquake|p2a: Victini","|-supereffective|p2a: Victini","|-damage|p2a: Victini|33/390","|","|-weather|Sandstorm|[upkeep]","|-damage|p2a: Victini|9/390|[from] sandstorm","|-heal|p2a: Victini|33/390|[from] item: Leftovers","|turn|14","|","|move|p2a: Victini|Dazzling Gleam|p1a: Tyranitar","|-supereffective|p1a: Tyranitar","|-damage|p1a: Tyranitar|0 fnt","|faint|p1a: Tyranitar","|","|-weather|Sandstorm|[upkeep]","|-damage|p2a: Victini|9/390|[from] sandstorm","|-heal|p2a: Victini|33/390|[from] item: Leftovers","|","|switch|p1a: Archeops|Archeops, M|292/292","|turn|15","|","|move|p1a: Archeops|Ancient Power|p2a: Victini","|-supereffective|p2a: Victini","|-damage|p2a: Victini|0 fnt","|faint|p2a: Victini","|","|-weather|none","|","|switch|p2a: Hoopa-Unbound|Hoopa-Unbound|342/342","|-damage|p2a: Hoopa-Unbound|300/342|[from] Stealth Rock","|turn|16","|","|move|p1a: Archeops|Ancient Power|p2a: Hoopa-Unbound","|-damage|p2a: Hoopa-Unbound|222/342","|move|p2a: Hoopa-Unbound|Knock Off|p1a: Archeops","|-damage|p1a: Archeops|0 fnt","|-enditem|p1a: Archeops|Choice Specs|[from] move: Knock Off|[of] p2a: Hoopa-Unbound","|faint|p1a: Archeops","|","|","|switch|p1a: Terrakion|Terrakion|323/323","|turn|17","|","|move|p1a: Terrakion|Stone Edge|p2a: Hoopa-Unbound","|-damage|p2a: Hoopa-Unbound|0 fnt","|faint|p2a: Hoopa-Unbound","|","|win|V Monocle"],"p1rating":{"entryid":"7320079","serverid":"eos","formatid":"monotype","userid":"vmonocle","username":"V Monocle","w":3,"l":"8","t":"0","gxe":36.6,"r":"1383.1941194797","rd":"89.594542961548","sigma":"0","rptime":"1438506000","rpr":1393.7585472472,"rprd":84.972702999629,"rpsigma":"0","acre":1045.6116824252,"lacre":1045.6116824252,"oldacre":"1000"},"p2rating":{"entryid":"6473501","serverid":"eos","formatid":"monotype","userid":"mahadev","username":"Mahadev","w":"1","l":1,"t":"0","gxe":48.2,"r":"1544.707265036","rd":128.47976112372,"sigma":"0","rptime":1438506000,"rpr":1485.9588639166,"rprd":122.26477013385,"rpsigma":"0","acre":1029.2706979298,"lacre":1029.2706979298,"oldacre":"1049.0660652304"},"endType":"normal"}