{"seed":[29270,11928,61305,22742],"turns":23,"p1":"Alliance-C-Control","p2":"Union Wevrm","p1team":[{"name":"Gourgeist-Super","species":"Gourgeist-Super","item":"leftovers","ability":"Frisk","moves":["leechseed","shadowsneak","willowisp","foulplay"],"nature":"Relaxed","evs":{"hp":252,"atk":20,"def":104,"spa":0,"spd":132,"spe":0},"ivs":{"hp":31,"atk":31,"def":31,"spa":31,"spd":31,"spe":31}},{"name":"Sableye","species":"Sableye","item":"leftovers","ability":"Prankster","moves":["recover","taunt","willowisp","knockoff"],"nature":"Careful","evs":{"hp":252,"atk":4,"def":0,"spa":0,"spd":252,"spe":0},"ivs":{"hp":31,"atk":31,"def":31,"spa":31,"spd":31,"spe":31}},{"name":"Mismagius","species":"Mismagius","item":"focussash","ability":"Levitate","moves":["darkpulse","nastyplot","perishsong","magicroom"],"nature":"Timid","evs":{"hp":4,"atk":0,"def":0,"spa":252,"spd":0,"spe":252},"ivs":{"hp":31,"atk":31,"def":31,"spa":31,"spd":31,"spe":31}},{"name":"Aegislash","species":"Aegislash","item":"leftovers","ability":"Stance Change","moves":["kingsshield","shadowball","flashcannon","sacredsword"],"nature":"Gentle","evs":{"hp":252,"atk":4,"def":0,"spa":0,"spd":252,"spe":0},"ivs":{"hp":31,"atk":31,"def":31,"spa":31,"spd":31,"spe":31}},{"name":"Cofagrigus","species":"Cofagrigus","item":"redcard","ability":"Mummy","moves":["nastyplot","darkpulse","shadowball","painsplit"],"nature":"Modest","evs":{"hp":248,"atk":0,"def":0,"spa":200,"spd":60,"spe":0},"ivs":{"hp":31,"atk":31,"def":31,"spa":31,"spd":31,"spe":31}},{"name":"Golurk","species":"Golurk","item":"focussash","ability":"No Guard","moves":["stoneedge","dynamicpunch","stealthrock","earthquake"],"nature":"Adamant","evs":{"hp":248,"atk":0,"def":0,"spa":200,"spd":60,"spe":0},"ivs":{"hp":31,"atk":31,"def":31,"spa":31,"spd":31,"spe":31}}],"p2team":[{"name":"Altaria","species":"Altaria","item":"altarianite","ability":"Cloud Nine","moves":["return","dragonclaw","flamethrower","dragondance"],"nature":"Lonely","evs":{"hp":0,"atk":252,"def":0,"spa":4,"spd":0,"spe":252},"ivs":{"hp":31,"atk":31,"def":31,"spa":31,"spd":31,"spe":31}},{"name":"Goodra","species":"Goodra","item":"leftovers","ability":"Gooey","moves":["dragonpulse","thunderbolt","flamethrower","icebeam"],"nature":"Modest","evs":{"hp":252,"atk":0,"def":0,"spa":252,"spd":4,"spe":0},"ivs":{"hp":31,"atk":31,"def":31,"spa":31,"spd":31,"spe":31}},{"name":"Latios","species":"Latios","item":"lifeorb","ability":"Levitate","moves":["dragonpulse","psychic","thunderbolt","recover"],"nature":"Timid","evs":{"hp":0,"atk":0,"def":0,"spa":252,"spd":4,"spe":252},"ivs":{"hp":31,"atk":30,"def":31,"spa":30,"spd":31,"spe":30}},{"name":"Garchomp","species":"Garchomp","item":"choicescarf","ability":"Rough Skin","moves":["outrage","earthquake","stoneedge","ironhead"],"nature":"Jolly","evs":{"hp":0,"atk":252,"def":0,"spa":0,"spd":4,"spe":252},"ivs":{"hp":31,"atk":31,"def":31,"spa":31,"spd":31,"spe":31}},{"name":"Salamence","species":"Salamence","item":"choicescarf","ability":"Intimidate","moves":["dracometeor","hydropump","fireblast","hiddenpowerice"],"nature":"Timid","evs":{"hp":0,"atk":0,"def":0,"spa":252,"spd":4,"spe":252},"ivs":{"hp":31,"atk":30,"def":30,"spa":31,"spd":31,"spe":31}},{"name":"Dragonite","species":"Dragonite","item":"weaknesspolicy","ability":"Multiscale","moves":["dragonclaw","dragondance","extremespeed","earthquake"],"nature":"Adamant","evs":{"hp":0,"atk":252,"def":0,"spa":0,"spd":4,"spe":252},"ivs":{"hp":31,"atk":31,"def":31,"spa":31,"spd":31,"spe":31}}],"log":["|player|p1|Alliance-C-Control|190","|player|p2|Union Wevrm|unionwevrm.png","|gametype|singles","|gen|6","|tier|Monotype","|rated","|rule|Baton Pass Clause: Limit one Baton Passer, can't pass Spe and other stats simultaneously","|rule|Swagger Clause: Swagger is banned","|rule|Same Type Clause: Pokémon in a team must share a type","|clearpoke","|poke|p1|Gourgeist-*, M","|poke|p1|Sableye, M","|poke|p1|Mismagius, F","|poke|p1|Aegislash, M","|poke|p1|Cofagrigus, F","|poke|p1|Golurk","|poke|p2|Altaria, M","|poke|p2|Goodra, M","|poke|p2|Latios, M","|poke|p2|Garchomp, M","|poke|p2|Salamence, M","|poke|p2|Dragonite, M","|rule|Sleep Clause Mod: Limit one foe put to sleep","|rule|Species Clause: Limit one of each Pokémon","|rule|OHKO Clause: OHKO moves are banned","|rule|Moody Clause: Moody is banned","|rule|Evasion Moves Clause: Evasion moves are banned","|rule|Endless Battle Clause: Forcing endless battles is banned","|rule|HP Percentage Mod: HP is shown in percentages","|teampreview","|","|start","|switch|p1a: Gourgeist-Super|Gourgeist-Super, M|374/374","|switch|p2a: Goodra|Goodra, M|384/384","|-item|p2a: Goodra|Leftovers|[from] ability: Frisk|[of] p1a: Gourgeist-Super|[identify]","|turn|1","|","|move|p2a: Goodra|Ice Beam|p1a: Gourgeist-Super","|-supereffective|p1a: Gourgeist-Super","|-damage|p1a: Gourgeist-Super|130/374","|move|p1a: Gourgeist-Super|Will-O-Wisp|p2a: Goodra|[miss]","|-miss|p1a: Gourgeist-Super|p2a: Goodra","|","|-heal|p1a: Gourgeist-Super|153/374|[from] item: Leftovers","|turn|2","|","|switch|p1a: Aegislash|Aegislash, M|324/324","|move|p2a: Goodra|Flamethrower|p1a: Aegislash","|-crit|p1a: Aegislash","|-supereffective|p1a: Aegislash","|-damage|p1a: Aegislash|152/324","|","|-heal|p1a: Aegislash|172/324|[from] item: Leftovers","|turn|3","|","|move|p1a: Aegislash|King's Shield|p1a: Aegislash","|-singleturn|p1a: Aegislash|Protect","|move|p2a: Goodra|Flamethrower|p1a: Aegislash","|-activate|p1a: Aegislash|Protect","|","|-heal|p1a: Aegislash|192/324|[from] item: Leftovers","|turn|4","|","|switch|p1a: Mismagius|Mismagius, F|262/262","|move|p2a: Goodra|Flamethrower|p1a: Mismagius","|-damage|p1a: Mismagius|159/262","|","|turn|5","|","|move|p1a: Mismagius|Perish Song|p1a: Mismagius","|-start|p1a: Mismagius|perish3|[silent]","|-start|p2a: Goodra|perish3|[silent]","|-fieldactivate|move: Perish Song","|move|p2a: Goodra|Dragon Pulse|p1a: Mismagius","|-damage|p1a: Mismagius|27/262","|","|-start|p1a: Mismagius|perish3","|-start|p2a: Goodra|perish3","|turn|6","|","|move|p1a: Mismagius|Dark Pulse|p2a: Goodra","|-damage|p2a: Goodra|326/384","|move|p2a: Goodra|Flamethrower|p1a: Mismagius","|-damage|p1a: Mismagius|0 fnt","|faint|p1a: Mismagius","|","|-start|p2a: Goodra|perish2","|-heal|p2a: Goodra|350/384|[from] item: Leftovers","|","|switch|p1a: Golurk|Golurk|381/381","|turn|7","|","|move|p2a: Goodra|Ice Beam|p1a: Golurk","|-supereffective|p1a: Golurk","|-damage|p1a: Golurk|159/381","|move|p1a: Golurk|Dynamic Punch|p2a: Goodra","|-damage|p2a: Goodra|209/384","|-unboost|p1a: Golurk|spe|1","|-start|p2a: Goodra|confusion","|","|-start|p2a: Goodra|perish1","|-heal|p2a: Goodra|233/384|[from] item: Leftovers","|turn|8","|","|switch|p2a: Altaria|Altaria, M|291/291","|-ability|p2a: Altaria|Cloud Nine","|move|p1a: Golurk|Dynamic Punch|p2a: Altaria","|-resisted|p2a: Altaria","|-damage|p2a: Altaria|227/291","|-start|p2a: Altaria|confusion","|","|turn|9","|","|detailschange|p2a: Altaria|Altaria-Mega, M","|-mega|p2a: Altaria|Altaria|Altarianite","|-activate|p2a: Altaria|confusion","|-damage|p2a: Altaria|179/291|[from] confusion","|move|p1a: Golurk|Stealth Rock|p2a: Altaria","|-sidestart|p2: Union Wevrm|move: Stealth Rock","|","|turn|10","|","|-activate|p2a: Altaria|confusion","|move|p2a: Altaria|Dragon Claw|p1a: Golurk","|-damage|p1a: Golurk|0 fnt","|faint|p1a: Golurk","|","|","|switch|p1a: Sableye|Sableye, M|304/304","|turn|11","|","|switch|p2a: Goodra|Goodra, M|233/384","|-damage|p2a: Goodra|185/384|[from] Stealth Rock","|move|p1a: Sableye|Will-O-Wisp|p2a: Goodra","|-status|p2a: Goodra|brn","|","|-heal|p2a: Goodra|209/384 brn|[from] item: Leftovers","|-damage|p2a: Goodra|161/384 brn|[from] brn","|turn|12","|","|move|p2a: Goodra|Flamethrower|p1a: Sableye","|-damage|p1a: Sableye|202/304","|move|p1a: Sableye|Knock Off|p2a: Goodra","|-damage|p2a: Goodra|41/384 brn","|-unboost|p1a: Sableye|spe|1","|-enditem|p2a: Goodra|Leftovers|[from] move: Knock Off|[of] p1a: Sableye","|","|-heal|p1a: Sableye|221/304|[from] item: Leftovers","|-damage|p2a: Goodra|0 fnt|[from] brn","|faint|p2a: Goodra","|","|switch|p2a: Salamence|Salamence, M|331/331","|-damage|p2a: Salamence|249/331|[from] Stealth Rock","|-ability|p2a: Salamence|Intimidate","|-unboost|p1a: Sableye|atk|1","|turn|13","|","|move|p1a: Sableye|Will-O-Wisp|p2a: Salamence|[miss]","|-miss|p1a: Sableye|p2a: Salamence","|move|p2a: Salamence|Draco Meteor|p1a: Sableye","|-crit|p1a: Sableye","|-damage|p1a: Sableye|0 fnt","|-unboost|p2a: Salamence|spa|2","|faint|p1a: Sableye","|","|","|switch|p1a: Gourgeist-Super|Gourgeist-Super, M|153/374","|-item|p2a: Salamence|Choice Scarf|[from] ability: Frisk|[of] p1a: Gourgeist-Super|[identify]","|turn|14","|","|switch|p2a: Dragonite|Dragonite, M|323/323","|-damage|p2a: Dragonite|243/323|[from] Stealth Rock","|move|p1a: Gourgeist-Super|Leech Seed|p2a: Dragonite","|-start|p2a: Dragonite|move: Leech Seed","|","|-heal|p1a: Gourgeist-Super|176/374|[from] item: Leftovers","|-damage|p2a: Dragonite|203/323|[from] Leech Seed|[of] p1a: Gourgeist-Super","|-heal|p1a: Gourgeist-Super|216/374|[silent]","|turn|15","|","|move|p2a: Dragonite|Dragon Dance|p2a: Dragonite","|-boost|p2a: Dragonite|atk|1","|-boost|p2a: Dragonite|spe|1","|move|p1a: Gourgeist-Super|Will-O-Wisp|p2a: Dragonite","|-status|p2a: Dragonite|brn","|","|-heal|p1a: Gourgeist-Super|239/374|[from] item: Leftovers","|-damage|p2a: Dragonite|163/323 brn|[from] Leech Seed|[of] p1a: Gourgeist-Super","|-heal|p1a: Gourgeist-Super|279/374|[silent]","|-damage|p2a: Dragonite|123/323 brn|[from] brn","|turn|16","|","|move|p2a: Dragonite|Dragon Claw|p1a: Gourgeist-Super","|-damage|p1a: Gourgeist-Super|191/374","|move|p1a: Gourgeist-Super|Leech Seed|p2a: Dragonite","|-fail|p2a: Dragonite","|","|-heal|p1a: Gourgeist-Super|214/374|[from] item: Leftovers","|-damage|p2a: Dragonite|83/323 brn|[from] Leech Seed|[of] p1a: Gourgeist-Super","|-heal|p1a: Gourgeist-Super|254/374|[silent]","|-damage|p2a: Dragonite|43/323 brn|[from] brn","|turn|17","|","|switch|p1a: Aegislash|Aegislash, M|192/324","|move|p2a: Dragonite|Dragon Claw|p1a: Aegislash","|-resisted|p1a: Aegislash","|-damage|p1a: Aegislash|145/324","|","|-heal|p1a: Aegislash|165/324|[from] item: Leftovers","|-damage|p2a: Dragonite|3/323 brn|[from] Leech Seed|[of] p1a: Aegislash","|-heal|p1a: Aegislash|205/324|[silent]","|-damage|p2a: Dragonite|0 fnt|[from] brn","|faint|p2a: Dragonite","|","|switch|p2a: Salamence|Salamence, M|249/331","|-damage|p2a: Salamence|167/331|[from] Stealth Rock","|-ability|p2a: Salamence|Intimidate","|-unboost|p1a: Aegislash|atk|1","|turn|18","|","|move|p1a: Aegislash|King's Shield|p1a: Aegislash","|-singleturn|p1a: Aegislash|Protect","|move|p2a: Salamence|Fire Blast|p1a: Aegislash","|-activate|p1a: Aegislash|Protect","|","|-heal|p1a: Aegislash|225/324|[from] item: Leftovers","|turn|19","|","|move|p2a: Salamence|Fire Blast|p1a: Aegislash","|-supereffective|p1a: Aegislash","|-damage|p1a: Aegislash|109/324","|-formechange|p1a: Aegislash|Aegislash-Blade","|move|p1a: Aegislash|Shadow Ball|p2a: Salamence","|-damage|p2a: Salamence|11/331","|","|-heal|p1a: Aegislash|129/324|[from] item: Leftovers","|turn|20","|","|-formechange|p1a: Aegislash|Aegislash","|move|p1a: Aegislash|King's Shield|p1a: Aegislash","|-singleturn|p1a: Aegislash|Protect","|move|p2a: Salamence|Fire Blast|p1a: Aegislash","|-activate|p1a: Aegislash|Protect","|","|-heal|p1a: Aegislash|149/324|[from] item: Leftovers","|turn|21","|","|switch|p1a: Cofagrigus|Cofagrigus, F|319/319","|move|p2a: Salamence|Fire Blast|p1a: Cofagrigus|[miss]","|-miss|p2a: Salamence|p1a: Cofagrigus","|","|turn|22","|","|move|p2a: Salamence|Fire Blast|p1a: Cofagrigus","|-damage|p1a: Cofagrigus|217/319","|-status|p1a: Cofagrigus|brn","|-enditem|p1a: Cofagrigus|Red Card|[of] p2a: Salamence","|drag|p2a: Garchomp|Garchomp, M|357/357","|-damage|p2a: Garchomp|335/357|[from] Stealth Rock","|move|p1a: Cofagrigus|Shadow Ball|p2a: Garchomp","|-damage|p2a: Garchomp|197/357","|","|-damage|p1a: Cofagrigus|178/319 brn|[from] brn","|turn|23","|player|p2","|","|win|Alliance-C-Control"],"p1rating":{"entryid":"6440455","serverid":"eos","formatid":"monotype","userid":"allianceccontrol","username":"Alliance-C-Control","w":230,"l":"296","t":"0","gxe":44,"r":"1437.6253948805","rd":"25","sigma":"0","rptime":"1438419600","rpr":1454.593920669,"rprd":25,"rpsigma":"0","acre":1231.7494765016,"lacre":1231.7494765016,"oldacre":"1220.1474374143"},"p2rating":{"entryid":"7313146","serverid":"eos","formatid":"monotype","userid":"unionwevrm","username":"Union Wevrm","w":"2","l":8,"t":"0","gxe":31.1,"r":"1500","rd":"130","sigma":"0","rptime":"1438419600","rpr":1346.1293752075,"rprd":86.017562382645,"rpsigma":"0","acre":1006.7451788936,"lacre":1006.7451788936,"oldacre":"1012.23790225"},"endType":"forfeit"}