{"seed":[49602,21607,49677,14709],"turns":26,"p1":"Rain ☆ sidious","p2":"Query","p1team":[{"name":"Alakazam","species":"Alakazam","item":"lifeorb","ability":"Magic Guard","moves":["energyball","psychic","focusblast","shadowball"],"nature":"Timid","evs":{"hp":0,"atk":0,"def":0,"spa":252,"spd":4,"spe":252},"gender":"F","shiny":true,"ivs":{"hp":31,"atk":31,"def":31,"spa":31,"spd":31,"spe":31}},{"name":"Latios","species":"Latios","item":"latiosite","ability":"Levitate","moves":["dragonpulse","icebeam","calmmind","defog"],"nature":"Timid","evs":{"hp":0,"atk":0,"def":0,"spa":252,"spd":4,"spe":252},"shiny":true,"ivs":{"hp":31,"atk":31,"def":31,"spa":31,"spd":31,"spe":31}},{"name":"Cresselia","species":"Cresselia","item":"leftovers","ability":"Levitate","moves":["lunardance","thunderwave","psychic","magiccoat"],"nature":"Calm","evs":{"hp":132,"atk":0,"def":120,"spa":4,"spd":252,"spe":0},"shiny":true,"ivs":{"hp":31,"atk":31,"def":31,"spa":31,"spd":31,"spe":31}},{"name":"Victini","species":"Victini","item":"choiceband","ability":"Victory Star","moves":["flareblitz","boltstrike","uturn","facade"],"nature":"Jolly","evs":{"hp":0,"atk":252,"def":0,"spa":0,"spd":4,"spe":252},"ivs":{"hp":31,"atk":31,"def":31,"spa":31,"spd":31,"spe":31}},{"name":"Jynx","species":"Jynx","item":"choicescarf","ability":"Dry Skin","moves":["icebeam","shadowball","psychic","focusblast"],"nature":"Timid","evs":{"hp":0,"atk":0,"def":0,"spa":252,"spd":4,"spe":252},"shiny":true,"ivs":{"hp":31,"atk":31,"def":31,"spa":31,"spd":31,"spe":31}},{"name":"Starmie","species":"Starmie","item":"lifeorb","ability":"Analytic","moves":["rapidspin","psyshock","hydropump","icebeam"],"nature":"Timid","evs":{"hp":0,"atk":0,"def":0,"spa":252,"spd":4,"spe":252},"ivs":{"hp":31,"atk":31,"def":31,"spa":31,"spd":31,"spe":31}}],"p2team":[{"name":"Zapdos","species":"Zapdos","item":"leftovers","ability":"Pressure","moves":["discharge","defog","hiddenpowerice","roost"],"nature":"Calm","evs":{"hp":248,"atk":0,"def":64,"spa":0,"spd":180,"spe":16},"ivs":{"hp":31,"atk":31,"def":30,"spa":31,"spd":31,"spe":31}},{"name":"Thundurus","species":"Thundurus","item":"lifeorb","ability":"Defiant","moves":["thunderbolt","knockoff","superpower","hiddenpowerice"],"nature":"Naive","evs":{"hp":0,"atk":76,"def":0,"spa":180,"spd":0,"spe":252},"ivs":{"hp":31,"atk":30,"def":30,"spa":31,"spd":31,"spe":31},"shiny":true},{"name":"Magnezone","species":"Magnezone","item":"choicespecs","ability":"Magnet Pull","moves":["voltswitch","hiddenpowerfire","flashcannon","thunderbolt"],"nature":"Modest","evs":{"hp":168,"atk":0,"def":0,"spa":252,"spd":0,"spe":88},"ivs":{"hp":31,"atk":30,"def":31,"spa":30,"spd":31,"spe":30},"shiny":true},{"name":"Rotom-Wash","species":"Rotom-Wash","item":"leftovers","ability":"Levitate","moves":["voltswitch","willowisp","painsplit","hydropump"],"nature":"Bold","evs":{"hp":248,"atk":0,"def":252,"spa":0,"spd":0,"spe":8},"ivs":{"hp":31,"atk":0,"def":31,"spa":31,"spd":31,"spe":31},"shiny":true},{"name":"Luxray","species":"Luxray","item":"choiceband","ability":"Guts","moves":["wildcharge","superpower","crunch","quickattack"],"nature":"Adamant","evs":{"hp":0,"atk":252,"def":4,"spa":0,"spd":0,"spe":252},"shiny":true,"ivs":{"hp":31,"atk":31,"def":31,"spa":31,"spd":31,"spe":31}},{"name":"Galvantula","species":"Galvantula","item":"focussash","ability":"Compound Eyes","moves":["stickyweb","thunder","bugbuzz","energyball"],"nature":"Timid","evs":{"hp":0,"atk":0,"def":0,"spa":252,"spd":4,"spe":252},"shiny":true,"ivs":{"hp":31,"atk":31,"def":31,"spa":31,"spd":31,"spe":31}}],"log":["|player|p1|Rain ☆ sidious|278","|player|p2|Query|269","|gametype|singles","|gen|6","|tier|Monotype","|rated","|rule|Baton Pass Clause: Limit one Baton Passer, can't pass Spe and other stats simultaneously","|rule|Swagger Clause: Swagger is banned","|rule|Same Type Clause: Pokémon in a team must share a type","|clearpoke","|poke|p1|Alakazam, F, shiny","|poke|p1|Latios, M, shiny","|poke|p1|Cresselia, F, shiny","|poke|p1|Victini","|poke|p1|Jynx, F, shiny","|poke|p1|Starmie","|poke|p2|Zapdos","|poke|p2|Thundurus, M, shiny","|poke|p2|Magnezone, shiny","|poke|p2|Rotom-Wash, shiny","|poke|p2|Luxray, M, shiny","|poke|p2|Galvantula, F, shiny","|rule|Sleep Clause Mod: Limit one foe put to sleep","|rule|Species Clause: Limit one of each Pokémon","|rule|OHKO Clause: OHKO moves are banned","|rule|Moody Clause: Moody is banned","|rule|Evasion Moves Clause: Evasion moves are banned","|rule|Endless Battle Clause: Forcing endless battles is banned","|rule|HP Percentage Mod: HP is shown in percentages","|teampreview","|","|start","|switch|p1a: Starmie|Starmie|261/261","|switch|p2a: Zapdos|Zapdos|383/383","|-ability|p2a: Zapdos|Pressure","|turn|1","|","|move|p1a: Starmie|Ice Beam|p2a: Zapdos","|-supereffective|p2a: Zapdos","|-damage|p2a: Zapdos|183/383","|-damage|p1a: Starmie|235/261|[from] item: Life Orb","|move|p2a: Zapdos|Discharge|p1a: Starmie","|-supereffective|p1a: Starmie","|-damage|p1a: Starmie|0 fnt","|faint|p1a: Starmie","|","|-heal|p2a: Zapdos|206/383|[from] item: Leftovers","|","|switch|p1a: Latios|Latios, M, shiny|301/301","|turn|2","|","|switch|p2a: Magnezone|Magnezone, shiny|323/323","|detailschange|p1a: Latios|Latios-Mega, M, shiny","|-mega|p1a: Latios|Latios|Latiosite","|move|p1a: Latios|Ice Beam|p2a: Magnezone","|-crit|p2a: Magnezone","|-resisted|p2a: Magnezone","|-damage|p2a: Magnezone|220/323","|","|turn|3","|","|move|p1a: Latios|Calm Mind|p1a: Latios","|-boost|p1a: Latios|spa|1","|-boost|p1a: Latios|spd|1","|move|p2a: Magnezone|Flash Cannon|p1a: Latios","|-damage|p1a: Latios|178/301","|","|turn|4","|","|move|p1a: Latios|Calm Mind|p1a: Latios","|-boost|p1a: Latios|spa|1","|-boost|p1a: Latios|spd|1","|move|p2a: Magnezone|Flash Cannon|p1a: Latios","|-damage|p1a: Latios|69/301","|","|turn|5","|","|switch|p2a: Galvantula|Galvantula, F, shiny|281/281","|move|p1a: Latios|Ice Beam|p2a: Galvantula","|-enditem|p2a: Galvantula|Focus Sash","|-damage|p2a: Galvantula|1/281","|-status|p2a: Galvantula|frz","|","|turn|6","|","|move|p1a: Latios|Ice Beam|p2a: Galvantula","|-damage|p2a: Galvantula|0 fnt","|faint|p2a: Galvantula","|","|","|switch|p2a: Luxray|Luxray, M, shiny|301/301","|turn|7","|","|move|p2a: Luxray|Quick Attack|p1a: Latios","|-damage|p1a: Latios|0 fnt","|faint|p1a: Latios","|","|","|switch|p1a: Victini|Victini|341/341","|turn|8","|","|switch|p2a: Magnezone|Magnezone, shiny|220/323","|move|p1a: Victini|Flare Blitz|p2a: Magnezone","|-supereffective|p2a: Magnezone","|-damage|p2a: Magnezone|0 fnt","|-damage|p1a: Victini|268/341|[from] recoil|[of] p2a: Magnezone","|faint|p2a: Magnezone","|","|","|switch|p2a: Rotom-Wash|Rotom-Wash, shiny|303/303","|turn|9","|","|switch|p1a: Jynx|Jynx, F, shiny|271/271","|move|p2a: Rotom-Wash|Volt Switch|p1a: Jynx","|-damage|p1a: Jynx|174/271","|","|switch|p2a: Thundurus|Thundurus, M, shiny|299/299","|","|turn|10","|","|move|p1a: Jynx|Ice Beam|p2a: Thundurus","|-supereffective|p2a: Thundurus","|-damage|p2a: Thundurus|0 fnt","|faint|p2a: Thundurus","|","|","|switch|p2a: Luxray|Luxray, M, shiny|301/301","|turn|11","|","|move|p2a: Luxray|Quick Attack|p1a: Jynx","|-damage|p1a: Jynx|11/271","|move|p1a: Jynx|Ice Beam|p2a: Luxray","|-damage|p2a: Luxray|123/301","|","|turn|12","|","|switch|p2a: Rotom-Wash|Rotom-Wash, shiny|303/303","|move|p1a: Jynx|Ice Beam|p2a: Rotom-Wash","|-resisted|p2a: Rotom-Wash","|-damage|p2a: Rotom-Wash|232/303","|","|-heal|p2a: Rotom-Wash|250/303|[from] item: Leftovers","|turn|13","|","|move|p1a: Jynx|Ice Beam|p2a: Rotom-Wash","|-resisted|p2a: Rotom-Wash","|-damage|p2a: Rotom-Wash|182/303","|move|p2a: Rotom-Wash|Hydro Pump|p1a: Jynx","|-heal|p1a: Jynx|78/271|[from] ability: Dry Skin|[of] p2a: Rotom-Wash","|","|-heal|p2a: Rotom-Wash|200/303|[from] item: Leftovers","|turn|14","|","|move|p1a: Jynx|Ice Beam|p2a: Rotom-Wash","|-resisted|p2a: Rotom-Wash","|-damage|p2a: Rotom-Wash|137/303","|move|p2a: Rotom-Wash|Will-O-Wisp|p1a: Jynx","|-status|p1a: Jynx|brn","|","|-heal|p2a: Rotom-Wash|155/303|[from] item: Leftovers","|-damage|p1a: Jynx|45/271 brn|[from] brn","|turn|15","|","|move|p1a: Jynx|Ice Beam|p2a: Rotom-Wash","|-resisted|p2a: Rotom-Wash","|-damage|p2a: Rotom-Wash|83/303","|move|p2a: Rotom-Wash|Volt Switch|p1a: Jynx","|-damage|p1a: Jynx|0 fnt","|faint|p1a: Jynx","|","|switch|p2a: Zapdos|Zapdos|206/383","|-ability|p2a: Zapdos|Pressure","|","|-heal|p2a: Zapdos|229/383|[from] item: Leftovers","|","|switch|p1a: Alakazam|Alakazam, F, shiny|251/251","|turn|16","|","|move|p1a: Alakazam|Psychic|p2a: Zapdos","|-damage|p2a: Zapdos|61/383","|move|p2a: Zapdos|Roost|p2a: Zapdos","|-heal|p2a: Zapdos|253/383","|","|-heal|p2a: Zapdos|276/383|[from] item: Leftovers","|turn|17","|","|switch|p1a: Cresselia|Cresselia, F, shiny|414/414","|move|p2a: Zapdos|Discharge|p1a: Cresselia","|-damage|p1a: Cresselia|344/414","|","|-heal|p2a: Zapdos|299/383|[from] item: Leftovers","|-heal|p1a: Cresselia|369/414|[from] item: Leftovers","|turn|18","|","|switch|p2a: Luxray|Luxray, M, shiny|123/301","|move|p1a: Cresselia|Magic Coat|p1a: Cresselia","|-singleturn|p1a: Cresselia|move: Magic Coat","|","|-heal|p1a: Cresselia|394/414|[from] item: Leftovers","|turn|19","|","|move|p2a: Luxray|Crunch|p1a: Cresselia","|-crit|p1a: Cresselia","|-supereffective|p1a: Cresselia","|-damage|p1a: Cresselia|38/414","|move|p1a: Cresselia|Psychic|p2a: Luxray","|-damage|p2a: Luxray|18/301","|","|-heal|p1a: Cresselia|63/414|[from] item: Leftovers","|turn|20","|","|move|p2a: Luxray|Crunch|p1a: Cresselia","|-supereffective|p1a: Cresselia","|-damage|p1a: Cresselia|0 fnt","|faint|p1a: Cresselia","|","|","|switch|p1a: Victini|Victini|268/341","|turn|21","|","|switch|p2a: Zapdos|Zapdos|299/383","|-ability|p2a: Zapdos|Pressure","|move|p1a: Victini|U-turn|p2a: Zapdos","|-resisted|p2a: Zapdos","|-damage|p2a: Zapdos|240/383","|","|switch|p1a: Alakazam|Alakazam, F, shiny|251/251","|","|-heal|p2a: Zapdos|263/383|[from] item: Leftovers","|turn|22","|","|move|p1a: Alakazam|Psychic|p2a: Zapdos","|-damage|p2a: Zapdos|95/383","|move|p2a: Zapdos|Roost|p2a: Zapdos","|-heal|p2a: Zapdos|287/383","|","|-heal|p2a: Zapdos|310/383|[from] item: Leftovers","|turn|23","|","|move|p1a: Alakazam|Psychic|p2a: Zapdos","|-crit|p2a: Zapdos","|-damage|p2a: Zapdos|40/383","|-unboost|p2a: Zapdos|spd|1","|move|p2a: Zapdos|Discharge|p1a: Alakazam","|-damage|p1a: Alakazam|131/251","|","|-heal|p2a: Zapdos|63/383|[from] item: Leftovers","|turn|24","|","|move|p1a: Alakazam|Psychic|p2a: Zapdos","|-damage|p2a: Zapdos|0 fnt","|faint|p2a: Zapdos","|","|","|switch|p2a: Luxray|Luxray, M, shiny|18/301","|turn|25","|","|move|p2a: Luxray|Quick Attack|p1a: Alakazam","|-damage|p1a: Alakazam|2/251","|move|p1a: Alakazam|Psychic|p2a: Luxray","|-damage|p2a: Luxray|0 fnt","|faint|p2a: Luxray","|","|","|switch|p2a: Rotom-Wash|Rotom-Wash, shiny|83/303","|turn|26","|","|move|p1a: Alakazam|Energy Ball|p2a: Rotom-Wash","|-supereffective|p2a: Rotom-Wash","|-damage|p2a: Rotom-Wash|0 fnt","|faint|p2a: Rotom-Wash","|","|win|Rain ☆ sidious"],"p1rating":{"entryid":"6395890","serverid":"eos","formatid":"monotype","userid":"rainsidious","username":"Rain ☆ sidious","w":47,"l":"60","t":"0","gxe":45.1,"r":"1458.2554562896","rd":"41.958700888471","sigma":"0","rptime":"1438506000","rpr":1462.816948461,"rprd":41.194630690867,"rpsigma":"0","acre":1121.2174808722,"lacre":1121.2174808722,"oldacre":"1099.708683512"},"p2rating":{"entryid":"7251160","serverid":"eos","formatid":"monotype","userid":"query","username":"Query","w":"1","l":1,"t":"0","gxe":49,"r":1540.1606143388,"rd":123.40150317887,"sigma":"0","rptime":1438506000,"rpr":1492.3563963959,"rprd":116.73779543643,"rpsigma":"0","acre":1035.2652391425,"lacre":1035.2652391425,"oldacre":"1050.3387694246"},"endType":"normal"}