{"seed":[44005,46297,58662,36818],"turns":21,"p1":"Silver-Quartz","p2":"GTX♅Bzumzum","p1team":[{"name":"Gyarados","species":"Gyarados","item":"gyaradosite","ability":"Intimidate","moves":["dragondance","waterfall","earthquake","icefang"],"nature":"Adamant","evs":{"hp":0,"atk":252,"def":4,"spa":0,"spd":0,"spe":252},"shiny":true,"ivs":{"hp":31,"atk":31,"def":31,"spa":31,"spd":31,"spe":31}},{"name":"Landorus-Therian","species":"Landorus-Therian","item":"leftovers","ability":"Intimidate","moves":["earthquake","uturn","stoneedge","stealthrock"],"nature":"Impish","evs":{"hp":252,"atk":0,"def":240,"spa":0,"spd":8,"spe":8},"shiny":true,"ivs":{"hp":31,"atk":31,"def":31,"spa":31,"spd":31,"spe":31}},{"name":"Tornadus-Therian","species":"Tornadus-Therian","item":"assaultvest","ability":"Regenerator","moves":["hurricane","focusblast","knockoff","uturn"],"nature":"Timid","evs":{"hp":132,"atk":0,"def":0,"spa":160,"spd":0,"spe":216},"ivs":{"hp":31,"atk":31,"def":31,"spa":31,"spd":31,"spe":31}},{"name":"Skarmory","species":"Skarmory","item":"leftovers","ability":"Sturdy","moves":["ironhead","spikes","roost","whirlwind"],"nature":"Careful","evs":{"hp":248,"atk":0,"def":8,"spa":0,"spd":252,"spe":0},"shiny":true,"ivs":{"hp":31,"atk":31,"def":31,"spa":31,"spd":31,"spe":31}},{"name":"Thundurus","species":"Thundurus","item":"lifeorb","ability":"Prankster","moves":["nastyplot","thunderbolt","hiddenpowerice","thunderwave"],"nature":"Timid","evs":{"hp":0,"atk":0,"def":4,"spa":252,"spd":0,"spe":252},"ivs":{"hp":31,"atk":30,"def":30,"spa":31,"spd":31,"spe":31},"shiny":true},{"name":"Hawlucha","species":"Hawlucha","item":"sitrusberry","ability":"Unburden","moves":["substitute","swordsdance","highjumpkick","acrobatics"],"nature":"Jolly","evs":{"hp":12,"atk":252,"def":0,"spa":0,"spd":0,"spe":244},"shiny":true,"ivs":{"hp":31,"atk":31,"def":31,"spa":31,"spd":31,"spe":31}}],"p2team":[{"name":"Elec","species":"manectric","item":"manectite","ability":"Lightning Rod","moves":["thunderbolt","hiddenpowerice","voltswitch","overheat"],"nature":"Timid","evs":{"hp":0,"atk":0,"def":0,"spa":252,"spd":4,"spe":252},"gender":"M","ivs":{"hp":31,"atk":30,"def":30,"spa":31,"spd":31,"spe":31}},{"name":"Water-Safe","species":"rotomwash","item":"chestoberry","ability":"Levitate","moves":["hydropump","toxic","willowisp","rest"],"nature":"Calm","evs":{"hp":248,"atk":0,"def":0,"spa":8,"spd":252,"spe":0},"shiny":true,"ivs":{"hp":31,"atk":31,"def":31,"spa":31,"spd":31,"spe":31}},{"name":"MY ZONE!!!","species":"magnezone","item":"choicespecs","ability":"Sturdy","moves":["hiddenpowerice","flashcannon","triattack","signalbeam"],"nature":"Modest","evs":{"hp":248,"atk":0,"def":0,"spa":252,"spd":8,"spe":0},"ivs":{"hp":31,"atk":30,"def":30,"spa":31,"spd":31,"spe":31},"shiny":true},{"name":"Thundernor","species":"eelektross","item":"leftovers","ability":"Levitate","moves":["coil","drainpunch","knockoff","uturn"],"nature":"Adamant","evs":{"hp":252,"atk":252,"def":0,"spa":0,"spd":0,"spe":4},"gender":"M","shiny":true,"ivs":{"hp":31,"atk":31,"def":31,"spa":31,"spd":31,"spe":31}},{"name":"Zapz","species":"zapdos","item":"leftovers","ability":"Pressure","moves":["heatwave","roost","extrasensory","defog"],"nature":"Modest","evs":{"hp":252,"atk":0,"def":0,"spa":252,"spd":4,"spe":0},"shiny":true,"ivs":{"hp":31,"atk":31,"def":31,"spa":31,"spd":31,"spe":31}},{"name":"Plugg-in Failure","species":"electivire","item":"choicescarf","ability":"Vital Spirit","moves":["crosschop","earthquake","icepunch","rockslide"],"nature":"Adamant","evs":{"hp":0,"atk":252,"def":0,"spa":0,"spd":4,"spe":252},"gender":"M","shiny":true,"ivs":{"hp":31,"atk":31,"def":31,"spa":31,"spd":31,"spe":31}}],"log":["|player|p1|Silver-Quartz|44","|player|p2|GTX♅Bzumzum|225","|gametype|singles","|gen|6","|tier|Monotype","|rated","|rule|Baton Pass Clause: Limit one Baton Passer, can't pass Spe and other stats simultaneously","|rule|Swagger Clause: Swagger is banned","|rule|Same Type Clause: Pokémon in a team must share a type","|clearpoke","|poke|p1|Gyarados, F, shiny","|poke|p1|Landorus-Therian, M, shiny","|poke|p1|Tornadus-Therian, M","|poke|p1|Skarmory, F, shiny","|poke|p1|Thundurus, M, shiny","|poke|p1|Hawlucha, M, shiny","|poke|p2|Manectric, M","|poke|p2|Rotom-Wash, shiny","|poke|p2|Magnezone, shiny","|poke|p2|Eelektross, M, shiny","|poke|p2|Zapdos, shiny","|poke|p2|Electivire, M, shiny","|rule|Sleep Clause Mod: Limit one foe put to sleep","|rule|Species Clause: Limit one of each Pokémon","|rule|OHKO Clause: OHKO moves are banned","|rule|Moody Clause: Moody is banned","|rule|Evasion Moves Clause: Evasion moves are banned","|rule|Endless Battle Clause: Forcing endless battles is banned","|rule|HP Percentage Mod: HP is shown in percentages","|teampreview","|","|start","|switch|p1a: Landorus-Therian|Landorus-Therian, M, shiny|382/382","|switch|p2a: Water-Safe|Rotom-Wash, shiny|303/303","|-ability|p1a: Landorus-Therian|Intimidate","|-unboost|p2a: Water-Safe|atk|1","|turn|1","|","|move|p1a: Landorus-Therian|Stone Edge|p2a: Water-Safe","|-damage|p2a: Water-Safe|196/303","|move|p2a: Water-Safe|Will-O-Wisp|p1a: Landorus-Therian","|-status|p1a: Landorus-Therian|brn","|","|-damage|p1a: Landorus-Therian|335/382 brn|[from] brn","|turn|2","|","|switch|p1a: Skarmory|Skarmory, F, shiny|333/333","|move|p2a: Water-Safe|Hydro Pump|p1a: Skarmory","|-damage|p1a: Skarmory|201/333","|","|-heal|p1a: Skarmory|221/333|[from] item: Leftovers","|turn|3","|","|move|p2a: Water-Safe|Will-O-Wisp|p1a: Skarmory","|-status|p1a: Skarmory|brn","|move|p1a: Skarmory|Iron Head|p2a: Water-Safe","|-resisted|p2a: Water-Safe","|-damage|p2a: Water-Safe|188/303","|","|-heal|p1a: Skarmory|241/333 brn|[from] item: Leftovers","|-damage|p1a: Skarmory|200/333 brn|[from] brn","|turn|4","|","|move|p2a: Water-Safe|Hydro Pump|p1a: Skarmory","|-damage|p1a: Skarmory|74/333 brn","|move|p1a: Skarmory|Roost|p1a: Skarmory","|-heal|p1a: Skarmory|241/333 brn","|","|-heal|p1a: Skarmory|261/333 brn|[from] item: Leftovers","|-damage|p1a: Skarmory|220/333 brn|[from] brn","|turn|5","|","|move|p2a: Water-Safe|Hydro Pump|p1a: Skarmory","|-damage|p1a: Skarmory|97/333 brn","|move|p1a: Skarmory|Whirlwind|p2a: Water-Safe","|drag|p2a: Thundernor|Eelektross, M, shiny|374/374","|","|-heal|p1a: Skarmory|117/333 brn|[from] item: Leftovers","|-damage|p1a: Skarmory|76/333 brn|[from] brn","|turn|6","|","|move|p1a: Skarmory|Roost|p1a: Skarmory","|-heal|p1a: Skarmory|243/333 brn","|move|p2a: Thundernor|Knock Off|p1a: Skarmory","|-damage|p1a: Skarmory|149/333 brn","|-enditem|p1a: Skarmory|Leftovers|[from] move: Knock Off|[of] p2a: Thundernor","|","|-damage|p1a: Skarmory|108/333 brn|[from] brn","|turn|7","|","|move|p1a: Skarmory|Roost|p1a: Skarmory","|-heal|p1a: Skarmory|275/333 brn","|move|p2a: Thundernor|U-turn|p1a: Skarmory","|-resisted|p1a: Skarmory","|-damage|p1a: Skarmory|244/333 brn","|","|switch|p2a: Zapz|Zapdos, shiny|384/384","|-ability|p2a: Zapz|Pressure","|","|-damage|p1a: Skarmory|203/333 brn|[from] brn","|turn|8","|","|switch|p1a: Landorus-Therian|Landorus-Therian, M, shiny|335/382 brn","|-ability|p1a: Landorus-Therian|Intimidate","|-unboost|p2a: Zapz|atk|1","|move|p2a: Zapz|Heat Wave|p1a: Landorus-Therian","|-damage|p1a: Landorus-Therian|187/382 brn","|","|-heal|p1a: Landorus-Therian|210/382 brn|[from] item: Leftovers","|-damage|p1a: Landorus-Therian|163/382 brn|[from] brn","|turn|9","|","|move|p2a: Zapz|Extrasensory|p1a: Landorus-Therian","|-damage|p1a: Landorus-Therian|48/382 brn","|move|p1a: Landorus-Therian|Stone Edge|p2a: Zapz","|-crit|p2a: Zapz","|-supereffective|p2a: Zapz","|-damage|p2a: Zapz|186/384","|","|-heal|p2a: Zapz|210/384|[from] item: Leftovers","|-heal|p1a: Landorus-Therian|71/382 brn|[from] item: Leftovers","|-damage|p1a: Landorus-Therian|24/382 brn|[from] brn","|turn|10","|","|move|p2a: Zapz|Roost|p2a: Zapz","|-heal|p2a: Zapz|384/384","|move|p1a: Landorus-Therian|Stone Edge|p2a: Zapz","|-damage|p2a: Zapz|320/384","|","|-heal|p2a: Zapz|344/384|[from] item: Leftovers","|-heal|p1a: Landorus-Therian|47/382 brn|[from] item: Leftovers","|-damage|p1a: Landorus-Therian|0 fnt|[from] brn","|faint|p1a: Landorus-Therian","|","|switch|p1a: Tornadus-Therian|Tornadus-Therian, M|332/332","|turn|11","|","|move|p1a: Tornadus-Therian|Knock Off|p2a: Zapz","|-damage|p2a: Zapz|263/384","|-enditem|p2a: Zapz|Leftovers|[from] move: Knock Off|[of] p1a: Tornadus-Therian","|move|p2a: Zapz|Extrasensory|p1a: Tornadus-Therian","|-damage|p1a: Tornadus-Therian|264/332","|","|turn|12","|","|switch|p2a: Elec|Manectric, M|281/281","|move|p1a: Tornadus-Therian|Hurricane|p2a: Elec","|-resisted|p2a: Elec","|-damage|p2a: Elec|155/281","|","|turn|13","|","|detailschange|p2a: Elec|Manectric-Mega, M","|-mega|p2a: Elec|Manectric|Manectite","|-ability|p2a: Elec|Intimidate","|-unboost|p1a: Tornadus-Therian|atk|1","|move|p1a: Tornadus-Therian|Knock Off|p2a: Elec","|-damage|p2a: Elec|118/281","|move|p2a: Elec|Thunderbolt|p1a: Tornadus-Therian","|-supereffective|p1a: Tornadus-Therian","|-damage|p1a: Tornadus-Therian|42/332","|","|turn|14","|","|move|p2a: Elec|Hidden Power|p1a: Tornadus-Therian","|-supereffective|p1a: Tornadus-Therian","|-damage|p1a: Tornadus-Therian|0 fnt","|faint|p1a: Tornadus-Therian","|","|","|switch|p1a: Thundurus|Thundurus, M, shiny|299/299","|turn|15","|","|move|p2a: Elec|Hidden Power|p1a: Thundurus","|-supereffective|p1a: Thundurus","|-damage|p1a: Thundurus|123/299","|move|p1a: Thundurus|Hidden Power|p2a: Elec","|-damage|p2a: Elec|1/281","|-damage|p1a: Thundurus|94/299|[from] item: Life Orb","|","|turn|16","|","|move|p2a: Elec|Hidden Power|p1a: Thundurus","|-crit|p1a: Thundurus","|-supereffective|p1a: Thundurus","|-damage|p1a: Thundurus|0 fnt","|faint|p1a: Thundurus","|","|","|switch|p1a: Skarmory|Skarmory, F, shiny|203/333 brn","|turn|17","|","|move|p2a: Elec|Overheat|p1a: Skarmory|[miss]","|-miss|p2a: Elec|p1a: Skarmory","|move|p1a: Skarmory|Iron Head|p2a: Elec","|-resisted|p2a: Elec","|-damage|p2a: Elec|0 fnt","|faint|p2a: Elec","|","|-damage|p1a: Skarmory|162/333 brn|[from] brn","|","|switch|p2a: Thundernor|Eelektross, M, shiny|374/374","|turn|18","|","|move|p1a: Skarmory|Iron Head|p2a: Thundernor","|-resisted|p2a: Thundernor","|-damage|p2a: Thundernor|351/374","|move|p2a: Thundernor|Coil|p2a: Thundernor","|-boost|p2a: Thundernor|atk|1","|-boost|p2a: Thundernor|def|1","|-boost|p2a: Thundernor|accuracy|1","|","|-heal|p2a: Thundernor|374/374|[from] item: Leftovers","|-damage|p1a: Skarmory|121/333 brn|[from] brn","|turn|19","|","|move|p2a: Thundernor|Drain Punch|p1a: Skarmory","|-damage|p1a: Skarmory|20/333 brn","|move|p1a: Skarmory|Whirlwind|p2a: Thundernor","|drag|p2a: MY ZONE!!!|Magnezone, shiny|343/343","|","|-damage|p1a: Skarmory|0 fnt|[from] brn","|faint|p1a: Skarmory","|","|switch|p1a: Hawlucha|Hawlucha, M, shiny|300/300","|turn|20","|","|move|p1a: Hawlucha|Substitute|p1a: Hawlucha","|-start|p1a: Hawlucha|Substitute","|-damage|p1a: Hawlucha|225/300","|move|p2a: MY ZONE!!!|Hidden Power|p1a: Hawlucha","|-supereffective|p1a: Hawlucha","|-end|p1a: Hawlucha|Substitute","|","|turn|21","|","|move|p1a: Hawlucha|High Jump Kick|p2a: MY ZONE!!!","|-supereffective|p2a: MY ZONE!!!","|-damage|p2a: MY ZONE!!!|43/343","|move|p2a: MY ZONE!!!|Hidden Power|p1a: Hawlucha","|-supereffective|p1a: Hawlucha","|-damage|p1a: Hawlucha|0 fnt","|faint|p1a: Hawlucha","|","|","|win|GTX♅Bzumzum"],"p1rating":{"entryid":"7333327","serverid":"eos","formatid":"monotype","userid":"silverquartz","username":"Silver-Quartz","w":"0","l":3,"t":"0","gxe":34.2,"r":"1464.1526300217","rd":"122.17815067814","sigma":"0","rptime":"1438506000","rpr":1370.5436562563,"rprd":111.51844951966,"rpsigma":"0","acre":1000,"lacre":1000,"oldacre":"1000"},"p2rating":{"entryid":"6857825","serverid":"eos","formatid":"monotype","userid":"gtxbzumzum","username":"GTX♅Bzumzum","w":20,"l":"78","t":"0","gxe":22.1,"r":"1262.1544630539","rd":"41.502667195254","sigma":"0","rptime":"1438506000","rpr":1261.5782257401,"rprd":39.931216486302,"rpsigma":"0","acre":1040,"lacre":1040,"oldacre":"1000"},"endType":"forfeit"}