{"seed":[54317,7961,62114,58893],"turns":23,"p1":"MrNyanNyanz","p2":"Adamant Kaly","p1team":[{"name":"Skarmory","species":"Skarmory","item":"rockyhelmet","ability":"Sturdy","moves":["defog","stealthrock","bravebird","roost"],"nature":"Impish","evs":{"hp":248,"atk":0,"def":236,"spa":0,"spd":0,"spe":24},"ivs":{"hp":31,"atk":31,"def":31,"spa":31,"spd":31,"spe":31}},{"name":"Ferrothorn","species":"Ferrothorn","item":"chestoberry","ability":"Iron Barbs","moves":["rest","curse","toxic","powerwhip"],"nature":"Careful","evs":{"hp":248,"atk":8,"def":0,"spa":0,"spd":252,"spe":0},"ivs":{"hp":31,"atk":31,"def":31,"spa":31,"spd":31,"spe":31}},{"name":"Heatran","species":"Heatran","item":"leftovers","ability":"Flash Fire","moves":["toxic","roar","earthpower","lavaplume"],"nature":"Calm","evs":{"hp":252,"atk":0,"def":0,"spa":4,"spd":252,"spe":0},"ivs":{"hp":31,"atk":31,"def":31,"spa":31,"spd":31,"spe":31}},{"name":"Magnezone","species":"Magnezone","item":"choicescarf","ability":"Sturdy","moves":["thunderbolt","voltswitch","flashcannon","hiddenpowerice"],"nature":"Timid","evs":{"hp":0,"atk":0,"def":0,"spa":252,"spd":4,"spe":252},"ivs":{"hp":31,"atk":30,"def":30,"spa":31,"spd":31,"spe":31}},{"name":"Bisharp","species":"Bisharp","item":"focussash","ability":"Defiant","moves":["suckerpunch","swordsdance","knockoff","ironhead"],"nature":"Adamant","evs":{"hp":248,"atk":252,"def":0,"spa":0,"spd":8,"spe":0},"ivs":{"hp":31,"atk":31,"def":31,"spa":31,"spd":31,"spe":31}},{"name":"Jirachi","species":"Jirachi","item":"choicescarf","ability":"Serene Grace","moves":["uturn","playrough","heartstamp","ironhead"],"nature":"Jolly","evs":{"hp":0,"atk":252,"def":0,"spa":0,"spd":4,"spe":252},"ivs":{"hp":31,"atk":31,"def":31,"spa":31,"spd":31,"spe":31}}],"p2team":[{"name":"Mandibuzz","species":"Mandibuzz","item":"rockyhelmet","ability":"Overcoat","moves":["roost","defog","foulplay","uturn"],"nature":"Impish","evs":{"hp":252,"atk":0,"def":252,"spa":0,"spd":4,"spe":0},"ivs":{"hp":31,"atk":31,"def":31,"spa":31,"spd":31,"spe":31}},{"name":"Sableye","species":"Sableye","item":"leftovers","ability":"Prankster","moves":["recover","taunt","willowisp","snarl"],"nature":"Calm","evs":{"hp":252,"atk":0,"def":4,"spa":0,"spd":252,"spe":0},"ivs":{"hp":31,"atk":31,"def":31,"spa":31,"spd":31,"spe":31}},{"name":"Weavile","species":"Weavile","item":"focussash","ability":"Pickpocket","moves":["iciclecrash","knockoff","iceshard","fakeout"],"nature":"Adamant","evs":{"hp":0,"atk":252,"def":0,"spa":0,"spd":0,"spe":252},"ivs":{"hp":31,"atk":31,"def":31,"spa":31,"spd":31,"spe":31}},{"name":"Zoroark","species":"Zoroark","item":"focussash","ability":"Illusion","moves":["nastyplot","nightdaze","flamethrower","hyperbeam"],"nature":"Modest","evs":{"hp":0,"atk":0,"def":0,"spa":252,"spd":0,"spe":252},"ivs":{"hp":31,"atk":31,"def":31,"spa":31,"spd":31,"spe":31}},{"name":"Umbreon","species":"Umbreon","item":"leftovers","ability":"Inner Focus","moves":["toxic","foulplay","moonlight","healbell"],"nature":"Calm","evs":{"hp":252,"atk":0,"def":4,"spa":0,"spd":252,"spe":0},"ivs":{"hp":31,"atk":31,"def":31,"spa":31,"spd":31,"spe":31}},{"name":"Absol","species":"Absol","item":"absolite","ability":"Pressure","moves":["playrough","swordsdance","superpower","suckerpunch"],"nature":"Adamant","evs":{"hp":0,"atk":252,"def":0,"spa":0,"spd":0,"spe":0},"ivs":{"hp":31,"atk":31,"def":31,"spa":31,"spd":31,"spe":31}}],"log":["|player|p1|MrNyanNyanz|mrnyannyanz.png","|player|p2|Adamant Kaly|28","|gametype|singles","|gen|6","|tier|Monotype","|rated","|rule|Baton Pass Clause: Limit one Baton Passer, can't pass Spe and other stats simultaneously","|rule|Swagger Clause: Swagger is banned","|rule|Same Type Clause: Pokémon in a team must share a type","|clearpoke","|poke|p1|Skarmory, M","|poke|p1|Ferrothorn, F","|poke|p1|Heatran, F","|poke|p1|Magnezone","|poke|p1|Bisharp, F","|poke|p1|Jirachi","|poke|p2|Mandibuzz, F","|poke|p2|Sableye, M","|poke|p2|Weavile, M","|poke|p2|Zoroark, M","|poke|p2|Umbreon, M","|poke|p2|Absol, F","|rule|Sleep Clause Mod: Limit one foe put to sleep","|rule|Species Clause: Limit one of each Pokémon","|rule|OHKO Clause: OHKO moves are banned","|rule|Moody Clause: Moody is banned","|rule|Evasion Moves Clause: Evasion moves are banned","|rule|Endless Battle Clause: Forcing endless battles is banned","|rule|HP Percentage Mod: HP is shown in percentages","|teampreview","|","|start","|switch|p1a: Jirachi|Jirachi|341/341","|switch|p2a: Absol|Absol, F|261/261","|turn|1","|","|move|p1a: Jirachi|U-turn|p2a: Absol","|-supereffective|p2a: Absol","|replace|p2a: Zoroark|Zoroark, M|261/261","|-damage|p2a: Zoroark|33/261","|","|switch|p1a: Heatran|Heatran, F|386/386","|move|p2a: Zoroark|Flamethrower|p1a: Heatran","|-start|p1a: Heatran|ability: Flash Fire","|","|turn|2","|","|move|p2a: Zoroark|Hyper Beam|p1a: Heatran|[miss]","|-miss|p2a: Zoroark|p1a: Heatran","|move|p1a: Heatran|Lava Plume|p2a: Zoroark","|-damage|p2a: Zoroark|0 fnt","|faint|p2a: Zoroark","|","|","|switch|p2a: Umbreon|Umbreon, M|394/394","|turn|3","|","|move|p1a: Heatran|Toxic|p2a: Umbreon","|-status|p2a: Umbreon|tox","|move|p2a: Umbreon|Foul Play|p1a: Heatran","|-damage|p1a: Heatran|292/386","|","|-heal|p1a: Heatran|316/386|[from] item: Leftovers","|-damage|p2a: Umbreon|370/394 tox|[from] psn","|turn|4","|","|move|p1a: Heatran|Lava Plume|p2a: Umbreon","|-crit|p2a: Umbreon","|-damage|p2a: Umbreon|198/394 tox","|move|p2a: Umbreon|Foul Play|p1a: Heatran","|-damage|p1a: Heatran|220/386","|","|-heal|p1a: Heatran|244/386|[from] item: Leftovers","|-heal|p2a: Umbreon|222/394 tox|[from] item: Leftovers","|-damage|p2a: Umbreon|174/394 tox|[from] psn","|turn|5","|","|-end|p1a: Heatran|ability: Flash Fire|[silent]","|switch|p1a: Ferrothorn|Ferrothorn, F|351/351","|move|p2a: Umbreon|Moonlight|p2a: Umbreon","|-heal|p2a: Umbreon|371/394 tox","|","|-heal|p2a: Umbreon|394/394 tox|[from] item: Leftovers","|-damage|p2a: Umbreon|322/394 tox|[from] psn","|turn|6","|","|switch|p2a: Sableye|Sableye, M|304/304","|move|p1a: Ferrothorn|Curse|p1a: Ferrothorn","|-unboost|p1a: Ferrothorn|spe|1","|-boost|p1a: Ferrothorn|atk|1","|-boost|p1a: Ferrothorn|def|1","|","|turn|7","|","|switch|p1a: Heatran|Heatran, F|244/386","|move|p2a: Sableye|Taunt|p1a: Heatran","|-start|p1a: Heatran|move: Taunt","|","|-heal|p1a: Heatran|268/386|[from] item: Leftovers","|turn|8","|","|move|p1a: Heatran|Lava Plume|p2a: Sableye","|-damage|p2a: Sableye|196/304","|-status|p2a: Sableye|brn","|move|p2a: Sableye|Snarl|p1a: Heatran","|-damage|p1a: Heatran|234/386","|-unboost|p1a: Heatran|spa|1","|","|-heal|p1a: Heatran|258/386|[from] item: Leftovers","|-heal|p2a: Sableye|215/304 brn|[from] item: Leftovers","|-damage|p2a: Sableye|177/304 brn|[from] brn","|turn|9","|","|switch|p1a: Ferrothorn|Ferrothorn, F|351/351","|move|p2a: Sableye|Snarl|p1a: Ferrothorn","|-miss|p2a: Sableye|p1a: Ferrothorn","|","|-heal|p2a: Sableye|196/304 brn|[from] item: Leftovers","|-damage|p2a: Sableye|158/304 brn|[from] brn","|turn|10","|","|move|p2a: Sableye|Will-O-Wisp|p1a: Ferrothorn|[miss]","|-miss|p2a: Sableye|p1a: Ferrothorn","|move|p1a: Ferrothorn|Power Whip|p2a: Sableye","|-damage|p2a: Sableye|0 fnt","|faint|p2a: Sableye","|","|","|switch|p2a: Mandibuzz|Mandibuzz, F|424/424","|turn|11","|","|move|p2a: Mandibuzz|Foul Play|p1a: Ferrothorn","|-damage|p1a: Ferrothorn|269/351","|-damage|p2a: Mandibuzz|371/424|[from] ability: Iron Barbs|[of] p1a: Ferrothorn","|move|p1a: Ferrothorn|Toxic|p2a: Mandibuzz|[miss]","|-miss|p1a: Ferrothorn|p2a: Mandibuzz","|","|turn|12","|","|switch|p2a: Umbreon|Umbreon, M|322/394 tox","|move|p1a: Ferrothorn|Toxic|p2a: Umbreon","|-fail|p2a: Umbreon|tox","|","|-heal|p2a: Umbreon|346/394 tox|[from] item: Leftovers","|-damage|p2a: Umbreon|322/394 tox|[from] psn","|turn|13","|","|move|p2a: Umbreon|Heal Bell|p2a: Umbreon","|-cureteam|p2a: Umbreon|[from] move: HealBell","|move|p1a: Ferrothorn|Curse|p1a: Ferrothorn","|-unboost|p1a: Ferrothorn|spe|1","|-boost|p1a: Ferrothorn|atk|1","|-boost|p1a: Ferrothorn|def|1","|","|-heal|p2a: Umbreon|346/394|[from] item: Leftovers","|turn|14","|","|move|p2a: Umbreon|Foul Play|p1a: Ferrothorn","|-damage|p1a: Ferrothorn|178/351","|-damage|p2a: Umbreon|297/394|[from] ability: Iron Barbs|[of] p1a: Ferrothorn","|move|p1a: Ferrothorn|Curse|p1a: Ferrothorn","|-unboost|p1a: Ferrothorn|spe|1","|-boost|p1a: Ferrothorn|atk|1","|-boost|p1a: Ferrothorn|def|1","|","|-heal|p2a: Umbreon|321/394|[from] item: Leftovers","|turn|15","|","|switch|p2a: Mandibuzz|Mandibuzz, F|371/424","|move|p1a: Ferrothorn|Curse|p1a: Ferrothorn","|-unboost|p1a: Ferrothorn|spe|1","|-boost|p1a: Ferrothorn|atk|1","|-boost|p1a: Ferrothorn|def|1","|","|turn|16","|","|move|p2a: Mandibuzz|Foul Play|p1a: Ferrothorn","|-damage|p1a: Ferrothorn|93/351","|-damage|p2a: Mandibuzz|318/424|[from] ability: Iron Barbs|[of] p1a: Ferrothorn","|move|p1a: Ferrothorn|Toxic|p2a: Mandibuzz","|-status|p2a: Mandibuzz|tox","|","|-damage|p2a: Mandibuzz|292/424 tox|[from] psn","|turn|17","|","|move|p2a: Mandibuzz|Foul Play|p1a: Ferrothorn","|-damage|p1a: Ferrothorn|14/351","|-damage|p2a: Mandibuzz|239/424 tox|[from] ability: Iron Barbs|[of] p1a: Ferrothorn","|move|p1a: Ferrothorn|Rest|p1a: Ferrothorn","|-status|p1a: Ferrothorn|slp","|-heal|p1a: Ferrothorn|351/351 slp|[silent]","|-status|p1a: Ferrothorn|slp|[from] move: Rest","|-enditem|p1a: Ferrothorn|Chesto Berry|[eat]","|-curestatus|p1a: Ferrothorn|slp","|","|-damage|p2a: Mandibuzz|187/424 tox|[from] psn","|turn|18","|","|move|p2a: Mandibuzz|Roost|p2a: Mandibuzz","|-heal|p2a: Mandibuzz|399/424 tox","|move|p1a: Ferrothorn|Power Whip|p2a: Mandibuzz","|-damage|p2a: Mandibuzz|165/424 tox","|-damage|p1a: Ferrothorn|293/351|[from] item: Rocky Helmet|[of] p2a: Mandibuzz","|","|-damage|p2a: Mandibuzz|87/424 tox|[from] psn","|turn|19","|","|move|p2a: Mandibuzz|Foul Play|p1a: Ferrothorn","|-damage|p1a: Ferrothorn|206/351","|-damage|p2a: Mandibuzz|34/424 tox|[from] ability: Iron Barbs|[of] p1a: Ferrothorn","|move|p1a: Ferrothorn|Power Whip|p2a: Mandibuzz","|-resisted|p2a: Mandibuzz","|-damage|p2a: Mandibuzz|0 fnt","|-damage|p1a: Ferrothorn|148/351|[from] item: Rocky Helmet|[of] p2a: Mandibuzz","|faint|p2a: Mandibuzz","|","|","|switch|p2a: Absol|Absol, F|271/271","|-ability|p2a: Absol|Pressure","|turn|20","|","|detailschange|p2a: Absol|Absol-Mega, F","|-mega|p2a: Absol|Absol|Absolite","|move|p2a: Absol|Superpower|p1a: Ferrothorn","|-supereffective|p1a: Ferrothorn","|-damage|p1a: Ferrothorn|28/351","|-damage|p2a: Absol|238/271|[from] ability: Iron Barbs|[of] p1a: Ferrothorn","|-unboost|p2a: Absol|atk|1","|-unboost|p2a: Absol|def|1","|move|p1a: Ferrothorn|Power Whip|p2a: Absol","|-damage|p2a: Absol|0 fnt","|faint|p2a: Absol","|","|","|switch|p2a: Weavile|Weavile, M|281/281","|turn|21","|","|move|p2a: Weavile|Fake Out|p1a: Ferrothorn","|-resisted|p1a: Ferrothorn","|-damage|p1a: Ferrothorn|20/351","|-damage|p2a: Weavile|246/281|[from] ability: Iron Barbs|[of] p1a: Ferrothorn","|cant|p1a: Ferrothorn|flinch","|","|turn|22","|","|move|p2a: Weavile|Icicle Crash|p1a: Ferrothorn","|-damage|p1a: Ferrothorn|0 fnt","|faint|p1a: Ferrothorn","|","|","|switch|p1a: Jirachi|Jirachi|341/341","|turn|23","|","|move|p1a: Jirachi|Play Rough|p2a: Weavile","|-supereffective|p2a: Weavile","|-damage|p2a: Weavile|0 fnt","|faint|p2a: Weavile","|","|","|win|MrNyanNyanz"],"p1rating":{"entryid":"6703862","serverid":"eos","formatid":"monotype","userid":"mrnyannyanz","username":"MrNyanNyanz","w":28,"l":"21","t":"0","gxe":54.4,"r":1526.4914643426,"rd":51.037148885631,"sigma":"0","rptime":1438506000,"rpr":1533.370817479,"rprd":50.567086580708,"rpsigma":"0","acre":1201.293563628,"lacre":1201.293563628,"oldacre":"1182.6778832284"},"p2rating":{"entryid":"7021321","serverid":"eos","formatid":"monotype","userid":"adamantkaly","username":"Adamant Kaly","w":"2","l":1,"t":"0","gxe":53.4,"r":1568.4178305949,"rd":118.15682419639,"sigma":"0","rptime":1438506000,"rpr":1526.6172747726,"rprd":112.21997228008,"rpsigma":"0","acre":1074.2284485313,"lacre":1074.2284485313,"oldacre":"1091.9443618158"},"endType":"forfeit"}