{"seed":[55799,15213,64531,55492],"turns":18,"p1":"Sovereign♕Cactus","p2":"Ehnzyy-","p1team":[{"name":"My Little Ponyta","species":"keldeo","item":"leftovers","ability":"Justified","moves":["calmmind","secretsword","scald","substitute"],"nature":"Timid","evs":{"hp":0,"atk":0,"def":0,"spa":252,"spd":4,"spe":252},"ivs":{"hp":31,"atk":31,"def":31,"spa":31,"spd":31,"spe":31}},{"name":"StarOnStarAction","species":"starmie","item":"lifeorb","ability":"Natural Cure","moves":["hydropump","rapidspin","psychic","recover"],"nature":"Timid","evs":{"hp":0,"atk":0,"def":0,"spa":252,"spd":4,"spe":252},"shiny":true,"ivs":{"hp":31,"atk":31,"def":31,"spa":31,"spd":31,"spe":31}},{"name":"Mr.WasheeWashee","species":"rotomwash","item":"choicescarf","ability":"Levitate","moves":["voltswitch","willowisp","hydropump","trick"],"nature":"Timid","evs":{"hp":0,"atk":0,"def":0,"spa":252,"spd":4,"spe":252},"ivs":{"hp":31,"atk":31,"def":31,"spa":31,"spd":31,"spe":31}},{"name":"Pink Lover","species":"swampert","item":"leftovers","ability":"Torrent","moves":["earthquake","icepunch","scald","stealthrock"],"nature":"Relaxed","evs":{"hp":252,"atk":4,"def":252,"spa":0,"spd":0,"spe":0},"gender":"M","shiny":true,"ivs":{"hp":31,"atk":31,"def":31,"spa":31,"spd":31,"spe":31}},{"name":"Mulan","species":"gyarados","item":"gyaradosite","ability":"Intimidate","moves":["dragondance","crunch","earthquake","waterfall"],"nature":"Jolly","evs":{"hp":88,"atk":252,"def":0,"spa":0,"spd":0,"spe":168},"gender":"M","shiny":true,"ivs":{"hp":31,"atk":31,"def":31,"spa":31,"spd":31,"spe":31}},{"name":"Butters","species":"azumarill","item":"choiceband","ability":"Huge Power","moves":["playrough","waterfall","knockoff","aquajet"],"nature":"Adamant","evs":{"hp":92,"atk":252,"def":0,"spa":0,"spd":0,"spe":164},"shiny":true,"ivs":{"hp":31,"atk":31,"def":31,"spa":31,"spd":31,"spe":31}}],"p2team":[{"name":"Altaria","species":"Altaria","item":"altarianite","ability":"Cloud Nine","moves":["roost","hypervoice","flamethrower","healbell"],"nature":"Bold","evs":{"hp":248,"atk":0,"def":104,"spa":0,"spd":156,"spe":0},"ivs":{"hp":31,"atk":31,"def":31,"spa":31,"spd":31,"spe":31}},{"name":"Kyurem-Black","species":"Kyurem-Black","item":"choicescarf","ability":"Teravolt","moves":["outrage","ironhead","fusionbolt","icebeam"],"nature":"Naive","evs":{"hp":0,"atk":252,"def":0,"spa":4,"spd":0,"spe":252},"ivs":{"hp":31,"atk":31,"def":31,"spa":31,"spd":31,"spe":31}},{"name":"Dragonite","species":"Dragonite","item":"choiceband","ability":"Multiscale","moves":["outrage","extremespeed","earthquake","firepunch"],"nature":"Hasty","evs":{"hp":156,"atk":180,"def":0,"spa":0,"spd":0,"spe":172},"ivs":{"hp":31,"atk":31,"def":31,"spa":31,"spd":31,"spe":31}},{"name":"Garchomp","species":"Garchomp","item":"rockyhelmet","ability":"Rough Skin","moves":["stealthrock","ironhead","toxic","earthquake"],"nature":"Careful","evs":{"hp":56,"atk":212,"def":64,"spa":0,"spd":40,"spe":136},"ivs":{"hp":31,"atk":31,"def":31,"spa":31,"spd":31,"spe":31}},{"name":"Goodra","species":"Goodra","item":"choicespecs","ability":"Sap Sipper","moves":["fireblast","sludgebomb","dracometeor","thunderbolt"],"nature":"Modest","evs":{"hp":92,"atk":0,"def":60,"spa":144,"spd":68,"spe":144},"ivs":{"hp":31,"atk":31,"def":31,"spa":31,"spd":31,"spe":31}},{"name":"Latias","species":"Latias","item":"leftovers","ability":"Levitate","moves":["dracometeor"],"nature":"","evs":{"hp":0,"atk":0,"def":0,"spa":0,"spd":0,"spe":0},"ivs":{"hp":31,"atk":31,"def":31,"spa":31,"spd":31,"spe":31}}],"log":["|player|p1|Sovereign♕Cactus|251","|player|p2|Ehnzyy-|293","|gametype|singles","|gen|6","|tier|Monotype","|rated","|rule|Baton Pass Clause: Limit one Baton Passer, can't pass Spe and other stats simultaneously","|rule|Swagger Clause: Swagger is banned","|rule|Same Type Clause: Pokémon in a team must share a type","|clearpoke","|poke|p1|Keldeo","|poke|p1|Starmie, shiny","|poke|p1|Rotom-Wash","|poke|p1|Swampert, M, shiny","|poke|p1|Gyarados, M, shiny","|poke|p1|Azumarill, F, shiny","|poke|p2|Altaria, F","|poke|p2|Kyurem-Black","|poke|p2|Dragonite, F","|poke|p2|Garchomp, F","|poke|p2|Goodra, M","|poke|p2|Latias, F","|rule|Sleep Clause Mod: Limit one foe put to sleep","|rule|Species Clause: Limit one of each Pokémon","|rule|OHKO Clause: OHKO moves are banned","|rule|Moody Clause: Moody is banned","|rule|Evasion Moves Clause: Evasion moves are banned","|rule|Endless Battle Clause: Forcing endless battles is banned","|rule|HP Percentage Mod: HP is shown in percentages","|teampreview","|","|start","|switch|p1a: Pink Lover|Swampert, M, shiny|404/404","|switch|p2a: Garchomp|Garchomp, F|371/371","|turn|1","|","|move|p2a: Garchomp|Toxic|p1a: Pink Lover","|-status|p1a: Pink Lover|tox","|move|p1a: Pink Lover|Stealth Rock|p2a: Garchomp","|-sidestart|p2: Ehnzyy-|move: Stealth Rock","|","|-damage|p1a: Pink Lover|379/404 tox|[from] psn","|turn|2","|","|move|p2a: Garchomp|Stealth Rock|p1a: Pink Lover","|-sidestart|p1: Sovereign♕Cactus|move: Stealth Rock","|move|p1a: Pink Lover|Ice Punch|p2a: Garchomp","|-supereffective|p2a: Garchomp","|-damage|p2a: Garchomp|111/371","|-damage|p1a: Pink Lover|329/404 tox|[from] ability: Rough Skin|[of] p2a: Garchomp","|-damage|p1a: Pink Lover|262/404 tox|[from] item: Rocky Helmet|[of] p2a: Garchomp","|","|-heal|p1a: Pink Lover|287/404 tox|[from] item: Leftovers","|-damage|p1a: Pink Lover|237/404 tox|[from] psn","|turn|3","|","|move|p2a: Garchomp|Earthquake|p1a: Pink Lover","|-crit|p1a: Pink Lover","|-damage|p1a: Pink Lover|53/404 tox","|move|p1a: Pink Lover|Ice Punch|p2a: Garchomp","|-supereffective|p2a: Garchomp","|-damage|p2a: Garchomp|0 fnt","|-damage|p1a: Pink Lover|3/404 tox|[from] ability: Rough Skin|[of] p2a: Garchomp","|-damage|p1a: Pink Lover|0 fnt|[from] item: Rocky Helmet|[of] p2a: Garchomp","|faint|p1a: Pink Lover","|faint|p2a: Garchomp","|","|","|switch|p1a: Mr.WasheeWashee|Rotom-Wash|241/241","|switch|p2a: Latias|Latias, F|301/301","|-damage|p1a: Mr.WasheeWashee|211/241|[from] Stealth Rock","|-damage|p2a: Latias|264/301|[from] Stealth Rock","|turn|4","|","|move|p1a: Mr.WasheeWashee|Trick|p2a: Latias","|-activate|p1a: Mr.WasheeWashee|move: Trick|[of] p2a: Latias","|-item|p2a: Latias|Choice Scarf|[from] move: Trick","|-item|p1a: Mr.WasheeWashee|Leftovers|[from] move: Trick","|move|p2a: Latias|Draco Meteor|p1a: Mr.WasheeWashee","|-damage|p1a: Mr.WasheeWashee|46/241","|-unboost|p2a: Latias|spa|2","|","|-heal|p1a: Mr.WasheeWashee|61/241|[from] item: Leftovers","|turn|5","|","|switch|p2a: Kyurem-Black|Kyurem-Black|391/391","|-damage|p2a: Kyurem-Black|294/391|[from] Stealth Rock","|-ability|p2a: Kyurem-Black|Teravolt","|move|p1a: Mr.WasheeWashee|Volt Switch|p2a: Kyurem-Black","|-resisted|p2a: Kyurem-Black","|-damage|p2a: Kyurem-Black|223/391","|","|switch|p1a: Butters|Azumarill, F, shiny|364/364","|-damage|p1a: Butters|319/364|[from] Stealth Rock","|","|turn|6","|","|move|p2a: Kyurem-Black|Iron Head|p1a: Butters","|-damage|p1a: Butters|187/364","|cant|p1a: Butters|flinch","|","|turn|7","|","|move|p2a: Kyurem-Black|Iron Head|p1a: Butters","|-damage|p1a: Butters|46/364","|cant|p1a: Butters|flinch","|","|turn|8","|","|switch|p1a: Mr.WasheeWashee|Rotom-Wash|61/241","|-damage|p1a: Mr.WasheeWashee|31/241|[from] Stealth Rock","|move|p2a: Kyurem-Black|Iron Head|p1a: Mr.WasheeWashee","|-resisted|p1a: Mr.WasheeWashee","|-damage|p1a: Mr.WasheeWashee|2/241","|","|-heal|p1a: Mr.WasheeWashee|17/241|[from] item: Leftovers","|turn|9","|","|move|p2a: Kyurem-Black|Iron Head|p1a: Mr.WasheeWashee","|-resisted|p1a: Mr.WasheeWashee","|-damage|p1a: Mr.WasheeWashee|0 fnt","|faint|p1a: Mr.WasheeWashee","|","|","|switch|p1a: My Little Ponyta|Keldeo|323/323","|-damage|p1a: My Little Ponyta|303/323|[from] Stealth Rock","|turn|10","|","|switch|p2a: Latias|Latias, F|264/301","|-damage|p2a: Latias|227/301|[from] Stealth Rock","|move|p1a: My Little Ponyta|Secret Sword|p2a: Latias","|-resisted|p2a: Latias","|-damage|p2a: Latias|149/301","|","|-heal|p1a: My Little Ponyta|323/323|[from] item: Leftovers","|turn|11","|","|switch|p1a: Mulan|Gyarados, M, shiny|353/353","|-damage|p1a: Mulan|265/353|[from] Stealth Rock","|-ability|p1a: Mulan|Intimidate","|-unboost|p2a: Latias|atk|1","|move|p2a: Latias|Draco Meteor|p1a: Mulan","|-damage|p1a: Mulan|112/353","|-unboost|p2a: Latias|spa|2","|","|turn|12","|","|switch|p2a: Dragonite|Dragonite, F|362/362","|-damage|p2a: Dragonite|272/362|[from] Stealth Rock","|detailschange|p1a: Mulan|Gyarados-Mega, M, shiny","|-mega|p1a: Mulan|Gyarados|Gyaradosite","|-ability|p1a: Mulan|Mold Breaker","|move|p1a: Mulan|Crunch|p2a: Dragonite","|-damage|p2a: Dragonite|88/362","|","|turn|13","|","|move|p2a: Dragonite|Extreme Speed|p1a: Mulan","|-damage|p1a: Mulan|0 fnt","|faint|p1a: Mulan","|","|","|switch|p1a: My Little Ponyta|Keldeo|323/323","|-damage|p1a: My Little Ponyta|303/323|[from] Stealth Rock","|turn|14","|","|move|p2a: Dragonite|Extreme Speed|p1a: My Little Ponyta","|-damage|p1a: My Little Ponyta|141/323","|move|p1a: My Little Ponyta|Scald|p2a: Dragonite","|-resisted|p2a: Dragonite","|-damage|p2a: Dragonite|21/362","|","|-heal|p1a: My Little Ponyta|161/323|[from] item: Leftovers","|turn|15","|","|move|p2a: Dragonite|Extreme Speed|p1a: My Little Ponyta","|-damage|p1a: My Little Ponyta|16/323","|move|p1a: My Little Ponyta|Secret Sword|p2a: Dragonite","|-resisted|p2a: Dragonite","|-damage|p2a: Dragonite|0 fnt","|faint|p2a: Dragonite","|","|-heal|p1a: My Little Ponyta|36/323|[from] item: Leftovers","|","|switch|p2a: Kyurem-Black|Kyurem-Black|223/391","|-damage|p2a: Kyurem-Black|126/391|[from] Stealth Rock","|-ability|p2a: Kyurem-Black|Teravolt","|turn|16","|","|move|p2a: Kyurem-Black|Fusion Bolt|p1a: My Little Ponyta","|-supereffective|p1a: My Little Ponyta","|-damage|p1a: My Little Ponyta|0 fnt","|faint|p1a: My Little Ponyta","|","|","|switch|p1a: StarOnStarAction|Starmie, shiny|261/261","|-damage|p1a: StarOnStarAction|229/261|[from] Stealth Rock","|turn|17","|","|move|p2a: Kyurem-Black|Fusion Bolt|p1a: StarOnStarAction","|-supereffective|p1a: StarOnStarAction","|-damage|p1a: StarOnStarAction|0 fnt","|faint|p1a: StarOnStarAction","|","|","|switch|p1a: Butters|Azumarill, F, shiny|46/364","|-damage|p1a: Butters|1/364|[from] Stealth Rock","|turn|18","|","|move|p1a: Butters|Aqua Jet|p2a: Kyurem-Black","|-resisted|p2a: Kyurem-Black","|-damage|p2a: Kyurem-Black|61/391","|move|p2a: Kyurem-Black|Fusion Bolt|p1a: Butters","|-supereffective|p1a: Butters","|-damage|p1a: Butters|0 fnt","|faint|p1a: Butters","|","|win|Ehnzyy-"],"p1rating":{"entryid":"6867552","serverid":"eos","formatid":"monotype","userid":"sovereigncactus","username":"Sovereign♕Cactus","w":"62","l":79,"t":"0","gxe":43.7,"r":"1459.3771430334","rd":"32.514639404528","sigma":"0","rptime":"1438506000","rpr":1451.9409184571,"rprd":30.720986399441,"rpsigma":"0","acre":1053.2008583096,"lacre":1053.2008583096,"oldacre":"1080.2366453687"},"p2rating":{"entryid":"7335785","serverid":"eos","formatid":"monotype","userid":"ehnzyy","username":"Ehnzyy-","w":1,"l":"2","t":"0","gxe":43.4,"r":"1500","rd":"130","sigma":"0","rptime":"1438506000","rpr":1447.8859816617,"rprd":110.3511240888,"rpsigma":"0","acre":1049.0767915023,"lacre":1049.0767915023,"oldacre":"1000"},"endType":"normal"}