{"seed":[43670,17141,33125,7408],"turns":33,"p1":"MrNyanNyanz","p2":"Rain Devin - ⓙⓐⓜ","p1team":[{"name":"Skarmory","species":"Skarmory","item":"rockyhelmet","ability":"Sturdy","moves":["defog","stealthrock","bravebird"],"nature":"Impish","evs":{"hp":248,"atk":0,"def":236,"spa":0,"spd":0,"spe":24},"ivs":{"hp":31,"atk":31,"def":31,"spa":31,"spd":31,"spe":31}},{"name":"Ferrothorn","species":"Ferrothorn","item":"chestoberry","ability":"Iron Barbs","moves":["rest","curse","toxic","powerwhip"],"nature":"Careful","evs":{"hp":248,"atk":8,"def":0,"spa":0,"spd":252,"spe":0},"ivs":{"hp":31,"atk":31,"def":31,"spa":31,"spd":31,"spe":31}},{"name":"Heatran","species":"Heatran","item":"leftovers","ability":"Flash Fire","moves":["toxic","roar","earthpower","lavaplume"],"nature":"Calm","evs":{"hp":252,"atk":0,"def":0,"spa":4,"spd":252,"spe":0},"ivs":{"hp":31,"atk":31,"def":31,"spa":31,"spd":31,"spe":31}},{"name":"Magnezone","species":"Magnezone","item":"choicescarf","ability":"Sturdy","moves":["thunderbolt","voltswitch","flashcannon","hiddenpowerice"],"nature":"Timid","evs":{"hp":0,"atk":0,"def":0,"spa":252,"spd":4,"spe":252},"ivs":{"hp":31,"atk":30,"def":30,"spa":31,"spd":31,"spe":31}},{"name":"Bisharp","species":"Bisharp","item":"focussash","ability":"Defiant","moves":["suckerpunch","swordsdance","knockoff","ironhead"],"nature":"Adamant","evs":{"hp":248,"atk":252,"def":0,"spa":0,"spd":8,"spe":0},"ivs":{"hp":31,"atk":31,"def":31,"spa":31,"spd":31,"spe":31}},{"name":"Jirachi","species":"Jirachi","item":"choicescarf","ability":"Serene Grace","moves":["uturn","playrough","heartstamp","ironhead"],"nature":"Jolly","evs":{"hp":0,"atk":252,"def":0,"spa":0,"spd":4,"spe":252},"ivs":{"hp":31,"atk":31,"def":31,"spa":31,"spd":31,"spe":31}}],"p2team":[{"name":"Gardevoir","species":"Gardevoir","item":"choicescarf","ability":"Synchronize","moves":["moonblast","trick","healingwish","psyshock"],"nature":"Timid","evs":{"hp":0,"atk":0,"def":0,"spa":252,"spd":4,"spe":252},"ivs":{"hp":31,"atk":0,"def":31,"spa":31,"spd":31,"spe":31}},{"name":"Medicham","species":"Medicham","item":"medichamite","ability":"Pure Power","moves":["fakeout","icepunch","zenheadbutt","highjumpkick"],"nature":"Jolly","evs":{"hp":4,"atk":252,"def":0,"spa":0,"spd":0,"spe":252},"ivs":{"hp":31,"atk":31,"def":31,"spa":31,"spd":31,"spe":31}},{"name":"Deoxys-Speed","species":"Deoxys-Speed","item":"lifeorb","ability":"Pressure","moves":["firepunch","superpower","icepunch","zenheadbutt"],"nature":"Jolly","evs":{"hp":0,"atk":252,"def":4,"spa":0,"spd":0,"spe":252},"ivs":{"hp":31,"atk":31,"def":31,"spa":31,"spd":31,"spe":31}},{"name":"Slowbro","species":"Slowbro","item":"leftovers","ability":"Regenerator","moves":["slackoff","thunderwave","flamethrower","scald"],"nature":"Bold","evs":{"hp":248,"atk":0,"def":252,"spa":8,"spd":0,"spe":0},"ivs":{"hp":31,"atk":31,"def":31,"spa":31,"spd":31,"spe":31}},{"name":"Mew","species":"Mew","item":"leftovers","ability":"Synchronize","moves":["stealthrock","knockoff","willowisp","defog"],"nature":"Careful","evs":{"hp":252,"atk":4,"def":0,"spa":0,"spd":252,"spe":0},"ivs":{"hp":31,"atk":31,"def":31,"spa":31,"spd":31,"spe":31}},{"name":"Victini","species":"Victini","item":"choicescarf","ability":"Victory Star","moves":["vcreate","zenheadbutt","uturn","boltstrike"],"nature":"Jolly","evs":{"hp":0,"atk":252,"def":0,"spa":0,"spd":4,"spe":252},"ivs":{"hp":31,"atk":31,"def":31,"spa":31,"spd":31,"spe":31}}],"log":["|player|p1|MrNyanNyanz|mrnyannyanz.png","|player|p2|Rain Devin - ⓙⓐⓜ|shadedevin.gif","|gametype|singles","|gen|6","|tier|Monotype","|rated","|rule|Baton Pass Clause: Limit one Baton Passer, can't pass Spe and other stats simultaneously","|rule|Swagger Clause: Swagger is banned","|rule|Same Type Clause: Pokémon in a team must share a type","|clearpoke","|poke|p1|Skarmory, F","|poke|p1|Ferrothorn, F","|poke|p1|Heatran, F","|poke|p1|Magnezone","|poke|p1|Bisharp, F","|poke|p1|Jirachi","|poke|p2|Gardevoir, M","|poke|p2|Medicham, M","|poke|p2|Deoxys-Speed","|poke|p2|Slowbro, M","|poke|p2|Mew","|poke|p2|Victini","|rule|Sleep Clause Mod: Limit one foe put to sleep","|rule|Species Clause: Limit one of each Pokémon","|rule|OHKO Clause: OHKO moves are banned","|rule|Moody Clause: Moody is banned","|rule|Evasion Moves Clause: Evasion moves are banned","|rule|Endless Battle Clause: Forcing endless battles is banned","|rule|HP Percentage Mod: HP is shown in percentages","|teampreview","|","|start","|switch|p1a: Jirachi|Jirachi|341/341","|switch|p2a: Gardevoir|Gardevoir, M|277/277","|turn|1","|","|switch|p2a: Mew|Mew|404/404","|move|p1a: Jirachi|U-turn|p2a: Mew","|-supereffective|p2a: Mew","|-damage|p2a: Mew|276/404","|","|switch|p1a: Skarmory|Skarmory, F|333/333","|","|-heal|p2a: Mew|301/404|[from] item: Leftovers","|turn|2","|","|move|p2a: Mew|Will-O-Wisp|p1a: Skarmory|[miss]","|-miss|p2a: Mew|p1a: Skarmory","|move|p1a: Skarmory|Stealth Rock|p2a: Mew","|-sidestart|p2: Rain Devin - ⓙⓐⓜ|move: Stealth Rock","|","|-heal|p2a: Mew|326/404|[from] item: Leftovers","|turn|3","|","|switch|p1a: Heatran|Heatran, F|386/386","|move|p2a: Mew|Defog|p1a: Heatran","|-unboost|p1a: Heatran|evasion|1","|-sideend|p2: Rain Devin - ⓙⓐⓜ|Stealth Rock|[from] move: Defog|[of] p2a: Mew","|","|-heal|p2a: Mew|351/404|[from] item: Leftovers","|turn|4","|","|move|p2a: Mew|Stealth Rock|p1a: Heatran","|-sidestart|p1: MrNyanNyanz|move: Stealth Rock","|move|p1a: Heatran|Toxic|p2a: Mew","|-status|p2a: Mew|tox","|","|-heal|p2a: Mew|376/404 tox|[from] item: Leftovers","|-damage|p2a: Mew|351/404 tox|[from] psn","|turn|5","|","|switch|p2a: Slowbro|Slowbro, M|393/393","|switch|p1a: Skarmory|Skarmory, F|333/333","|-damage|p1a: Skarmory|292/333|[from] Stealth Rock","|","|turn|6","|","|move|p1a: Skarmory|Defog|p2a: Slowbro","|-unboost|p2a: Slowbro|evasion|1","|-sideend|p1: MrNyanNyanz|Stealth Rock|[from] move: Defog|[of] p1a: Skarmory","|move|p2a: Slowbro|Thunder Wave|p1a: Skarmory","|-status|p1a: Skarmory|par","|","|turn|7","|","|move|p2a: Slowbro|Scald|p1a: Skarmory","|-damage|p1a: Skarmory|172/333 par","|move|p1a: Skarmory|Stealth Rock|p2a: Slowbro","|-sidestart|p2: Rain Devin - ⓙⓐⓜ|move: Stealth Rock","|","|turn|8","|","|switch|p1a: Ferrothorn|Ferrothorn, F|351/351","|move|p2a: Slowbro|Flamethrower|p1a: Ferrothorn","|-supereffective|p1a: Ferrothorn","|-damage|p1a: Ferrothorn|175/351","|","|turn|9","|","|move|p2a: Slowbro|Thunder Wave|p1a: Ferrothorn","|-status|p1a: Ferrothorn|par","|move|p1a: Ferrothorn|Toxic|p2a: Slowbro","|-status|p2a: Slowbro|tox","|","|-damage|p2a: Slowbro|369/393 tox|[from] psn","|turn|10","|","|switch|p2a: Gardevoir|Gardevoir, M|277/277","|-damage|p2a: Gardevoir|243/277|[from] Stealth Rock","|move|p1a: Ferrothorn|Rest|p1a: Ferrothorn","|-status|p1a: Ferrothorn|slp","|-heal|p1a: Ferrothorn|351/351 slp|[silent]","|-status|p1a: Ferrothorn|slp|[from] move: Rest","|-enditem|p1a: Ferrothorn|Chesto Berry|[eat]","|-curestatus|p1a: Ferrothorn|slp","|","|turn|11","|","|switch|p1a: Jirachi|Jirachi|341/341","|move|p2a: Gardevoir|Trick|p1a: Jirachi","|-activate|p2a: Gardevoir|move: Trick|[of] p1a: Jirachi","|-item|p1a: Jirachi|Choice Scarf|[from] move: Trick","|-item|p2a: Gardevoir|Choice Scarf|[from] move: Trick","|","|turn|12","|","|switch|p2a: Mew|Mew|351/404 tox","|-damage|p2a: Mew|301/404 tox|[from] Stealth Rock","|move|p1a: Jirachi|U-turn|p2a: Mew","|-supereffective|p2a: Mew","|-damage|p2a: Mew|171/404 tox","|","|switch|p1a: Heatran|Heatran, F|386/386","|","|-heal|p2a: Mew|196/404 tox|[from] item: Leftovers","|-damage|p2a: Mew|171/404 tox|[from] psn","|turn|13","|","|move|p2a: Mew|Stealth Rock|p1a: Heatran","|-sidestart|p1: MrNyanNyanz|move: Stealth Rock","|move|p1a: Heatran|Lava Plume|p2a: Mew","|-damage|p2a: Mew|86/404 tox","|","|-heal|p2a: Mew|111/404 tox|[from] item: Leftovers","|-damage|p2a: Mew|61/404 tox|[from] psn","|turn|14","|","|move|p2a: Mew|Knock Off|p1a: Heatran","|-damage|p1a: Heatran|309/386","|-enditem|p1a: Heatran|Leftovers|[from] move: Knock Off|[of] p2a: Mew","|move|p1a: Heatran|Roar|p2a: Mew","|drag|p2a: Slowbro|Slowbro, M|393/393 tox","|-damage|p2a: Slowbro|344/393 tox|[from] Stealth Rock","|","|-heal|p2a: Slowbro|368/393 tox|[from] item: Leftovers","|-damage|p2a: Slowbro|344/393 tox|[from] psn","|turn|15","|","|switch|p1a: Skarmory|Skarmory, F|172/333 par","|-damage|p1a: Skarmory|131/333 par|[from] Stealth Rock","|move|p2a: Slowbro|Thunder Wave|p1a: Skarmory","|-fail|p1a: Skarmory|par","|","|-heal|p2a: Slowbro|368/393 tox|[from] item: Leftovers","|-damage|p2a: Slowbro|320/393 tox|[from] psn","|turn|16","|","|move|p2a: Slowbro|Flamethrower|p1a: Skarmory","|-supereffective|p1a: Skarmory","|-damage|p1a: Skarmory|0 fnt","|faint|p1a: Skarmory","|","|-heal|p2a: Slowbro|344/393 tox|[from] item: Leftovers","|-damage|p2a: Slowbro|272/393 tox|[from] psn","|","|switch|p1a: Magnezone|Magnezone|281/281","|-damage|p1a: Magnezone|264/281|[from] Stealth Rock","|turn|17","|","|switch|p2a: Mew|Mew|61/404 tox","|-damage|p2a: Mew|11/404 tox|[from] Stealth Rock","|move|p1a: Magnezone|Thunderbolt|p2a: Mew","|-damage|p2a: Mew|0 fnt","|faint|p2a: Mew","|","|","|switch|p2a: Deoxys-Speed|Deoxys-Speed|241/241","|-damage|p2a: Deoxys-Speed|211/241|[from] Stealth Rock","|-ability|p2a: Deoxys-Speed|Pressure","|turn|18","|","|move|p2a: Deoxys-Speed|Superpower|p1a: Magnezone","|-supereffective|p1a: Magnezone","|-damage|p1a: Magnezone|0 fnt","|-unboost|p2a: Deoxys-Speed|atk|1","|-unboost|p2a: Deoxys-Speed|def|1","|-damage|p2a: Deoxys-Speed|187/241|[from] item: Life Orb","|faint|p1a: Magnezone","|","|","|switch|p1a: Bisharp|Bisharp, F|333/333","|-damage|p1a: Bisharp|313/333|[from] Stealth Rock","|turn|19","|","|switch|p2a: Gardevoir|Gardevoir, M|243/277","|-damage|p2a: Gardevoir|209/277|[from] Stealth Rock","|move|p1a: Bisharp|Sucker Punch|p2a: Gardevoir","|-fail|p1a: Bisharp","|","|turn|20","|","|switch|p1a: Jirachi|Jirachi|341/341","|-damage|p1a: Jirachi|320/341|[from] Stealth Rock","|move|p2a: Gardevoir|Trick|p1a: Jirachi","|-activate|p2a: Gardevoir|move: Trick|[of] p1a: Jirachi","|-item|p1a: Jirachi|Choice Scarf|[from] move: Trick","|-item|p2a: Gardevoir|Choice Scarf|[from] move: Trick","|","|turn|21","|","|move|p1a: Jirachi|U-turn|p2a: Gardevoir","|-damage|p2a: Gardevoir|110/277","|","|switch|p1a: Heatran|Heatran, F|309/386","|-damage|p1a: Heatran|261/386|[from] Stealth Rock","|move|p2a: Gardevoir|Moonblast|p1a: Heatran","|-resisted|p1a: Heatran","|-damage|p1a: Heatran|230/386","|-unboost|p1a: Heatran|spa|1","|","|turn|22","|","|switch|p2a: Slowbro|Slowbro, M|393/393 tox","|-damage|p2a: Slowbro|344/393 tox|[from] Stealth Rock","|move|p1a: Heatran|Roar|p2a: Slowbro","|drag|p2a: Gardevoir|Gardevoir, M|110/277","|-damage|p2a: Gardevoir|76/277|[from] Stealth Rock","|","|turn|23","|","|switch|p2a: Slowbro|Slowbro, M|393/393 tox","|-damage|p2a: Slowbro|344/393 tox|[from] Stealth Rock","|switch|p1a: Jirachi|Jirachi|320/341","|-damage|p1a: Jirachi|299/341|[from] Stealth Rock","|","|-heal|p2a: Slowbro|368/393 tox|[from] item: Leftovers","|-damage|p2a: Slowbro|344/393 tox|[from] psn","|turn|24","|","|move|p1a: Jirachi|U-turn|p2a: Slowbro","|-supereffective|p2a: Slowbro","|-damage|p2a: Slowbro|244/393 tox","|","|switch|p1a: Ferrothorn|Ferrothorn, F|351/351","|-damage|p1a: Ferrothorn|330/351|[from] Stealth Rock","|move|p2a: Slowbro|Thunder Wave|p1a: Ferrothorn","|-status|p1a: Ferrothorn|par","|","|-heal|p2a: Slowbro|268/393 tox|[from] item: Leftovers","|-damage|p2a: Slowbro|220/393 tox|[from] psn","|turn|25","|","|move|p2a: Slowbro|Slack Off|p2a: Slowbro","|-heal|p2a: Slowbro|393/393 tox","|move|p1a: Ferrothorn|Power Whip|p2a: Slowbro","|-supereffective|p2a: Slowbro","|-damage|p2a: Slowbro|207/393 tox","|","|-heal|p2a: Slowbro|231/393 tox|[from] item: Leftovers","|-damage|p2a: Slowbro|159/393 tox|[from] psn","|turn|26","|","|move|p2a: Slowbro|Flamethrower|p1a: Ferrothorn","|-supereffective|p1a: Ferrothorn","|-damage|p1a: Ferrothorn|146/351 par","|move|p1a: Ferrothorn|Power Whip|p2a: Slowbro","|-supereffective|p2a: Slowbro","|-damage|p2a: Slowbro|0 fnt","|faint|p2a: Slowbro","|","|","|switch|p2a: Medicham|Medicham, M|262/262","|-damage|p2a: Medicham|246/262|[from] Stealth Rock","|turn|27","|","|detailschange|p2a: Medicham|Medicham-Mega, M","|-mega|p2a: Medicham|Medicham|Medichamite","|move|p2a: Medicham|High Jump Kick|p1a: Ferrothorn","|-supereffective|p1a: Ferrothorn","|-damage|p1a: Ferrothorn|0 fnt","|-damage|p2a: Medicham|214/262|[from] ability: Iron Barbs|[of] p1a: Ferrothorn","|faint|p1a: Ferrothorn","|","|","|switch|p1a: Jirachi|Jirachi|299/341","|-damage|p1a: Jirachi|278/341|[from] Stealth Rock","|turn|28","|","|switch|p2a: Gardevoir|Gardevoir, M|76/277","|-damage|p2a: Gardevoir|42/277|[from] Stealth Rock","|move|p1a: Jirachi|Iron Head|p2a: Gardevoir","|-supereffective|p2a: Gardevoir","|-damage|p2a: Gardevoir|0 fnt","|faint|p2a: Gardevoir","|","|","|switch|p2a: Deoxys-Speed|Deoxys-Speed|187/241","|-damage|p2a: Deoxys-Speed|157/241|[from] Stealth Rock","|-ability|p2a: Deoxys-Speed|Pressure","|turn|29","|","|switch|p1a: Bisharp|Bisharp, F|313/333","|-damage|p1a: Bisharp|293/333|[from] Stealth Rock","|move|p2a: Deoxys-Speed|Fire Punch|p1a: Bisharp","|-supereffective|p1a: Bisharp","|-damage|p1a: Bisharp|119/333","|-damage|p2a: Deoxys-Speed|133/241|[from] item: Life Orb","|","|turn|30","|","|move|p2a: Deoxys-Speed|Fire Punch|p1a: Bisharp","|-supereffective|p1a: Bisharp","|-damage|p1a: Bisharp|0 fnt","|-damage|p2a: Deoxys-Speed|109/241|[from] item: Life Orb","|faint|p1a: Bisharp","|","|","|switch|p1a: Heatran|Heatran, F|230/386","|-damage|p1a: Heatran|182/386|[from] Stealth Rock","|turn|31","|","|move|p2a: Deoxys-Speed|Superpower|p1a: Heatran","|-supereffective|p1a: Heatran","|-damage|p1a: Heatran|0 fnt","|-unboost|p2a: Deoxys-Speed|atk|1","|-unboost|p2a: Deoxys-Speed|def|1","|-damage|p2a: Deoxys-Speed|85/241|[from] item: Life Orb","|faint|p1a: Heatran","|","|","|switch|p1a: Jirachi|Jirachi|278/341","|-damage|p1a: Jirachi|257/341|[from] Stealth Rock","|turn|32","|","|move|p2a: Deoxys-Speed|Fire Punch|p1a: Jirachi","|-supereffective|p1a: Jirachi","|-damage|p1a: Jirachi|137/341","|-damage|p2a: Deoxys-Speed|61/241|[from] item: Life Orb","|move|p1a: Jirachi|Iron Head|p2a: Deoxys-Speed","|-damage|p2a: Deoxys-Speed|0 fnt","|faint|p2a: Deoxys-Speed","|","|","|switch|p2a: Victini|Victini|341/341","|-damage|p2a: Victini|256/341|[from] Stealth Rock","|turn|33","|","|move|p2a: Victini|V-create|p1a: Jirachi","|-supereffective|p1a: Jirachi","|-damage|p1a: Jirachi|0 fnt","|-unboost|p2a: Victini|spe|1","|-unboost|p2a: Victini|def|1","|-unboost|p2a: Victini|spd|1","|faint|p1a: Jirachi","|","|win|Rain Devin - ⓙⓐⓜ"],"p1rating":{"entryid":"6703862","serverid":"eos","formatid":"monotype","userid":"mrnyannyanz","username":"MrNyanNyanz","w":"26","l":21,"t":"0","gxe":52.7,"r":"1506.9606390427","rd":"57.504566753378","sigma":"0","rptime":"1438419600","rpr":1520.8547246742,"rprd":51.536600524087,"rpsigma":"0","acre":1168.9598659073,"lacre":1168.9598659073,"oldacre":"1202.3787214486"},"p2rating":{"entryid":"6745942","serverid":"eos","formatid":"monotype","userid":"raindevin","username":"Rain ☆ Devin","w":4,"l":"3","t":"0","gxe":53.2,"r":"1467.4559225575","rd":"105.10361576544","sigma":"0","rptime":"1438419600","rpr":1524.6991954098,"rprd":97.373122442374,"rpsigma":"0","acre":1117.9311107666,"lacre":1117.9311107666,"oldacre":"1080.6278934417"},"endType":"normal"}