{"seed":[37619,14179,39548,64621],"turns":28,"p1":"Kingdra-Chan","p2":"Linear Warrior","p1team":[{"name":"Hitmontop","species":"Hitmontop","item":"scopelens","ability":"Technician","moves":["triplekick","focusenergy","fakeout","bulletpunch"],"nature":"Jolly","evs":{"hp":4,"atk":252,"def":0,"spa":0,"spd":0,"spe":252},"ivs":{"hp":31,"atk":31,"def":31,"spa":31,"spd":31,"spe":31}},{"name":"Breloom","species":"Breloom","item":"focussash","ability":"Technician","moves":["spore","swordsdance","machpunch","bulletseed"],"nature":"Jolly","evs":{"hp":4,"atk":252,"def":0,"spa":0,"spd":0,"spe":252},"ivs":{"hp":31,"atk":31,"def":31,"spa":31,"spd":31,"spe":31}},{"name":"Conkeldurr","species":"Conkeldurr","item":"flameorb","ability":"Guts","moves":["icepunch","firepunch","thunderpunch","machpunch"],"nature":"Adamant","evs":{"hp":252,"atk":252,"def":4,"spa":0,"spd":0,"spe":0},"ivs":{"hp":31,"atk":31,"def":31,"spa":31,"spd":31,"spe":31}},{"name":"Lucario","species":"Lucario","item":"expertbelt","ability":"Justified","moves":["aurasphere","darkpulse","dragonpulse","flashcannon"],"nature":"","evs":{"hp":0,"atk":0,"def":0,"spa":0,"spd":0,"spe":0},"ivs":{"hp":31,"atk":31,"def":31,"spa":31,"spd":31,"spe":31}},{"name":"Cobalion","species":"Cobalion","item":"leftovers","ability":"Justified","moves":["honeclaws","stoneedge","closecombat","ironhead"],"nature":"Adamant","evs":{"hp":0,"atk":252,"def":252,"spa":0,"spd":0,"spe":4},"ivs":{"hp":31,"atk":31,"def":31,"spa":31,"spd":31,"spe":31}},{"name":"Combusken","species":"Combusken","item":"focussash","ability":"Speed Boost","moves":["protect","flamecharge","batonpass","firepunch"],"nature":"Jolly","evs":{"hp":252,"atk":0,"def":4,"spa":0,"spd":0,"spe":252},"ivs":{"hp":31,"atk":31,"def":31,"spa":31,"spd":31,"spe":31}}],"p2team":[{"name":"Nidoking","species":"Nidoking","item":"lifeorb","ability":"Sheer Force","moves":["icebeam","sludgewave","thunderbolt","earthpower"],"nature":"Modest","evs":{"hp":4,"atk":0,"def":0,"spa":252,"spd":0,"spe":252},"ivs":{"hp":31,"atk":31,"def":31,"spa":31,"spd":31,"spe":31}},{"name":"Scolipede","species":"Scolipede","item":"focussash","ability":"Speed Boost","moves":["endeavor","spikes","earthquake","megahorn"],"nature":"Adamant","evs":{"hp":4,"atk":252,"def":0,"spa":0,"spd":0,"spe":252},"ivs":{"hp":31,"atk":31,"def":31,"spa":31,"spd":31,"spe":31}},{"name":"Venusaur","species":"Venusaur","item":"venusaurite","ability":"Overgrow","moves":["gigadrain","sludgebomb","synthesis","hiddenpowerfire"],"nature":"Bold","evs":{"hp":248,"atk":0,"def":96,"spa":20,"spd":144,"spe":0},"ivs":{"hp":31,"atk":30,"def":31,"spa":30,"spd":31,"spe":30}},{"name":"Weezing","species":"Weezing","item":"blacksludge","ability":"Levitate","moves":["flamethrower","willowisp","painsplit","haze"],"nature":"Bold","evs":{"hp":252,"atk":0,"def":252,"spa":4,"spd":0,"spe":0},"ivs":{"hp":31,"atk":31,"def":31,"spa":31,"spd":31,"spe":31}},{"name":"Gengar","species":"Gengar","item":"choicescarf","ability":"Levitate","moves":["shadowball","sludgewave","focusblast","thunderbolt"],"nature":"Modest","evs":{"hp":4,"atk":0,"def":0,"spa":252,"spd":0,"spe":252},"ivs":{"hp":31,"atk":30,"def":31,"spa":30,"spd":31,"spe":30}},{"name":"Venomoth","species":"Venomoth","item":"blacksludge","ability":"Tinted Lens","moves":["quiverdance","sleeppowder","bugbuzz","sludgebomb"],"nature":"Modest","evs":{"hp":70,"atk":0,"def":0,"spa":190,"spd":0,"spe":248},"ivs":{"hp":31,"atk":31,"def":31,"spa":31,"spd":31,"spe":31}}],"log":["|player|p1|Kingdra-Chan|40","|player|p2|Linear Warrior|290","|gametype|singles","|gen|6","|tier|Monotype","|rated","|rule|Baton Pass Clause: Limit one Baton Passer, can't pass Spe and other stats simultaneously","|rule|Swagger Clause: Swagger is banned","|rule|Same Type Clause: Pokémon in a team must share a type","|clearpoke","|poke|p1|Hitmontop, M","|poke|p1|Breloom, M","|poke|p1|Conkeldurr, F","|poke|p1|Lucario, M","|poke|p1|Cobalion","|poke|p1|Combusken, F","|poke|p2|Nidoking, M","|poke|p2|Scolipede, M","|poke|p2|Venusaur, F","|poke|p2|Weezing, M","|poke|p2|Gengar, F","|poke|p2|Venomoth, F","|rule|Sleep Clause Mod: Limit one foe put to sleep","|rule|Species Clause: Limit one of each Pokémon","|rule|OHKO Clause: OHKO moves are banned","|rule|Moody Clause: Moody is banned","|rule|Evasion Moves Clause: Evasion moves are banned","|rule|Endless Battle Clause: Forcing endless battles is banned","|rule|HP Percentage Mod: HP is shown in percentages","|teampreview","|","|start","|switch|p1a: Combusken|Combusken, F|324/324","|switch|p2a: Venomoth|Venomoth, F|298/298","|turn|1","|","|move|p1a: Combusken|Protect|p1a: Combusken","|-singleturn|p1a: Combusken|Protect","|move|p2a: Venomoth|Sleep Powder|p1a: Combusken","|-activate|p1a: Combusken|Protect","|","|-boost|p1a: Combusken|spe|1|[from] ability: Speed Boost","|turn|2","|","|move|p1a: Combusken|Flame Charge|p2a: Venomoth","|-supereffective|p2a: Venomoth","|-damage|p2a: Venomoth|140/298","|-boost|p1a: Combusken|spe|1","|move|p2a: Venomoth|Sleep Powder|p1a: Combusken","|-status|p1a: Combusken|slp","|","|-heal|p2a: Venomoth|158/298|[from] item: Black Sludge","|-boost|p1a: Combusken|spe|1|[from] ability: Speed Boost","|turn|3","|","|cant|p1a: Combusken|slp","|move|p2a: Venomoth|Quiver Dance|p2a: Venomoth","|-boost|p2a: Venomoth|spa|1","|-boost|p2a: Venomoth|spd|1","|-boost|p2a: Venomoth|spe|1","|","|-heal|p2a: Venomoth|176/298|[from] item: Black Sludge","|-boost|p1a: Combusken|spe|1|[from] ability: Speed Boost","|turn|4","|","|-curestatus|p1a: Combusken|slp","|move|p1a: Combusken|Baton Pass|p1a: Combusken","|","|switch|p1a: Conkeldurr|Conkeldurr, F|414/414","|move|p2a: Venomoth|Sludge Bomb|p1a: Conkeldurr","|-damage|p1a: Conkeldurr|131/414","|","|-heal|p2a: Venomoth|194/298|[from] item: Black Sludge","|-status|p1a: Conkeldurr|brn|[from] item: Flame Orb","|turn|5","|","|move|p2a: Venomoth|Sludge Bomb|p1a: Conkeldurr","|-damage|p1a: Conkeldurr|0 fnt","|faint|p1a: Conkeldurr","|","|-heal|p2a: Venomoth|212/298|[from] item: Black Sludge","|","|switch|p1a: Combusken|Combusken, F|324/324","|turn|6","|","|move|p2a: Venomoth|Sludge Bomb|p1a: Combusken","|-damage|p1a: Combusken|8/324","|move|p1a: Combusken|Flame Charge|p2a: Venomoth","|-supereffective|p2a: Venomoth","|-damage|p2a: Venomoth|50/298","|-boost|p1a: Combusken|spe|1","|","|-heal|p2a: Venomoth|68/298|[from] item: Black Sludge","|-boost|p1a: Combusken|spe|1|[from] ability: Speed Boost","|turn|7","|","|move|p1a: Combusken|Protect|p1a: Combusken","|-singleturn|p1a: Combusken|Protect","|move|p2a: Venomoth|Bug Buzz|p1a: Combusken","|-activate|p1a: Combusken|Protect","|","|-heal|p2a: Venomoth|86/298|[from] item: Black Sludge","|-boost|p1a: Combusken|spe|1|[from] ability: Speed Boost","|turn|8","|","|move|p1a: Combusken|Flame Charge|p2a: Venomoth","|-supereffective|p2a: Venomoth","|-damage|p2a: Venomoth|0 fnt","|-boost|p1a: Combusken|spe|1","|faint|p2a: Venomoth","|","|-boost|p1a: Combusken|spe|1|[from] ability: Speed Boost","|","|switch|p2a: Weezing|Weezing, M|334/334","|turn|9","|","|move|p1a: Combusken|Protect|p1a: Combusken","|-singleturn|p1a: Combusken|Protect","|move|p2a: Weezing|Haze|p2a: Weezing","|-clearallboost","|","|-boost|p1a: Combusken|spe|1|[from] ability: Speed Boost","|turn|10","|","|move|p1a: Combusken|Baton Pass|p1a: Combusken","|","|switch|p1a: Breloom|Breloom, M|262/262","|move|p2a: Weezing|Flamethrower|p1a: Breloom","|-supereffective|p1a: Breloom","|-damage|p1a: Breloom|70/262","|","|turn|11","|","|move|p1a: Breloom|Spore|p2a: Weezing","|-status|p2a: Weezing|slp","|cant|p2a: Weezing|slp","|","|turn|12","|","|switch|p2a: Gengar|Gengar, F|262/262","|move|p1a: Breloom|Swords Dance|p1a: Breloom","|-boost|p1a: Breloom|atk|2","|","|turn|13","|","|move|p2a: Gengar|Shadow Ball|p1a: Breloom","|-damage|p1a: Breloom|0 fnt","|faint|p1a: Breloom","|","|","|switch|p1a: Combusken|Combusken, F|8/324","|turn|14","|","|move|p1a: Combusken|Protect|p1a: Combusken","|-singleturn|p1a: Combusken|Protect","|move|p2a: Gengar|Shadow Ball|p1a: Combusken","|-activate|p1a: Combusken|Protect","|","|-boost|p1a: Combusken|spe|1|[from] ability: Speed Boost","|turn|15","|","|move|p1a: Combusken|Protect|p1a: Combusken","|-singleturn|p1a: Combusken|Protect","|move|p2a: Gengar|Shadow Ball|p1a: Combusken","|-activate|p1a: Combusken|Protect","|","|-boost|p1a: Combusken|spe|1|[from] ability: Speed Boost","|turn|16","|","|move|p2a: Gengar|Shadow Ball|p1a: Combusken","|-damage|p1a: Combusken|0 fnt","|faint|p1a: Combusken","|","|","|switch|p1a: Lucario|Lucario, M|281/281","|turn|17","|","|switch|p2a: Weezing|Weezing, M|334/334 slp","|move|p1a: Lucario|Dark Pulse|p2a: Weezing","|-damage|p2a: Weezing|231/334 slp","|","|-heal|p2a: Weezing|251/334 slp|[from] item: Black Sludge","|turn|18","|","|move|p1a: Lucario|Dragon Pulse|p2a: Weezing","|-crit|p2a: Weezing","|-damage|p2a: Weezing|108/334 slp","|cant|p2a: Weezing|slp","|","|-heal|p2a: Weezing|128/334 slp|[from] item: Black Sludge","|turn|19","|","|move|p1a: Lucario|Dragon Pulse|p2a: Weezing","|-damage|p2a: Weezing|35/334 slp","|cant|p2a: Weezing|slp","|","|-heal|p2a: Weezing|55/334 slp|[from] item: Black Sludge","|turn|20","|","|move|p1a: Lucario|Dragon Pulse|p2a: Weezing","|-crit|p2a: Weezing","|-damage|p2a: Weezing|0 fnt","|faint|p2a: Weezing","|","|","|switch|p2a: Scolipede|Scolipede, M|262/262","|turn|21","|","|move|p2a: Scolipede|Earthquake|p1a: Lucario","|-supereffective|p1a: Lucario","|-damage|p1a: Lucario|0 fnt","|faint|p1a: Lucario","|","|-boost|p2a: Scolipede|spe|1|[from] ability: Speed Boost","|","|switch|p1a: Hitmontop|Hitmontop, M|242/242","|turn|22","|","|switch|p2a: Venusaur|Venusaur, F|363/363","|move|p1a: Hitmontop|Fake Out|p2a: Venusaur","|-damage|p2a: Venusaur|303/363","|","|turn|23","|","|detailschange|p2a: Venusaur|Venusaur-Mega, F","|-mega|p2a: Venusaur|Venusaur|Venusaurite","|move|p1a: Hitmontop|Focus Energy|p1a: Hitmontop","|-start|p1a: Hitmontop|move: Focus Energy","|move|p2a: Venusaur|Sludge Bomb|p1a: Hitmontop","|-damage|p1a: Hitmontop|118/242","|-status|p1a: Hitmontop|psn","|","|-damage|p1a: Hitmontop|88/242 psn|[from] psn","|turn|24","|","|move|p1a: Hitmontop|Triple Kick|p2a: Venusaur","|-crit|p2a: Venusaur","|-resisted|p2a: Venusaur","|-damage|p2a: Venusaur|291/363","|-crit|p2a: Venusaur","|-resisted|p2a: Venusaur","|-damage|p2a: Venusaur|270/363","|-crit|p2a: Venusaur","|-resisted|p2a: Venusaur","|-damage|p2a: Venusaur|236/363","|-hitcount|p2a: Venusaur|3","|move|p2a: Venusaur|Synthesis|p2a: Venusaur","|-heal|p2a: Venusaur|363/363","|","|-damage|p1a: Hitmontop|58/242 psn|[from] psn","|turn|25","|","|move|p1a: Hitmontop|Bullet Punch|p2a: Venusaur","|-crit|p2a: Venusaur","|-damage|p2a: Venusaur|299/363","|move|p2a: Venusaur|Sludge Bomb|p1a: Hitmontop","|-damage|p1a: Hitmontop|0 fnt","|faint|p1a: Hitmontop","|","|","|switch|p1a: Cobalion|Cobalion|323/323","|turn|26","|","|move|p1a: Cobalion|Hone Claws|p1a: Cobalion","|-boost|p1a: Cobalion|atk|1","|-boost|p1a: Cobalion|accuracy|1","|move|p2a: Venusaur|Hidden Power|p1a: Cobalion","|-supereffective|p1a: Cobalion","|-damage|p1a: Cobalion|161/323","|","|-heal|p1a: Cobalion|181/323|[from] item: Leftovers","|turn|27","|","|move|p1a: Cobalion|Iron Head|p2a: Venusaur","|-damage|p2a: Venusaur|181/363","|move|p2a: Venusaur|Hidden Power|p1a: Cobalion","|-supereffective|p1a: Cobalion","|-damage|p1a: Cobalion|39/323","|","|-heal|p1a: Cobalion|59/323|[from] item: Leftovers","|turn|28","|","|move|p1a: Cobalion|Iron Head|p2a: Venusaur","|-damage|p2a: Venusaur|49/363","|move|p2a: Venusaur|Hidden Power|p1a: Cobalion","|-supereffective|p1a: Cobalion","|-damage|p1a: Cobalion|0 fnt","|faint|p1a: Cobalion","|","|win|Linear Warrior"],"p1rating":{"entryid":"7342413","serverid":"eos","formatid":"monotype","userid":"kingdrachan","username":"Kingdra-Chan","w":"1","l":2,"t":"0","gxe":44,"r":"1500","rd":"130","sigma":"0","rptime":"1438506000","rpr":1452.1496546181,"rprd":111.54347677904,"rpsigma":"0","acre":1018.1956914565,"lacre":1018.1956914565,"oldacre":"1034.9706529158"},"p2rating":{"entryid":"7342792","serverid":"eos","formatid":"monotype","userid":"linearwarrior","username":"Linear Warrior","w":1,"l":"1","t":"0","gxe":51.9,"r":"1500","rd":"130","sigma":"0","rptime":"1438506000","rpr":1515.3541698071,"rprd":117.38821334647,"rpsigma":"0","acre":1044.012603581,"lacre":1044.012603581,"oldacre":"1000"},"endType":"normal"}