{"seed":[31737,16400,55457,52701],"turns":24,"p1":"V Monocle","p2":"Sovereign Spheal","p1team":[{"name":"Terrakion","species":"Terrakion","item":"choicescarf","ability":"Justified","moves":["earthquake","closecombat","stoneedge","poisonjab"],"nature":"Jolly","evs":{"hp":0,"atk":252,"def":0,"spa":0,"spd":4,"spe":252},"ivs":{"hp":31,"atk":31,"def":31,"spa":31,"spd":31,"spe":31}},{"name":"Archeops","species":"Archeops","item":"choicespecs","ability":"Defeatist","moves":["ancientpower","earthpower","dragonpulse","heatwave"],"nature":"Hasty","evs":{"hp":4,"atk":0,"def":0,"spa":252,"spd":0,"spe":252},"ivs":{"hp":31,"atk":31,"def":31,"spa":31,"spd":31,"spe":31}},{"name":"Carracosta","species":"Carracosta","item":"whiteherb","ability":"Sturdy","moves":["aquajet","shellsmash","knockoff","earthquake"],"nature":"Adamant","evs":{"hp":0,"atk":252,"def":0,"spa":0,"spd":4,"spe":252},"ivs":{"hp":31,"atk":31,"def":31,"spa":31,"spd":31,"spe":31}},{"name":"Cradily","species":"Cradily","item":"leftovers","ability":"Storm Drain","moves":["ancientpower","gigadrain","recover","toxic"],"nature":"Calm","evs":{"hp":252,"atk":0,"def":0,"spa":4,"spd":252,"spe":0},"ivs":{"hp":31,"atk":31,"def":31,"spa":31,"spd":31,"spe":31}},{"name":"Aggron","species":"Aggron","item":"aggronite","ability":"Sturdy","moves":["heavyslam","curse","rest","sleeptalk"],"nature":"Impish","evs":{"hp":248,"atk":8,"def":252,"spa":0,"spd":0,"spe":0},"ivs":{"hp":31,"atk":31,"def":31,"spa":31,"spd":31,"spe":31}},{"name":"Tyranitar","species":"Tyranitar","item":"focussash","ability":"Sand Stream","moves":["crunch","stealthrock","earthquake","superpower"],"nature":"Adamant","evs":{"hp":248,"atk":252,"def":0,"spa":0,"spd":8,"spe":0},"ivs":{"hp":31,"atk":31,"def":31,"spa":31,"spd":31,"spe":31}}],"p2team":[{"name":"Azumarill","species":"Azumarill","item":"sitrusberry","ability":"Huge Power","moves":["bellydrum","aquajet","playrough","knockoff"],"nature":"Adamant","evs":{"hp":128,"atk":252,"def":0,"spa":0,"spd":0,"spe":128},"ivs":{"hp":31,"atk":31,"def":31,"spa":31,"spd":31,"spe":31}},{"name":"Crawdaunt","species":"Crawdaunt","item":"focussash","ability":"Adaptability","moves":["dragondance","crabhammer","knockoff","aquajet"],"nature":"Jolly","evs":{"hp":4,"atk":252,"def":0,"spa":0,"spd":0,"spe":252},"ivs":{"hp":31,"atk":31,"def":31,"spa":31,"spd":31,"spe":31}},{"name":"Politoed","species":"Politoed","item":"leftovers","ability":"Drizzle","moves":["perishsong","scald","toxic","protect"],"nature":"Bold","evs":{"hp":252,"atk":0,"def":252,"spa":0,"spd":4,"spe":0},"ivs":{"hp":31,"atk":31,"def":31,"spa":31,"spd":31,"spe":31}},{"name":"Slowbro","species":"Slowbro","item":"leftovers","ability":"Oblivious","moves":["irondefense","calmmind","scald","slackoff"],"nature":"Calm","evs":{"hp":252,"atk":0,"def":4,"spa":0,"spd":252,"spe":0},"ivs":{"hp":31,"atk":31,"def":31,"spa":31,"spd":31,"spe":31}},{"name":"Cloyster","species":"Cloyster","item":"focussash","ability":"Skill Link","moves":["shellsmash","iciclespear","rockblast","iceshard"],"nature":"Serious","evs":{"hp":0,"atk":252,"def":4,"spa":0,"spd":0,"spe":252},"ivs":{"hp":31,"atk":31,"def":31,"spa":31,"spd":31,"spe":31}},{"name":"Swampert","species":"Swampert","item":"swampertite","ability":"Damp","moves":["raindance","waterfall","earthquake","icepunch"],"nature":"Adamant","evs":{"hp":0,"atk":252,"def":0,"spa":0,"spd":4,"spe":252},"ivs":{"hp":31,"atk":31,"def":31,"spa":31,"spd":31,"spe":31}}],"log":["|player|p1|V Monocle|vmonocle.png","|player|p2|Sovereign Spheal|40","|gametype|singles","|gen|6","|tier|Monotype","|rated","|rule|Baton Pass Clause: Limit one Baton Passer, can't pass Spe and other stats simultaneously","|rule|Swagger Clause: Swagger is banned","|rule|Same Type Clause: Pokémon in a team must share a type","|clearpoke","|poke|p1|Terrakion","|poke|p1|Archeops, F","|poke|p1|Carracosta, F","|poke|p1|Cradily, F","|poke|p1|Aggron, M","|poke|p1|Tyranitar, M","|poke|p2|Azumarill, F","|poke|p2|Crawdaunt, F","|poke|p2|Politoed, M","|poke|p2|Slowbro, F","|poke|p2|Cloyster, F","|poke|p2|Swampert, F","|rule|Sleep Clause Mod: Limit one foe put to sleep","|rule|Species Clause: Limit one of each Pokémon","|rule|OHKO Clause: OHKO moves are banned","|rule|Moody Clause: Moody is banned","|rule|Evasion Moves Clause: Evasion moves are banned","|rule|Endless Battle Clause: Forcing endless battles is banned","|rule|HP Percentage Mod: HP is shown in percentages","|teampreview","|","|start","|switch|p1a: Aggron|Aggron, M|343/343","|switch|p2a: Politoed|Politoed, M|384/384","|-weather|RainDance","|turn|1","|","|switch|p1a: Cradily|Cradily, F|376/376","|move|p2a: Politoed|Perish Song|p2a: Politoed","|-start|p1a: Cradily|perish3|[silent]","|-start|p2a: Politoed|perish3|[silent]","|-fieldactivate|move: Perish Song","|","|-start|p2a: Politoed|perish3","|-start|p1a: Cradily|perish3","|-weather|RainDance|[upkeep]","|turn|2","|","|switch|p2a: Cloyster|Cloyster, F|241/241","|move|p1a: Cradily|Toxic|p2a: Cloyster","|-status|p2a: Cloyster|tox","|","|-start|p1a: Cradily|perish2","|-weather|RainDance|[upkeep]","|-damage|p2a: Cloyster|226/241 tox|[from] psn","|turn|3","|","|switch|p1a: Carracosta|Carracosta, F|289/289","|move|p2a: Cloyster|Shell Smash|p2a: Cloyster","|-unboost|p2a: Cloyster|def|1","|-unboost|p2a: Cloyster|spd|1","|-boost|p2a: Cloyster|atk|2","|-boost|p2a: Cloyster|spa|2","|-boost|p2a: Cloyster|spe|2","|","|-weather|RainDance|[upkeep]","|-damage|p2a: Cloyster|196/241 tox|[from] psn","|turn|4","|","|move|p2a: Cloyster|Icicle Spear|p1a: Carracosta","|-resisted|p1a: Carracosta","|-damage|p1a: Carracosta|259/289","|-crit|p1a: Carracosta","|-resisted|p1a: Carracosta","|-damage|p1a: Carracosta|217/289","|-resisted|p1a: Carracosta","|-damage|p1a: Carracosta|187/289","|-resisted|p1a: Carracosta","|-damage|p1a: Carracosta|158/289","|-resisted|p1a: Carracosta","|-damage|p1a: Carracosta|128/289","|-hitcount|p1a: Carracosta|5","|move|p1a: Carracosta|Knock Off|p2a: Cloyster","|-damage|p2a: Cloyster|96/241 tox","|-enditem|p2a: Cloyster|Focus Sash|[from] move: Knock Off|[of] p1a: Carracosta","|","|-weather|RainDance|[upkeep]","|-damage|p2a: Cloyster|51/241 tox|[from] psn","|turn|5","|","|move|p1a: Carracosta|Aqua Jet|p2a: Cloyster","|-resisted|p2a: Cloyster","|-damage|p2a: Cloyster|1/241 tox","|move|p2a: Cloyster|Icicle Spear|p1a: Carracosta","|-resisted|p1a: Carracosta","|-damage|p1a: Carracosta|98/289","|-resisted|p1a: Carracosta","|-damage|p1a: Carracosta|71/289","|-resisted|p1a: Carracosta","|-damage|p1a: Carracosta|42/289","|-resisted|p1a: Carracosta","|-damage|p1a: Carracosta|12/289","|-resisted|p1a: Carracosta","|-damage|p1a: Carracosta|0 fnt","|-hitcount|p1a: Carracosta|5","|faint|p1a: Carracosta","|","|-weather|none","|-damage|p2a: Cloyster|0 fnt|[from] psn","|faint|p2a: Cloyster","|","|switch|p2a: Politoed|Politoed, M|384/384","|switch|p1a: Tyranitar|Tyranitar, M|403/403","|-weather|RainDance","|-weather|Sandstorm","|turn|6","|","|switch|p2a: Swampert|Swampert, F|341/341","|move|p1a: Tyranitar|Stealth Rock|p2a: Swampert","|-sidestart|p2: Sovereign Spheal|move: Stealth Rock","|","|-weather|Sandstorm|[upkeep]","|turn|7","|","|switch|p1a: Cradily|Cradily, F|376/376","|detailschange|p2a: Swampert|Swampert-Mega, F","|-mega|p2a: Swampert|Swampert|Swampertite","|move|p2a: Swampert|Rain Dance|p2a: Swampert","|-weather|RainDance","|","|-weather|RainDance|[upkeep]","|turn|8","|","|move|p2a: Swampert|Ice Punch|p1a: Cradily","|-supereffective|p1a: Cradily","|-damage|p1a: Cradily|168/376","|-status|p1a: Cradily|frz","|-curestatus|p1a: Cradily|frz","|move|p1a: Cradily|Giga Drain|p2a: Swampert","|-supereffective|p2a: Swampert","|-damage|p2a: Swampert|49/341","|-heal|p1a: Cradily|314/376|[from] drain|[of] p2a: Swampert","|","|-weather|RainDance|[upkeep]","|-heal|p1a: Cradily|337/376|[from] item: Leftovers","|turn|9","|","|move|p2a: Swampert|Ice Punch|p1a: Cradily","|-supereffective|p1a: Cradily","|-damage|p1a: Cradily|111/376","|move|p1a: Cradily|Giga Drain|p2a: Swampert","|-supereffective|p2a: Swampert","|-damage|p2a: Swampert|0 fnt","|-heal|p1a: Cradily|136/376|[from] drain|[of] p2a: Swampert","|faint|p2a: Swampert","|","|-weather|RainDance|[upkeep]","|-heal|p1a: Cradily|159/376|[from] item: Leftovers","|","|switch|p2a: Azumarill|Azumarill, F|373/373","|-damage|p2a: Azumarill|327/373|[from] Stealth Rock","|turn|10","|","|move|p2a: Azumarill|Belly Drum|p2a: Azumarill","|-damage|p2a: Azumarill|141/373","|-setboost|p2a: Azumarill|atk|6|[from] move: Belly Drum","|-enditem|p2a: Azumarill|Sitrus Berry|[eat]","|-heal|p2a: Azumarill|234/373|[from] item: Sitrus Berry","|move|p1a: Cradily|Giga Drain|p2a: Azumarill","|-supereffective|p2a: Azumarill","|-damage|p2a: Azumarill|64/373","|-heal|p1a: Cradily|244/376|[from] drain|[of] p2a: Azumarill","|","|-weather|RainDance|[upkeep]","|-heal|p1a: Cradily|267/376|[from] item: Leftovers","|turn|11","|","|move|p2a: Azumarill|Knock Off|p1a: Cradily","|-damage|p1a: Cradily|0 fnt","|-enditem|p1a: Cradily|Leftovers|[from] move: Knock Off|[of] p2a: Azumarill","|faint|p1a: Cradily","|","|-weather|none","|","|switch|p1a: Tyranitar|Tyranitar, M|403/403","|-weather|Sandstorm","|turn|12","|","|move|p2a: Azumarill|Aqua Jet|p1a: Tyranitar","|-supereffective|p1a: Tyranitar","|-enditem|p1a: Tyranitar|Focus Sash","|-damage|p1a: Tyranitar|1/403","|move|p1a: Tyranitar|Earthquake|p2a: Azumarill","|-damage|p2a: Azumarill|0 fnt","|faint|p2a: Azumarill","|","|-weather|Sandstorm|[upkeep]","|","|switch|p2a: Crawdaunt|Crawdaunt, F|268/268","|-damage|p2a: Crawdaunt|235/268|[from] Stealth Rock","|turn|13","|","|move|p2a: Crawdaunt|Aqua Jet|p1a: Tyranitar","|-supereffective|p1a: Tyranitar","|-damage|p1a: Tyranitar|0 fnt","|faint|p1a: Tyranitar","|","|-weather|Sandstorm|[upkeep]","|-damage|p2a: Crawdaunt|219/268|[from] sandstorm","|","|switch|p1a: Aggron|Aggron, M|343/343","|turn|14","|","|detailschange|p1a: Aggron|Aggron-Mega, M","|-mega|p1a: Aggron|Aggron|Aggronite","|move|p2a: Crawdaunt|Crabhammer|p1a: Aggron","|-damage|p1a: Aggron|255/343","|move|p1a: Aggron|Curse|p1a: Aggron","|-unboost|p1a: Aggron|spe|1","|-boost|p1a: Aggron|atk|1","|-boost|p1a: Aggron|def|1","|","|-weather|Sandstorm|[upkeep]","|-damage|p2a: Crawdaunt|203/268|[from] sandstorm","|turn|15","|","|move|p2a: Crawdaunt|Dragon Dance|p2a: Crawdaunt","|-boost|p2a: Crawdaunt|atk|1","|-boost|p2a: Crawdaunt|spe|1","|move|p1a: Aggron|Curse|p1a: Aggron","|-unboost|p1a: Aggron|spe|1","|-boost|p1a: Aggron|atk|1","|-boost|p1a: Aggron|def|1","|","|-weather|Sandstorm|[upkeep]","|-damage|p2a: Crawdaunt|187/268|[from] sandstorm","|turn|16","|","|move|p2a: Crawdaunt|Dragon Dance|p2a: Crawdaunt","|-boost|p2a: Crawdaunt|atk|1","|-boost|p2a: Crawdaunt|spe|1","|move|p1a: Aggron|Heavy Slam|p2a: Crawdaunt","|-resisted|p2a: Crawdaunt","|-damage|p2a: Crawdaunt|0 fnt","|faint|p2a: Crawdaunt","|","|-weather|none","|","|switch|p2a: Politoed|Politoed, M|384/384","|-damage|p2a: Politoed|336/384|[from] Stealth Rock","|-weather|RainDance","|turn|17","|","|move|p2a: Politoed|Perish Song|p2a: Politoed","|-start|p1a: Aggron|perish3|[silent]","|-start|p2a: Politoed|perish3|[silent]","|-fieldactivate|move: Perish Song","|move|p1a: Aggron|Heavy Slam|p2a: Politoed","|-resisted|p2a: Politoed","|-damage|p2a: Politoed|163/384","|","|-start|p2a: Politoed|perish3","|-start|p1a: Aggron|perish3","|-weather|RainDance|[upkeep]","|-heal|p2a: Politoed|187/384|[from] item: Leftovers","|turn|18","|","|move|p2a: Politoed|Protect|p2a: Politoed","|-singleturn|p2a: Politoed|Protect","|move|p1a: Aggron|Heavy Slam|p2a: Politoed","|-activate|p2a: Politoed|Protect","|","|-start|p2a: Politoed|perish2","|-start|p1a: Aggron|perish2","|-weather|RainDance|[upkeep]","|-heal|p2a: Politoed|211/384|[from] item: Leftovers","|turn|19","|","|move|p2a: Politoed|Scald|p1a: Aggron","|-damage|p1a: Aggron|98/343","|move|p1a: Aggron|Heavy Slam|p2a: Politoed","|-resisted|p2a: Politoed","|-damage|p2a: Politoed|37/384","|","|-start|p2a: Politoed|perish1","|-start|p1a: Aggron|perish1","|-weather|RainDance|[upkeep]","|-heal|p2a: Politoed|61/384|[from] item: Leftovers","|turn|20","|","|switch|p2a: Slowbro|Slowbro, F|394/394","|-damage|p2a: Slowbro|345/394|[from] Stealth Rock","|move|p1a: Aggron|Heavy Slam|p2a: Slowbro","|-resisted|p2a: Slowbro","|-damage|p2a: Slowbro|163/394","|","|-start|p1a: Aggron|perish0","|-weather|RainDance|[upkeep]","|-heal|p2a: Slowbro|187/394|[from] item: Leftovers","|faint|p1a: Aggron","|","|switch|p1a: Archeops|Archeops, F|292/292","|turn|21","|","|move|p1a: Archeops|Ancient Power|p2a: Slowbro","|-damage|p2a: Slowbro|57/394","|move|p2a: Slowbro|Iron Defense|p2a: Slowbro","|-boost|p2a: Slowbro|def|2","|","|-weather|none","|-heal|p2a: Slowbro|81/394|[from] item: Leftovers","|turn|22","|","|move|p1a: Archeops|Ancient Power|p2a: Slowbro","|-damage|p2a: Slowbro|0 fnt","|faint|p2a: Slowbro","|","|","|switch|p2a: Politoed|Politoed, M|61/384","|-damage|p2a: Politoed|13/384|[from] Stealth Rock","|-weather|RainDance","|turn|23","|","|move|p2a: Politoed|Protect|p2a: Politoed","|-singleturn|p2a: Politoed|Protect","|move|p1a: Archeops|Ancient Power|p2a: Politoed","|-activate|p2a: Politoed|Protect","|","|-weather|RainDance|[upkeep]","|-heal|p2a: Politoed|37/384|[from] item: Leftovers","|turn|24","|","|move|p1a: Archeops|Ancient Power|p2a: Politoed","|-damage|p2a: Politoed|0 fnt","|faint|p2a: Politoed","|","|win|V Monocle"],"p1rating":{"entryid":"7320079","serverid":"eos","formatid":"monotype","userid":"vmonocle","username":"V Monocle","w":6,"l":"9","t":"0","gxe":43.3,"r":"1383.1941194797","rd":"89.594542961548","sigma":"0","rptime":"1438506000","rpr":1447.77553908,"rprd":78.27983146544,"rpsigma":"0","acre":1115.3513017456,"lacre":1115.3513017456,"oldacre":"1096.7905170889"},"p2rating":{"entryid":7340891,"formatid":"monotype","userid":"sovereignspheal","username":"Sovereign Spheal","r":1500,"rd":130,"sigma":0,"rpr":1445.0153089678,"rprd":123.01010865329,"rpsigma":0,"rptime":1438506000,"w":0,"l":1,"t":0,"gxe":43.2,"acre":1000,"lacre":1000,"oldacre":1000},"endType":"normal"}