{"seed":[62559,3357,18208,54984],"turns":19,"p1":"Silver-Quartz","p2":"Traine✘ Skrub","p1team":[{"name":"Gyarados","species":"Gyarados","item":"gyaradosite","ability":"Intimidate","moves":["dragondance","waterfall","earthquake","icefang"],"nature":"Adamant","evs":{"hp":0,"atk":252,"def":4,"spa":0,"spd":0,"spe":252},"shiny":true,"ivs":{"hp":31,"atk":31,"def":31,"spa":31,"spd":31,"spe":31}},{"name":"Landorus-Therian","species":"Landorus-Therian","item":"leftovers","ability":"Intimidate","moves":["earthquake","uturn","stoneedge","stealthrock"],"nature":"Impish","evs":{"hp":252,"atk":0,"def":240,"spa":0,"spd":8,"spe":8},"shiny":true,"ivs":{"hp":31,"atk":31,"def":31,"spa":31,"spd":31,"spe":31}},{"name":"Tornadus-Therian","species":"Tornadus-Therian","item":"assaultvest","ability":"Regenerator","moves":["hurricane","focusblast","knockoff","uturn"],"nature":"Timid","evs":{"hp":132,"atk":0,"def":0,"spa":160,"spd":0,"spe":216},"ivs":{"hp":31,"atk":31,"def":31,"spa":31,"spd":31,"spe":31}},{"name":"Skarmory","species":"Skarmory","item":"leftovers","ability":"Sturdy","moves":["ironhead","spikes","roost","whirlwind"],"nature":"Careful","evs":{"hp":248,"atk":0,"def":8,"spa":0,"spd":252,"spe":0},"shiny":true,"ivs":{"hp":31,"atk":31,"def":31,"spa":31,"spd":31,"spe":31}},{"name":"Thundurus","species":"Thundurus","item":"lifeorb","ability":"Prankster","moves":["nastyplot","thunderbolt","hiddenpowerice","thunderwave"],"nature":"Timid","evs":{"hp":0,"atk":0,"def":4,"spa":252,"spd":0,"spe":252},"ivs":{"hp":31,"atk":30,"def":30,"spa":31,"spd":31,"spe":31},"shiny":true},{"name":"Hawlucha","species":"Hawlucha","item":"sitrusberry","ability":"Unburden","moves":["substitute","swordsdance","highjumpkick","acrobatics"],"nature":"Jolly","evs":{"hp":12,"atk":252,"def":0,"spa":0,"spd":0,"spe":244},"shiny":true,"ivs":{"hp":31,"atk":31,"def":31,"spa":31,"spd":31,"spe":31}}],"p2team":[{"name":"Luxray","species":"Luxray","item":"choicescarf","ability":"Guts","moves":["icefang","wildcharge","crunch","firefang"],"nature":"Jolly","evs":{"hp":0,"atk":252,"def":0,"spa":0,"spd":4,"spe":252},"ivs":{"hp":31,"atk":31,"def":31,"spa":31,"spd":31,"spe":31}},{"name":"Dedenne","species":"Dedenne","item":"sitrusberry","ability":"Cheek Pouch","moves":["nuzzle","hiddenpowerice","thunderbolt","superfang"],"nature":"Hasty","evs":{"hp":0,"atk":4,"def":0,"spa":252,"spd":0,"spe":252},"ivs":{"hp":31,"atk":30,"def":30,"spa":31,"spd":31,"spe":31}},{"name":"Heliolisk","species":"Heliolisk","item":"damprock","ability":"Dry Skin","moves":["raindance","electricterrain","thunder","surf"],"nature":"Timid","evs":{"hp":0,"atk":0,"def":0,"spa":161,"spd":95,"spe":252},"ivs":{"hp":31,"atk":31,"def":31,"spa":31,"spd":31,"spe":31}},{"name":"Rotom-Wash","species":"Rotom-Wash","item":"leftovers","ability":"Levitate","moves":["willowisp","thunder","hydropump","substitute"],"nature":"","evs":{"hp":95,"atk":0,"def":161,"spa":0,"spd":0,"spe":252},"ivs":{"hp":31,"atk":31,"def":31,"spa":31,"spd":31,"spe":31}},{"name":"Ampharos","species":"Ampharos","item":"ampharosite","ability":"Static","moves":["agility","dragonpulse","bodyslam","firepunch"],"nature":"Mild","evs":{"hp":0,"atk":4,"def":0,"spa":126,"spd":126,"spe":252},"ivs":{"hp":31,"atk":31,"def":31,"spa":31,"spd":31,"spe":31}},{"name":"Electrode","species":"Electrode","item":"choiceband","ability":"Static","moves":["explosion","wildcharge","suckerpunch","gigaimpact"],"nature":"Jolly","evs":{"hp":0,"atk":252,"def":0,"spa":0,"spd":4,"spe":252},"ivs":{"hp":31,"atk":31,"def":31,"spa":31,"spd":31,"spe":31}}],"log":["|player|p1|Silver-Quartz|44","|player|p2|Traine✘ Skrub|290","|gametype|singles","|gen|6","|tier|Monotype","|rated","|rule|Baton Pass Clause: Limit one Baton Passer, can't pass Spe and other stats simultaneously","|rule|Swagger Clause: Swagger is banned","|rule|Same Type Clause: Pokémon in a team must share a type","|clearpoke","|poke|p1|Gyarados, F, shiny","|poke|p1|Landorus-Therian, M, shiny","|poke|p1|Tornadus-Therian, M","|poke|p1|Skarmory, F, shiny","|poke|p1|Thundurus, M, shiny","|poke|p1|Hawlucha, M, shiny","|poke|p2|Luxray, F","|poke|p2|Dedenne, F","|poke|p2|Heliolisk, M","|poke|p2|Rotom-Wash","|poke|p2|Ampharos, M","|poke|p2|Electrode","|rule|Sleep Clause Mod: Limit one foe put to sleep","|rule|Species Clause: Limit one of each Pokémon","|rule|OHKO Clause: OHKO moves are banned","|rule|Moody Clause: Moody is banned","|rule|Evasion Moves Clause: Evasion moves are banned","|rule|Endless Battle Clause: Forcing endless battles is banned","|rule|HP Percentage Mod: HP is shown in percentages","|teampreview","|","|start","|switch|p1a: Landorus-Therian|Landorus-Therian, M, shiny|382/382","|switch|p2a: Rotom-Wash|Rotom-Wash|264/264","|-ability|p1a: Landorus-Therian|Intimidate","|-unboost|p2a: Rotom-Wash|atk|1","|turn|1","|","|move|p2a: Rotom-Wash|Will-O-Wisp|p1a: Landorus-Therian","|-status|p1a: Landorus-Therian|brn","|move|p1a: Landorus-Therian|U-turn|p2a: Rotom-Wash","|-damage|p2a: Rotom-Wash|232/264","|","|switch|p1a: Skarmory|Skarmory, F, shiny|333/333","|","|-heal|p2a: Rotom-Wash|248/264|[from] item: Leftovers","|turn|2","|","|move|p2a: Rotom-Wash|Will-O-Wisp|p1a: Skarmory","|-status|p1a: Skarmory|brn","|move|p1a: Skarmory|Iron Head|p2a: Rotom-Wash","|-resisted|p2a: Rotom-Wash","|-damage|p2a: Rotom-Wash|241/264","|","|-heal|p2a: Rotom-Wash|257/264|[from] item: Leftovers","|-damage|p1a: Skarmory|292/333 brn|[from] brn","|turn|3","|","|move|p2a: Rotom-Wash|Substitute|p2a: Rotom-Wash","|-start|p2a: Rotom-Wash|Substitute","|-damage|p2a: Rotom-Wash|191/264","|move|p1a: Skarmory|Spikes|p2a: Rotom-Wash","|-sidestart|p2: Traine✘ Skrub|Spikes","|","|-heal|p2a: Rotom-Wash|207/264|[from] item: Leftovers","|-heal|p1a: Skarmory|312/333 brn|[from] item: Leftovers","|-damage|p1a: Skarmory|271/333 brn|[from] brn","|turn|4","|","|move|p2a: Rotom-Wash|Thunder|p1a: Skarmory","|-supereffective|p1a: Skarmory","|-damage|p1a: Skarmory|11/333 brn","|move|p1a: Skarmory|Whirlwind|p2a: Rotom-Wash","|drag|p2a: Luxray|Luxray, F|301/301","|-damage|p2a: Luxray|264/301|[from] Spikes","|","|-heal|p1a: Skarmory|31/333 brn|[from] item: Leftovers","|-damage|p1a: Skarmory|0 fnt|[from] brn","|faint|p1a: Skarmory","|","|switch|p1a: Landorus-Therian|Landorus-Therian, M, shiny|382/382 brn","|-ability|p1a: Landorus-Therian|Intimidate","|-unboost|p2a: Luxray|atk|1","|turn|5","|","|switch|p2a: Rotom-Wash|Rotom-Wash|207/264","|move|p1a: Landorus-Therian|Earthquake|p2a: Rotom-Wash","|-immune|p2a: Rotom-Wash|[msg]","|","|-heal|p2a: Rotom-Wash|223/264|[from] item: Leftovers","|-damage|p1a: Landorus-Therian|335/382 brn|[from] brn","|turn|6","|","|move|p2a: Rotom-Wash|Hydro Pump|p1a: Landorus-Therian","|-supereffective|p1a: Landorus-Therian","|-damage|p1a: Landorus-Therian|0 fnt","|faint|p1a: Landorus-Therian","|","|-heal|p2a: Rotom-Wash|239/264|[from] item: Leftovers","|","|switch|p1a: Gyarados|Gyarados, F, shiny|331/331","|-ability|p1a: Gyarados|Intimidate","|-unboost|p2a: Rotom-Wash|atk|1","|turn|7","|","|detailschange|p1a: Gyarados|Gyarados-Mega, F, shiny","|-mega|p1a: Gyarados|Gyarados|Gyaradosite","|-ability|p1a: Gyarados|Mold Breaker","|move|p2a: Rotom-Wash|Thunder|p1a: Gyarados","|-supereffective|p1a: Gyarados","|-damage|p1a: Gyarados|133/331","|-status|p1a: Gyarados|par","|cant|p1a: Gyarados|par","|","|-heal|p2a: Rotom-Wash|255/264|[from] item: Leftovers","|turn|8","|","|move|p2a: Rotom-Wash|Substitute|p2a: Rotom-Wash","|-start|p2a: Rotom-Wash|Substitute","|-damage|p2a: Rotom-Wash|189/264","|move|p1a: Gyarados|Earthquake|p2a: Rotom-Wash","|-supereffective|p2a: Rotom-Wash","|-end|p2a: Rotom-Wash|Substitute","|","|-heal|p2a: Rotom-Wash|205/264|[from] item: Leftovers","|turn|9","|","|move|p2a: Rotom-Wash|Thunder|p1a: Gyarados","|-supereffective|p1a: Gyarados","|-damage|p1a: Gyarados|0 fnt","|faint|p1a: Gyarados","|","|-heal|p2a: Rotom-Wash|221/264|[from] item: Leftovers","|","|switch|p1a: Tornadus-Therian|Tornadus-Therian, M|332/332","|turn|10","|","|move|p1a: Tornadus-Therian|Focus Blast|p2a: Rotom-Wash","|-damage|p2a: Rotom-Wash|115/264","|move|p2a: Rotom-Wash|Thunder|p1a: Tornadus-Therian","|-supereffective|p1a: Tornadus-Therian","|-damage|p1a: Tornadus-Therian|126/332","|","|-heal|p2a: Rotom-Wash|131/264|[from] item: Leftovers","|turn|11","|","|move|p1a: Tornadus-Therian|Knock Off|p2a: Rotom-Wash","|-damage|p2a: Rotom-Wash|72/264","|-enditem|p2a: Rotom-Wash|Leftovers|[from] move: Knock Off|[of] p1a: Tornadus-Therian","|move|p2a: Rotom-Wash|Thunder|p1a: Tornadus-Therian|[miss]","|-miss|p2a: Rotom-Wash|p1a: Tornadus-Therian","|","|turn|12","|","|move|p1a: Tornadus-Therian|Focus Blast|p2a: Rotom-Wash","|-damage|p2a: Rotom-Wash|0 fnt","|faint|p2a: Rotom-Wash","|","|","|switch|p2a: Dedenne|Dedenne, F|275/275","|-damage|p2a: Dedenne|241/275|[from] Spikes","|turn|13","|","|move|p1a: Tornadus-Therian|Knock Off|p2a: Dedenne","|-resisted|p2a: Dedenne","|-damage|p2a: Dedenne|177/275","|-enditem|p2a: Dedenne|Sitrus Berry|[from] move: Knock Off|[of] p1a: Tornadus-Therian","|move|p2a: Dedenne|Nuzzle|p1a: Tornadus-Therian","|-supereffective|p1a: Tornadus-Therian","|-damage|p1a: Tornadus-Therian|84/332","|-status|p1a: Tornadus-Therian|par","|","|turn|14","|","|move|p2a: Dedenne|Thunderbolt|p1a: Tornadus-Therian","|-supereffective|p1a: Tornadus-Therian","|-damage|p1a: Tornadus-Therian|0 fnt","|faint|p1a: Tornadus-Therian","|","|","|switch|p1a: Thundurus|Thundurus, M, shiny|299/299","|turn|15","|","|move|p1a: Thundurus|Nasty Plot|p1a: Thundurus","|-boost|p1a: Thundurus|spa|2","|move|p2a: Dedenne|Nuzzle|p1a: Thundurus","|-damage|p1a: Thundurus|278/299","|","|turn|16","|","|move|p1a: Thundurus|Nasty Plot|p1a: Thundurus","|-boost|p1a: Thundurus|spa|2","|move|p2a: Dedenne|Super Fang|p1a: Thundurus","|-damage|p1a: Thundurus|139/299","|","|turn|17","|","|move|p1a: Thundurus|Hidden Power|p2a: Dedenne","|-damage|p2a: Dedenne|0 fnt","|-damage|p1a: Thundurus|110/299|[from] item: Life Orb","|faint|p2a: Dedenne","|","|","|switch|p2a: Luxray|Luxray, F|264/301","|-damage|p2a: Luxray|227/301|[from] Spikes","|turn|18","|","|move|p2a: Luxray|Wild Charge|p1a: Thundurus","|-damage|p1a: Thundurus|0 fnt","|-damage|p2a: Luxray|199/301|[from] recoil|[of] p1a: Thundurus","|faint|p1a: Thundurus","|","|","|switch|p1a: Hawlucha|Hawlucha, M, shiny|300/300","|turn|19","|","|move|p2a: Luxray|Wild Charge|p1a: Hawlucha","|-supereffective|p1a: Hawlucha","|-damage|p1a: Hawlucha|0 fnt","|-damage|p2a: Luxray|124/301|[from] recoil|[of] p1a: Hawlucha","|faint|p1a: Hawlucha","|","|win|Traine✘ Skrub"],"p1rating":{"entryid":7333327,"formatid":"monotype","userid":"silverquartz","username":"Silver-Quartz","r":1500,"rd":130,"sigma":0,"rpr":1464.1526300217,"rprd":122.17815067814,"rpsigma":0,"rptime":1438419600,"w":0,"l":1,"t":0,"gxe":45.5,"acre":1000,"lacre":1000,"oldacre":1000},"p2rating":{"entryid":"6891898","serverid":"eos","formatid":"monotype","userid":"traineskrub","username":"Traine✘ Skrub","w":24,"l":"16","t":"0","gxe":58,"r":"1553.8075612186","rd":"59.239468611134","sigma":"0","rptime":"1438419600","rpr":1561.6266865269,"rprd":58.53140251953,"rpsigma":"0","acre":1172.6044990423,"lacre":1172.6044990423,"oldacre":"1158.2652261823"},"endType":"normal"}