{"seed":[53422,27209,48856,21882],"turns":32,"p1":"Alliance-C-Control","p2":"Kre8noyz","p1team":[{"name":"Raichu","species":"Raichu","item":"custapberry","ability":"Lightning Rod","moves":["brickbreak","endure","fakeout","flail"],"nature":"Jolly","evs":{"hp":0,"atk":252,"def":0,"spa":0,"spd":4,"spe":252},"ivs":{"hp":31,"atk":31,"def":31,"spa":31,"spd":31,"spe":31}},{"name":"Thundurus","species":"Thundurus","item":"leftovers","ability":"Prankster","moves":["flashcannon","thunderbolt","thunderwave","psychic"],"nature":"Timid","evs":{"hp":0,"atk":0,"def":0,"spa":252,"spd":4,"spe":252},"ivs":{"hp":31,"atk":31,"def":31,"spa":31,"spd":31,"spe":31}},{"name":"Magnezone","species":"Magnezone","item":"choicescarf","ability":"Sturdy","moves":["flashcannon","hiddenpowerice","voltswitch","mirrorcoat"],"nature":"Timid","evs":{"hp":0,"atk":0,"def":0,"spa":252,"spd":4,"spe":252},"ivs":{"hp":31,"atk":30,"def":30,"spa":31,"spd":31,"spe":31}},{"name":"Zapdos","species":"Zapdos","item":"rockyhelmet","ability":"Pressure","moves":["defog","roost","heatwave","voltswitch"],"nature":"Modest","evs":{"hp":248,"atk":0,"def":0,"spa":252,"spd":8,"spe":0},"ivs":{"hp":31,"atk":31,"def":31,"spa":31,"spd":31,"spe":31}},{"name":"Rotom-Wash","species":"Rotom-Wash","item":"leftovers","ability":"Levitate","moves":["hydropump","painsplit","willowisp","voltswitch"],"nature":"Bold","evs":{"hp":252,"atk":0,"def":252,"spa":4,"spd":0,"spe":0},"ivs":{"hp":31,"atk":31,"def":31,"spa":31,"spd":31,"spe":31}},{"name":"Electivire","species":"Electivire","item":"custapberry","ability":"Vital Spirit","moves":["earthquake","icepunch","thunderpunch","facade"],"nature":"Adamant","evs":{"hp":248,"atk":252,"def":0,"spa":0,"spd":8,"spe":0},"ivs":{"hp":31,"atk":31,"def":31,"spa":31,"spd":31,"spe":31}}],"p2team":[{"name":"Swampert","species":"Swampert","item":"focussash","ability":"Damp","moves":["earthquake","brickbreak","icepunch","counter"],"nature":"Impish","evs":{"hp":8,"atk":252,"def":0,"spa":0,"spd":0,"spe":248},"happiness":0,"ivs":{"hp":31,"atk":31,"def":31,"spa":31,"spd":31,"spe":31}},{"name":"Starmie","species":"Starmie","item":"leftovers","ability":"Natural Cure","moves":["rapidspin","signalbeam","psychic","reflecttype"],"nature":"Timid","evs":{"hp":0,"atk":0,"def":4,"spa":188,"spd":64,"spe":252},"ivs":{"hp":31,"atk":31,"def":31,"spa":31,"spd":31,"spe":31}},{"name":"Keldeo-Resolute","species":"Keldeo-Resolute","item":"leftovers","ability":"Justified","moves":["surf","secretsword","hiddenpowerflying","calmmind"],"nature":"Timid","evs":{"hp":0,"atk":4,"def":0,"spa":252,"spd":0,"spe":252},"ivs":{"hp":30,"atk":30,"def":30,"spa":30,"spd":30,"spe":31}},{"name":"Politoed","species":"Politoed","item":"leftovers","ability":"Drizzle","moves":["endeavor","hypnosis","perishsong","scald"],"nature":"","evs":{"hp":0,"atk":0,"def":252,"spa":0,"spd":252,"spe":4},"ivs":{"hp":31,"atk":31,"def":31,"spa":31,"spd":31,"spe":31}},{"name":"Lapras","species":"Lapras","item":"leftovers","ability":"Hydration","moves":["raindance","confuseray","freezedry","surf"],"nature":"Timid","evs":{"hp":0,"atk":0,"def":4,"spa":252,"spd":0,"spe":252},"ivs":{"hp":31,"atk":31,"def":31,"spa":31,"spd":31,"spe":31}},{"name":"Kingdra","species":"Kingdra","item":"lifeorb","ability":"Swift Swim","moves":["clearsmog","dragonpulse","scald","raindance"],"nature":"","evs":{"hp":4,"atk":0,"def":0,"spa":252,"spd":0,"spe":252},"ivs":{"hp":31,"atk":31,"def":31,"spa":31,"spd":31,"spe":31}}],"log":["|player|p1|Alliance-C-Control|190","|player|p2|Kre8noyz|163","|gametype|singles","|gen|6","|tier|Monotype","|rated","|rule|Baton Pass Clause: Limit one Baton Passer, can't pass Spe and other stats simultaneously","|rule|Swagger Clause: Swagger is banned","|rule|Same Type Clause: Pokémon in a team must share a type","|clearpoke","|poke|p1|Raichu, M","|poke|p1|Thundurus, M","|poke|p1|Magnezone","|poke|p1|Zapdos","|poke|p1|Rotom-Wash","|poke|p1|Electivire, M","|poke|p2|Swampert, M","|poke|p2|Starmie","|poke|p2|Keldeo-Resolute","|poke|p2|Politoed, M","|poke|p2|Lapras, F","|poke|p2|Kingdra, M","|rule|Sleep Clause Mod: Limit one foe put to sleep","|rule|Species Clause: Limit one of each Pokémon","|rule|OHKO Clause: OHKO moves are banned","|rule|Moody Clause: Moody is banned","|rule|Evasion Moves Clause: Evasion moves are banned","|rule|Endless Battle Clause: Forcing endless battles is banned","|rule|HP Percentage Mod: HP is shown in percentages","|teampreview","|","|start","|switch|p1a: Raichu|Raichu, M|261/261","|switch|p2a: Politoed|Politoed, M|321/321","|-weather|RainDance","|turn|1","|","|move|p1a: Raichu|Fake Out|p2a: Politoed","|-damage|p2a: Politoed|284/321","|cant|p2a: Politoed|flinch","|","|-weather|RainDance|[upkeep]","|-heal|p2a: Politoed|304/321|[from] item: Leftovers","|turn|2","|","|switch|p1a: Zapdos|Zapdos|383/383","|-ability|p1a: Zapdos|Pressure","|move|p2a: Politoed|Hypnosis|p1a: Zapdos|[miss]","|-miss|p2a: Politoed|p1a: Zapdos","|","|-weather|RainDance|[upkeep]","|-heal|p2a: Politoed|321/321|[from] item: Leftovers","|turn|3","|","|move|p1a: Zapdos|Volt Switch|p2a: Politoed","|-crit|p2a: Politoed","|-supereffective|p2a: Politoed","|-damage|p2a: Politoed|0 fnt","|faint|p2a: Politoed","|","|switch|p1a: Thundurus|Thundurus, M|299/299","|","|-weather|RainDance|[upkeep]","|","|switch|p2a: Kingdra|Kingdra, M|292/292","|turn|4","|","|move|p1a: Thundurus|Thunder Wave|p2a: Kingdra","|-status|p2a: Kingdra|par","|cant|p2a: Kingdra|par","|","|-weather|RainDance|[upkeep]","|turn|5","|","|move|p1a: Thundurus|Thunderbolt|p2a: Kingdra","|-damage|p2a: Kingdra|129/292 par","|move|p2a: Kingdra|Scald|p1a: Thundurus","|-damage|p1a: Thundurus|53/299","|-status|p1a: Thundurus|brn","|-damage|p2a: Kingdra|100/292 par|[from] item: Life Orb","|","|-weather|none","|-heal|p1a: Thundurus|71/299 brn|[from] item: Leftovers","|-damage|p1a: Thundurus|34/299 brn|[from] brn","|turn|6","|","|move|p1a: Thundurus|Psychic|p2a: Kingdra","|-damage|p2a: Kingdra|0 fnt","|faint|p2a: Kingdra","|","|-heal|p1a: Thundurus|52/299 brn|[from] item: Leftovers","|-damage|p1a: Thundurus|15/299 brn|[from] brn","|","|switch|p2a: Starmie|Starmie|261/261","|turn|7","|","|switch|p1a: Magnezone|Magnezone|281/281","|move|p2a: Starmie|Psychic|p1a: Magnezone","|-resisted|p1a: Magnezone","|-damage|p1a: Magnezone|215/281","|","|turn|8","|","|switch|p2a: Swampert|Swampert, M|343/343","|move|p1a: Magnezone|Volt Switch|p2a: Swampert","|-immune|p2a: Swampert|[msg]","|","|turn|9","|","|switch|p1a: Rotom-Wash|Rotom-Wash|304/304","|move|p2a: Swampert|Ice Punch|p1a: Rotom-Wash","|-resisted|p1a: Rotom-Wash","|-damage|p1a: Rotom-Wash|276/304","|","|-heal|p1a: Rotom-Wash|295/304|[from] item: Leftovers","|turn|10","|","|switch|p2a: Lapras|Lapras, F|401/401","|move|p1a: Rotom-Wash|Volt Switch|p2a: Lapras","|-supereffective|p2a: Lapras","|-damage|p2a: Lapras|209/401","|","|switch|p1a: Magnezone|Magnezone|215/281","|","|-heal|p2a: Lapras|234/401|[from] item: Leftovers","|turn|11","|","|move|p1a: Magnezone|Flash Cannon|p2a: Lapras","|-damage|p2a: Lapras|77/401","|move|p2a: Lapras|Surf|p1a: Magnezone","|-damage|p1a: Magnezone|80/281","|","|-heal|p2a: Lapras|102/401|[from] item: Leftovers","|turn|12","|","|move|p1a: Magnezone|Flash Cannon|p2a: Lapras","|-damage|p2a: Lapras|0 fnt","|faint|p2a: Lapras","|","|","|switch|p2a: Keldeo-Resolute|Keldeo-Resolute|322/322","|turn|13","|","|switch|p1a: Electivire|Electivire, M|353/353","|move|p2a: Keldeo-Resolute|Surf|p1a: Electivire","|-damage|p1a: Electivire|187/353","|","|turn|14","|","|move|p2a: Keldeo-Resolute|Surf|p1a: Electivire","|-crit|p1a: Electivire","|-damage|p1a: Electivire|0 fnt","|faint|p1a: Electivire","|","|","|switch|p1a: Zapdos|Zapdos|383/383","|-ability|p1a: Zapdos|Pressure","|turn|15","|","|move|p2a: Keldeo-Resolute|Surf|p1a: Zapdos","|-damage|p1a: Zapdos|224/383","|move|p1a: Zapdos|Volt Switch|p2a: Keldeo-Resolute","|-supereffective|p2a: Keldeo-Resolute","|-damage|p2a: Keldeo-Resolute|22/322","|","|switch|p1a: Magnezone|Magnezone|80/281","|","|-heal|p2a: Keldeo-Resolute|42/322|[from] item: Leftovers","|turn|16","|","|move|p1a: Magnezone|Flash Cannon|p2a: Keldeo-Resolute","|-resisted|p2a: Keldeo-Resolute","|-damage|p2a: Keldeo-Resolute|0 fnt","|faint|p2a: Keldeo-Resolute","|","|","|switch|p2a: Swampert|Swampert, M|343/343","|turn|17","|","|switch|p1a: Rotom-Wash|Rotom-Wash|295/304","|move|p2a: Swampert|Brick Break|p1a: Rotom-Wash","|-damage|p1a: Rotom-Wash|241/304","|","|-heal|p1a: Rotom-Wash|260/304|[from] item: Leftovers","|turn|18","|","|move|p2a: Swampert|Ice Punch|p1a: Rotom-Wash","|-resisted|p1a: Rotom-Wash","|-damage|p1a: Rotom-Wash|235/304","|move|p1a: Rotom-Wash|Will-O-Wisp|p2a: Swampert|[miss]","|-miss|p1a: Rotom-Wash|p2a: Swampert","|","|-heal|p1a: Rotom-Wash|254/304|[from] item: Leftovers","|turn|19","|","|switch|p2a: Starmie|Starmie|261/261","|move|p1a: Rotom-Wash|Volt Switch|p2a: Starmie","|-supereffective|p2a: Starmie","|-damage|p2a: Starmie|73/261","|","|switch|p1a: Magnezone|Magnezone|80/281","|","|-heal|p2a: Starmie|89/261|[from] item: Leftovers","|turn|20","|","|move|p2a: Starmie|Psychic|p1a: Magnezone","|-resisted|p1a: Magnezone","|-damage|p1a: Magnezone|12/281","|move|p1a: Magnezone|Flash Cannon|p2a: Starmie","|-resisted|p2a: Starmie","|-damage|p2a: Starmie|8/261","|-unboost|p2a: Starmie|spd|1","|","|-heal|p2a: Starmie|24/261|[from] item: Leftovers","|turn|21","|","|move|p2a: Starmie|Psychic|p1a: Magnezone","|-resisted|p1a: Magnezone","|-damage|p1a: Magnezone|0 fnt","|faint|p1a: Magnezone","|","|-heal|p2a: Starmie|40/261|[from] item: Leftovers","|","|switch|p1a: Thundurus|Thundurus, M|15/299 brn","|turn|22","|","|move|p1a: Thundurus|Thunder Wave|p2a: Starmie","|-status|p2a: Starmie|par","|move|p2a: Starmie|Psychic|p1a: Thundurus","|-damage|p1a: Thundurus|0 fnt","|faint|p1a: Thundurus","|","|-heal|p2a: Starmie|56/261 par|[from] item: Leftovers","|","|switch|p1a: Rotom-Wash|Rotom-Wash|254/304","|turn|23","|","|switch|p2a: Swampert|Swampert, M|343/343","|move|p1a: Rotom-Wash|Volt Switch|p2a: Swampert","|-immune|p2a: Swampert|[msg]","|","|-heal|p1a: Rotom-Wash|273/304|[from] item: Leftovers","|turn|24","|","|move|p2a: Swampert|Ice Punch|p1a: Rotom-Wash","|-resisted|p1a: Rotom-Wash","|-damage|p1a: Rotom-Wash|247/304","|move|p1a: Rotom-Wash|Volt Switch|p2a: Swampert","|-immune|p2a: Swampert|[msg]","|","|-heal|p1a: Rotom-Wash|266/304|[from] item: Leftovers","|turn|25","|","|move|p2a: Swampert|Ice Punch|p1a: Rotom-Wash","|-resisted|p1a: Rotom-Wash","|-damage|p1a: Rotom-Wash|238/304","|move|p1a: Rotom-Wash|Will-O-Wisp|p2a: Swampert|[miss]","|-miss|p1a: Rotom-Wash|p2a: Swampert","|","|-heal|p1a: Rotom-Wash|257/304|[from] item: Leftovers","|turn|26","|","|move|p2a: Swampert|Ice Punch|p1a: Rotom-Wash","|-resisted|p1a: Rotom-Wash","|-damage|p1a: Rotom-Wash|231/304","|move|p1a: Rotom-Wash|Will-O-Wisp|p2a: Swampert","|-status|p2a: Swampert|brn","|","|-heal|p1a: Rotom-Wash|250/304|[from] item: Leftovers","|-damage|p2a: Swampert|301/343 brn|[from] brn","|turn|27","|","|switch|p2a: Starmie|Starmie|56/261","|switch|p1a: Raichu|Raichu, M|261/261","|","|-heal|p2a: Starmie|72/261|[from] item: Leftovers","|turn|28","|","|switch|p2a: Swampert|Swampert, M|301/343 brn","|move|p1a: Raichu|Fake Out|p2a: Swampert","|-damage|p2a: Swampert|265/343 brn","|","|-damage|p2a: Swampert|223/343 brn|[from] brn","|turn|29","|","|switch|p1a: Zapdos|Zapdos|224/383","|-ability|p1a: Zapdos|Pressure","|move|p2a: Swampert|Earthquake|p1a: Zapdos","|-immune|p1a: Zapdos|[msg]","|","|-damage|p2a: Swampert|181/343 brn|[from] brn","|turn|30","|","|move|p1a: Zapdos|Roost|p1a: Zapdos","|-heal|p1a: Zapdos|383/383","|move|p2a: Swampert|Ice Punch|p1a: Zapdos","|-damage|p1a: Zapdos|341/383","|-damage|p2a: Swampert|124/343 brn|[from] item: Rocky Helmet|[of] p1a: Zapdos","|","|-damage|p2a: Swampert|82/343 brn|[from] brn","|turn|31","|","|move|p1a: Zapdos|Heat Wave|p2a: Swampert","|-resisted|p2a: Swampert","|-damage|p2a: Swampert|14/343 brn","|move|p2a: Swampert|Ice Punch|p1a: Zapdos","|-supereffective|p1a: Zapdos","|-damage|p1a: Zapdos|245/383","|-damage|p2a: Swampert|0 fnt|[from] item: Rocky Helmet|[of] p1a: Zapdos","|faint|p2a: Swampert","|","|","|switch|p2a: Starmie|Starmie|72/261","|turn|32","|","|move|p2a: Starmie|Psychic|p1a: Zapdos","|-damage|p1a: Zapdos|98/383","|move|p1a: Zapdos|Volt Switch|p2a: Starmie","|-supereffective|p2a: Starmie","|-damage|p2a: Starmie|0 fnt","|faint|p2a: Starmie","|","|win|Alliance-C-Control"],"p1rating":{"entryid":"6440455","serverid":"eos","formatid":"monotype","userid":"allianceccontrol","username":"Alliance-C-Control","w":232,"l":"298","t":"0","gxe":44,"r":"1451.5563081439","rd":"25","sigma":"0","rptime":"1438506000","rpr":1454.482845648,"rprd":25,"rpsigma":"0","acre":1207.6710946594,"lacre":1207.6710946594,"oldacre":"1191.3080930097"},"p2rating":{"entryid":"6510480","serverid":"eos","formatid":"monotype","userid":"kre8noyz","username":"Kre8noyz","w":"27","l":43,"t":"0","gxe":39.5,"r":1425.0784451931,"rd":47.684939199616,"sigma":"0","rptime":1438506000,"rpr":1419.1591347487,"rprd":47.247291694619,"rpsigma":"0","acre":1053.0890311686,"lacre":1053.0890311686,"oldacre":"1066.1263891134"},"endType":"normal"}