{"seed":[33129,20068,37881,13876],"turns":23,"p1":"V SevM","p2":"Sovereign Spheal","p1team":[{"name":"Doublade","species":"Doublade","item":"eviolite","ability":"No Guard","moves":["swordsdance","sacredsword","gyroball","shadowsneak"],"nature":"Brave","evs":{"hp":248,"atk":252,"def":0,"spa":0,"spd":8,"spe":0},"ivs":{"hp":31,"atk":31,"def":31,"spa":31,"spd":31,"spe":0}},{"name":"Empoleon","species":"Empoleon","item":"leftovers","ability":"Torrent","moves":["scald","defog","roar","stealthrock"],"nature":"Calm","evs":{"hp":248,"atk":0,"def":8,"spa":0,"spd":252,"spe":0},"ivs":{"hp":31,"atk":31,"def":31,"spa":31,"spd":31,"spe":31}},{"name":"Lucario","species":"Lucario","item":"lifeorb","ability":"Justified","moves":["closecombat","swordsdance","extremespeed","irontail"],"nature":"Adamant","evs":{"hp":0,"atk":252,"def":4,"spa":0,"spd":0,"spe":252},"ivs":{"hp":31,"atk":31,"def":31,"spa":31,"spd":31,"spe":31}},{"name":"Bisharp","species":"Bisharp","item":"lumberry","ability":"Defiant","moves":["ironhead","swordsdance","knockoff","suckerpunch"],"nature":"Adamant","evs":{"hp":0,"atk":252,"def":0,"spa":0,"spd":0,"spe":252},"ivs":{"hp":31,"atk":31,"def":31,"spa":31,"spd":31,"spe":31}},{"name":"Heatran","species":"Heatran","item":"airballoon","ability":"Flash Fire","moves":["fireblast","earthpower","ancientpower","taunt"],"nature":"Timid","evs":{"hp":0,"atk":0,"def":0,"spa":252,"spd":0,"spe":252},"ivs":{"hp":31,"atk":31,"def":31,"spa":31,"spd":31,"spe":31}},{"name":"Ferrothorn","species":"Ferrothorn","item":"leftovers","ability":"Iron Barbs","moves":["spikes","thunderwave","powerwhip","leechseed"],"nature":"Impish","evs":{"hp":252,"atk":4,"def":252,"spa":0,"spd":0,"spe":0},"ivs":{"hp":31,"atk":31,"def":31,"spa":31,"spd":31,"spe":31}}],"p2team":[{"name":"Azumarill","species":"Azumarill","item":"sitrusberry","ability":"Huge Power","moves":["bellydrum","aquajet","playrough","knockoff"],"nature":"Adamant","evs":{"hp":128,"atk":252,"def":0,"spa":0,"spd":0,"spe":128},"ivs":{"hp":31,"atk":31,"def":31,"spa":31,"spd":31,"spe":31}},{"name":"Crawdaunt","species":"Crawdaunt","item":"focussash","ability":"Adaptability","moves":["dragondance","crabhammer","knockoff","aquajet"],"nature":"Jolly","evs":{"hp":4,"atk":252,"def":0,"spa":0,"spd":0,"spe":252},"ivs":{"hp":31,"atk":31,"def":31,"spa":31,"spd":31,"spe":31}},{"name":"Jellicent","species":"Jellicent","item":"leftovers","ability":"Cursed Body","moves":["taunt","willowisp","recover","scald"],"nature":"Calm","evs":{"hp":248,"atk":0,"def":0,"spa":0,"spd":252,"spe":0},"ivs":{"hp":31,"atk":31,"def":31,"spa":31,"spd":31,"spe":31}},{"name":"Slowbro","species":"Slowbro","item":"leftovers","ability":"Oblivious","moves":["irondefense","calmmind","scald","slackoff"],"nature":"Calm","evs":{"hp":252,"atk":0,"def":4,"spa":0,"spd":252,"spe":0},"ivs":{"hp":31,"atk":31,"def":31,"spa":31,"spd":31,"spe":31}},{"name":"Cloyster","species":"Cloyster","item":"focussash","ability":"Skill Link","moves":["shellsmash","iciclespear","rockblast","iceshard"],"nature":"Serious","evs":{"hp":0,"atk":252,"def":4,"spa":0,"spd":0,"spe":252},"ivs":{"hp":31,"atk":31,"def":31,"spa":31,"spd":31,"spe":31}},{"name":"Swampert","species":"Swampert","item":"swampertite","ability":"Damp","moves":["raindance","waterfall","earthquake","icepunch"],"nature":"Adamant","evs":{"hp":0,"atk":252,"def":0,"spa":0,"spd":4,"spe":252},"ivs":{"hp":31,"atk":31,"def":31,"spa":31,"spd":31,"spe":31}}],"log":["|player|p1|V SevM|159","|player|p2|Sovereign Spheal|40","|gametype|singles","|gen|6","|tier|Monotype","|rated","|rule|Baton Pass Clause: Limit one Baton Passer, can't pass Spe and other stats simultaneously","|rule|Swagger Clause: Swagger is banned","|rule|Same Type Clause: Pokémon in a team must share a type","|clearpoke","|poke|p1|Doublade, M","|poke|p1|Empoleon, M","|poke|p1|Lucario, F","|poke|p1|Bisharp, F","|poke|p1|Heatran, M","|poke|p1|Ferrothorn, F","|poke|p2|Azumarill, M","|poke|p2|Crawdaunt, M","|poke|p2|Jellicent, M","|poke|p2|Slowbro, F","|poke|p2|Cloyster, M","|poke|p2|Swampert, M","|rule|Sleep Clause Mod: Limit one foe put to sleep","|rule|Species Clause: Limit one of each Pokémon","|rule|OHKO Clause: OHKO moves are banned","|rule|Moody Clause: Moody is banned","|rule|Evasion Moves Clause: Evasion moves are banned","|rule|Endless Battle Clause: Forcing endless battles is banned","|rule|HP Percentage Mod: HP is shown in percentages","|teampreview","|","|start","|switch|p1a: Lucario|Lucario, F|281/281","|switch|p2a: Cloyster|Cloyster, M|241/241","|turn|1","|","|move|p1a: Lucario|Close Combat|p2a: Cloyster","|-supereffective|p2a: Cloyster","|-enditem|p2a: Cloyster|Focus Sash","|-damage|p2a: Cloyster|1/241","|-unboost|p1a: Lucario|def|1","|-unboost|p1a: Lucario|spd|1","|-damage|p1a: Lucario|253/281|[from] item: Life Orb","|move|p2a: Cloyster|Shell Smash|p2a: Cloyster","|-unboost|p2a: Cloyster|def|1","|-unboost|p2a: Cloyster|spd|1","|-boost|p2a: Cloyster|atk|2","|-boost|p2a: Cloyster|spa|2","|-boost|p2a: Cloyster|spe|2","|","|turn|2","|","|move|p1a: Lucario|Extreme Speed|p2a: Cloyster","|-damage|p2a: Cloyster|0 fnt","|-damage|p1a: Lucario|225/281|[from] item: Life Orb","|faint|p2a: Cloyster","|","|","|switch|p2a: Azumarill|Azumarill, M|373/373","|turn|3","|","|move|p1a: Lucario|Iron Tail|p2a: Azumarill","|-damage|p2a: Azumarill|92/373","|-damage|p1a: Lucario|197/281|[from] item: Life Orb","|-enditem|p2a: Azumarill|Sitrus Berry|[eat]","|-heal|p2a: Azumarill|185/373|[from] item: Sitrus Berry","|move|p2a: Azumarill|Belly Drum|p2a: Azumarill","|-fail|p2a: Azumarill","|","|turn|4","|","|switch|p1a: Ferrothorn|Ferrothorn, F|352/352","|move|p2a: Azumarill|Play Rough|p1a: Ferrothorn","|-resisted|p1a: Ferrothorn","|-damage|p1a: Ferrothorn|295/352","|-damage|p2a: Azumarill|139/373|[from] ability: Iron Barbs|[of] p1a: Ferrothorn","|","|-heal|p1a: Ferrothorn|317/352|[from] item: Leftovers","|turn|5","|","|move|p2a: Azumarill|Knock Off|p1a: Ferrothorn","|-damage|p1a: Ferrothorn|230/352","|-damage|p2a: Azumarill|93/373|[from] ability: Iron Barbs|[of] p1a: Ferrothorn","|-enditem|p1a: Ferrothorn|Leftovers|[from] move: Knock Off|[of] p2a: Azumarill","|move|p1a: Ferrothorn|Leech Seed|p2a: Azumarill","|-start|p2a: Azumarill|move: Leech Seed","|","|-damage|p2a: Azumarill|47/373|[from] Leech Seed|[of] p1a: Ferrothorn","|-heal|p1a: Ferrothorn|276/352|[silent]","|turn|6","|","|move|p2a: Azumarill|Aqua Jet|p1a: Ferrothorn","|-resisted|p1a: Ferrothorn","|-damage|p1a: Ferrothorn|248/352","|-damage|p2a: Azumarill|1/373|[from] ability: Iron Barbs|[of] p1a: Ferrothorn","|move|p1a: Ferrothorn|Spikes|p2a: Azumarill","|-sidestart|p2: Sovereign Spheal|Spikes","|","|-damage|p2a: Azumarill|0 fnt|[from] Leech Seed|[of] p1a: Ferrothorn","|-heal|p1a: Ferrothorn|249/352|[silent]","|faint|p2a: Azumarill","|","|switch|p2a: Jellicent|Jellicent, M|403/403","|-damage|p2a: Jellicent|353/403|[from] Spikes","|turn|7","|","|move|p2a: Jellicent|Taunt|p1a: Ferrothorn","|-start|p1a: Ferrothorn|move: Taunt","|cant|p1a: Ferrothorn|move: Taunt|Leech Seed","|","|-heal|p2a: Jellicent|378/403|[from] item: Leftovers","|turn|8","|","|switch|p1a: Heatran|Heatran, M|323/323","|-item|p1a: Heatran|Air Balloon","|move|p2a: Jellicent|Will-O-Wisp|p1a: Heatran","|-start|p1a: Heatran|ability: Flash Fire","|","|-heal|p2a: Jellicent|403/403|[from] item: Leftovers","|turn|9","|","|move|p1a: Heatran|Taunt|p2a: Jellicent","|-start|p2a: Jellicent|move: Taunt","|move|p2a: Jellicent|Scald|p1a: Heatran","|-supereffective|p1a: Heatran","|-damage|p1a: Heatran|177/323","|-enditem|p1a: Heatran|Air Balloon","|","|turn|10","|","|-end|p1a: Heatran|ability: Flash Fire|[silent]","|switch|p1a: Ferrothorn|Ferrothorn, F|249/352","|move|p2a: Jellicent|Scald|p1a: Ferrothorn","|-resisted|p1a: Ferrothorn","|-damage|p1a: Ferrothorn|213/352","|","|turn|11","|","|move|p2a: Jellicent|Scald|p1a: Ferrothorn","|-resisted|p1a: Ferrothorn","|-damage|p1a: Ferrothorn|175/352","|-status|p1a: Ferrothorn|brn","|move|p1a: Ferrothorn|Leech Seed|p2a: Jellicent","|-start|p2a: Jellicent|move: Leech Seed","|","|-damage|p2a: Jellicent|353/403|[from] Leech Seed|[of] p1a: Ferrothorn","|-heal|p1a: Ferrothorn|225/352 brn|[silent]","|-damage|p1a: Ferrothorn|181/352 brn|[from] brn","|-end|p2a: Jellicent|move: Taunt","|turn|12","|","|switch|p1a: Heatran|Heatran, M|177/323","|move|p2a: Jellicent|Will-O-Wisp|p1a: Heatran","|-start|p1a: Heatran|ability: Flash Fire","|","|-heal|p2a: Jellicent|378/403|[from] item: Leftovers","|-damage|p2a: Jellicent|328/403|[from] Leech Seed|[of] p1a: Heatran","|-heal|p1a: Heatran|227/323|[silent]","|turn|13","|","|move|p1a: Heatran|Earth Power|p2a: Jellicent","|-damage|p2a: Jellicent|253/403","|move|p2a: Jellicent|Scald|p1a: Heatran","|-supereffective|p1a: Heatran","|-damage|p1a: Heatran|69/323","|","|-heal|p2a: Jellicent|278/403|[from] item: Leftovers","|-damage|p2a: Jellicent|228/403|[from] Leech Seed|[of] p1a: Heatran","|-heal|p1a: Heatran|119/323|[silent]","|turn|14","|","|move|p1a: Heatran|Fire Blast|p2a: Jellicent","|-resisted|p2a: Jellicent","|-damage|p2a: Jellicent|119/403","|move|p2a: Jellicent|Scald|p1a: Heatran","|-supereffective|p1a: Heatran","|-damage|p1a: Heatran|0 fnt","|faint|p1a: Heatran","|","|-heal|p2a: Jellicent|144/403|[from] item: Leftovers","|","|switch|p1a: Bisharp|Bisharp, F|271/271","|turn|15","|","|move|p1a: Bisharp|Knock Off|p2a: Jellicent","|-supereffective|p2a: Jellicent","|-damage|p2a: Jellicent|0 fnt","|-enditem|p2a: Jellicent|Leftovers|[from] move: Knock Off|[of] p1a: Bisharp","|faint|p2a: Jellicent","|","|","|switch|p2a: Slowbro|Slowbro, F|394/394","|-damage|p2a: Slowbro|345/394|[from] Spikes","|turn|16","|","|move|p1a: Bisharp|Swords Dance|p1a: Bisharp","|-boost|p1a: Bisharp|atk|2","|move|p2a: Slowbro|Iron Defense|p2a: Slowbro","|-boost|p2a: Slowbro|def|2","|","|-heal|p2a: Slowbro|369/394|[from] item: Leftovers","|turn|17","|","|move|p1a: Bisharp|Knock Off|p2a: Slowbro","|-supereffective|p2a: Slowbro","|-damage|p2a: Slowbro|7/394","|-enditem|p2a: Slowbro|Leftovers|[from] move: Knock Off|[of] p1a: Bisharp","|move|p2a: Slowbro|Iron Defense|p2a: Slowbro","|-boost|p2a: Slowbro|def|2","|","|turn|18","|","|move|p1a: Bisharp|Knock Off|p2a: Slowbro","|-supereffective|p2a: Slowbro","|-damage|p2a: Slowbro|0 fnt","|faint|p2a: Slowbro","|","|","|switch|p2a: Swampert|Swampert, M|341/341","|-damage|p2a: Swampert|299/341|[from] Spikes","|turn|19","|","|switch|p1a: Ferrothorn|Ferrothorn, F|181/352 brn","|detailschange|p2a: Swampert|Swampert-Mega, M","|-mega|p2a: Swampert|Swampert|Swampertite","|move|p2a: Swampert|Rain Dance|p2a: Swampert","|-weather|RainDance","|","|-weather|RainDance|[upkeep]","|-damage|p1a: Ferrothorn|137/352 brn|[from] brn","|turn|20","|","|move|p2a: Swampert|Earthquake|p1a: Ferrothorn","|-damage|p1a: Ferrothorn|2/352 brn","|move|p1a: Ferrothorn|Power Whip|p2a: Swampert","|-supereffective|p2a: Swampert","|-damage|p2a: Swampert|71/341","|","|-weather|RainDance|[upkeep]","|-damage|p1a: Ferrothorn|0 fnt|[from] brn","|faint|p1a: Ferrothorn","|","|switch|p1a: Lucario|Lucario, F|197/281","|turn|21","|","|move|p1a: Lucario|Extreme Speed|p2a: Swampert","|-damage|p2a: Swampert|0 fnt","|-damage|p1a: Lucario|169/281|[from] item: Life Orb","|faint|p2a: Swampert","|","|-weather|RainDance|[upkeep]","|","|switch|p2a: Crawdaunt|Crawdaunt, M|268/268","|-damage|p2a: Crawdaunt|235/268|[from] Spikes","|turn|22","|","|move|p1a: Lucario|Extreme Speed|p2a: Crawdaunt","|-damage|p2a: Crawdaunt|92/268","|-damage|p1a: Lucario|141/281|[from] item: Life Orb","|move|p2a: Crawdaunt|Crabhammer|p1a: Lucario","|-damage|p1a: Lucario|0 fnt","|faint|p1a: Lucario","|","|-weather|RainDance|[upkeep]","|","|switch|p1a: Doublade|Doublade, M|321/321","|turn|23","|","|move|p2a: Crawdaunt|Knock Off|p1a: Doublade","|-supereffective|p1a: Doublade","|-damage|p1a: Doublade|101/321","|-enditem|p1a: Doublade|Eviolite|[from] move: Knock Off|[of] p2a: Crawdaunt","|move|p1a: Doublade|Sacred Sword|p2a: Crawdaunt","|-supereffective|p2a: Crawdaunt","|-damage|p2a: Crawdaunt|0 fnt","|faint|p2a: Crawdaunt","|","|win|V SevM"],"p1rating":{"entryid":"7296830","serverid":"eos","formatid":"monotype","userid":"vsevm","username":"V SevM","w":3,"l":"0","t":"0","gxe":60.8,"r":"1537.8423820432","rd":"122.14692196656","sigma":"0","rptime":"1438506000","rpr":1586.8896870917,"rprd":111.71483876898,"rpsigma":"0","acre":1106.5883261923,"lacre":1106.5883261923,"oldacre":"1080.826974139"},"p2rating":{"entryid":"7340891","serverid":"eos","formatid":"monotype","userid":"sovereignspheal","username":"Sovereign Spheal","w":"1","l":4,"t":"0","gxe":39.4,"r":"1500","rd":"130","sigma":"0","rptime":"1438506000","rpr":1415.3420234971,"rprd":102.38045528116,"rpsigma":"0","acre":1037.6353435299,"lacre":1037.6353435299,"oldacre":"1054.4206300126"},"endType":"normal"}