{"seed":[943,62203,44833,50752],"turns":24,"p1":"Carnie Apexin","p2":"Professor♅ Gotenks","p1team":[{"name":"Jewl","species":"diancie","item":"diancite","ability":"Clear Body","moves":["diamondstorm","moonblast","healbell","earthpower"],"nature":"Hasty","evs":{"hp":0,"atk":4,"def":0,"spa":252,"spd":0,"spe":252},"ivs":{"hp":31,"atk":31,"def":31,"spa":31,"spd":31,"spe":31}},{"name":"Bun Bun","species":"azumarill","item":"sitrusberry","ability":"Huge Power","moves":["aquajet","aquatail","bellydrum","playrough"],"nature":"Adamant","evs":{"hp":252,"atk":252,"def":0,"spa":0,"spd":4,"spe":0},"gender":"F","shiny":true,"ivs":{"hp":31,"atk":31,"def":31,"spa":31,"spd":31,"spe":31}},{"name":"Flinch every day","species":"togekiss","item":"leftovers","ability":"Serene Grace","moves":["airslash","thunderwave","healbell","dazzlinggleam"],"nature":"Modest","evs":{"hp":252,"atk":0,"def":0,"spa":252,"spd":4,"spe":0},"gender":"F","ivs":{"hp":31,"atk":31,"def":31,"spa":31,"spd":31,"spe":31}},{"name":"senpai","species":"gardevoir","item":"choicespecs","ability":"Trace","moves":["focusblast","shadowball","moonblast","psychic"],"nature":"Modest","evs":{"hp":8,"atk":0,"def":0,"spa":252,"spd":0,"spe":248},"gender":"M","shiny":true,"ivs":{"hp":31,"atk":31,"def":31,"spa":31,"spd":31,"spe":31}},{"name":"Me rich","species":"klefki","item":"lightclay","ability":"Prankster","moves":["lightscreen","reflect","thunderwave","playrough"],"nature":"Impish","evs":{"hp":248,"atk":8,"def":252,"spa":0,"spd":0,"spe":0},"gender":"M","shiny":true,"ivs":{"hp":31,"atk":31,"def":31,"spa":31,"spd":31,"spe":31}},{"name":"aries","species":"whimsicott","item":"assaultvest","ability":"Infiltrator","moves":["hurricane","gigadrain","moonblast","knockoff"],"nature":"Naive","evs":{"hp":0,"atk":4,"def":0,"spa":252,"spd":0,"spe":252},"gender":"F","ivs":{"hp":31,"atk":31,"def":31,"spa":31,"spd":31,"spe":31}}],"p2team":[{"name":"Beedrill","species":"Beedrill","item":"beedrillite","ability":"Swarm","moves":["fellstinger","poisonjab","drillrun","uturn"],"nature":"Jolly","evs":{"hp":0,"atk":252,"def":0,"spa":0,"spd":4,"spe":252},"shiny":true,"ivs":{"hp":31,"atk":31,"def":31,"spa":31,"spd":31,"spe":31}},{"name":"Toxicroak","species":"Toxicroak","item":"lifeorb","ability":"Poison Touch","moves":["drainpunch","poisonjab","fakeout","bulkup"],"nature":"Jolly","evs":{"hp":0,"atk":252,"def":0,"spa":0,"spd":4,"spe":252},"ivs":{"hp":31,"atk":31,"def":31,"spa":31,"spd":31,"spe":31}},{"name":"Gengar","species":"Gengar","item":"widelens","ability":"Levitate","moves":["dreameater","hypnosis","hex","venoshock"],"nature":"Timid","evs":{"hp":0,"atk":0,"def":0,"spa":252,"spd":4,"spe":252},"shiny":true,"ivs":{"hp":31,"atk":31,"def":31,"spa":31,"spd":31,"spe":31}},{"name":"Drapion","species":"Drapion","item":"blacksludge","ability":"Battle Armor","moves":["swordsdance","poisonjab","firefang","knockoff"],"nature":"Impish","evs":{"hp":4,"atk":252,"def":252,"spa":0,"spd":0,"spe":0},"shiny":true,"ivs":{"hp":31,"atk":31,"def":31,"spa":31,"spd":31,"spe":31}},{"name":"Dragalge","species":"Dragalge","item":"blacksludge","ability":"Poison Point","moves":["hiddenpowerfire","scald","toxicspikes","sludgebomb"],"nature":"Calm","evs":{"hp":4,"atk":0,"def":0,"spa":252,"spd":252,"spe":0},"ivs":{"hp":31,"atk":30,"def":31,"spa":30,"spd":31,"spe":30},"shiny":true},{"name":"Amoonguss","species":"Amoonguss","item":"blacksludge","ability":"Regenerator","moves":["hiddenpowerbug","worryseed","gigadrain","clearsmog"],"nature":"","ivs":{"hp":31,"atk":30,"def":30,"spa":31,"spd":30,"spe":31},"shiny":true,"evs":{"hp":0,"atk":0,"def":0,"spa":0,"spd":0,"spe":0}}],"log":["|player|p1|Carnie Apexin|92","|player|p2|Professor♅ Gotenks|professorgotenks.png","|gametype|singles","|gen|6","|tier|Monotype","|rated","|rule|Baton Pass Clause: Limit one Baton Passer, can't pass Spe and other stats simultaneously","|rule|Swagger Clause: Swagger is banned","|rule|Same Type Clause: Pokémon in a team must share a type","|clearpoke","|poke|p1|Diancie","|poke|p1|Azumarill, F, shiny","|poke|p1|Togekiss, F","|poke|p1|Gardevoir, M, shiny","|poke|p1|Klefki, M, shiny","|poke|p1|Whimsicott, F","|poke|p2|Beedrill, M, shiny","|poke|p2|Toxicroak, M","|poke|p2|Gengar, F, shiny","|poke|p2|Drapion, M, shiny","|poke|p2|Dragalge, M, shiny","|poke|p2|Amoonguss, F, shiny","|rule|Sleep Clause Mod: Limit one foe put to sleep","|rule|Species Clause: Limit one of each Pokémon","|rule|OHKO Clause: OHKO moves are banned","|rule|Moody Clause: Moody is banned","|rule|Evasion Moves Clause: Evasion moves are banned","|rule|Endless Battle Clause: Forcing endless battles is banned","|rule|HP Percentage Mod: HP is shown in percentages","|teampreview","|","|start","|switch|p1a: Me rich|Klefki, M, shiny|317/317","|switch|p2a: Beedrill|Beedrill, M, shiny|271/271","|turn|1","|","|detailschange|p2a: Beedrill|Beedrill-Mega, M, shiny","|-mega|p2a: Beedrill|Beedrill|Beedrillite","|move|p1a: Me rich|Thunder Wave|p2a: Beedrill","|-status|p2a: Beedrill|par","|move|p2a: Beedrill|U-turn|p1a: Me rich","|-resisted|p1a: Me rich","|-damage|p1a: Me rich|281/317","|","|switch|p2a: Drapion|Drapion, M, shiny|282/282","|","|turn|2","|","|move|p1a: Me rich|Thunder Wave|p2a: Drapion","|-status|p2a: Drapion|par","|move|p2a: Drapion|Swords Dance|p2a: Drapion","|-boost|p2a: Drapion|atk|2","|","|turn|3","|","|move|p1a: Me rich|Reflect|p1a: Me rich","|-sidestart|p1: Carnie Apexin|Reflect","|move|p2a: Drapion|Swords Dance|p2a: Drapion","|-boost|p2a: Drapion|atk|2","|","|turn|4","|","|move|p1a: Me rich|Light Screen|p1a: Me rich","|-sidestart|p1: Carnie Apexin|move: Light Screen","|move|p2a: Drapion|Swords Dance|p2a: Drapion","|-boost|p2a: Drapion|atk|2","|","|turn|5","|","|switch|p1a: Bun Bun|Azumarill, F, shiny|404/404","|move|p2a: Drapion|Fire Fang|p1a: Bun Bun","|-resisted|p1a: Bun Bun","|-damage|p1a: Bun Bun|327/404","|-status|p1a: Bun Bun|brn","|","|-damage|p1a: Bun Bun|277/404 brn|[from] brn","|turn|6","|","|switch|p1a: Flinch every day|Togekiss, F|374/374","|cant|p2a: Drapion|par","|","|turn|7","|","|move|p1a: Flinch every day|Air Slash|p2a: Drapion","|-damage|p2a: Drapion|117/282 par","|move|p2a: Drapion|Poison Jab|p1a: Flinch every day","|-supereffective|p1a: Flinch every day","|-damage|p1a: Flinch every day|0 fnt","|faint|p1a: Flinch every day","|","|-heal|p2a: Drapion|134/282 par|[from] item: Black Sludge","|","|switch|p1a: Bun Bun|Azumarill, F, shiny|277/404 brn","|turn|8","|","|move|p1a: Bun Bun|Belly Drum|p1a: Bun Bun","|-damage|p1a: Bun Bun|75/404 brn","|-setboost|p1a: Bun Bun|atk|6|[from] move: Belly Drum","|-enditem|p1a: Bun Bun|Sitrus Berry|[eat]","|-heal|p1a: Bun Bun|176/404 brn|[from] item: Sitrus Berry","|move|p2a: Drapion|Poison Jab|p1a: Bun Bun","|-supereffective|p1a: Bun Bun","|-damage|p1a: Bun Bun|0 fnt","|faint|p1a: Bun Bun","|","|-heal|p2a: Drapion|151/282 par|[from] item: Black Sludge","|","|switch|p1a: Jewl|Diancie|241/241","|turn|9","|","|detailschange|p1a: Jewl|Diancie-Mega","|-mega|p1a: Jewl|Diancie|Diancite","|move|p1a: Jewl|Earth Power|p2a: Drapion","|-supereffective|p2a: Drapion","|-damage|p2a: Drapion|0 fnt","|faint|p2a: Drapion","|","|","|switch|p2a: Amoonguss|Amoonguss, F, shiny|369/369","|turn|10","|","|move|p1a: Jewl|Earth Power|p2a: Amoonguss","|-damage|p2a: Amoonguss|225/369","|move|p2a: Amoonguss|Giga Drain|p1a: Jewl","|-supereffective|p1a: Jewl","|-damage|p1a: Jewl|171/241","|-heal|p2a: Amoonguss|260/369|[from] drain|[of] p1a: Jewl","|","|-heal|p2a: Amoonguss|283/369|[from] item: Black Sludge","|-sideend|p1: Carnie Apexin|Reflect","|turn|11","|","|switch|p1a: senpai|Gardevoir, M, shiny|279/279","|-ability|p1a: senpai|Regenerator|[from] ability: Trace|[of] p2a: Amoonguss","|move|p2a: Amoonguss|Giga Drain|p1a: senpai","|-damage|p1a: senpai|246/279","|-heal|p2a: Amoonguss|300/369|[from] drain|[of] p1a: senpai","|","|-heal|p2a: Amoonguss|323/369|[from] item: Black Sludge","|-sideend|p1: Carnie Apexin|move: Light Screen","|turn|12","|","|move|p1a: senpai|Psychic|p2a: Amoonguss","|-supereffective|p2a: Amoonguss","|-damage|p2a: Amoonguss|0 fnt","|faint|p2a: Amoonguss","|","|","|switch|p2a: Toxicroak|Toxicroak, M|307/307","|turn|13","|","|move|p2a: Toxicroak|Fake Out|p1a: senpai","|-damage|p1a: senpai|175/279","|-damage|p2a: Toxicroak|277/307|[from] item: Life Orb","|cant|p1a: senpai|flinch","|","|turn|14","|","|move|p2a: Toxicroak|Poison Jab|p1a: senpai","|-supereffective|p1a: senpai","|-damage|p1a: senpai|0 fnt","|-damage|p2a: Toxicroak|247/307|[from] item: Life Orb","|faint|p1a: senpai","|","|","|switch|p1a: Me rich|Klefki, M, shiny|281/317","|turn|15","|","|switch|p2a: Beedrill|Beedrill-Mega, M, shiny|271/271 par","|move|p1a: Me rich|Thunder Wave|p2a: Beedrill","|-fail|p2a: Beedrill|par","|","|turn|16","|","|move|p1a: Me rich|Reflect|p1a: Me rich","|-sidestart|p1: Carnie Apexin|Reflect","|move|p2a: Beedrill|Drill Run|p1a: Me rich","|-supereffective|p1a: Me rich","|-damage|p1a: Me rich|199/317","|","|turn|17","|","|move|p1a: Me rich|Light Screen|p1a: Me rich","|-sidestart|p1: Carnie Apexin|move: Light Screen","|cant|p2a: Beedrill|par","|","|turn|18","|","|switch|p1a: aries|Whimsicott, F|261/261","|move|p2a: Beedrill|Drill Run|p1a: aries","|-resisted|p1a: aries","|-damage|p1a: aries|233/261","|","|turn|19","|","|move|p1a: aries|Hurricane|p2a: Beedrill","|-supereffective|p2a: Beedrill","|-damage|p2a: Beedrill|67/271 par","|-start|p2a: Beedrill|confusion","|-activate|p2a: Beedrill|confusion","|move|p2a: Beedrill|Poison Jab|p1a: aries","|-supereffective|p1a: aries","|-damage|p1a: aries|0 fnt","|faint|p1a: aries","|","|","|switch|p1a: Jewl|Diancie-Mega|171/241","|turn|20","|","|move|p1a: Jewl|Diamond Storm|p2a: Beedrill","|-supereffective|p2a: Beedrill","|-damage|p2a: Beedrill|0 fnt","|faint|p2a: Beedrill","|","|","|switch|p2a: Dragalge|Dragalge, M, shiny|272/272","|turn|21","|","|move|p1a: Jewl|Moonblast|p2a: Dragalge","|-damage|p2a: Dragalge|154/272","|move|p2a: Dragalge|Scald|p1a: Jewl","|-crit|p1a: Jewl","|-supereffective|p1a: Jewl","|-damage|p1a: Jewl|0 fnt","|faint|p1a: Jewl","|","|-heal|p2a: Dragalge|171/272|[from] item: Black Sludge","|","|switch|p1a: Me rich|Klefki, M, shiny|199/317","|turn|22","|","|move|p1a: Me rich|Thunder Wave|p2a: Dragalge","|-status|p2a: Dragalge|par","|move|p2a: Dragalge|Hidden Power|p1a: Me rich","|-supereffective|p1a: Me rich","|-damage|p1a: Me rich|128/317","|","|-heal|p2a: Dragalge|188/272 par|[from] item: Black Sludge","|turn|23","|","|move|p1a: Me rich|Play Rough|p2a: Dragalge","|-damage|p2a: Dragalge|82/272 par","|move|p2a: Dragalge|Hidden Power|p1a: Me rich","|-supereffective|p1a: Me rich","|-damage|p1a: Me rich|56/317","|","|-heal|p2a: Dragalge|99/272 par|[from] item: Black Sludge","|-sideend|p1: Carnie Apexin|Reflect","|turn|24","|","|move|p1a: Me rich|Play Rough|p2a: Dragalge","|-damage|p2a: Dragalge|3/272 par","|move|p2a: Dragalge|Hidden Power|p1a: Me rich","|-supereffective|p1a: Me rich","|-damage|p1a: Me rich|0 fnt","|faint|p1a: Me rich","|","|win|Professor♅ Gotenks"],"p1rating":{"entryid":"7057897","serverid":"eos","formatid":"monotype","userid":"carnieapexin","username":"Carnie Apexin","w":"19","l":43,"t":"1","gxe":32.3,"r":"1376.9838471621","rd":"47.426027485232","sigma":"0","rptime":"1438506000","rpr":1359.3098185277,"rprd":46.046178679483,"rpsigma":"0","acre":1007.8377812443,"lacre":1007.8377812443,"oldacre":"1017.7507431062"},"p2rating":{"entryid":"6600838","serverid":"eos","formatid":"monotype","userid":"professorgotenks","username":"Professor♅ Gotenks","w":25,"l":"35","t":"0","gxe":42.5,"r":1437.8541025355,"rd":46.825165376903,"sigma":"0","rptime":1438506000,"rpr":1442.936530418,"rprd":46.426701925076,"rpsigma":"0","acre":1114.6429617129,"lacre":1114.6429617129,"oldacre":"1094.4159117641"},"endType":"normal"}