{"seed":[45808,35882,62414,43554],"turns":23,"p1":"MASTA_X☆용의 사용자","p2":"Alliance-C-Control","p1team":[{"name":"キュレム","species":"kyuremblack","item":"powerherb","ability":"Teravolt","moves":["freezeshock","fusionbolt","outrage","dracometeor"],"nature":"Naive","evs":{"hp":0,"atk":252,"def":0,"spa":60,"spd":0,"spe":196},"shiny":true,"ivs":{"hp":31,"atk":31,"def":31,"spa":31,"spd":31,"spe":31}},{"name":"サザンドラ","species":"hydreigon","item":"lifeorb","ability":"Levitate","moves":["darkpulse","flamethrower","dracometeor","flashcannon"],"nature":"Timid","evs":{"hp":4,"atk":0,"def":0,"spa":252,"spd":0,"spe":252},"shiny":true,"ivs":{"hp":31,"atk":31,"def":31,"spa":31,"spd":31,"spe":31}},{"name":"ガブリアス","species":"garchomp","item":"rockyhelmet","ability":"Rough Skin","moves":["stealthrock","earthquake","dragontail","endure"],"nature":"Impish","evs":{"hp":252,"atk":0,"def":232,"spa":0,"spd":24,"spe":0},"ivs":{"hp":31,"atk":31,"def":31,"spa":31,"spd":31,"spe":31}},{"name":"ラティオス","species":"latios","item":"choicescarf","ability":"Levitate","moves":["trick","dragonpulse","psyshock","thunderbolt"],"nature":"Timid","evs":{"hp":0,"atk":0,"def":4,"spa":252,"spd":0,"spe":252},"ivs":{"hp":31,"atk":30,"def":31,"spa":30,"spd":31,"spe":30}},{"name":"ボーマンダ","species":"salamence","item":"choicescarf","ability":"Moxie","moves":["outrage","aerialace","steelwing","earthquake"],"nature":"Jolly","evs":{"hp":0,"atk":252,"def":4,"spa":0,"spd":0,"spe":252},"ivs":{"hp":31,"atk":31,"def":31,"spa":31,"spd":31,"spe":31}},{"name":"チルタリス","species":"altaria","item":"altarianite","ability":"Natural Cure","moves":["agility","hypervoice","fireblast","hiddenpowerground"],"nature":"Modest","evs":{"hp":0,"atk":0,"def":4,"spa":252,"spd":0,"spe":252},"ivs":{"hp":31,"atk":31,"def":31,"spa":30,"spd":30,"spe":31},"happiness":0}],"p2team":[{"name":"Ferrothorn","species":"Ferrothorn","item":"leftovers","ability":"Iron Barbs","moves":["leechseed","protect","stealthrock","gyroball"],"nature":"Impish","evs":{"hp":252,"atk":4,"def":252,"spa":0,"spd":0,"spe":0},"ivs":{"hp":31,"atk":31,"def":31,"spa":31,"spd":31,"spe":0}},{"name":"Sceptile","species":"Sceptile","item":"sceptilite","ability":"Overgrow","moves":["dragonclaw","earthquake","swordsdance","rockslide"],"nature":"Jolly","evs":{"hp":4,"atk":248,"def":0,"spa":0,"spd":0,"spe":252},"ivs":{"hp":31,"atk":31,"def":31,"spa":31,"spd":31,"spe":31}},{"name":"Roserade","species":"Roserade","item":"choicescarf","ability":"Natural Cure","moves":["sludgebomb","extrasensory","hiddenpowerice","gigadrain"],"nature":"Timid","evs":{"hp":0,"atk":0,"def":0,"spa":252,"spd":4,"spe":252},"ivs":{"hp":31,"atk":30,"def":30,"spa":31,"spd":31,"spe":31}},{"name":"Venusaur","species":"Venusaur","item":"choicespecs","ability":"Chlorophyll","moves":["sludgebomb","hiddenpowerrock","leafstorm","gigadrain"],"nature":"Modest","evs":{"hp":0,"atk":0,"def":0,"spa":252,"spd":4,"spe":252},"ivs":{"hp":31,"atk":31,"def":30,"spa":31,"spd":30,"spe":30}},{"name":"Breloom","species":"Breloom","item":"liechiberry","ability":"Effect Spore","moves":["bulletseed","machpunch","swordsdance","spore"],"nature":"Jolly","evs":{"hp":0,"atk":252,"def":0,"spa":0,"spd":4,"spe":252},"ivs":{"hp":31,"atk":31,"def":31,"spa":31,"spd":31,"spe":31}},{"name":"Trevenant","species":"Trevenant","item":"leftovers","ability":"Natural Cure","moves":["magiccoat","shadowclaw","rest","willowisp"],"nature":"Careful","evs":{"hp":252,"atk":4,"def":0,"spa":0,"spd":252,"spe":0},"ivs":{"hp":31,"atk":31,"def":31,"spa":31,"spd":31,"spe":31}}],"log":["|player|p1|MASTA_X☆용의 사용자|alliancewutang.png","|player|p2|Alliance-C-Control|190","|gametype|singles","|gen|6","|tier|Monotype","|rated","|rule|Baton Pass Clause: Limit one Baton Passer, can't pass Spe and other stats simultaneously","|rule|Swagger Clause: Swagger is banned","|rule|Same Type Clause: Pokémon in a team must share a type","|clearpoke","|poke|p1|Kyurem-Black, shiny","|poke|p1|Hydreigon, M, shiny","|poke|p1|Garchomp, F","|poke|p1|Latios, M","|poke|p1|Salamence, F","|poke|p1|Altaria, F","|poke|p2|Ferrothorn, M","|poke|p2|Sceptile, M","|poke|p2|Roserade, F","|poke|p2|Venusaur, M","|poke|p2|Breloom, M","|poke|p2|Trevenant, M","|rule|Sleep Clause Mod: Limit one foe put to sleep","|rule|Species Clause: Limit one of each Pokémon","|rule|OHKO Clause: OHKO moves are banned","|rule|Moody Clause: Moody is banned","|rule|Evasion Moves Clause: Evasion moves are banned","|rule|Endless Battle Clause: Forcing endless battles is banned","|rule|HP Percentage Mod: HP is shown in percentages","|teampreview","|","|start","|switch|p1a: ガブリアス|Garchomp, F|420/420","|switch|p2a: Roserade|Roserade, F|261/261","|turn|1","|","|move|p2a: Roserade|Hidden Power|p1a: ガブリアス","|-supereffective|p1a: ガブリアス","|-damage|p1a: ガブリアス|84/420","|move|p1a: ガブリアス|Stealth Rock|p2a: Roserade","|-sidestart|p2: Alliance-C-Control|move: Stealth Rock","|","|turn|2","|","|switch|p1a: キュレム|Kyurem-Black, shiny|391/391","|-ability|p1a: キュレム|Teravolt","|move|p2a: Roserade|Hidden Power|p1a: キュレム","|-damage|p1a: キュレム|303/391","|","|turn|3","|","|switch|p2a: Ferrothorn|Ferrothorn, M|352/352","|-damage|p2a: Ferrothorn|330/352|[from] Stealth Rock","|move|p1a: キュレム|Freeze Shock|p2a: Ferrothorn|[still]","|-prepare|p1a: キュレム|Freeze Shock|p2a: Ferrothorn","|-enditem|p1a: キュレム|Power Herb","|-anim|p1a: キュレム|Freeze Shock|p2a: Ferrothorn","|-damage|p2a: Ferrothorn|147/352","|","|-heal|p2a: Ferrothorn|169/352|[from] item: Leftovers","|turn|4","|","|switch|p1a: ガブリアス|Garchomp, F|84/420","|move|p2a: Ferrothorn|Leech Seed|p1a: ガブリアス","|-start|p1a: ガブリアス|move: Leech Seed","|","|-heal|p2a: Ferrothorn|191/352|[from] item: Leftovers","|-damage|p1a: ガブリアス|32/420|[from] Leech Seed|[of] p2a: Ferrothorn","|-heal|p2a: Ferrothorn|243/352|[silent]","|turn|5","|","|move|p2a: Ferrothorn|Protect|p2a: Ferrothorn","|-singleturn|p2a: Ferrothorn|Protect","|move|p1a: ガブリアス|Earthquake|p2a: Ferrothorn","|-activate|p2a: Ferrothorn|Protect","|","|-heal|p2a: Ferrothorn|265/352|[from] item: Leftovers","|-damage|p1a: ガブリアス|0 fnt|[from] Leech Seed|[of] p2a: Ferrothorn","|-heal|p2a: Ferrothorn|297/352|[silent]","|faint|p1a: ガブリアス","|","|switch|p1a: サザンドラ|Hydreigon, M, shiny|326/326","|turn|6","|","|switch|p2a: Trevenant|Trevenant, M|374/374","|-damage|p2a: Trevenant|328/374|[from] Stealth Rock","|move|p1a: サザンドラ|Flamethrower|p2a: Trevenant","|-supereffective|p2a: Trevenant","|-damage|p2a: Trevenant|117/374","|-damage|p1a: サザンドラ|294/326|[from] item: Life Orb","|","|-heal|p2a: Trevenant|140/374|[from] item: Leftovers","|turn|7","|","|move|p1a: サザンドラ|Flamethrower|p2a: Trevenant","|-supereffective|p2a: Trevenant","|-damage|p2a: Trevenant|0 fnt","|-damage|p1a: サザンドラ|262/326|[from] item: Life Orb","|faint|p2a: Trevenant","|","|","|switch|p2a: Breloom|Breloom, M|261/261","|-damage|p2a: Breloom|245/261|[from] Stealth Rock","|turn|8","|","|move|p2a: Breloom|Mach Punch|p1a: サザンドラ","|-supereffective|p1a: サザンドラ","|-damage|p1a: サザンドラ|104/326","|move|p1a: サザンドラ|Flamethrower|p2a: Breloom","|-supereffective|p2a: Breloom","|-damage|p2a: Breloom|0 fnt","|-damage|p1a: サザンドラ|72/326|[from] item: Life Orb","|faint|p2a: Breloom","|","|","|switch|p2a: Roserade|Roserade, F|261/261","|-damage|p2a: Roserade|229/261|[from] Stealth Rock","|turn|9","|","|move|p2a: Roserade|Hidden Power|p1a: サザンドラ","|-supereffective|p1a: サザンドラ","|-damage|p1a: サザンドラ|0 fnt","|faint|p1a: サザンドラ","|","|","|switch|p1a: キュレム|Kyurem-Black, shiny|303/391","|-ability|p1a: キュレム|Teravolt","|turn|10","|","|switch|p2a: Ferrothorn|Ferrothorn, M|297/352","|-damage|p2a: Ferrothorn|275/352|[from] Stealth Rock","|move|p1a: キュレム|Freeze Shock|p2a: Ferrothorn|[still]","|-prepare|p1a: キュレム|Freeze Shock|p2a: Ferrothorn","|","|-heal|p2a: Ferrothorn|297/352|[from] item: Leftovers","|turn|11","|","|move|p2a: Ferrothorn|Protect|p2a: Ferrothorn","|-singleturn|p2a: Ferrothorn|Protect","|move|p1a: キュレム|Freeze Shock|p2a: Ferrothorn","|-activate|p2a: Ferrothorn|Protect","|","|-heal|p2a: Ferrothorn|319/352|[from] item: Leftovers","|turn|12","|","|switch|p1a: チルタリス|Altaria, F|291/291","|move|p2a: Ferrothorn|Leech Seed|p1a: チルタリス","|-start|p1a: チルタリス|move: Leech Seed","|","|-heal|p2a: Ferrothorn|341/352|[from] item: Leftovers","|-damage|p1a: チルタリス|255/291|[from] Leech Seed|[of] p2a: Ferrothorn","|-heal|p2a: Ferrothorn|352/352|[silent]","|turn|13","|","|detailschange|p1a: チルタリス|Altaria-Mega, F","|-mega|p1a: チルタリス|Altaria|Altarianite","|move|p1a: チルタリス|Fire Blast|p2a: Ferrothorn|[miss]","|-miss|p1a: チルタリス|p2a: Ferrothorn","|move|p2a: Ferrothorn|Gyro Ball|p1a: チルタリス","|-supereffective|p1a: チルタリス","|-damage|p1a: チルタリス|0 fnt","|faint|p1a: チルタリス","|","|","|switch|p1a: ラティオス|Latios, M|301/301","|turn|14","|","|move|p1a: ラティオス|Trick|p2a: Ferrothorn","|-activate|p1a: ラティオス|move: Trick|[of] p2a: Ferrothorn","|-item|p2a: Ferrothorn|Choice Scarf|[from] move: Trick","|-item|p1a: ラティオス|Leftovers|[from] move: Trick","|move|p2a: Ferrothorn|Leech Seed|p1a: ラティオス","|-start|p1a: ラティオス|move: Leech Seed","|","|-damage|p1a: ラティオス|264/301|[from] Leech Seed|[of] p2a: Ferrothorn","|turn|15","|","|switch|p1a: ボーマンダ|Salamence, F|331/331","|switch|p2a: Roserade|Roserade, F|229/261","|-damage|p2a: Roserade|197/261|[from] Stealth Rock","|","|turn|16","|","|switch|p2a: Ferrothorn|Ferrothorn, M|352/352","|-damage|p2a: Ferrothorn|330/352|[from] Stealth Rock","|move|p1a: ボーマンダ|Aerial Ace|p2a: Ferrothorn","|-damage|p2a: Ferrothorn|264/352","|-damage|p1a: ボーマンダ|290/331|[from] ability: Iron Barbs|[of] p2a: Ferrothorn","|","|turn|17","|","|switch|p1a: ラティオス|Latios, M|264/301","|move|p2a: Ferrothorn|Leech Seed|p1a: ラティオス","|-start|p1a: ラティオス|move: Leech Seed","|","|-heal|p1a: ラティオス|282/301|[from] item: Leftovers","|-damage|p1a: ラティオス|245/301|[from] Leech Seed|[of] p2a: Ferrothorn","|-heal|p2a: Ferrothorn|301/352|[silent]","|turn|18","|","|switch|p1a: キュレム|Kyurem-Black, shiny|303/391","|-ability|p1a: キュレム|Teravolt","|move|p2a: Ferrothorn|Leech Seed|p1a: キュレム","|-start|p1a: キュレム|move: Leech Seed","|","|-damage|p1a: キュレム|255/391|[from] Leech Seed|[of] p2a: Ferrothorn","|-heal|p2a: Ferrothorn|349/352|[silent]","|turn|19","|","|move|p1a: キュレム|Freeze Shock|p2a: Ferrothorn|[still]","|-prepare|p1a: キュレム|Freeze Shock|p2a: Ferrothorn","|move|p2a: Ferrothorn|Leech Seed|p1a: キュレム","|-fail|p1a: キュレム","|","|-damage|p1a: キュレム|207/391|[from] Leech Seed|[of] p2a: Ferrothorn","|-heal|p2a: Ferrothorn|352/352|[silent]","|turn|20","|","|switch|p2a: Venusaur|Venusaur, M|301/301","|-damage|p2a: Venusaur|264/301|[from] Stealth Rock","|move|p1a: キュレム|Freeze Shock|p2a: Venusaur","|-supereffective|p2a: Venusaur","|-damage|p2a: Venusaur|0 fnt","|faint|p2a: Venusaur","|","|","|switch|p2a: Sceptile|Sceptile, M|282/282","|-damage|p2a: Sceptile|247/282|[from] Stealth Rock","|turn|21","|","|switch|p1a: ラティオス|Latios, M|245/301","|detailschange|p2a: Sceptile|Sceptile-Mega, M","|-mega|p2a: Sceptile|Sceptile|Sceptilite","|move|p2a: Sceptile|Dragon Claw|p1a: ラティオス","|-supereffective|p1a: ラティオス","|-damage|p1a: ラティオス|0 fnt","|faint|p1a: ラティオス","|","|","|switch|p1a: ボーマンダ|Salamence, F|290/331","|turn|22","|","|switch|p2a: Ferrothorn|Ferrothorn, M|352/352","|-damage|p2a: Ferrothorn|330/352|[from] Stealth Rock","|move|p1a: ボーマンダ|Aerial Ace|p2a: Ferrothorn","|-damage|p2a: Ferrothorn|266/352","|-damage|p1a: ボーマンダ|249/331|[from] ability: Iron Barbs|[of] p2a: Ferrothorn","|","|turn|23","|","|switch|p1a: キュレム|Kyurem-Black, shiny|207/391","|-ability|p1a: キュレム|Teravolt","|move|p2a: Ferrothorn|Gyro Ball|p1a: キュレム","|-supereffective|p1a: キュレム","|-damage|p1a: キュレム|0 fnt","|faint|p1a: キュレム","|","|","|win|Alliance-C-Control"],"p1rating":{"entryid":"7303561","serverid":"eos","formatid":"monotype","userid":"mastax","username":"MASTAX☆용의 사용자","w":"14","l":3,"t":"0","gxe":72.1,"r":"1640.0752479501","rd":"106.41947832638","sigma":"0","rptime":"1438419600","rpr":1683.1078167416,"rprd":75.172773972258,"rpsigma":"0","acre":1265.5231761359,"lacre":1265.5231761359,"oldacre":"1294.5630835324"},"p2rating":{"entryid":"6440455","serverid":"eos","formatid":"monotype","userid":"allianceccontrol","username":"Alliance-C-Control","w":227,"l":"293","t":"0","gxe":43.7,"r":"1437.6253948805","rd":"25","sigma":"0","rptime":"1438419600","rpr":1452.0855677518,"rprd":25,"rpsigma":"0","acre":1266.9621789004,"lacre":1266.9621789004,"oldacre":"1237.9222715039"},"endType":"forced"}