{"seed":[49488,33119,37861,45271],"turns":35,"p1":"Traine✘ Chief","p2":"Wrath Rex","p1team":[{"name":"Cofagrigus","species":"Cofagrigus","item":"leftovers","ability":"Mummy","moves":["toxic","willowisp","trickroom","hex"],"nature":"Sassy","evs":{"hp":252,"atk":0,"def":0,"spa":4,"spd":252,"spe":0},"ivs":{"hp":31,"atk":31,"def":31,"spa":31,"spd":31,"spe":0}},{"name":"Aegislash","species":"Aegislash","item":"weaknesspolicy","ability":"Stance Change","moves":["swordsdance","kingsshield","shadowsneak","ironhead"],"nature":"Adamant","evs":{"hp":248,"atk":252,"def":0,"spa":0,"spd":8,"spe":0},"ivs":{"hp":31,"atk":31,"def":31,"spa":31,"spd":31,"spe":31}},{"name":"Banette","species":"Banette","item":"banettite","ability":"Cursed Body","moves":["cottonguard","shadowclaw","knockoff","shadowsneak"],"nature":"Adamant","evs":{"hp":248,"atk":252,"def":0,"spa":0,"spd":8,"spe":0},"gender":"F","ivs":{"hp":31,"atk":31,"def":31,"spa":31,"spd":31,"spe":31}},{"name":"Dusknoir","species":"Dusknoir","item":"leftovers","ability":"Pressure","moves":["icepunch","shadowsneak","poweruppunch","counter"],"nature":"Adamant","evs":{"hp":248,"atk":252,"def":0,"spa":0,"spd":8,"spe":0},"ivs":{"hp":31,"atk":31,"def":31,"spa":31,"spd":31,"spe":31}},{"name":"Jellicent","species":"Jellicent","item":"leftovers","ability":"Water Absorb","moves":["scald","icebeam","shadowball","substitute"],"nature":"Calm","evs":{"hp":248,"atk":0,"def":0,"spa":100,"spd":160,"spe":0},"ivs":{"hp":31,"atk":31,"def":31,"spa":31,"spd":31,"spe":31}},{"name":"Sableye","species":"Sableye","item":"focussash","ability":"Prankster","moves":["willowisp","confuseray","painsplit","foulplay"],"nature":"Calm","evs":{"hp":248,"atk":0,"def":8,"spa":0,"spd":252,"spe":0},"ivs":{"hp":31,"atk":31,"def":31,"spa":31,"spd":31,"spe":31}}],"p2team":[{"name":"Erza","species":"gardevoir","item":"choicescarf","ability":"Trace","moves":["moonblast","psyshock","shadowball","focusblast"],"nature":"Timid","evs":{"hp":0,"atk":0,"def":0,"spa":252,"spd":4,"spe":252},"gender":"F","shiny":true,"ivs":{"hp":31,"atk":31,"def":31,"spa":31,"spd":31,"spe":31}},{"name":"Mogamett","species":"alakazam","item":"alakazite","ability":"Magic Guard","moves":["psychic","focusblast","shadowball","encore"],"nature":"Timid","evs":{"hp":0,"atk":0,"def":4,"spa":252,"spd":0,"spe":252},"gender":"M","ivs":{"hp":31,"atk":31,"def":31,"spa":31,"spd":31,"spe":31}},{"name":"GuanyinBodhisattva","species":"hoopaunbound","item":"lifeorb","ability":"Magician","moves":["hyperspacefury","grassknot","drainpunch","gunkshot"],"nature":"Jolly","evs":{"hp":4,"atk":252,"def":0,"spa":0,"spd":0,"spe":252},"ivs":{"hp":31,"atk":31,"def":31,"spa":31,"spd":31,"spe":31}},{"name":"Aladdin","species":"azelf","item":"focussash","ability":"Levitate","moves":["stealthrock","explosion","taunt","knockoff"],"nature":"Jolly","evs":{"hp":0,"atk":252,"def":0,"spa":0,"spd":4,"spe":252},"ivs":{"hp":31,"atk":31,"def":31,"spa":31,"spd":31,"spe":31}},{"name":"Panzer","species":"metagross","item":"assaultvest","ability":"Clear Body","moves":["bulletpunch","meteormash","earthquake","hammerarm"],"nature":"Adamant","evs":{"hp":248,"atk":252,"def":0,"spa":0,"spd":8,"spe":0},"shiny":true,"ivs":{"hp":31,"atk":31,"def":31,"spa":31,"spd":31,"spe":31}},{"name":"Gothitelle","species":"Gothitelle","item":"choicescarf","ability":"Shadow Tag","moves":["calmmind","trick","rest","psychic"],"nature":"Timid","evs":{"hp":80,"atk":0,"def":0,"spa":176,"spd":0,"spe":252},"gender":"F","ivs":{"hp":31,"atk":31,"def":31,"spa":31,"spd":31,"spe":31}}],"log":["|player|p1|Traine✘ Chief|127","|player|p2|Wrath Rex|165","|gametype|singles","|gen|6","|tier|Monotype","|rated","|rule|Baton Pass Clause: Limit one Baton Passer, can't pass Spe and other stats simultaneously","|rule|Swagger Clause: Swagger is banned","|rule|Same Type Clause: Pokémon in a team must share a type","|clearpoke","|poke|p1|Cofagrigus, F","|poke|p1|Aegislash, M","|poke|p1|Banette, F","|poke|p1|Dusknoir, M","|poke|p1|Jellicent, M","|poke|p1|Sableye, M","|poke|p2|Gardevoir, F, shiny","|poke|p2|Alakazam, M","|poke|p2|Hoopa-Unbound","|poke|p2|Azelf","|poke|p2|Metagross, shiny","|poke|p2|Gothitelle, F","|rule|Sleep Clause Mod: Limit one foe put to sleep","|rule|Species Clause: Limit one of each Pokémon","|rule|OHKO Clause: OHKO moves are banned","|rule|Moody Clause: Moody is banned","|rule|Evasion Moves Clause: Evasion moves are banned","|rule|Endless Battle Clause: Forcing endless battles is banned","|rule|HP Percentage Mod: HP is shown in percentages","|teampreview","|","|start","|switch|p1a: Aegislash|Aegislash, M|323/323","|switch|p2a: Aladdin|Azelf|291/291","|turn|1","|","|move|p2a: Aladdin|Taunt|p1a: Aegislash","|-start|p1a: Aegislash|move: Taunt","|cant|p1a: Aegislash|move: Taunt|Swords Dance","|","|turn|2","|","|switch|p1a: Cofagrigus|Cofagrigus, F|320/320","|move|p2a: Aladdin|Stealth Rock|p1a: Cofagrigus","|-sidestart|p1: Traine✘ Chief|move: Stealth Rock","|","|turn|3","|","|move|p2a: Aladdin|Knock Off|p1a: Cofagrigus","|-supereffective|p1a: Cofagrigus","|-damage|p1a: Cofagrigus|166/320","|-endability|p2a: Aladdin|levitate|[from] Mummy","|-ability|p2a: Aladdin|Mummy|[from] Mummy","|-enditem|p1a: Cofagrigus|Leftovers|[from] move: Knock Off|[of] p2a: Aladdin","|move|p1a: Cofagrigus|Hex|p2a: Aladdin","|-supereffective|p2a: Aladdin","|-damage|p2a: Aladdin|103/291","|","|turn|4","|","|move|p2a: Aladdin|Taunt|p1a: Cofagrigus","|-start|p1a: Cofagrigus|move: Taunt","|cant|p1a: Cofagrigus|move: Taunt|Trick Room","|","|turn|5","|","|move|p2a: Aladdin|Knock Off|p1a: Cofagrigus","|-supereffective|p1a: Cofagrigus","|-damage|p1a: Cofagrigus|50/320","|move|p1a: Cofagrigus|Hex|p2a: Aladdin","|-supereffective|p2a: Aladdin","|-damage|p2a: Aladdin|0 fnt","|faint|p2a: Aladdin","|","|","|switch|p2a: Panzer|Metagross, shiny|363/363","|turn|6","|","|move|p2a: Panzer|Earthquake|p1a: Cofagrigus","|-damage|p1a: Cofagrigus|0 fnt","|faint|p1a: Cofagrigus","|","|","|switch|p1a: Sableye|Sableye, M|303/303","|-damage|p1a: Sableye|266/303|[from] Stealth Rock","|turn|7","|","|switch|p2a: Erza|Gardevoir, F, shiny|277/277","|-ability|p2a: Erza|Prankster|[from] ability: Trace|[of] p1a: Sableye","|move|p1a: Sableye|Will-O-Wisp|p2a: Erza","|-status|p2a: Erza|brn","|","|-damage|p2a: Erza|243/277 brn|[from] brn","|turn|8","|","|move|p1a: Sableye|Confuse Ray|p2a: Erza","|-start|p2a: Erza|confusion","|-activate|p2a: Erza|confusion","|-damage|p2a: Erza|229/277 brn|[from] confusion","|","|-damage|p2a: Erza|195/277 brn|[from] brn","|turn|9","|","|switch|p2a: Gothitelle|Gothitelle, F|301/301","|switch|p1a: Aegislash|Aegislash, M|323/323","|-damage|p1a: Aegislash|303/323|[from] Stealth Rock","|","|turn|10","|","|move|p2a: Gothitelle|Trick|p1a: Aegislash","|-activate|p2a: Gothitelle|move: Trick|[of] p1a: Aegislash","|-item|p1a: Aegislash|Choice Scarf|[from] move: Trick","|-item|p2a: Gothitelle|Weakness Policy|[from] move: Trick","|move|p1a: Aegislash|Swords Dance|p1a: Aegislash","|-boost|p1a: Aegislash|atk|2","|","|turn|11","|","|switch|p1a: Sableye|Sableye, M|266/303","|-damage|p1a: Sableye|229/303|[from] Stealth Rock","|move|p2a: Gothitelle|Calm Mind|p2a: Gothitelle","|-boost|p2a: Gothitelle|spa|1","|-boost|p2a: Gothitelle|spd|1","|","|turn|12","|","|move|p1a: Sableye|Confuse Ray|p2a: Gothitelle","|-start|p2a: Gothitelle|confusion","|-activate|p2a: Gothitelle|confusion","|-damage|p2a: Gothitelle|282/301|[from] confusion","|","|turn|13","|","|move|p1a: Sableye|Will-O-Wisp|p2a: Gothitelle|[miss]","|-miss|p1a: Sableye|p2a: Gothitelle","|-activate|p2a: Gothitelle|confusion","|-damage|p2a: Gothitelle|263/301|[from] confusion","|","|turn|14","|","|move|p1a: Sableye|Will-O-Wisp|p2a: Gothitelle","|-status|p2a: Gothitelle|brn","|-activate|p2a: Gothitelle|confusion","|move|p2a: Gothitelle|Trick|p1a: Sableye","|-activate|p2a: Gothitelle|move: Trick|[of] p1a: Sableye","|-item|p1a: Sableye|Weakness Policy|[from] move: Trick","|-item|p2a: Gothitelle|Focus Sash|[from] move: Trick","|","|-damage|p2a: Gothitelle|226/301 brn|[from] brn","|turn|15","|","|switch|p2a: Erza|Gardevoir, F, shiny|195/277 brn","|-ability|p2a: Erza|Prankster|[from] ability: Trace|[of] p1a: Sableye","|move|p1a: Sableye|Foul Play|p2a: Erza","|-damage|p2a: Erza|102/277 brn","|","|-damage|p2a: Erza|68/277 brn|[from] brn","|turn|16","|","|move|p1a: Sableye|Confuse Ray|p2a: Erza","|-start|p2a: Erza|confusion","|-activate|p2a: Erza|confusion","|-damage|p2a: Erza|52/277 brn|[from] confusion","|","|-damage|p2a: Erza|18/277 brn|[from] brn","|turn|17","|","|switch|p1a: Aegislash|Aegislash, M|303/323","|-damage|p1a: Aegislash|283/323|[from] Stealth Rock","|-activate|p2a: Erza|confusion","|move|p2a: Erza|Moonblast|p1a: Aegislash","|-resisted|p1a: Aegislash","|-damage|p1a: Aegislash|226/323","|","|-damage|p2a: Erza|0 fnt|[from] brn","|faint|p2a: Erza","|","|switch|p2a: GuanyinBodhisattva|Hoopa-Unbound|302/302","|turn|18","|","|move|p2a: GuanyinBodhisattva|Hyperspace Fury|p1a: Aegislash","|-supereffective|p1a: Aegislash","|-damage|p1a: Aegislash|0 fnt","|-unboost|p2a: GuanyinBodhisattva|def|1","|-damage|p2a: GuanyinBodhisattva|272/302|[from] item: Life Orb","|faint|p1a: Aegislash","|","|","|switch|p1a: Sableye|Sableye, M|229/303","|-damage|p1a: Sableye|192/303|[from] Stealth Rock","|turn|19","|","|switch|p2a: Mogamett|Alakazam, M|251/251","|move|p1a: Sableye|Will-O-Wisp|p2a: Mogamett","|-status|p2a: Mogamett|brn","|","|turn|20","|","|move|p1a: Sableye|Confuse Ray|p2a: Mogamett","|-start|p2a: Mogamett|confusion","|-activate|p2a: Mogamett|confusion","|-damage|p2a: Mogamett|235/251 brn|[from] confusion","|","|turn|21","|","|-activate|p2a: Mogamett|confusion","|move|p2a: Mogamett|Encore|p1a: Sableye","|-start|p1a: Sableye|Encore","|move|p1a: Sableye|Confuse Ray|p2a: Mogamett","|-fail|p2a: Mogamett","|","|turn|22","|","|switch|p1a: Dusknoir|Dusknoir, M|293/293","|-damage|p1a: Dusknoir|257/293|[from] Stealth Rock","|-ability|p1a: Dusknoir|Pressure","|detailschange|p2a: Mogamett|Alakazam-Mega, M","|-mega|p2a: Mogamett|Alakazam|Alakazite","|-ability|p2a: Mogamett|Pressure|[from] ability: Trace|[of] p1a: Dusknoir","|-ability|p2a: Mogamett|Pressure","|-end|p2a: Mogamett|confusion","|move|p2a: Mogamett|Shadow Ball|p1a: Dusknoir","|-supereffective|p1a: Dusknoir","|-damage|p1a: Dusknoir|59/293","|","|-heal|p1a: Dusknoir|77/293|[from] item: Leftovers","|-damage|p2a: Mogamett|204/251 brn|[from] brn","|turn|23","|","|move|p1a: Dusknoir|Shadow Sneak|p2a: Mogamett","|-supereffective|p2a: Mogamett","|-damage|p2a: Mogamett|10/251 brn","|move|p2a: Mogamett|Shadow Ball|p1a: Dusknoir","|-supereffective|p1a: Dusknoir","|-damage|p1a: Dusknoir|0 fnt","|faint|p1a: Dusknoir","|","|-damage|p2a: Mogamett|0 fnt|[from] brn","|faint|p2a: Mogamett","|","|switch|p2a: GuanyinBodhisattva|Hoopa-Unbound|272/302","|switch|p1a: Banette|Banette, F|331/331","|-damage|p1a: Banette|290/331|[from] Stealth Rock","|turn|24","|","|detailschange|p1a: Banette|Banette-Mega, F","|-mega|p1a: Banette|Banette|Banettite","|move|p2a: GuanyinBodhisattva|Hyperspace Fury|p1a: Banette","|-supereffective|p1a: Banette","|-damage|p1a: Banette|0 fnt","|-unboost|p2a: GuanyinBodhisattva|def|1","|-damage|p2a: GuanyinBodhisattva|242/302|[from] item: Life Orb","|faint|p1a: Banette","|","|","|switch|p1a: Sableye|Sableye, M|192/303","|-damage|p1a: Sableye|155/303|[from] Stealth Rock","|turn|25","|","|move|p1a: Sableye|Confuse Ray|p2a: GuanyinBodhisattva","|-start|p2a: GuanyinBodhisattva|confusion","|-activate|p2a: GuanyinBodhisattva|confusion","|-damage|p2a: GuanyinBodhisattva|81/302|[from] confusion","|","|turn|26","|","|move|p1a: Sableye|Will-O-Wisp|p2a: GuanyinBodhisattva","|-status|p2a: GuanyinBodhisattva|brn","|-activate|p2a: GuanyinBodhisattva|confusion","|-damage|p2a: GuanyinBodhisattva|4/302 brn|[from] confusion","|","|-damage|p2a: GuanyinBodhisattva|0 fnt|[from] brn","|faint|p2a: GuanyinBodhisattva","|","|switch|p2a: Panzer|Metagross, shiny|363/363","|turn|27","|","|move|p1a: Sableye|Will-O-Wisp|p2a: Panzer","|-status|p2a: Panzer|brn","|move|p2a: Panzer|Meteor Mash|p1a: Sableye","|-damage|p1a: Sableye|41/303","|","|-damage|p2a: Panzer|318/363 brn|[from] brn","|turn|28","|","|move|p2a: Panzer|Bullet Punch|p1a: Sableye","|-damage|p1a: Sableye|0 fnt","|faint|p1a: Sableye","|","|-damage|p2a: Panzer|273/363 brn|[from] brn","|","|switch|p1a: Jellicent|Jellicent, M|403/403","|-damage|p1a: Jellicent|353/403|[from] Stealth Rock","|turn|29","|","|move|p2a: Panzer|Meteor Mash|p1a: Jellicent","|-resisted|p1a: Jellicent","|-damage|p1a: Jellicent|293/403","|move|p1a: Jellicent|Substitute|p1a: Jellicent","|-start|p1a: Jellicent|Substitute","|-damage|p1a: Jellicent|193/403","|","|-heal|p1a: Jellicent|218/403|[from] item: Leftovers","|-damage|p2a: Panzer|228/363 brn|[from] brn","|turn|30","|","|move|p2a: Panzer|Earthquake|p1a: Jellicent","|-activate|p1a: Jellicent|Substitute|[damage]","|move|p1a: Jellicent|Shadow Ball|p2a: Panzer","|-supereffective|p2a: Panzer","|-damage|p2a: Panzer|84/363 brn","|","|-heal|p1a: Jellicent|243/403|[from] item: Leftovers","|-damage|p2a: Panzer|39/363 brn|[from] brn","|turn|31","|","|move|p2a: Panzer|Earthquake|p1a: Jellicent","|-end|p1a: Jellicent|Substitute","|move|p1a: Jellicent|Substitute|p1a: Jellicent","|-start|p1a: Jellicent|Substitute","|-damage|p1a: Jellicent|143/403","|","|-heal|p1a: Jellicent|168/403|[from] item: Leftovers","|-damage|p2a: Panzer|0 fnt|[from] brn","|faint|p2a: Panzer","|","|switch|p2a: Gothitelle|Gothitelle, F|226/301 brn","|turn|32","|","|move|p2a: Gothitelle|Calm Mind|p2a: Gothitelle","|-boost|p2a: Gothitelle|spa|1","|-boost|p2a: Gothitelle|spd|1","|move|p1a: Jellicent|Shadow Ball|p2a: Gothitelle","|-supereffective|p2a: Gothitelle","|-damage|p2a: Gothitelle|122/301 brn","|","|-heal|p1a: Jellicent|193/403|[from] item: Leftovers","|-damage|p2a: Gothitelle|85/301 brn|[from] brn","|turn|33","|","|move|p2a: Gothitelle|Rest|p2a: Gothitelle","|-status|p2a: Gothitelle|slp","|-heal|p2a: Gothitelle|301/301 slp|[silent]","|-status|p2a: Gothitelle|slp|[from] move: Rest","|move|p1a: Jellicent|Shadow Ball|p2a: Gothitelle","|-supereffective|p2a: Gothitelle","|-damage|p2a: Gothitelle|191/301 slp","|","|-heal|p1a: Jellicent|218/403|[from] item: Leftovers","|turn|34","|","|cant|p2a: Gothitelle|slp","|move|p1a: Jellicent|Shadow Ball|p2a: Gothitelle","|-supereffective|p2a: Gothitelle","|-damage|p2a: Gothitelle|77/301 slp","|","|-heal|p1a: Jellicent|243/403|[from] item: Leftovers","|turn|35","|","|win|Traine✘ Chief"],"p1rating":{"entryid":"7268014","serverid":"eos","formatid":"monotype","userid":"trainechief","username":"Traine✘ Chief","w":16,"l":"10","t":"0","gxe":56.9,"r":"1542.9571160461","rd":"65.412448499082","sigma":"0","rptime":"1438506000","rpr":1552.7531386711,"rprd":64.45599173542,"rpsigma":"0","acre":1187.820576199,"lacre":1187.820576199,"oldacre":"1169.1269719262"},"p2rating":{"entryid":"7348331","serverid":"eos","formatid":"monotype","userid":"wrathrex","username":"Wrath Rex","w":"2","l":1,"t":"0","gxe":53,"r":"1500","rd":"130","sigma":"0","rptime":"1438506000","rpr":1523.592726509,"rprd":110.35484913466,"rpsigma":"0","acre":1063.1509547206,"lacre":1063.1509547206,"oldacre":"1079.5509616042"},"endType":"forfeit"}