{"seed":[47940,59410,8456,64701],"turns":27,"p1":"Alliance - Mxy","p2":"Messing Saurus","p1team":[{"name":"Gengar","species":"Gengar","item":"choicescarf","ability":"Levitate","moves":["shadowball","sludgewave","focusblast","destinybond"],"nature":"Timid","evs":{"hp":0,"atk":0,"def":0,"spa":252,"spd":4,"spe":252},"ivs":{"hp":31,"atk":31,"def":31,"spa":31,"spd":31,"spe":31}},{"name":"Beedrill","species":"Beedrill","item":"beedrillite","ability":"Swarm","moves":["uturn","poisonjab","drillrun","protect"],"nature":"Jolly","evs":{"hp":0,"atk":252,"def":0,"spa":0,"spd":4,"spe":252},"ivs":{"hp":31,"atk":31,"def":31,"spa":31,"spd":31,"spe":31}},{"name":"Venusaur","species":"Venusaur","item":"venusaurite","ability":"Overgrow","moves":["synthesis","gigadrain","sludgebomb","hiddenpowerfire"],"nature":"Bold","evs":{"hp":248,"atk":0,"def":160,"spa":20,"spd":80,"spe":0},"ivs":{"hp":31,"atk":30,"def":31,"spa":30,"spd":31,"spe":30}},{"name":"Nidoqueen","species":"Nidoqueen","item":"airballoon","ability":"Sheer Force","moves":["stealthrock","fireblast","earthpower","icebeam"],"nature":"Bold","evs":{"hp":248,"atk":0,"def":108,"spa":152,"spd":0,"spe":0},"ivs":{"hp":31,"atk":31,"def":31,"spa":31,"spd":31,"spe":31}},{"name":"Tentacruel","species":"Tentacruel","item":"blacksludge","ability":"Liquid Ooze","moves":["scald","rapidspin","toxic","knockoff"],"nature":"Timid","evs":{"hp":248,"atk":0,"def":0,"spa":0,"spd":8,"spe":252},"ivs":{"hp":31,"atk":31,"def":31,"spa":31,"spd":31,"spe":31}},{"name":"Scolipede","species":"Scolipede","item":"lifeorb","ability":"Speed Boost","moves":["xscissor","superpower","rockslide","protect"],"nature":"Jolly","evs":{"hp":0,"atk":252,"def":0,"spa":0,"spd":4,"spe":252},"shiny":true,"ivs":{"hp":31,"atk":31,"def":31,"spa":31,"spd":31,"spe":31}}],"p2team":[{"name":"Latias","species":"Latias","item":"latiasite","ability":"Levitate","moves":["thunderwave","psyshock","recover","dragonpulse"],"nature":"Timid","evs":{"hp":248,"atk":0,"def":68,"spa":0,"spd":0,"spe":192},"ivs":{"hp":31,"atk":31,"def":31,"spa":31,"spd":31,"spe":31}},{"name":"Shelgon","species":"Shelgon","item":"eviolite","ability":"Rock Head","moves":["toxic","wish","protect","dragonclaw"],"nature":"Impish","evs":{"hp":248,"atk":8,"def":252,"spa":0,"spd":0,"spe":0},"gender":"M","ivs":{"hp":31,"atk":31,"def":31,"spa":31,"spd":31,"spe":31}},{"name":"Goodra","species":"Goodra","item":"assaultvest","ability":"Sap Sipper","moves":["dracometeor","fireblast","sludgebomb","dragontail"],"nature":"Modest","evs":{"hp":248,"atk":0,"def":0,"spa":252,"spd":8,"spe":0},"gender":"F","ivs":{"hp":31,"atk":31,"def":31,"spa":31,"spd":31,"spe":31}},{"name":"Kyurem-Black","species":"Kyurem-Black","item":"choicescarf","ability":"Teravolt","moves":["fusionbolt","outrage","ironhead","icebeam"],"nature":"Naive","evs":{"hp":0,"atk":252,"def":0,"spa":4,"spd":0,"spe":252},"ivs":{"hp":31,"atk":31,"def":31,"spa":31,"spd":31,"spe":31}},{"name":"Dragonite","species":"Dragonite","item":"leftovers","ability":"Multiscale","moves":["roost","dragonclaw","extremespeed","dragondance"],"nature":"Adamant","evs":{"hp":216,"atk":64,"def":0,"spa":0,"spd":228,"spe":0},"gender":"M","ivs":{"hp":31,"atk":31,"def":31,"spa":31,"spd":31,"spe":31}},{"name":"Dragalge","species":"Dragalge","item":"choicespecs","ability":"Adaptability","moves":["dracometeor","sludgewave","focusblast","dragonpulse"],"nature":"Modest","evs":{"hp":188,"atk":0,"def":0,"spa":252,"spd":0,"spe":68},"gender":"M","ivs":{"hp":31,"atk":31,"def":31,"spa":31,"spd":31,"spe":31}}],"log":["|player|p1|Alliance - Mxy|270","|player|p2|Messing Saurus|258","|gametype|singles","|gen|6","|tier|Monotype","|rated","|rule|Baton Pass Clause: Limit one Baton Passer, can't pass Spe and other stats simultaneously","|rule|Swagger Clause: Swagger is banned","|rule|Same Type Clause: Pokémon in a team must share a type","|clearpoke","|poke|p1|Gengar, M","|poke|p1|Beedrill, F","|poke|p1|Venusaur, F","|poke|p1|Nidoqueen, F","|poke|p1|Tentacruel, M","|poke|p1|Scolipede, M, shiny","|poke|p2|Latias, F","|poke|p2|Shelgon, M","|poke|p2|Goodra, F","|poke|p2|Kyurem-Black","|poke|p2|Dragonite, M","|poke|p2|Dragalge, M","|rule|Sleep Clause Mod: Limit one foe put to sleep","|rule|Species Clause: Limit one of each Pokémon","|rule|OHKO Clause: OHKO moves are banned","|rule|Moody Clause: Moody is banned","|rule|Evasion Moves Clause: Evasion moves are banned","|rule|Endless Battle Clause: Forcing endless battles is banned","|rule|HP Percentage Mod: HP is shown in percentages","|teampreview","|","|start","|switch|p1a: Beedrill|Beedrill, F|271/271","|switch|p2a: Shelgon|Shelgon, M|333/333","|turn|1","|","|move|p1a: Beedrill|U-turn|p2a: Shelgon","|-damage|p2a: Shelgon|287/333","|","|switch|p1a: Tentacruel|Tentacruel, M|363/363","|move|p2a: Shelgon|Wish|p2a: Shelgon","|","|turn|2","|","|switch|p2a: Latias|Latias, F|363/363","|move|p1a: Tentacruel|Knock Off|p2a: Latias","|-supereffective|p2a: Latias","|-damage|p2a: Latias|291/363","|","|-heal|p2a: Latias|363/363|[from] move: Wish|[wisher] Shelgon","|turn|3","|","|switch|p1a: Beedrill|Beedrill, F|271/271","|detailschange|p2a: Latias|Latias-Mega, F","|-mega|p2a: Latias|Latias|Latiasite","|move|p2a: Latias|Psyshock|p1a: Beedrill","|-supereffective|p1a: Beedrill","|-damage|p1a: Beedrill|0 fnt","|faint|p1a: Beedrill","|","|","|switch|p1a: Scolipede|Scolipede, M, shiny|261/261","|turn|4","|","|move|p1a: Scolipede|X-Scissor|p2a: Latias","|-supereffective|p2a: Latias","|-damage|p2a: Latias|111/363","|-damage|p1a: Scolipede|235/261|[from] item: Life Orb","|move|p2a: Latias|Thunder Wave|p1a: Scolipede","|-status|p1a: Scolipede|par","|","|-boost|p1a: Scolipede|spe|1|[from] ability: Speed Boost","|turn|5","|","|move|p2a: Latias|Recover|p2a: Latias","|-heal|p2a: Latias|293/363","|move|p1a: Scolipede|X-Scissor|p2a: Latias","|-supereffective|p2a: Latias","|-damage|p2a: Latias|28/363","|-damage|p1a: Scolipede|209/261 par|[from] item: Life Orb","|","|-boost|p1a: Scolipede|spe|1|[from] ability: Speed Boost","|turn|6","|","|move|p1a: Scolipede|Protect|p1a: Scolipede","|-singleturn|p1a: Scolipede|Protect","|move|p2a: Latias|Psyshock|p1a: Scolipede","|-activate|p1a: Scolipede|Protect","|","|-boost|p1a: Scolipede|spe|1|[from] ability: Speed Boost","|turn|7","|","|switch|p2a: Shelgon|Shelgon, M|287/333","|cant|p1a: Scolipede|par","|","|-boost|p1a: Scolipede|spe|1|[from] ability: Speed Boost","|turn|8","|","|move|p1a: Scolipede|X-Scissor|p2a: Shelgon","|-damage|p2a: Shelgon|219/333","|-damage|p1a: Scolipede|183/261 par|[from] item: Life Orb","|move|p2a: Shelgon|Dragon Claw|p1a: Scolipede","|-damage|p1a: Scolipede|75/261 par","|","|-boost|p1a: Scolipede|spe|1|[from] ability: Speed Boost","|turn|9","|","|move|p1a: Scolipede|X-Scissor|p2a: Shelgon","|-damage|p2a: Shelgon|148/333","|-damage|p1a: Scolipede|49/261 par|[from] item: Life Orb","|move|p2a: Shelgon|Wish|p2a: Shelgon","|","|-boost|p1a: Scolipede|spe|1|[from] ability: Speed Boost","|turn|10","|","|move|p2a: Shelgon|Protect|p2a: Shelgon","|-singleturn|p2a: Shelgon|Protect","|move|p1a: Scolipede|X-Scissor|p2a: Shelgon","|-activate|p2a: Shelgon|Protect","|","|-heal|p2a: Shelgon|314/333|[from] move: Wish|[wisher] Shelgon","|turn|11","|","|move|p1a: Scolipede|X-Scissor|p2a: Shelgon","|-damage|p2a: Shelgon|244/333","|-damage|p1a: Scolipede|23/261 par|[from] item: Life Orb","|move|p2a: Shelgon|Wish|p2a: Shelgon","|","|turn|12","|","|move|p1a: Scolipede|X-Scissor|p2a: Shelgon","|-damage|p2a: Shelgon|165/333","|-damage|p1a: Scolipede|0 fnt|[from] item: Life Orb","|faint|p1a: Scolipede","|move|p2a: Shelgon|Dragon Claw|p1: Scolipede|[notarget]","|-notarget","|","|-heal|p2a: Shelgon|331/333|[from] move: Wish|[wisher] Shelgon","|","|switch|p1a: Tentacruel|Tentacruel, M|363/363","|turn|13","|","|move|p1a: Tentacruel|Knock Off|p2a: Shelgon","|-damage|p2a: Shelgon|307/333","|-enditem|p2a: Shelgon|Eviolite|[from] move: Knock Off|[of] p1a: Tentacruel","|move|p2a: Shelgon|Wish|p2a: Shelgon","|","|turn|14","|","|switch|p2a: Latias|Latias-Mega, F|28/363","|move|p1a: Tentacruel|Toxic|p2a: Latias","|-status|p2a: Latias|tox","|","|-heal|p2a: Latias|194/363 tox|[from] move: Wish|[wisher] Shelgon","|-damage|p2a: Latias|172/363 tox|[from] psn","|turn|15","|","|move|p2a: Latias|Psyshock|p1a: Tentacruel","|-supereffective|p1a: Tentacruel","|-damage|p1a: Tentacruel|0 fnt","|faint|p1a: Tentacruel","|","|-damage|p2a: Latias|128/363 tox|[from] psn","|","|switch|p1a: Gengar|Gengar, M|261/261","|turn|16","|","|switch|p2a: Goodra|Goodra, F|383/383","|move|p1a: Gengar|Shadow Ball|p2a: Goodra","|-damage|p2a: Goodra|316/383","|","|turn|17","|","|switch|p1a: Venusaur|Venusaur, F|363/363","|move|p2a: Goodra|Draco Meteor|p1a: Venusaur","|-damage|p1a: Venusaur|171/363","|-unboost|p2a: Goodra|spa|2","|","|turn|18","|","|switch|p2a: Dragonite|Dragonite, M|377/377","|detailschange|p1a: Venusaur|Venusaur-Mega, F","|-mega|p1a: Venusaur|Venusaur|Venusaurite","|move|p1a: Venusaur|Synthesis|p1a: Venusaur","|-heal|p1a: Venusaur|352/363","|","|turn|19","|","|move|p2a: Dragonite|Dragon Dance|p2a: Dragonite","|-boost|p2a: Dragonite|atk|1","|-boost|p2a: Dragonite|spe|1","|move|p1a: Venusaur|Sludge Bomb|p2a: Dragonite","|-damage|p2a: Dragonite|325/377","|","|-heal|p2a: Dragonite|348/377|[from] item: Leftovers","|turn|20","|","|move|p2a: Dragonite|Dragon Dance|p2a: Dragonite","|-boost|p2a: Dragonite|atk|1","|-boost|p2a: Dragonite|spe|1","|move|p1a: Venusaur|Sludge Bomb|p2a: Dragonite","|-damage|p2a: Dragonite|239/377","|","|-heal|p2a: Dragonite|262/377|[from] item: Leftovers","|turn|21","|","|move|p2a: Dragonite|Roost|p2a: Dragonite","|-heal|p2a: Dragonite|377/377","|move|p1a: Venusaur|Sludge Bomb|p2a: Dragonite","|-damage|p2a: Dragonite|328/377","|","|-heal|p2a: Dragonite|351/377|[from] item: Leftovers","|turn|22","|","|move|p2a: Dragonite|Dragon Claw|p1a: Venusaur","|-damage|p1a: Venusaur|154/363","|move|p1a: Venusaur|Sludge Bomb|p2a: Dragonite","|-damage|p2a: Dragonite|252/377","|","|-heal|p2a: Dragonite|275/377|[from] item: Leftovers","|turn|23","|","|move|p2a: Dragonite|Dragon Claw|p1a: Venusaur","|-damage|p1a: Venusaur|0 fnt","|faint|p1a: Venusaur","|","|-heal|p2a: Dragonite|298/377|[from] item: Leftovers","|","|switch|p1a: Nidoqueen|Nidoqueen, F|383/383","|-item|p1a: Nidoqueen|Air Balloon","|turn|24","|","|move|p2a: Dragonite|Dragon Claw|p1a: Nidoqueen","|-damage|p1a: Nidoqueen|137/383","|-enditem|p1a: Nidoqueen|Air Balloon","|move|p1a: Nidoqueen|Ice Beam|p2a: Dragonite","|-supereffective|p2a: Dragonite","|-damage|p2a: Dragonite|30/377","|","|-heal|p2a: Dragonite|53/377|[from] item: Leftovers","|turn|25","|","|move|p2a: Dragonite|Dragon Claw|p1a: Nidoqueen","|-damage|p1a: Nidoqueen|0 fnt","|faint|p1a: Nidoqueen","|","|-heal|p2a: Dragonite|76/377|[from] item: Leftovers","|","|switch|p1a: Gengar|Gengar, M|261/261","|turn|26","|","|move|p1a: Gengar|Shadow Ball|p2a: Dragonite","|-damage|p2a: Dragonite|0 fnt","|faint|p2a: Dragonite","|","|","|switch|p2a: Goodra|Goodra, F|316/383","|turn|27","|","|move|p1a: Gengar|Shadow Ball|p2a: Goodra","|-damage|p2a: Goodra|244/383","|-unboost|p2a: Goodra|spd|1","|move|p2a: Goodra|Draco Meteor|p1a: Gengar","|-damage|p1a: Gengar|0 fnt","|-unboost|p2a: Goodra|spa|2","|faint|p1a: Gengar","|","|win|Messing Saurus"],"p1rating":{"entryid":"6690851","serverid":"eos","formatid":"monotype","userid":"alliancemxy","username":"Alliance - Mxy","w":"49","l":24,"t":"0","gxe":65.8,"r":"1644.0393263958","rd":"45.44962692908","sigma":"0","rptime":"1438506000","rpr":1623.6188417973,"rprd":44.272042149369,"rpsigma":"0","acre":1228.0866972534,"lacre":1228.0866972534,"oldacre":"1265.6883913494"},"p2rating":{"entryid":"7319139","serverid":"eos","formatid":"monotype","userid":"messingsaurus","username":"Messing Saurus","w":3,"l":"1","t":"0","gxe":59.6,"r":"1456.1269543937","rd":"121.87183785752","sigma":"0","rptime":"1438506000","rpr":1576.4862219356,"rprd":107.0856966278,"rpsigma":"0","acre":1116.6547321465,"lacre":1116.6547321465,"oldacre":"1072.9503655765"},"endType":"normal"}