{"seed":[40066,34217,44972,26992],"turns":21,"p1":"Pikapig123","p2":"Guard Wulf","p1team":[{"name":"Ayon","species":"terrakion","item":"choicescarf","ability":"Justified","moves":["earthquake","ironhead","sacredsword","roar"],"nature":"","evs":{"hp":252,"atk":0,"def":0,"spa":4,"spd":0,"spe":252},"ivs":{"hp":31,"atk":31,"def":31,"spa":31,"spd":31,"spe":31}},{"name":"Ichigo","species":"keldeoresolute","item":"choicescarf","ability":"Justified","moves":["secretsword","hydropump","hiddenpowerground","icywind"],"nature":"Timid","evs":{"hp":4,"atk":0,"def":0,"spa":252,"spd":0,"spe":252},"ivs":{"hp":31,"atk":31,"def":31,"spa":30,"spd":30,"spe":31}},{"name":"Orihime Inoue","species":"breloom","item":"focussash","ability":"Technician","moves":["bulletseed","spore","swordsdance","machpunch"],"nature":"Jolly","evs":{"hp":4,"atk":252,"def":0,"spa":0,"spd":0,"spe":252},"ivs":{"hp":31,"atk":31,"def":31,"spa":31,"spd":31,"spe":31}},{"name":"Gin Ichimaru","species":"heracross","item":"choicescarf","ability":"Moxie","moves":["megahorn","closecombat","stoneedge","aerialace"],"nature":"Jolly","evs":{"hp":4,"atk":252,"def":0,"spa":0,"spd":0,"spe":252},"gender":"F","ivs":{"hp":31,"atk":31,"def":31,"spa":31,"spd":31,"spe":31}},{"name":"Yasutora Sado","species":"medicham","item":"medichamite","ability":"Pure Power","moves":["fakeout","drainpunch","icepunch","bulletpunch"],"nature":"Adamant","evs":{"hp":0,"atk":0,"def":4,"spa":0,"spd":252,"spe":252},"ivs":{"hp":31,"atk":31,"def":31,"spa":31,"spd":31,"spe":31}},{"name":"Jidanbō Ikkanzaka","species":"emboar","item":"airballoon","ability":"Reckless","moves":["brickbreak","earthquake","fireblast","grassknot"],"nature":"","evs":{"hp":0,"atk":0,"def":4,"spa":0,"spd":252,"spe":252},"shiny":true,"ivs":{"hp":31,"atk":31,"def":31,"spa":31,"spd":31,"spe":31}}],"p2team":[{"name":"Hippowdon","species":"Hippowdon","item":"leftovers","ability":"Sand Stream","moves":["stealthrock","slackoff","icefang","toxic"],"nature":"Impish","evs":{"hp":252,"atk":4,"def":252,"spa":0,"spd":0,"spe":0},"ivs":{"hp":31,"atk":31,"def":31,"spa":31,"spd":31,"spe":31}},{"name":"Excadrill","species":"Excadrill","item":"lifeorb","ability":"Sand Rush","moves":["ironhead","earthquake","rapidspin","rockslide"],"nature":"Jolly","evs":{"hp":0,"atk":252,"def":0,"spa":0,"spd":4,"spe":252},"ivs":{"hp":31,"atk":31,"def":31,"spa":31,"spd":31,"spe":31}},{"name":"Garchomp","species":"Garchomp","item":"garchompite","ability":"Sand Veil","moves":["fireblast","stoneedge","dracometeor","earthquake"],"nature":"Naive","evs":{"hp":0,"atk":52,"def":0,"spa":0,"spd":0,"spe":252},"ivs":{"hp":31,"atk":31,"def":31,"spa":31,"spd":31,"spe":31}},{"name":"Landorus","species":"Landorus","item":"lifeorb","ability":"Sheer Force","moves":["earthpower","grassknot","psychic","sludgewave"],"nature":"Timid","evs":{"hp":0,"atk":0,"def":0,"spa":252,"spd":4,"spe":252},"ivs":{"hp":31,"atk":30,"def":30,"spa":31,"spd":31,"spe":31}},{"name":"Seismitoad","species":"Seismitoad","item":"leftovers","ability":"Water Absorb","moves":["knockoff","scald","sludgewave","icepunch"],"nature":"Sassy","evs":{"hp":236,"atk":16,"def":0,"spa":4,"spd":252,"spe":0},"ivs":{"hp":31,"atk":31,"def":31,"spa":31,"spd":31,"spe":31}},{"name":"Diggersby","species":"Diggersby","item":"choicescarf","ability":"Huge Power","moves":["return","firepunch","uturn","earthquake"],"nature":"Jolly","evs":{"hp":0,"atk":252,"def":0,"spa":0,"spd":4,"spe":252},"ivs":{"hp":31,"atk":31,"def":31,"spa":31,"spd":31,"spe":31}}],"log":["|player|p1|Pikapig123|120","|player|p2|Guard Wulf|143","|gametype|singles","|gen|6","|tier|Monotype","|rated","|rule|Baton Pass Clause: Limit one Baton Passer, can't pass Spe and other stats simultaneously","|rule|Swagger Clause: Swagger is banned","|rule|Same Type Clause: Pokémon in a team must share a type","|clearpoke","|poke|p1|Terrakion","|poke|p1|Keldeo-Resolute","|poke|p1|Breloom, M","|poke|p1|Heracross, F","|poke|p1|Medicham, F","|poke|p1|Emboar, M, shiny","|poke|p2|Hippowdon, F","|poke|p2|Excadrill, F","|poke|p2|Garchomp, M","|poke|p2|Landorus, M","|poke|p2|Seismitoad, F","|poke|p2|Diggersby, F","|rule|Sleep Clause Mod: Limit one foe put to sleep","|rule|Species Clause: Limit one of each Pokémon","|rule|OHKO Clause: OHKO moves are banned","|rule|Moody Clause: Moody is banned","|rule|Evasion Moves Clause: Evasion moves are banned","|rule|Endless Battle Clause: Forcing endless battles is banned","|rule|HP Percentage Mod: HP is shown in percentages","|teampreview","|","|start","|switch|p1a: Ichigo|Keldeo-Resolute|324/324","|switch|p2a: Garchomp|Garchomp, M|357/357","|turn|1","|","|switch|p2a: Seismitoad|Seismitoad, F|410/410","|move|p1a: Ichigo|Hydro Pump|p2a: Seismitoad","|-immune|p2a: Seismitoad|[msg]","|","|turn|2","|","|switch|p1a: Orihime Inoue|Breloom, M|262/262","|move|p2a: Seismitoad|Knock Off|p1a: Orihime Inoue","|-resisted|p1a: Orihime Inoue","|-damage|p1a: Orihime Inoue|219/262","|-enditem|p1a: Orihime Inoue|Focus Sash|[from] move: Knock Off|[of] p2a: Seismitoad","|","|turn|3","|","|switch|p2a: Diggersby|Diggersby, F|311/311","|move|p1a: Orihime Inoue|Spore|p2a: Diggersby","|-status|p2a: Diggersby|slp","|","|turn|4","|","|switch|p2a: Landorus|Landorus, M|319/319","|move|p1a: Orihime Inoue|Swords Dance|p1a: Orihime Inoue","|-boost|p1a: Orihime Inoue|atk|2","|","|turn|5","|","|move|p2a: Landorus|Psychic|p1a: Orihime Inoue","|-supereffective|p1a: Orihime Inoue","|-damage|p1a: Orihime Inoue|0 fnt","|faint|p1a: Orihime Inoue","|","|","|switch|p1a: Yasutora Sado|Medicham, F|261/261","|turn|6","|","|switch|p2a: Garchomp|Garchomp, M|357/357","|detailschange|p1a: Yasutora Sado|Medicham-Mega, F","|-mega|p1a: Yasutora Sado|Medicham|Medichamite","|move|p1a: Yasutora Sado|Fake Out|p2a: Garchomp","|-damage|p2a: Garchomp|284/357","|","|turn|7","|","|detailschange|p2a: Garchomp|Garchomp-Mega, M","|-mega|p2a: Garchomp|Garchomp|Garchompite","|move|p2a: Garchomp|Draco Meteor|p1a: Yasutora Sado","|-damage|p1a: Yasutora Sado|93/261","|-unboost|p2a: Garchomp|spa|2","|move|p1a: Yasutora Sado|Ice Punch|p2a: Garchomp","|-supereffective|p2a: Garchomp","|-damage|p2a: Garchomp|0 fnt","|faint|p2a: Garchomp","|","|","|switch|p2a: Landorus|Landorus, M|319/319","|turn|8","|","|move|p2a: Landorus|Psychic|p1a: Yasutora Sado","|-damage|p1a: Yasutora Sado|0 fnt","|faint|p1a: Yasutora Sado","|","|","|switch|p1a: Gin Ichimaru|Heracross, F|302/302","|turn|9","|","|switch|p2a: Hippowdon|Hippowdon, F|420/420","|-weather|Sandstorm","|move|p1a: Gin Ichimaru|Stone Edge|p2a: Hippowdon","|-resisted|p2a: Hippowdon","|-damage|p2a: Hippowdon|386/420","|","|-weather|Sandstorm|[upkeep]","|-damage|p1a: Gin Ichimaru|284/302|[from] sandstorm","|-heal|p2a: Hippowdon|412/420|[from] item: Leftovers","|turn|10","|","|switch|p1a: Ichigo|Keldeo-Resolute|324/324","|move|p2a: Hippowdon|Toxic|p1a: Ichigo|[miss]","|-miss|p2a: Hippowdon|p1a: Ichigo","|","|-weather|Sandstorm|[upkeep]","|-damage|p1a: Ichigo|304/324|[from] sandstorm","|-heal|p2a: Hippowdon|420/420|[from] item: Leftovers","|turn|11","|","|switch|p2a: Seismitoad|Seismitoad, F|410/410","|move|p1a: Ichigo|Icy Wind|p2a: Seismitoad","|-damage|p2a: Seismitoad|355/410","|-unboost|p2a: Seismitoad|spe|1","|","|-weather|Sandstorm|[upkeep]","|-damage|p1a: Ichigo|284/324|[from] sandstorm","|-heal|p2a: Seismitoad|380/410|[from] item: Leftovers","|turn|12","|","|move|p1a: Ichigo|Icy Wind|p2a: Seismitoad","|-damage|p2a: Seismitoad|325/410","|-unboost|p2a: Seismitoad|spe|1","|move|p2a: Seismitoad|Knock Off|p1a: Ichigo","|-resisted|p1a: Ichigo","|-damage|p1a: Ichigo|242/324","|-boost|p1a: Ichigo|atk|1|[from] ability: Justified","|-enditem|p1a: Ichigo|Choice Scarf|[from] move: Knock Off|[of] p2a: Seismitoad","|","|-weather|Sandstorm|[upkeep]","|-damage|p1a: Ichigo|222/324|[from] sandstorm","|-heal|p2a: Seismitoad|350/410|[from] item: Leftovers","|turn|13","|","|move|p1a: Ichigo|Secret Sword|p2a: Seismitoad","|-damage|p2a: Seismitoad|164/410","|move|p2a: Seismitoad|Sludge Wave|p1a: Ichigo","|-damage|p1a: Ichigo|156/324","|","|-weather|none","|-heal|p2a: Seismitoad|189/410|[from] item: Leftovers","|turn|14","|","|move|p1a: Ichigo|Secret Sword|p2a: Seismitoad","|-damage|p2a: Seismitoad|0 fnt","|faint|p2a: Seismitoad","|","|","|switch|p2a: Hippowdon|Hippowdon, F|420/420","|-weather|Sandstorm","|turn|15","|","|move|p1a: Ichigo|Hydro Pump|p2a: Hippowdon","|-supereffective|p2a: Hippowdon","|-damage|p2a: Hippowdon|0 fnt","|faint|p2a: Hippowdon","|","|-weather|Sandstorm|[upkeep]","|-damage|p1a: Ichigo|136/324|[from] sandstorm","|","|switch|p2a: Excadrill|Excadrill, F|361/361","|turn|16","|","|move|p2a: Excadrill|Earthquake|p1a: Ichigo","|-damage|p1a: Ichigo|0 fnt","|-damage|p2a: Excadrill|325/361|[from] item: Life Orb","|faint|p1a: Ichigo","|","|-weather|Sandstorm|[upkeep]","|","|switch|p1a: Ayon|Terrakion|386/386","|turn|17","|","|move|p2a: Excadrill|Earthquake|p1a: Ayon","|-supereffective|p1a: Ayon","|-damage|p1a: Ayon|0 fnt","|-damage|p2a: Excadrill|289/361|[from] item: Life Orb","|faint|p1a: Ayon","|","|-weather|Sandstorm|[upkeep]","|","|switch|p1a: Gin Ichimaru|Heracross, F|284/302","|turn|18","|","|switch|p2a: Diggersby|Diggersby, F|311/311 slp","|move|p1a: Gin Ichimaru|Close Combat|p2a: Diggersby","|-supereffective|p2a: Diggersby","|-damage|p2a: Diggersby|0 fnt","|-unboost|p1a: Gin Ichimaru|def|1","|-unboost|p1a: Gin Ichimaru|spd|1","|faint|p2a: Diggersby","|-boost|p1a: Gin Ichimaru|atk|1|[from] ability: Moxie","|","|-weather|Sandstorm|[upkeep]","|-damage|p1a: Gin Ichimaru|266/302|[from] sandstorm","|","|switch|p2a: Landorus|Landorus, M|319/319","|turn|19","|","|move|p1a: Gin Ichimaru|Close Combat|p2a: Landorus","|-resisted|p2a: Landorus","|-damage|p2a: Landorus|163/319","|-unboost|p1a: Gin Ichimaru|def|1","|-unboost|p1a: Gin Ichimaru|spd|1","|move|p2a: Landorus|Psychic|p1a: Gin Ichimaru","|-supereffective|p1a: Gin Ichimaru","|-damage|p1a: Gin Ichimaru|0 fnt","|faint|p1a: Gin Ichimaru","|","|-weather|none","|","|switch|p1a: Jidanbō Ikkanzaka|Emboar, M, shiny|361/361","|-item|p1a: Jidanbō Ikkanzaka|Air Balloon","|turn|20","|","|move|p2a: Landorus|Psychic|p1a: Jidanbō Ikkanzaka","|-supereffective|p1a: Jidanbō Ikkanzaka","|-damage|p1a: Jidanbō Ikkanzaka|31/361","|-enditem|p1a: Jidanbō Ikkanzaka|Air Balloon","|move|p1a: Jidanbō Ikkanzaka|Grass Knot|p2a: Landorus","|-damage|p2a: Landorus|87/319","|","|turn|21","|","|move|p2a: Landorus|Earth Power|p1a: Jidanbō Ikkanzaka","|-supereffective|p1a: Jidanbō Ikkanzaka","|-damage|p1a: Jidanbō Ikkanzaka|0 fnt","|faint|p1a: Jidanbō Ikkanzaka","|","|win|Guard Wulf"],"p1rating":{"entryid":"7062191","serverid":"eos","formatid":"monotype","userid":"pikapig123","username":"Pikapig123","w":"4","l":9,"t":"0","gxe":38.6,"r":1423.6601348428,"rd":85.68219025745,"sigma":"0","rptime":1438506000,"rpr":1410.3141131494,"rprd":83.679455507408,"rpsigma":"0","acre":1044.6990168504,"lacre":1044.6990168504,"oldacre":"1062.2174504425"},"p2rating":{"entryid":"7326062","serverid":"eos","formatid":"monotype","userid":"guardwulf","username":"Guard Wulf","w":5,"l":"3","t":"0","gxe":55.6,"r":"1534.8437477412","rd":"122.05777227973","sigma":"0","rptime":"1438506000","rpr":1543.6574420662,"rprd":91.510487736554,"rpsigma":"0","acre":1118.2620750166,"lacre":1118.2620750166,"oldacre":"1094.9172177726"},"endType":"normal"}