{"seed":[53615,18487,55356,42718],"turns":27,"p1":"MrNyanNyanz","p2":"Rain ☆ Suichika","p1team":[{"name":"Skarmory","species":"Skarmory","item":"rockyhelmet","ability":"Sturdy","moves":["defog","stealthrock","bravebird","roost"],"nature":"Impish","evs":{"hp":248,"atk":0,"def":236,"spa":0,"spd":0,"spe":24},"ivs":{"hp":31,"atk":31,"def":31,"spa":31,"spd":31,"spe":31}},{"name":"Ferrothorn","species":"Ferrothorn","item":"chestoberry","ability":"Iron Barbs","moves":["rest","curse","toxic","powerwhip"],"nature":"Careful","evs":{"hp":248,"atk":8,"def":0,"spa":0,"spd":252,"spe":0},"ivs":{"hp":31,"atk":31,"def":31,"spa":31,"spd":31,"spe":31}},{"name":"Heatran","species":"Heatran","item":"leftovers","ability":"Flash Fire","moves":["toxic","roar","earthpower","lavaplume"],"nature":"Calm","evs":{"hp":252,"atk":0,"def":0,"spa":4,"spd":252,"spe":0},"ivs":{"hp":31,"atk":31,"def":31,"spa":31,"spd":31,"spe":31}},{"name":"Magnezone","species":"Magnezone","item":"choicescarf","ability":"Sturdy","moves":["thunderbolt","voltswitch","flashcannon","hiddenpowerice"],"nature":"Timid","evs":{"hp":0,"atk":0,"def":0,"spa":252,"spd":4,"spe":252},"ivs":{"hp":31,"atk":30,"def":30,"spa":31,"spd":31,"spe":31}},{"name":"Bisharp","species":"Bisharp","item":"focussash","ability":"Defiant","moves":["suckerpunch","swordsdance","knockoff","ironhead"],"nature":"Adamant","evs":{"hp":248,"atk":252,"def":0,"spa":0,"spd":8,"spe":0},"ivs":{"hp":31,"atk":31,"def":31,"spa":31,"spd":31,"spe":31}},{"name":"Jirachi","species":"Jirachi","item":"choicescarf","ability":"Serene Grace","moves":["uturn","playrough","heartstamp","ironhead"],"nature":"Jolly","evs":{"hp":0,"atk":252,"def":0,"spa":0,"spd":4,"spe":252},"ivs":{"hp":31,"atk":31,"def":31,"spa":31,"spd":31,"spe":31}}],"p2team":[{"name":"Muhammad ashroom","species":"breloom","item":"focussash","ability":"Technician","moves":["spore","bulletseed","rocktomb","machpunch"],"nature":"Jolly","evs":{"hp":4,"atk":252,"def":0,"spa":0,"spd":0,"spe":252},"ivs":{"hp":31,"atk":31,"def":31,"spa":31,"spd":31,"spe":31}},{"name":"Platasaurus-rex","species":"venusaur","item":"venusaurite","ability":"Chlorophyll","moves":["synthesis","hiddenpowerice","gigadrain","sleeppowder"],"nature":"Modest","evs":{"hp":252,"atk":0,"def":0,"spa":252,"spd":0,"spe":4},"ivs":{"hp":31,"atk":30,"def":30,"spa":31,"spd":31,"spe":31}},{"name":"Vileplume's sister","species":"roserade","item":"choicescarf","ability":"Technician","moves":["hiddenpowerground","extrasensory","sludgebomb","shadowball"],"nature":"Timid","evs":{"hp":4,"atk":0,"def":0,"spa":252,"spd":0,"spe":252},"ivs":{"hp":31,"atk":31,"def":31,"spa":30,"spd":30,"spe":31}},{"name":"Celery the onion","species":"celebi","item":"lifeorb","ability":"Natural Cure","moves":["gigadrain","suckerpunch","ancientpower","zenheadbutt"],"nature":"Hasty","evs":{"hp":0,"atk":200,"def":0,"spa":56,"spd":0,"spe":252},"ivs":{"hp":31,"atk":31,"def":31,"spa":31,"spd":31,"spe":31}},{"name":"Iron Durian","species":"ferrothorn","item":"occaberry","ability":"Iron Barbs","moves":["stealthrock","knockoff","thunderwave","gyroball"],"nature":"Impish","evs":{"hp":252,"atk":0,"def":88,"spa":0,"spd":168,"spe":0},"ivs":{"hp":31,"atk":31,"def":31,"spa":31,"spd":31,"spe":31}},{"name":"liligant wannabe","species":"bellossom","item":"weaknesspolicy","ability":"Chlorophyll","moves":["gigadrain","hiddenpowerfire","moonblast","leafstorm"],"nature":"Modest","evs":{"hp":116,"atk":0,"def":0,"spa":252,"spd":0,"spe":140},"ivs":{"hp":31,"atk":30,"def":31,"spa":30,"spd":31,"spe":30}}],"log":["|player|p1|MrNyanNyanz|mrnyannyanz.png","|player|p2|Rain ☆ Suichika|rainsuichika.png","|gametype|singles","|gen|6","|tier|Monotype","|rated","|rule|Baton Pass Clause: Limit one Baton Passer, can't pass Spe and other stats simultaneously","|rule|Swagger Clause: Swagger is banned","|rule|Same Type Clause: Pokémon in a team must share a type","|clearpoke","|poke|p1|Skarmory, M","|poke|p1|Ferrothorn, M","|poke|p1|Heatran, F","|poke|p1|Magnezone","|poke|p1|Bisharp, F","|poke|p1|Jirachi","|poke|p2|Breloom, F","|poke|p2|Venusaur, M","|poke|p2|Roserade, F","|poke|p2|Celebi","|poke|p2|Ferrothorn, M","|poke|p2|Bellossom, F","|rule|Sleep Clause Mod: Limit one foe put to sleep","|rule|Species Clause: Limit one of each Pokémon","|rule|OHKO Clause: OHKO moves are banned","|rule|Moody Clause: Moody is banned","|rule|Evasion Moves Clause: Evasion moves are banned","|rule|Endless Battle Clause: Forcing endless battles is banned","|rule|HP Percentage Mod: HP is shown in percentages","|teampreview","|","|start","|switch|p1a: Jirachi|Jirachi|341/341","|switch|p2a: liligant wannabe|Bellossom, F|320/320","|turn|1","|","|move|p1a: Jirachi|U-turn|p2a: liligant wannabe","|-supereffective|p2a: liligant wannabe","|-damage|p2a: liligant wannabe|186/320","|-enditem|p2a: liligant wannabe|Weakness Policy","|-boost|p2a: liligant wannabe|atk|2|[from] item: Weakness Policy","|-boost|p2a: liligant wannabe|spa|2|[from] item: Weakness Policy","|","|switch|p1a: Skarmory|Skarmory, M|333/333","|move|p2a: liligant wannabe|Hidden Power|p1a: Skarmory","|-supereffective|p1a: Skarmory","|-ability|p1a: Skarmory|Sturdy","|-damage|p1a: Skarmory|1/333","|","|turn|2","|","|move|p1a: Skarmory|Stealth Rock|p2a: liligant wannabe","|-sidestart|p2: Rain ☆ Suichika|move: Stealth Rock","|move|p2a: liligant wannabe|Giga Drain|p1a: Skarmory","|-resisted|p1a: Skarmory","|-damage|p1a: Skarmory|0 fnt","|-heal|p2a: liligant wannabe|187/320|[from] drain|[of] p1a: Skarmory","|faint|p1a: Skarmory","|","|","|switch|p1a: Jirachi|Jirachi|341/341","|turn|3","|","|move|p1a: Jirachi|Iron Head|p2a: liligant wannabe","|-damage|p2a: liligant wannabe|63/320","|move|p2a: liligant wannabe|Giga Drain|p1a: Jirachi","|-resisted|p1a: Jirachi","|-damage|p1a: Jirachi|229/341","|-heal|p2a: liligant wannabe|119/320|[from] drain|[of] p1a: Jirachi","|","|turn|4","|","|move|p1a: Jirachi|Iron Head|p2a: liligant wannabe","|-damage|p2a: liligant wannabe|0 fnt","|faint|p2a: liligant wannabe","|","|","|switch|p2a: Iron Durian|Ferrothorn, M|352/352","|-damage|p2a: Iron Durian|330/352|[from] Stealth Rock","|turn|5","|","|switch|p1a: Heatran|Heatran, F|386/386","|move|p2a: Iron Durian|Knock Off|p1a: Heatran","|-damage|p1a: Heatran|314/386","|-enditem|p1a: Heatran|Leftovers|[from] move: Knock Off|[of] p2a: Iron Durian","|","|turn|6","|","|move|p1a: Heatran|Lava Plume|p2a: Iron Durian","|-supereffective|p2a: Iron Durian","|-enditem|p2a: Iron Durian|Occa Berry|[eat]","|-damage|p2a: Iron Durian|138/352","|-status|p2a: Iron Durian|brn","|move|p2a: Iron Durian|Thunder Wave|p1a: Heatran","|-status|p1a: Heatran|par","|","|-damage|p2a: Iron Durian|94/352 brn|[from] brn","|turn|7","|","|move|p2a: Iron Durian|Stealth Rock|p1a: Heatran","|-sidestart|p1: MrNyanNyanz|move: Stealth Rock","|move|p1a: Heatran|Lava Plume|p2a: Iron Durian","|-supereffective|p2a: Iron Durian","|-damage|p2a: Iron Durian|0 fnt","|faint|p2a: Iron Durian","|","|","|switch|p2a: Vileplume's sister|Roserade, F|262/262","|-damage|p2a: Vileplume's sister|230/262|[from] Stealth Rock","|turn|8","|","|switch|p1a: Jirachi|Jirachi|229/341","|-damage|p1a: Jirachi|208/341|[from] Stealth Rock","|move|p2a: Vileplume's sister|Hidden Power|p1a: Jirachi","|-supereffective|p1a: Jirachi","|-damage|p1a: Jirachi|0 fnt","|faint|p1a: Jirachi","|","|","|switch|p1a: Bisharp|Bisharp, F|333/333","|-damage|p1a: Bisharp|313/333|[from] Stealth Rock","|turn|9","|","|move|p2a: Vileplume's sister|Hidden Power|p1a: Bisharp","|-supereffective|p1a: Bisharp","|-damage|p1a: Bisharp|37/333","|move|p1a: Bisharp|Knock Off|p2a: Vileplume's sister","|-damage|p2a: Vileplume's sister|0 fnt","|-enditem|p2a: Vileplume's sister|Choice Scarf|[from] move: Knock Off|[of] p1a: Bisharp","|faint|p2a: Vileplume's sister","|","|","|switch|p2a: Platasaurus-rex|Venusaur, M|364/364","|-damage|p2a: Platasaurus-rex|319/364|[from] Stealth Rock","|turn|10","|","|detailschange|p2a: Platasaurus-rex|Venusaur-Mega, M","|-mega|p2a: Platasaurus-rex|Venusaur|Venusaurite","|move|p2a: Platasaurus-rex|Giga Drain|p1a: Bisharp","|-resisted|p1a: Bisharp","|-damage|p1a: Bisharp|0 fnt","|-heal|p2a: Platasaurus-rex|338/364|[from] drain|[of] p1a: Bisharp","|faint|p1a: Bisharp","|","|","|switch|p1a: Heatran|Heatran, F|314/386 par","|-damage|p1a: Heatran|266/386 par|[from] Stealth Rock","|turn|11","|","|move|p2a: Platasaurus-rex|Giga Drain|p1a: Heatran","|-resisted|p1a: Heatran","|-damage|p1a: Heatran|243/386 par","|-heal|p2a: Platasaurus-rex|350/364|[from] drain|[of] p1a: Heatran","|move|p1a: Heatran|Lava Plume|p2a: Platasaurus-rex","|-supereffective|p2a: Platasaurus-rex","|-damage|p2a: Platasaurus-rex|246/364","|-status|p2a: Platasaurus-rex|brn","|","|-damage|p2a: Platasaurus-rex|201/364 brn|[from] brn","|turn|12","|","|move|p2a: Platasaurus-rex|Giga Drain|p1a: Heatran","|-resisted|p1a: Heatran","|-damage|p1a: Heatran|219/386 par","|-heal|p2a: Platasaurus-rex|213/364 brn|[from] drain|[of] p1a: Heatran","|move|p1a: Heatran|Lava Plume|p2a: Platasaurus-rex","|-supereffective|p2a: Platasaurus-rex","|-damage|p2a: Platasaurus-rex|115/364 brn","|","|-damage|p2a: Platasaurus-rex|70/364 brn|[from] brn","|turn|13","|","|move|p2a: Platasaurus-rex|Synthesis|p2a: Platasaurus-rex","|-heal|p2a: Platasaurus-rex|252/364 brn","|cant|p1a: Heatran|par","|","|-damage|p2a: Platasaurus-rex|207/364 brn|[from] brn","|turn|14","|","|move|p2a: Platasaurus-rex|Giga Drain|p1a: Heatran","|-resisted|p1a: Heatran","|-damage|p1a: Heatran|196/386 par","|-heal|p2a: Platasaurus-rex|219/364 brn|[from] drain|[of] p1a: Heatran","|move|p1a: Heatran|Lava Plume|p2a: Platasaurus-rex","|-supereffective|p2a: Platasaurus-rex","|-damage|p2a: Platasaurus-rex|123/364 brn","|","|-damage|p2a: Platasaurus-rex|78/364 brn|[from] brn","|turn|15","|","|move|p2a: Platasaurus-rex|Synthesis|p2a: Platasaurus-rex","|-heal|p2a: Platasaurus-rex|260/364 brn","|cant|p1a: Heatran|par","|","|-damage|p2a: Platasaurus-rex|215/364 brn|[from] brn","|turn|16","|","|move|p2a: Platasaurus-rex|Giga Drain|p1a: Heatran","|-resisted|p1a: Heatran","|-damage|p1a: Heatran|172/386 par","|-heal|p2a: Platasaurus-rex|227/364 brn|[from] drain|[of] p1a: Heatran","|cant|p1a: Heatran|par","|","|-damage|p2a: Platasaurus-rex|182/364 brn|[from] brn","|turn|17","|","|move|p2a: Platasaurus-rex|Synthesis|p2a: Platasaurus-rex","|-heal|p2a: Platasaurus-rex|364/364 brn","|cant|p1a: Heatran|par","|","|-damage|p2a: Platasaurus-rex|319/364 brn|[from] brn","|turn|18","|","|move|p2a: Platasaurus-rex|Giga Drain|p1a: Heatran","|-resisted|p1a: Heatran","|-damage|p1a: Heatran|150/386 par","|-heal|p2a: Platasaurus-rex|330/364 brn|[from] drain|[of] p1a: Heatran","|move|p1a: Heatran|Lava Plume|p2a: Platasaurus-rex","|-supereffective|p2a: Platasaurus-rex","|-damage|p2a: Platasaurus-rex|234/364 brn","|","|-damage|p2a: Platasaurus-rex|189/364 brn|[from] brn","|turn|19","|","|move|p2a: Platasaurus-rex|Giga Drain|p1a: Heatran","|-resisted|p1a: Heatran","|-damage|p1a: Heatran|126/386 par","|-heal|p2a: Platasaurus-rex|201/364 brn|[from] drain|[of] p1a: Heatran","|move|p1a: Heatran|Lava Plume|p2a: Platasaurus-rex","|-supereffective|p2a: Platasaurus-rex","|-damage|p2a: Platasaurus-rex|103/364 brn","|","|-damage|p2a: Platasaurus-rex|58/364 brn|[from] brn","|turn|20","|","|move|p2a: Platasaurus-rex|Synthesis|p2a: Platasaurus-rex","|-heal|p2a: Platasaurus-rex|240/364 brn","|cant|p1a: Heatran|par","|","|-damage|p2a: Platasaurus-rex|195/364 brn|[from] brn","|turn|21","|","|move|p2a: Platasaurus-rex|Synthesis|p2a: Platasaurus-rex","|-heal|p2a: Platasaurus-rex|364/364 brn","|move|p1a: Heatran|Roar|p2a: Platasaurus-rex","|drag|p2a: Muhammad ashroom|Breloom, F|262/262","|-damage|p2a: Muhammad ashroom|246/262|[from] Stealth Rock","|","|turn|22","|","|move|p2a: Muhammad ashroom|Mach Punch|p1a: Heatran","|-supereffective|p1a: Heatran","|-damage|p1a: Heatran|0 fnt","|faint|p1a: Heatran","|","|","|switch|p1a: Ferrothorn|Ferrothorn, M|351/351","|-damage|p1a: Ferrothorn|330/351|[from] Stealth Rock","|turn|23","|","|move|p2a: Muhammad ashroom|Mach Punch|p1a: Ferrothorn","|-supereffective|p1a: Ferrothorn","|-damage|p1a: Ferrothorn|166/351","|-damage|p2a: Muhammad ashroom|214/262|[from] ability: Iron Barbs|[of] p1a: Ferrothorn","|move|p1a: Ferrothorn|Power Whip|p2a: Muhammad ashroom","|-resisted|p2a: Muhammad ashroom","|-damage|p2a: Muhammad ashroom|130/262","|","|turn|24","|","|move|p2a: Muhammad ashroom|Mach Punch|p1a: Ferrothorn","|-supereffective|p1a: Ferrothorn","|-damage|p1a: Ferrothorn|0 fnt","|-damage|p2a: Muhammad ashroom|98/262|[from] ability: Iron Barbs|[of] p1a: Ferrothorn","|faint|p1a: Ferrothorn","|","|","|switch|p1a: Magnezone|Magnezone|281/281","|-damage|p1a: Magnezone|264/281|[from] Stealth Rock","|turn|25","|","|move|p2a: Muhammad ashroom|Mach Punch|p1a: Magnezone","|-supereffective|p1a: Magnezone","|-damage|p1a: Magnezone|70/281","|move|p1a: Magnezone|Hidden Power|p2a: Muhammad ashroom","|-supereffective|p2a: Muhammad ashroom","|-damage|p2a: Muhammad ashroom|0 fnt","|faint|p2a: Muhammad ashroom","|","|","|switch|p2a: Celery the onion|Celebi|341/341","|-damage|p2a: Celery the onion|299/341|[from] Stealth Rock","|turn|26","|","|move|p1a: Magnezone|Hidden Power|p2a: Celery the onion","|-supereffective|p2a: Celery the onion","|-damage|p2a: Celery the onion|159/341","|move|p2a: Celery the onion|Giga Drain|p1a: Magnezone","|-resisted|p1a: Magnezone","|-damage|p1a: Magnezone|10/281","|-heal|p2a: Celery the onion|189/341|[from] drain|[of] p1a: Magnezone","|-damage|p2a: Celery the onion|155/341|[from] item: Life Orb","|","|turn|27","|","|move|p2a: Celery the onion|Sucker Punch|p1a: Magnezone","|-crit|p1a: Magnezone","|-damage|p1a: Magnezone|0 fnt","|-damage|p2a: Celery the onion|121/341|[from] item: Life Orb","|faint|p1a: Magnezone","|","|win|Rain ☆ Suichika"],"p1rating":{"entryid":"6703862","serverid":"eos","formatid":"monotype","userid":"mrnyannyanz","username":"MrNyanNyanz","w":"31","l":23,"t":"0","gxe":55.3,"r":"1526.4914643426","rd":"51.037148885631","sigma":"0","rptime":"1438506000","rpr":1540.5187337367,"rprd":48.388686885855,"rpsigma":"0","acre":1217.9313134258,"lacre":1217.9313134258,"oldacre":"1243.9384967483"},"p2rating":{"entryid":"6383869","serverid":"eos","formatid":"monotype","userid":"rainsuichika","username":"Rain ☆ Suichika","w":42,"l":"26","t":"0","gxe":59.8,"r":"1564.7960560766","rd":"53.502709546407","sigma":"0","rptime":"1438506000","rpr":1575.156352987,"rprd":51.299589931592,"rpsigma":"0","acre":1255.9408467554,"lacre":1255.9408467554,"oldacre":"1229.9336634329"},"endType":"normal"}