{"seed":[57655,45867,3862,843],"turns":19,"p1":"Metric Sheep","p2":"Alliance-C-Control","p1team":[{"name":"Genesect","species":"Genesect","item":"lifeorb","ability":"Download","moves":["uturn","bugbuzz","flashcannon","icebeam"],"nature":"Hasty","evs":{"hp":0,"atk":4,"def":0,"spa":252,"spd":0,"spe":252},"ivs":{"hp":31,"atk":31,"def":31,"spa":31,"spd":31,"spe":31}},{"name":"Volcarona","species":"Volcarona","item":"leftovers","ability":"Flame Body","moves":["quiverdance","fierydance","bugbuzz","gigadrain"],"nature":"Modest","evs":{"hp":0,"atk":0,"def":0,"spa":252,"spd":4,"spe":252},"ivs":{"hp":31,"atk":31,"def":31,"spa":31,"spd":31,"spe":31}},{"name":"Armaldo","species":"Armaldo","item":"leftovers","ability":"Swift Swim","moves":["stealthrock","rapidspin","stoneedge","xscissor"],"nature":"Adamant","evs":{"hp":0,"atk":252,"def":0,"spa":0,"spd":4,"spe":252},"ivs":{"hp":31,"atk":31,"def":31,"spa":31,"spd":31,"spe":31}},{"name":"Pinsir","species":"Pinsir","item":"pinsirite","ability":"Moxie","moves":["quickattack","return","swordsdance","earthquake"],"nature":"Adamant","evs":{"hp":0,"atk":252,"def":0,"spa":0,"spd":4,"spe":252},"ivs":{"hp":31,"atk":31,"def":31,"spa":31,"spd":31,"spe":31}},{"name":"Scizor","species":"Scizor","item":"leftovers","ability":"Technician","moves":["swordsdance","roost","bulletpunch","knockoff"],"nature":"Adamant","evs":{"hp":252,"atk":252,"def":0,"spa":0,"spd":4,"spe":0},"ivs":{"hp":31,"atk":31,"def":31,"spa":31,"spd":31,"spe":31}},{"name":"Galvantula","species":"Galvantula","item":"focussash","ability":"Compound Eyes","moves":["thunder","stickyweb","bugbuzz","gigadrain"],"nature":"Timid","evs":{"hp":0,"atk":0,"def":0,"spa":252,"spd":4,"spe":252},"ivs":{"hp":31,"atk":31,"def":31,"spa":31,"spd":31,"spe":31}}],"p2team":[{"name":"Emolga","species":"Emolga","item":"sitrusberry","ability":"Motor Drive","moves":["acrobatics","tailwind","uturn","roost"],"nature":"Adamant","evs":{"hp":0,"atk":252,"def":0,"spa":0,"spd":4,"spe":252},"ivs":{"hp":31,"atk":31,"def":31,"spa":31,"spd":31,"spe":31}},{"name":"Magnezone","species":"Magnezone","item":"choicescarf","ability":"Sturdy","moves":["flashcannon","hiddenpowerice","triattack","voltswitch"],"nature":"Timid","evs":{"hp":4,"atk":0,"def":0,"spa":252,"spd":0,"spe":252},"ivs":{"hp":31,"atk":30,"def":30,"spa":31,"spd":31,"spe":31}},{"name":"Thundurus","species":"Thundurus","item":"leftovers","ability":"Prankster","moves":["psychic","thunderwave","superpower","thunderbolt"],"nature":"Hasty","evs":{"hp":0,"atk":4,"def":0,"spa":252,"spd":0,"spe":252},"ivs":{"hp":31,"atk":31,"def":31,"spa":31,"spd":31,"spe":31}},{"name":"Zapdos","species":"Zapdos","item":"rockyhelmet","ability":"Pressure","moves":["heatwave","defog","voltswitch","roost"],"nature":"Modest","evs":{"hp":248,"atk":0,"def":0,"spa":252,"spd":8,"spe":0},"ivs":{"hp":31,"atk":31,"def":31,"spa":31,"spd":31,"spe":31}},{"name":"Ampharos","species":"Ampharos","item":"ampharosite","ability":"Static","moves":["dragonpulse","powergem","thunderbolt","focusblast"],"nature":"Modest","evs":{"hp":248,"atk":0,"def":252,"spa":8,"spd":0,"spe":0},"ivs":{"hp":31,"atk":31,"def":31,"spa":31,"spd":31,"spe":31}},{"name":"Rotom-Wash","species":"Rotom-Wash","item":"leftovers","ability":"Levitate","moves":["hydropump","willowisp","snatch","voltswitch"],"nature":"Bold","evs":{"hp":252,"atk":0,"def":248,"spa":0,"spd":0,"spe":0},"ivs":{"hp":31,"atk":31,"def":31,"spa":31,"spd":31,"spe":31}}],"log":["|player|p1|Metric Sheep|183","|player|p2|Alliance-C-Control|190","|gametype|singles","|gen|6","|tier|Monotype","|rated","|rule|Baton Pass Clause: Limit one Baton Passer, can't pass Spe and other stats simultaneously","|rule|Swagger Clause: Swagger is banned","|rule|Same Type Clause: Pokémon in a team must share a type","|clearpoke","|poke|p1|Genesect-*","|poke|p1|Volcarona, M","|poke|p1|Armaldo, F","|poke|p1|Pinsir, M","|poke|p1|Scizor, M","|poke|p1|Galvantula, M","|poke|p2|Emolga, F","|poke|p2|Magnezone","|poke|p2|Thundurus, M","|poke|p2|Zapdos","|poke|p2|Ampharos, F","|poke|p2|Rotom-Wash","|rule|Sleep Clause Mod: Limit one foe put to sleep","|rule|Species Clause: Limit one of each Pokémon","|rule|OHKO Clause: OHKO moves are banned","|rule|Moody Clause: Moody is banned","|rule|Evasion Moves Clause: Evasion moves are banned","|rule|Endless Battle Clause: Forcing endless battles is banned","|rule|HP Percentage Mod: HP is shown in percentages","|teampreview","|","|start","|switch|p1a: Galvantula|Galvantula, M|281/281","|switch|p2a: Zapdos|Zapdos|383/383","|-ability|p2a: Zapdos|Pressure","|turn|1","|","|move|p1a: Galvantula|Sticky Web|p2a: Zapdos","|-sidestart|p2: Alliance-C-Control|move: Sticky Web","|move|p2a: Zapdos|Volt Switch|p1a: Galvantula","|-resisted|p1a: Galvantula","|-damage|p1a: Galvantula|189/281","|","|switch|p2a: Emolga|Emolga, F|251/251","|","|turn|2","|","|move|p1a: Galvantula|Thunder|p2a: Emolga","|-boost|p2a: Emolga|spe|1|[from] ability: Motor Drive","|move|p2a: Emolga|Acrobatics|p1a: Galvantula","|-damage|p1a: Galvantula|81/281","|","|turn|3","|","|move|p2a: Emolga|Acrobatics|p1a: Galvantula","|-damage|p1a: Galvantula|0 fnt","|faint|p1a: Galvantula","|","|","|switch|p1a: Armaldo|Armaldo, F|291/291","|turn|4","|","|move|p2a: Emolga|U-turn|p1a: Armaldo","|-damage|p1a: Armaldo|227/291","|","|switch|p2a: Rotom-Wash|Rotom-Wash|304/304","|move|p1a: Armaldo|Stealth Rock|p2a: Rotom-Wash","|-sidestart|p2: Alliance-C-Control|move: Stealth Rock","|","|-heal|p1a: Armaldo|245/291|[from] item: Leftovers","|turn|5","|","|move|p2a: Rotom-Wash|Hydro Pump|p1a: Armaldo|[miss]","|-miss|p2a: Rotom-Wash|p1a: Armaldo","|move|p1a: Armaldo|X-Scissor|p2a: Rotom-Wash","|-damage|p2a: Rotom-Wash|202/304","|","|-heal|p2a: Rotom-Wash|221/304|[from] item: Leftovers","|-heal|p1a: Armaldo|263/291|[from] item: Leftovers","|turn|6","|","|move|p2a: Rotom-Wash|Hydro Pump|p1a: Armaldo|[miss]","|-miss|p2a: Rotom-Wash|p1a: Armaldo","|move|p1a: Armaldo|X-Scissor|p2a: Rotom-Wash","|-damage|p2a: Rotom-Wash|118/304","|","|-heal|p2a: Rotom-Wash|137/304|[from] item: Leftovers","|-heal|p1a: Armaldo|281/291|[from] item: Leftovers","|turn|7","|","|move|p2a: Rotom-Wash|Will-O-Wisp|p1a: Armaldo","|-status|p1a: Armaldo|brn","|move|p1a: Armaldo|Stone Edge|p2a: Rotom-Wash","|-damage|p2a: Rotom-Wash|66/304","|","|-heal|p2a: Rotom-Wash|85/304|[from] item: Leftovers","|-heal|p1a: Armaldo|291/291 brn|[from] item: Leftovers","|-damage|p1a: Armaldo|255/291 brn|[from] brn","|turn|8","|","|move|p2a: Rotom-Wash|Hydro Pump|p1a: Armaldo","|-supereffective|p1a: Armaldo","|-damage|p1a: Armaldo|0 fnt","|faint|p1a: Armaldo","|","|-heal|p2a: Rotom-Wash|104/304|[from] item: Leftovers","|","|switch|p1a: Genesect|Genesect|283/283","|-boost|p1a: Genesect|spa|1|[from] ability: Download","|turn|9","|","|switch|p2a: Magnezone|Magnezone|282/282","|-activate|p2a: Magnezone|move: Sticky Web","|-unboost|p2a: Magnezone|spe|1","|-damage|p2a: Magnezone|265/282|[from] Stealth Rock","|move|p1a: Genesect|Bug Buzz|p2a: Magnezone","|-resisted|p2a: Magnezone","|-damage|p2a: Magnezone|110/282","|-damage|p1a: Genesect|255/283|[from] item: Life Orb","|","|turn|10","|","|move|p1a: Genesect|Bug Buzz|p2a: Magnezone","|-resisted|p2a: Magnezone","|-damage|p2a: Magnezone|0 fnt","|-damage|p1a: Genesect|227/283|[from] item: Life Orb","|faint|p2a: Magnezone","|","|","|switch|p2a: Thundurus|Thundurus, M|299/299","|-damage|p2a: Thundurus|225/299|[from] Stealth Rock","|turn|11","|","|move|p2a: Thundurus|Thunder Wave|p1a: Genesect","|-status|p1a: Genesect|par","|move|p1a: Genesect|Bug Buzz|p2a: Thundurus","|-resisted|p2a: Thundurus","|-damage|p2a: Thundurus|59/299","|-damage|p1a: Genesect|199/283 par|[from] item: Life Orb","|","|-heal|p2a: Thundurus|77/299|[from] item: Leftovers","|turn|12","|","|switch|p2a: Emolga|Emolga, F|251/251","|-damage|p2a: Emolga|189/251|[from] Stealth Rock","|move|p1a: Genesect|Bug Buzz|p2a: Emolga","|-resisted|p2a: Emolga","|-damage|p2a: Emolga|0 fnt","|-damage|p1a: Genesect|171/283 par|[from] item: Life Orb","|faint|p2a: Emolga","|","|","|switch|p2a: Zapdos|Zapdos|383/383","|-damage|p2a: Zapdos|288/383|[from] Stealth Rock","|-ability|p2a: Zapdos|Pressure","|turn|13","|","|move|p2a: Zapdos|Heat Wave|p1a: Genesect","|-supereffective|p1a: Genesect","|-damage|p1a: Genesect|0 fnt","|faint|p1a: Genesect","|","|","|switch|p1a: Volcarona|Volcarona, M|311/311","|turn|14","|","|move|p1a: Volcarona|Quiver Dance|p1a: Volcarona","|-boost|p1a: Volcarona|spa|1","|-boost|p1a: Volcarona|spd|1","|-boost|p1a: Volcarona|spe|1","|move|p2a: Zapdos|Volt Switch|p1a: Volcarona","|-damage|p1a: Volcarona|232/311","|","|switch|p2a: Thundurus|Thundurus, M|77/299","|-damage|p2a: Thundurus|3/299|[from] Stealth Rock","|","|-heal|p1a: Volcarona|251/311|[from] item: Leftovers","|-heal|p2a: Thundurus|21/299|[from] item: Leftovers","|turn|15","|","|move|p2a: Thundurus|Thunder Wave|p1a: Volcarona","|-status|p1a: Volcarona|par","|move|p1a: Volcarona|Fiery Dance|p2a: Thundurus","|-damage|p2a: Thundurus|0 fnt","|faint|p2a: Thundurus","|","|-heal|p1a: Volcarona|270/311 par|[from] item: Leftovers","|","|switch|p2a: Ampharos|Ampharos, F|383/383","|-damage|p2a: Ampharos|336/383|[from] Stealth Rock","|-activate|p2a: Ampharos|move: Sticky Web","|-unboost|p2a: Ampharos|spe|1","|turn|16","|","|detailschange|p2a: Ampharos|Ampharos-Mega, F","|-mega|p2a: Ampharos|Ampharos|Ampharosite","|-ability|p2a: Ampharos|Mold Breaker","|move|p1a: Volcarona|Bug Buzz|p2a: Ampharos","|-damage|p2a: Ampharos|74/383","|-unboost|p2a: Ampharos|spd|1","|move|p2a: Ampharos|Power Gem|p1a: Volcarona","|-supereffective|p1a: Volcarona","|-damage|p1a: Volcarona|0 fnt","|faint|p1a: Volcarona","|","|","|switch|p1a: Pinsir|Pinsir, M|271/271","|turn|17","|","|move|p1a: Pinsir|Earthquake|p2a: Ampharos","|-supereffective|p2a: Ampharos","|-damage|p2a: Ampharos|0 fnt","|faint|p2a: Ampharos","|-boost|p1a: Pinsir|atk|1|[from] ability: Moxie","|","|","|switch|p2a: Rotom-Wash|Rotom-Wash|104/304","|-damage|p2a: Rotom-Wash|66/304|[from] Stealth Rock","|turn|18","|","|detailschange|p1a: Pinsir|Pinsir-Mega, M","|-mega|p1a: Pinsir|Pinsir|Pinsirite","|move|p1a: Pinsir|Return|p2a: Rotom-Wash","|-resisted|p2a: Rotom-Wash","|-damage|p2a: Rotom-Wash|0 fnt","|faint|p2a: Rotom-Wash","|","|","|switch|p2a: Zapdos|Zapdos|288/383","|-damage|p2a: Zapdos|193/383|[from] Stealth Rock","|-ability|p2a: Zapdos|Pressure","|turn|19","|","|move|p1a: Pinsir|Return|p2a: Zapdos","|-resisted|p2a: Zapdos","|-damage|p2a: Zapdos|0 fnt","|-damage|p1a: Pinsir|226/271|[from] item: Rocky Helmet|[of] p2a: Zapdos","|faint|p2a: Zapdos","|","|win|Metric Sheep"],"p1rating":{"entryid":"7338973","serverid":"eos","formatid":"monotype","userid":"metricsheep","username":"Metric Sheep","w":2,"l":"0","t":"0","gxe":58.6,"r":"1500","rd":"130","sigma":"0","rptime":"1438506000","rpr":1569.068931913,"rprd":115.99231250538,"rpsigma":"0","acre":1094.6745918584,"lacre":1094.6745918584,"oldacre":"1049.9261533586"},"p2rating":{"entryid":"6440455","serverid":"eos","formatid":"monotype","userid":"allianceccontrol","username":"Alliance-C-Control","w":"234","l":301,"t":"0","gxe":43.9,"r":"1451.5563081439","rd":"25","sigma":"0","rptime":"1438506000","rpr":1453.9300558775,"rprd":25,"rpsigma":"0","acre":1153.0538206493,"lacre":1153.0538206493,"oldacre":"1187.4639683853"},"endType":"normal"}