{"seed":[18119,2515,20911,32524],"turns":19,"p1":"Orchestromic - Ⓕⓘⓖ","p2":"silver - anon","p1team":[{"name":"Hippowdon","species":"Hippowdon","item":"leftovers","ability":"Sand Stream","moves":["slackoff","earthquake","stealthrock","roar"],"nature":"Adamant","evs":{"hp":188,"atk":188,"def":8,"spa":0,"spd":124,"spe":0},"gender":"M","shiny":true,"ivs":{"hp":31,"atk":31,"def":31,"spa":31,"spd":31,"spe":31}},{"name":"Excadrill","species":"Excadrill","item":"lifeorb","ability":"Sand Rush","moves":["earthquake","shadowclaw","ironhead","rockslide"],"nature":"Jolly","evs":{"hp":4,"atk":252,"def":0,"spa":0,"spd":0,"spe":252},"gender":"M","shiny":true,"ivs":{"hp":31,"atk":31,"def":31,"spa":31,"spd":31,"spe":31}},{"name":"Landorus","species":"Landorus","item":"choicescarf","ability":"Sheer Force","moves":["sludgewave","earthpower","grassknot","psychic"],"nature":"Timid","evs":{"hp":4,"atk":0,"def":0,"spa":252,"spd":0,"spe":252},"ivs":{"hp":31,"atk":30,"def":30,"spa":31,"spd":31,"spe":31},"shiny":true},{"name":"Garchomp","species":"Garchomp","item":"garchompite","ability":"Sand Veil","moves":["shadowclaw","earthquake","outrage","ironhead"],"nature":"Jolly","evs":{"hp":4,"atk":252,"def":0,"spa":0,"spd":0,"spe":252},"gender":"M","shiny":true,"ivs":{"hp":31,"atk":31,"def":31,"spa":31,"spd":31,"spe":31}},{"name":"Wormadam-Mad","species":"wormadamsandy","item":"chestoberry","ability":"Anticipation","moves":["rest","toxic","infestation","earthquake"],"nature":"Impish","evs":{"hp":252,"atk":0,"def":252,"spa":0,"spd":4,"spe":0},"shiny":true,"ivs":{"hp":31,"atk":31,"def":31,"spa":31,"spd":31,"spe":31}},{"name":"Gliscor","species":"Gliscor","item":"toxicorb","ability":"Poison Heal","moves":["aerialace","toxic","protect","roost"],"nature":"Adamant","evs":{"hp":252,"atk":0,"def":76,"spa":0,"spd":180,"spe":0},"gender":"M","shiny":true,"ivs":{"hp":31,"atk":31,"def":31,"spa":31,"spd":31,"spe":31}}],"p2team":[{"name":"Hippowdon","species":"Hippowdon","item":"leftovers","ability":"Sand Stream","moves":["earthquake","stealthrock","slackoff","toxic"],"nature":"Impish","evs":{"hp":252,"atk":6,"def":252,"spa":0,"spd":0,"spe":0},"ivs":{"hp":31,"atk":31,"def":31,"spa":31,"spd":31,"spe":31}},{"name":"Garchomp","species":"Garchomp","item":"garchompite","ability":"Rough Skin","moves":["earthquake","dracometeor","fireblast","stoneedge"],"nature":"Rash","evs":{"hp":0,"atk":172,"def":0,"spa":156,"spd":0,"spe":180},"ivs":{"hp":31,"atk":31,"def":31,"spa":31,"spd":31,"spe":31}},{"name":"Gastrodon","species":"Gastrodon","item":"leftovers","ability":"Storm Drain","moves":["scald","recover","icebeam","earthpower"],"nature":"","evs":{"hp":0,"atk":0,"def":0,"spa":0,"spd":0,"spe":0},"ivs":{"hp":31,"atk":31,"def":31,"spa":31,"spd":31,"spe":31}},{"name":"Excadrill","species":"Excadrill","item":"airballoon","ability":"Sand Rush","moves":["earthquake","ironhead","rockslide","swordsdance"],"nature":"Adamant","evs":{"hp":0,"atk":252,"def":0,"spa":0,"spd":4,"spe":252},"ivs":{"hp":31,"atk":31,"def":31,"spa":31,"spd":31,"spe":31}},{"name":"Landorus","species":"Landorus","item":"lifeorb","ability":"Sheer Force","moves":["earthpower","knockoff","rockslide","sludgewave"],"nature":"Naive","evs":{"hp":0,"atk":6,"def":0,"spa":252,"spd":0,"spe":252},"ivs":{"hp":31,"atk":31,"def":31,"spa":31,"spd":31,"spe":31}},{"name":"Claydol","species":"Claydol","item":"leftovers","ability":"Levitate","moves":["rapidspin","earthpower","shadowball","psyshock"],"nature":"Modest","evs":{"hp":6,"atk":0,"def":0,"spa":252,"spd":0,"spe":2},"ivs":{"hp":31,"atk":31,"def":31,"spa":31,"spd":31,"spe":31}}],"log":["|player|p1|Orchestromic - Ⓕⓘⓖ|orchestromic.png","|player|p2|silver - anon|163","|gametype|singles","|gen|6","|tier|Monotype","|rated","|rule|Baton Pass Clause: Limit one Baton Passer, can't pass Spe and other stats simultaneously","|rule|Swagger Clause: Swagger is banned","|rule|Same Type Clause: Pokémon in a team must share a type","|clearpoke","|poke|p1|Hippowdon, M, shiny","|poke|p1|Excadrill, M, shiny","|poke|p1|Landorus, M, shiny","|poke|p1|Garchomp, M, shiny","|poke|p1|Wormadam-Sandy, F, shiny","|poke|p1|Gliscor, M, shiny","|poke|p2|Hippowdon, F","|poke|p2|Garchomp, F","|poke|p2|Gastrodon, M","|poke|p2|Excadrill, M","|poke|p2|Landorus, M","|poke|p2|Claydol","|rule|Sleep Clause Mod: Limit one foe put to sleep","|rule|Species Clause: Limit one of each Pokémon","|rule|OHKO Clause: OHKO moves are banned","|rule|Moody Clause: Moody is banned","|rule|Evasion Moves Clause: Evasion moves are banned","|rule|Endless Battle Clause: Forcing endless battles is banned","|rule|HP Percentage Mod: HP is shown in percentages","|teampreview","|","|start","|switch|p1a: Wormadam-Mad|Wormadam-Sandy, F, shiny|324/324","|switch|p2a: Hippowdon|Hippowdon, F|420/420","|-weather|Sandstorm","|turn|1","|","|move|p2a: Hippowdon|Toxic|p1a: Wormadam-Mad","|-status|p1a: Wormadam-Mad|tox","|move|p1a: Wormadam-Mad|Toxic|p2a: Hippowdon","|-status|p2a: Hippowdon|tox","|","|-weather|Sandstorm|[upkeep]","|-damage|p2a: Hippowdon|394/420 tox|[from] psn","|-damage|p1a: Wormadam-Mad|304/324 tox|[from] psn","|turn|2","|","|switch|p2a: Gastrodon|Gastrodon, M|363/363","|move|p1a: Wormadam-Mad|Infestation|p2a: Gastrodon","|-damage|p2a: Gastrodon|345/363","|-activate|p2a: Gastrodon|move: Infestation|[of] p1a: Wormadam-Mad","|","|-weather|Sandstorm|[upkeep]","|-heal|p2a: Gastrodon|363/363|[from] item: Leftovers","|-damage|p1a: Wormadam-Mad|264/324 tox|[from] psn","|-damage|p2a: Gastrodon|318/363|[from] move: Infestation|[partiallytrapped]","|turn|3","|","|switch|p1a: Landorus|Landorus, M, shiny|320/320","|move|p2a: Gastrodon|Scald|p1a: Landorus","|-supereffective|p1a: Landorus","|-damage|p1a: Landorus|102/320","|-status|p1a: Landorus|brn","|","|-weather|Sandstorm|[upkeep]","|-heal|p2a: Gastrodon|340/363|[from] item: Leftovers","|-damage|p1a: Landorus|62/320 brn|[from] brn","|turn|4","|","|move|p1a: Landorus|Grass Knot|p2a: Gastrodon","|-supereffective|p2a: Gastrodon","|-damage|p2a: Gastrodon|4/363","|move|p2a: Gastrodon|Scald|p1a: Landorus","|-supereffective|p1a: Landorus","|-damage|p1a: Landorus|0 fnt","|faint|p1a: Landorus","|","|-weather|Sandstorm|[upkeep]","|-heal|p2a: Gastrodon|26/363|[from] item: Leftovers","|","|switch|p1a: Garchomp|Garchomp, M, shiny|358/358","|turn|5","|","|detailschange|p1a: Garchomp|Garchomp-Mega, M, shiny","|-mega|p1a: Garchomp|Garchomp|Garchompite","|move|p1a: Garchomp|Earthquake|p2a: Gastrodon","|-crit|p2a: Gastrodon","|-damage|p2a: Gastrodon|0 fnt","|faint|p2a: Gastrodon","|","|-weather|none","|","|switch|p2a: Garchomp|Garchomp, F|357/357","|turn|6","|","|detailschange|p2a: Garchomp|Garchomp-Mega, F","|-mega|p2a: Garchomp|Garchomp|Garchompite","|move|p1a: Garchomp|Outrage|p2a: Garchomp","|-supereffective|p2a: Garchomp","|-damage|p2a: Garchomp|0 fnt","|faint|p2a: Garchomp","|","|","|switch|p2a: Excadrill|Excadrill, M|361/361","|-item|p2a: Excadrill|Air Balloon","|turn|7","|","|move|p1a: Garchomp|Outrage|p2a: Excadrill|[from]lockedmove","|-resisted|p2a: Excadrill","|-damage|p2a: Excadrill|169/361","|-enditem|p2a: Excadrill|Air Balloon","|-start|p1a: Garchomp|confusion|[fatigue]","|move|p2a: Excadrill|Swords Dance|p2a: Excadrill","|-boost|p2a: Excadrill|atk|2","|","|turn|8","|","|-activate|p1a: Garchomp|confusion","|move|p1a: Garchomp|Earthquake|p2a: Excadrill","|-supereffective|p2a: Excadrill","|-damage|p2a: Excadrill|0 fnt","|faint|p2a: Excadrill","|","|","|switch|p2a: Landorus|Landorus, M|319/319","|turn|9","|","|move|p2a: Landorus|Knock Off|p1a: Garchomp","|-damage|p1a: Garchomp|288/358","|-damage|p2a: Landorus|288/319|[from] item: Life Orb","|-end|p1a: Garchomp|confusion","|move|p1a: Garchomp|Outrage|p2a: Landorus","|-damage|p2a: Landorus|2/319","|","|turn|10","|","|move|p2a: Landorus|Earth Power|p1a: Garchomp","|-crit|p1a: Garchomp","|-damage|p1a: Garchomp|0 fnt","|faint|p1a: Garchomp","|","|","|switch|p1a: Hippowdon|Hippowdon, M, shiny|404/404","|-weather|Sandstorm","|turn|11","|","|move|p2a: Landorus|Knock Off|p1a: Hippowdon","|-damage|p1a: Hippowdon|300/404","|-enditem|p1a: Hippowdon|Leftovers|[from] move: Knock Off|[of] p2a: Landorus","|-damage|p2a: Landorus|0 fnt|[from] item: Life Orb","|faint|p2a: Landorus","|move|p1a: Hippowdon|Stealth Rock|p2: Landorus","|-sidestart|p2: silver - anon|move: Stealth Rock","|","|-weather|Sandstorm|[upkeep]","|","|switch|p2a: Claydol|Claydol|262/262","|-damage|p2a: Claydol|246/262|[from] Stealth Rock","|turn|12","|","|switch|p1a: Excadrill|Excadrill, M, shiny|362/362","|move|p2a: Claydol|Shadow Ball|p1a: Excadrill","|-damage|p1a: Excadrill|256/362","|-unboost|p1a: Excadrill|spd|1","|","|-weather|Sandstorm|[upkeep]","|-heal|p2a: Claydol|262/262|[from] item: Leftovers","|turn|13","|","|move|p1a: Excadrill|Shadow Claw|p2a: Claydol","|-supereffective|p2a: Claydol","|-damage|p2a: Claydol|46/262","|-damage|p1a: Excadrill|220/362|[from] item: Life Orb","|move|p2a: Claydol|Earth Power|p1a: Excadrill","|-supereffective|p1a: Excadrill","|-damage|p1a: Excadrill|0 fnt","|faint|p1a: Excadrill","|","|-weather|Sandstorm|[upkeep]","|-heal|p2a: Claydol|62/262|[from] item: Leftovers","|","|switch|p1a: Wormadam-Mad|Wormadam-Sandy, F, shiny|264/324 tox","|turn|14","|","|move|p2a: Claydol|Psyshock|p1a: Wormadam-Mad","|-damage|p1a: Wormadam-Mad|197/324 tox","|move|p1a: Wormadam-Mad|Infestation|p2a: Claydol","|-crit|p2a: Claydol","|-supereffective|p2a: Claydol","|-damage|p2a: Claydol|26/262","|-activate|p2a: Claydol|move: Infestation|[of] p1a: Wormadam-Mad","|","|-weather|Sandstorm|[upkeep]","|-heal|p2a: Claydol|42/262|[from] item: Leftovers","|-damage|p1a: Wormadam-Mad|177/324 tox|[from] psn","|-damage|p2a: Claydol|10/262|[from] move: Infestation|[partiallytrapped]","|turn|15","|","|move|p2a: Claydol|Shadow Ball|p1a: Wormadam-Mad","|-damage|p1a: Wormadam-Mad|101/324 tox","|move|p1a: Wormadam-Mad|Rest|p1a: Wormadam-Mad","|-status|p1a: Wormadam-Mad|slp","|-heal|p1a: Wormadam-Mad|324/324 slp|[silent]","|-status|p1a: Wormadam-Mad|slp|[from] move: Rest","|-enditem|p1a: Wormadam-Mad|Chesto Berry|[eat]","|-curestatus|p1a: Wormadam-Mad|slp","|","|-weather|none","|-heal|p2a: Claydol|26/262|[from] item: Leftovers","|-damage|p2a: Claydol|0 fnt|[from] move: Infestation|[partiallytrapped]","|faint|p2a: Claydol","|","|switch|p2a: Hippowdon|Hippowdon, F|394/420 tox","|-damage|p2a: Hippowdon|368/420 tox|[from] Stealth Rock","|-weather|Sandstorm","|turn|16","|","|move|p2a: Hippowdon|Toxic|p1a: Wormadam-Mad","|-status|p1a: Wormadam-Mad|tox","|move|p1a: Wormadam-Mad|Infestation|p2a: Hippowdon","|-damage|p2a: Hippowdon|349/420 tox","|-activate|p2a: Hippowdon|move: Infestation|[of] p1a: Wormadam-Mad","|","|-weather|Sandstorm|[upkeep]","|-heal|p2a: Hippowdon|375/420 tox|[from] item: Leftovers","|-damage|p2a: Hippowdon|349/420 tox|[from] psn","|-damage|p1a: Wormadam-Mad|304/324 tox|[from] psn","|-damage|p2a: Hippowdon|297/420 tox|[from] move: Infestation|[partiallytrapped]","|turn|17","|","|move|p2a: Hippowdon|Earthquake|p1a: Wormadam-Mad","|-resisted|p1a: Wormadam-Mad","|-damage|p1a: Wormadam-Mad|262/324 tox","|move|p1a: Wormadam-Mad|Earthquake|p2a: Hippowdon","|-damage|p2a: Hippowdon|236/420 tox","|","|-weather|Sandstorm|[upkeep]","|-heal|p2a: Hippowdon|262/420 tox|[from] item: Leftovers","|-damage|p2a: Hippowdon|210/420 tox|[from] psn","|-damage|p1a: Wormadam-Mad|222/324 tox|[from] psn","|-damage|p2a: Hippowdon|158/420 tox|[from] move: Infestation|[partiallytrapped]","|turn|18","|","|move|p2a: Hippowdon|Earthquake|p1a: Wormadam-Mad","|-resisted|p1a: Wormadam-Mad","|-damage|p1a: Wormadam-Mad|176/324 tox","|move|p1a: Wormadam-Mad|Rest|p1a: Wormadam-Mad","|-status|p1a: Wormadam-Mad|slp","|-heal|p1a: Wormadam-Mad|324/324 slp|[silent]","|-status|p1a: Wormadam-Mad|slp|[from] move: Rest","|","|-weather|Sandstorm|[upkeep]","|-heal|p2a: Hippowdon|184/420 tox|[from] item: Leftovers","|-damage|p2a: Hippowdon|106/420 tox|[from] psn","|-damage|p2a: Hippowdon|54/420 tox|[from] move: Infestation|[partiallytrapped]","|turn|19","|","|move|p2a: Hippowdon|Earthquake|p1a: Wormadam-Mad","|-resisted|p1a: Wormadam-Mad","|-damage|p1a: Wormadam-Mad|279/324 slp","|cant|p1a: Wormadam-Mad|slp","|","|-weather|Sandstorm|[upkeep]","|-heal|p2a: Hippowdon|80/420 tox|[from] item: Leftovers","|-damage|p2a: Hippowdon|0 fnt|[from] psn","|faint|p2a: Hippowdon","|","|win|Orchestromic - Ⓕⓘⓖ"],"p1rating":{"entryid":"6980159","serverid":"eos","formatid":"monotype","userid":"orchestromic","username":"Orchestromic","w":5,"l":"10","t":"0","gxe":39.8,"r":1393.2412983907,"rd":81.588523377258,"sigma":"0","rptime":1438506000,"rpr":1419.8235438504,"rprd":79.872780572162,"rpsigma":"0","acre":1072.3148422609,"lacre":1072.3148422609,"oldacre":"1028.3791641519"},"p2rating":{"entryid":"5851484","serverid":"eos","formatid":"monotype","userid":"silveranon","username":"silver - anon","w":"156","l":110,"t":"0","gxe":57.6,"r":"1564.0079289308","rd":"28.972190018702","sigma":"0","rptime":"1438506000","rpr":1557.6059055395,"rprd":28.815855417263,"rpsigma":"0","acre":1078.7236858231,"lacre":1078.7236858231,"oldacre":"1109.4538455708"},"endType":"normal"}