{"seed":[60203,3158,51240,62104],"turns":24,"p1":"Alliance - Glacia","p2":"jackker","p1team":[{"name":"Usain","species":"weavile","item":"choiceband","ability":"Pressure","moves":["knockoff","iciclecrash","lowkick","iceshard"],"nature":"Jolly","evs":{"hp":0,"atk":252,"def":0,"spa":0,"spd":4,"spe":252},"ivs":{"hp":31,"atk":31,"def":31,"spa":31,"spd":31,"spe":31}},{"name":"Liopleurodon","species":"lapras","item":"choicespecs","ability":"Water Absorb","moves":["surf","freezedry","thunderbolt","hiddenpowerfire"],"nature":"Modest","evs":{"hp":248,"atk":0,"def":0,"spa":252,"spd":8,"spe":0},"ivs":{"hp":31,"atk":30,"def":31,"spa":30,"spd":31,"spe":30}},{"name":"Bahamut","species":"kyuremblack","item":"choicescarf","ability":"Teravolt","moves":["outrage","icebeam","fusionbolt","earthpower"],"nature":"Naive","evs":{"hp":0,"atk":252,"def":0,"spa":4,"spd":0,"spe":252},"ivs":{"hp":31,"atk":31,"def":31,"spa":31,"spd":31,"spe":31}},{"name":"T-Titanic Kun...","species":"avalugg","item":"leftovers","ability":"Sturdy","moves":["rapidspin","avalanche","toxic","recover"],"nature":"Impish","evs":{"hp":252,"atk":4,"def":252,"spa":0,"spd":0,"spe":0},"ivs":{"hp":31,"atk":31,"def":31,"spa":31,"spd":31,"spe":31}},{"name":"Jotunn","species":"regice","item":"chestoberry","ability":"Clear Body","moves":["thunderwave","seismictoss","rest","substitute"],"nature":"Calm","evs":{"hp":244,"atk":0,"def":12,"spa":0,"spd":252,"spe":0},"ivs":{"hp":31,"atk":31,"def":31,"spa":31,"spd":31,"spe":31}},{"name":"Porky","species":"mamoswine","item":"focussash","ability":"Oblivious","moves":["endeavor","earthquake","iceshard","stoneedge"],"nature":"Adamant","evs":{"hp":248,"atk":252,"def":0,"spa":0,"spd":8,"spe":0},"ivs":{"hp":31,"atk":31,"def":31,"spa":31,"spd":31,"spe":31}}],"p2team":[{"name":"Lanturn","species":"Lanturn","item":"leftovers","ability":"Volt Absorb","moves":["discharge","healbell","confuseray","scald"],"nature":"Calm","evs":{"hp":252,"atk":0,"def":0,"spa":4,"spd":252,"spe":0},"ivs":{"hp":31,"atk":31,"def":31,"spa":31,"spd":31,"spe":31}},{"name":"Slowbro","species":"Slowbro","item":"assaultvest","ability":"Regenerator","moves":["icebeam","flamethrower","scald","psyshock"],"nature":"Modest","evs":{"hp":252,"atk":0,"def":236,"spa":20,"spd":0,"spe":0},"ivs":{"hp":31,"atk":31,"def":31,"spa":31,"spd":31,"spe":31}},{"name":"Swampert","species":"Swampert","item":"leftovers","ability":"Torrent","moves":["earthquake","counter","stoneedge","stealthrock"],"nature":"Impish","evs":{"hp":252,"atk":4,"def":252,"spa":0,"spd":0,"spe":0},"ivs":{"hp":31,"atk":31,"def":31,"spa":31,"spd":31,"spe":31}},{"name":"Tentacruel","species":"Tentacruel","item":"blacksludge","ability":"Liquid Ooze","moves":["acidspray","infestation","rapidspin","scald"],"nature":"Calm","evs":{"hp":252,"atk":0,"def":0,"spa":4,"spd":252,"spe":0},"ivs":{"hp":31,"atk":31,"def":31,"spa":31,"spd":31,"spe":31}},{"name":"Azumarill","species":"Azumarill","item":"choiceband","ability":"Sap Sipper","moves":["aquajet","knockoff","waterfall","playrough"],"nature":"Adamant","evs":{"hp":252,"atk":252,"def":0,"spa":0,"spd":0,"spe":0},"ivs":{"hp":31,"atk":31,"def":31,"spa":31,"spd":31,"spe":31}},{"name":"Gyarados","species":"Gyarados","item":"gyaradosite","ability":"Intimidate","moves":["substitute","dragondance","earthquake","waterfall"],"nature":"Jolly","evs":{"hp":0,"atk":252,"def":0,"spa":0,"spd":0,"spe":252},"ivs":{"hp":31,"atk":31,"def":31,"spa":31,"spd":31,"spe":31}}],"log":["|player|p1|Alliance - Glacia|102","|player|p2|jackker|196","|gametype|singles","|gen|6","|tier|Monotype","|rated","|rule|Baton Pass Clause: Limit one Baton Passer, can't pass Spe and other stats simultaneously","|rule|Swagger Clause: Swagger is banned","|rule|Same Type Clause: Pokémon in a team must share a type","|clearpoke","|poke|p1|Weavile, M","|poke|p1|Lapras, M","|poke|p1|Kyurem-Black","|poke|p1|Avalugg, M","|poke|p1|Regice","|poke|p1|Mamoswine, M","|poke|p2|Lanturn, F","|poke|p2|Slowbro, F","|poke|p2|Swampert, M","|poke|p2|Tentacruel, F","|poke|p2|Azumarill, M","|poke|p2|Gyarados, M","|rule|Sleep Clause Mod: Limit one foe put to sleep","|rule|Species Clause: Limit one of each Pokémon","|rule|OHKO Clause: OHKO moves are banned","|rule|Moody Clause: Moody is banned","|rule|Evasion Moves Clause: Evasion moves are banned","|rule|Endless Battle Clause: Forcing endless battles is banned","|rule|HP Percentage Mod: HP is shown in percentages","|teampreview","|","|start","|switch|p1a: Liopleurodon|Lapras, M|463/463","|switch|p2a: Swampert|Swampert, M|404/404","|turn|1","|","|switch|p2a: Lanturn|Lanturn, F|454/454","|move|p1a: Liopleurodon|Freeze-Dry|p2a: Lanturn","|-supereffective|p2a: Lanturn","|-damage|p2a: Lanturn|188/454","|-status|p2a: Lanturn|frz","|","|-heal|p2a: Lanturn|216/454 frz|[from] item: Leftovers","|turn|2","|","|-curestatus|p2a: Lanturn|frz","|move|p2a: Lanturn|Discharge|p1a: Liopleurodon","|-crit|p1a: Liopleurodon","|-supereffective|p1a: Liopleurodon","|-damage|p1a: Liopleurodon|245/463","|move|p1a: Liopleurodon|Freeze-Dry|p2a: Lanturn","|-supereffective|p2a: Lanturn","|-damage|p2a: Lanturn|0 fnt","|faint|p2a: Lanturn","|","|","|switch|p2a: Tentacruel|Tentacruel, F|364/364","|turn|3","|","|move|p2a: Tentacruel|Acid Spray|p1a: Liopleurodon","|-damage|p1a: Liopleurodon|203/463","|-unboost|p1a: Liopleurodon|spd|2","|move|p1a: Liopleurodon|Freeze-Dry|p2a: Tentacruel","|-supereffective|p2a: Tentacruel","|-damage|p2a: Tentacruel|158/364","|","|-heal|p2a: Tentacruel|180/364|[from] item: Black Sludge","|turn|4","|","|switch|p1a: Jotunn|Regice|362/362","|move|p2a: Tentacruel|Acid Spray|p1a: Jotunn","|-damage|p1a: Jotunn|344/362","|","|-heal|p2a: Tentacruel|202/364|[from] item: Black Sludge","|turn|5","|","|move|p2a: Tentacruel|Scald|p1a: Jotunn","|-damage|p1a: Jotunn|308/362","|-status|p1a: Jotunn|brn","|move|p1a: Jotunn|Thunder Wave|p2a: Tentacruel","|-status|p2a: Tentacruel|par","|","|-heal|p2a: Tentacruel|224/364 par|[from] item: Black Sludge","|-damage|p1a: Jotunn|263/362 brn|[from] brn","|turn|6","|","|move|p1a: Jotunn|Seismic Toss|p2a: Tentacruel","|-damage|p2a: Tentacruel|124/364 par","|move|p2a: Tentacruel|Infestation|p1a: Jotunn","|-damage|p1a: Jotunn|256/362 brn","|-activate|p1a: Jotunn|move: Infestation|[of] p2a: Tentacruel","|","|-heal|p2a: Tentacruel|146/364 par|[from] item: Black Sludge","|-damage|p1a: Jotunn|211/362 brn|[from] brn","|-damage|p1a: Jotunn|166/362 brn|[from] move: Infestation|[partiallytrapped]","|turn|7","|","|switch|p2a: Slowbro|Slowbro, F|394/394","|move|p1a: Jotunn|Seismic Toss|p2a: Slowbro","|-damage|p2a: Slowbro|294/394","|","|-damage|p1a: Jotunn|121/362 brn|[from] brn","|turn|8","|","|switch|p2a: Tentacruel|Tentacruel, F|146/364 par","|move|p1a: Jotunn|Rest|p1a: Jotunn","|-status|p1a: Jotunn|slp","|-heal|p1a: Jotunn|362/362 slp|[silent]","|-status|p1a: Jotunn|slp|[from] move: Rest","|-enditem|p1a: Jotunn|Chesto Berry|[eat]","|-curestatus|p1a: Jotunn|slp","|","|-heal|p2a: Tentacruel|168/364 par|[from] item: Black Sludge","|turn|9","|","|move|p1a: Jotunn|Seismic Toss|p2a: Tentacruel","|-damage|p2a: Tentacruel|68/364 par","|move|p2a: Tentacruel|Scald|p1a: Jotunn","|-damage|p1a: Jotunn|325/362","|-status|p1a: Jotunn|brn","|","|-heal|p2a: Tentacruel|90/364 par|[from] item: Black Sludge","|-damage|p1a: Jotunn|280/362 brn|[from] brn","|turn|10","|","|move|p1a: Jotunn|Seismic Toss|p2a: Tentacruel","|-damage|p2a: Tentacruel|0 fnt","|faint|p2a: Tentacruel","|","|-damage|p1a: Jotunn|235/362 brn|[from] brn","|","|switch|p2a: Swampert|Swampert, M|404/404","|turn|11","|","|switch|p1a: Liopleurodon|Lapras, M|203/463","|move|p2a: Swampert|Stealth Rock|p1a: Liopleurodon","|-sidestart|p1: Alliance - Glacia|move: Stealth Rock","|","|turn|12","|","|switch|p2a: Azumarill|Azumarill, M|404/404","|move|p1a: Liopleurodon|Freeze-Dry|p2a: Azumarill","|-crit|p2a: Azumarill","|-supereffective|p2a: Azumarill","|-damage|p2a: Azumarill|0 fnt","|faint|p2a: Azumarill","|","|","|switch|p2a: Slowbro|Slowbro, F|394/394","|turn|13","|","|move|p1a: Liopleurodon|Freeze-Dry|p2a: Slowbro","|-supereffective|p2a: Slowbro","|-damage|p2a: Slowbro|152/394","|move|p2a: Slowbro|Psyshock|p1a: Liopleurodon","|-damage|p1a: Liopleurodon|83/463","|","|turn|14","|","|move|p1a: Liopleurodon|Freeze-Dry|p2a: Slowbro","|-supereffective|p2a: Slowbro","|-damage|p2a: Slowbro|0 fnt","|faint|p2a: Slowbro","|","|","|switch|p2a: Gyarados|Gyarados, M|331/331","|-ability|p2a: Gyarados|Intimidate","|-unboost|p1a: Liopleurodon|atk|1","|turn|15","|","|detailschange|p2a: Gyarados|Gyarados-Mega, M","|-mega|p2a: Gyarados|Gyarados|Gyaradosite","|-ability|p2a: Gyarados|Mold Breaker","|move|p2a: Gyarados|Dragon Dance|p2a: Gyarados","|-boost|p2a: Gyarados|atk|1","|-boost|p2a: Gyarados|spe|1","|move|p1a: Liopleurodon|Freeze-Dry|p2a: Gyarados","|-supereffective|p2a: Gyarados","|-damage|p2a: Gyarados|67/331","|","|turn|16","|","|move|p2a: Gyarados|Earthquake|p1a: Liopleurodon","|-damage|p1a: Liopleurodon|0 fnt","|faint|p1a: Liopleurodon","|","|","|switch|p1a: T-Titanic Kun...|Avalugg, M|394/394","|-damage|p1a: T-Titanic Kun...|296/394|[from] Stealth Rock","|turn|17","|","|move|p2a: Gyarados|Dragon Dance|p2a: Gyarados","|-boost|p2a: Gyarados|atk|1","|-boost|p2a: Gyarados|spe|1","|move|p1a: T-Titanic Kun...|Rapid Spin|p2a: Gyarados","|-damage|p2a: Gyarados|48/331","|-sideend|p1: Alliance - Glacia|Stealth Rock|[from] move: Rapid Spin|[of] p1a: T-Titanic Kun...","|","|-heal|p1a: T-Titanic Kun...|320/394|[from] item: Leftovers","|turn|18","|","|move|p2a: Gyarados|Waterfall|p1a: T-Titanic Kun...","|-damage|p1a: T-Titanic Kun...|167/394","|cant|p1a: T-Titanic Kun...|flinch","|","|-heal|p1a: T-Titanic Kun...|191/394|[from] item: Leftovers","|turn|19","|","|move|p2a: Gyarados|Waterfall|p1a: T-Titanic Kun...","|-damage|p1a: T-Titanic Kun...|43/394","|cant|p1a: T-Titanic Kun...|flinch","|","|-heal|p1a: T-Titanic Kun...|67/394|[from] item: Leftovers","|turn|20","|","|move|p2a: Gyarados|Waterfall|p1a: T-Titanic Kun...","|-damage|p1a: T-Titanic Kun...|0 fnt","|faint|p1a: T-Titanic Kun...","|","|","|switch|p1a: Porky|Mamoswine, M|423/423","|turn|21","|","|move|p2a: Gyarados|Waterfall|p1a: Porky","|-supereffective|p1a: Porky","|-enditem|p1a: Porky|Focus Sash","|-damage|p1a: Porky|1/423","|cant|p1a: Porky|flinch","|","|turn|22","|","|move|p1a: Porky|Ice Shard|p2a: Gyarados","|-crit|p2a: Gyarados","|-resisted|p2a: Gyarados","|-damage|p2a: Gyarados|0 fnt","|faint|p2a: Gyarados","|","|","|switch|p2a: Swampert|Swampert, M|404/404","|turn|23","|","|move|p1a: Porky|Endeavor|p2a: Swampert","|-damage|p2a: Swampert|1/404","|move|p2a: Swampert|Earthquake|p1a: Porky","|-damage|p1a: Porky|0 fnt","|faint|p1a: Porky","|","|-heal|p2a: Swampert|26/404|[from] item: Leftovers","|","|switch|p1a: Usain|Weavile, M|281/281","|-ability|p1a: Usain|Pressure","|turn|24","|","|move|p1a: Usain|Ice Shard|p2a: Swampert","|-damage|p2a: Swampert|0 fnt","|faint|p2a: Swampert","|","|win|Alliance - Glacia"],"p1rating":{"entryid":"6141190","serverid":"eos","formatid":"monotype","userid":"allianceglacia","username":"Alliance - Glacia","w":12,"l":"12","t":"0","gxe":51.9,"r":1493.7079048718,"rd":70.79967185753,"sigma":"0","rptime":1438506000,"rpr":1514.3429347407,"rprd":69.815278229297,"rpsigma":"0","acre":1140.2991391688,"lacre":1140.2991391688,"oldacre":"1101.3899507029"},"p2rating":{"entryid":"6396823","serverid":"eos","formatid":"monotype","userid":"jackker","username":"jackker","w":"16","l":4,"t":"0","gxe":72.8,"r":"1700.4079518006","rd":"81.79619524931","sigma":"0","rptime":"1438506000","rpr":1689.5499637423,"rprd":77.88522096494,"rpsigma":"0","acre":1288.2981388752,"lacre":1288.2981388752,"oldacre":"1319.4254896479"},"endType":"normal"}