{"seed":[54872,53599,59842,39650],"turns":21,"p1":"Query","p2":"Sovereign♕Cactus","p1team":[{"name":"Zapdos","species":"Zapdos","item":"leftovers","ability":"Pressure","moves":["discharge","defog","hiddenpowerice","roost"],"nature":"Calm","evs":{"hp":248,"atk":0,"def":64,"spa":0,"spd":180,"spe":16},"ivs":{"hp":31,"atk":31,"def":30,"spa":31,"spd":31,"spe":31}},{"name":"Thundurus","species":"Thundurus","item":"lifeorb","ability":"Defiant","moves":["thunderbolt","knockoff","superpower","hiddenpowerice"],"nature":"Naive","evs":{"hp":0,"atk":76,"def":0,"spa":180,"spd":0,"spe":252},"ivs":{"hp":31,"atk":30,"def":30,"spa":31,"spd":31,"spe":31},"shiny":true},{"name":"Magnezone","species":"Magnezone","item":"choicespecs","ability":"Magnet Pull","moves":["voltswitch","hiddenpowerfire","flashcannon","thunderbolt"],"nature":"Modest","evs":{"hp":168,"atk":0,"def":0,"spa":252,"spd":0,"spe":88},"ivs":{"hp":31,"atk":30,"def":31,"spa":30,"spd":31,"spe":30},"shiny":true},{"name":"Rotom-Wash","species":"Rotom-Wash","item":"lightclay","ability":"Levitate","moves":["lightscreen","reflect","painsplit","hydropump"],"nature":"Bold","evs":{"hp":248,"atk":0,"def":252,"spa":0,"spd":0,"spe":8},"ivs":{"hp":31,"atk":0,"def":31,"spa":31,"spd":31,"spe":31},"shiny":true},{"name":"Luxray","species":"Luxray","item":"choiceband","ability":"Guts","moves":["wildcharge","superpower","crunch","quickattack"],"nature":"Adamant","evs":{"hp":0,"atk":252,"def":4,"spa":0,"spd":0,"spe":252},"shiny":true,"ivs":{"hp":31,"atk":31,"def":31,"spa":31,"spd":31,"spe":31}},{"name":"Galvantula","species":"Galvantula","item":"focussash","ability":"Compound Eyes","moves":["stickyweb","thunder","bugbuzz","energyball"],"nature":"Timid","evs":{"hp":0,"atk":0,"def":0,"spa":252,"spd":4,"spe":252},"shiny":true,"ivs":{"hp":31,"atk":31,"def":31,"spa":31,"spd":31,"spe":31}}],"p2team":[{"name":"Slippy","species":"politoed","item":"choicespecs","ability":"Drizzle","moves":["focusblast","icebeam","hydropump","psychic"],"nature":"Modest","evs":{"hp":248,"atk":0,"def":0,"spa":252,"spd":8,"spe":0},"gender":"M","ivs":{"hp":31,"atk":31,"def":31,"spa":31,"spd":31,"spe":31}},{"name":"Hentai","species":"tentacruel","item":"blacksludge","ability":"Liquid Ooze","moves":["scald","rapidspin","sludgewave","raindance"],"nature":"Timid","evs":{"hp":0,"atk":0,"def":0,"spa":252,"spd":4,"spe":252},"gender":"M","shiny":true,"ivs":{"hp":31,"atk":31,"def":31,"spa":31,"spd":31,"spe":31}},{"name":"Minty Churro","species":"ludicolo","item":"lifeorb","ability":"Swift Swim","moves":["focusblast","icebeam","energyball","surf"],"nature":"Modest","evs":{"hp":0,"atk":0,"def":0,"spa":252,"spd":4,"spe":252},"gender":"M","shiny":true,"ivs":{"hp":31,"atk":31,"def":31,"spa":31,"spd":31,"spe":31}},{"name":"My Little Ponyta","species":"keldeo","item":"choicespecs","ability":"Justified","moves":["hiddenpowerdark","secretsword","surf","icywind"],"nature":"Timid","evs":{"hp":0,"atk":0,"def":0,"spa":252,"spd":4,"spe":252},"ivs":{"hp":31,"atk":31,"def":31,"spe":31,"spa":31,"spd":31}},{"name":"Bareny","species":"sharpedo","item":"lifeorb","ability":"Speed Boost","moves":["crunch","icefang","waterfall","earthquake"],"nature":"Adamant","evs":{"hp":0,"atk":252,"def":0,"spa":0,"spd":4,"spe":252},"gender":"M","shiny":true,"ivs":{"hp":31,"atk":31,"def":31,"spa":31,"spd":31,"spe":31}},{"name":"Mulan","species":"gyarados","item":"gyaradosite","ability":"Intimidate","moves":["crunch","dragondance","waterfall","earthquake"],"nature":"Adamant","evs":{"hp":0,"atk":252,"def":0,"spa":0,"spd":4,"spe":252},"shiny":true,"ivs":{"hp":31,"atk":31,"def":31,"spa":31,"spd":31,"spe":31}}],"log":["|player|p1|Query|269","|player|p2|Sovereign♕Cactus|251","|gametype|singles","|gen|6","|tier|Monotype","|rated","|rule|Baton Pass Clause: Limit one Baton Passer, can't pass Spe and other stats simultaneously","|rule|Swagger Clause: Swagger is banned","|rule|Same Type Clause: Pokémon in a team must share a type","|clearpoke","|poke|p1|Zapdos","|poke|p1|Thundurus, M, shiny","|poke|p1|Magnezone, shiny","|poke|p1|Rotom-Wash, shiny","|poke|p1|Luxray, F, shiny","|poke|p1|Galvantula, F, shiny","|poke|p2|Politoed, M","|poke|p2|Tentacruel, M, shiny","|poke|p2|Ludicolo, M, shiny","|poke|p2|Keldeo","|poke|p2|Sharpedo, M, shiny","|poke|p2|Gyarados, F, shiny","|rule|Sleep Clause Mod: Limit one foe put to sleep","|rule|Species Clause: Limit one of each Pokémon","|rule|OHKO Clause: OHKO moves are banned","|rule|Moody Clause: Moody is banned","|rule|Evasion Moves Clause: Evasion moves are banned","|rule|Endless Battle Clause: Forcing endless battles is banned","|rule|HP Percentage Mod: HP is shown in percentages","|teampreview","|","|start","|switch|p1a: Magnezone|Magnezone, shiny|323/323","|switch|p2a: Slippy|Politoed, M|383/383","|-weather|RainDance","|turn|1","|","|move|p1a: Magnezone|Thunderbolt|p2a: Slippy","|-supereffective|p2a: Slippy","|-damage|p2a: Slippy|0 fnt","|faint|p2a: Slippy","|","|-weather|RainDance|[upkeep]","|","|switch|p2a: Minty Churro|Ludicolo, M, shiny|301/301","|turn|2","|","|move|p2a: Minty Churro|Focus Blast|p1a: Magnezone","|-supereffective|p1a: Magnezone","|-damage|p1a: Magnezone|6/323","|-damage|p2a: Minty Churro|271/301|[from] item: Life Orb","|move|p1a: Magnezone|Thunderbolt|p2a: Minty Churro","|-damage|p2a: Minty Churro|0 fnt","|faint|p2a: Minty Churro","|","|-weather|RainDance|[upkeep]","|","|switch|p2a: Bareny|Sharpedo, M, shiny|281/281","|turn|3","|","|move|p2a: Bareny|Earthquake|p1a: Magnezone","|-supereffective|p1a: Magnezone","|-damage|p1a: Magnezone|0 fnt","|-damage|p2a: Bareny|253/281|[from] item: Life Orb","|faint|p1a: Magnezone","|","|-weather|RainDance|[upkeep]","|-boost|p2a: Bareny|spe|1|[from] ability: Speed Boost","|","|switch|p1a: Rotom-Wash|Rotom-Wash, shiny|303/303","|turn|4","|","|move|p2a: Bareny|Waterfall|p1a: Rotom-Wash","|-resisted|p1a: Rotom-Wash","|-damage|p1a: Rotom-Wash|209/303","|-damage|p2a: Bareny|225/281|[from] item: Life Orb","|move|p1a: Rotom-Wash|Reflect|p1a: Rotom-Wash","|-sidestart|p1: Query|Reflect","|","|-weather|RainDance|[upkeep]","|-boost|p2a: Bareny|spe|1|[from] ability: Speed Boost","|turn|5","|","|move|p2a: Bareny|Crunch|p1a: Rotom-Wash","|-damage|p1a: Rotom-Wash|146/303","|-unboost|p1a: Rotom-Wash|def|1","|-damage|p2a: Bareny|197/281|[from] item: Life Orb","|move|p1a: Rotom-Wash|Light Screen|p1a: Rotom-Wash","|-sidestart|p1: Query|move: Light Screen","|","|-weather|none","|-boost|p2a: Bareny|spe|1|[from] ability: Speed Boost","|turn|6","|","|switch|p1a: Galvantula|Galvantula, F, shiny|281/281","|move|p2a: Bareny|Crunch|p1a: Galvantula","|-damage|p1a: Galvantula|148/281","|-unboost|p1a: Galvantula|def|1","|-damage|p2a: Bareny|169/281|[from] item: Life Orb","|","|-boost|p2a: Bareny|spe|1|[from] ability: Speed Boost","|turn|7","|","|switch|p1a: Zapdos|Zapdos|383/383","|-ability|p1a: Zapdos|Pressure","|move|p2a: Bareny|Crunch|p1a: Zapdos","|-damage|p1a: Zapdos|287/383","|-unboost|p1a: Zapdos|def|1","|-damage|p2a: Bareny|141/281|[from] item: Life Orb","|","|-heal|p1a: Zapdos|310/383|[from] item: Leftovers","|-boost|p2a: Bareny|spe|1|[from] ability: Speed Boost","|turn|8","|","|switch|p1a: Luxray|Luxray, F, shiny|301/301","|move|p2a: Bareny|Ice Fang|p1a: Luxray","|-crit|p1a: Luxray","|-damage|p1a: Luxray|100/301","|-status|p1a: Luxray|frz","|-damage|p2a: Bareny|113/281|[from] item: Life Orb","|","|-boost|p2a: Bareny|spe|1|[from] ability: Speed Boost","|turn|9","|","|cant|p1a: Luxray|frz","|move|p2a: Bareny|Ice Fang|p1a: Luxray","|-damage|p1a: Luxray|40/301 frz","|-damage|p2a: Bareny|85/281|[from] item: Life Orb","|","|turn|10","|","|cant|p1a: Luxray|frz","|move|p2a: Bareny|Ice Fang|p1a: Luxray","|-damage|p1a: Luxray|0 fnt","|-damage|p2a: Bareny|57/281|[from] item: Life Orb","|faint|p1a: Luxray","|","|","|switch|p1a: Galvantula|Galvantula, F, shiny|148/281","|turn|11","|","|move|p2a: Bareny|Crunch|p1a: Galvantula","|-damage|p1a: Galvantula|8/281","|-damage|p2a: Bareny|29/281|[from] item: Life Orb","|move|p1a: Galvantula|Sticky Web|p2a: Bareny","|-sidestart|p2: Sovereign♕Cactus|move: Sticky Web","|","|-sideend|p1: Query|Reflect","|turn|12","|","|move|p2a: Bareny|Crunch|p1a: Galvantula","|-damage|p1a: Galvantula|0 fnt","|-damage|p2a: Bareny|1/281|[from] item: Life Orb","|faint|p1a: Galvantula","|","|-sideend|p1: Query|move: Light Screen","|","|switch|p1a: Rotom-Wash|Rotom-Wash, shiny|146/303","|turn|13","|","|move|p2a: Bareny|Crunch|p1a: Rotom-Wash","|-damage|p1a: Rotom-Wash|2/303","|-unboost|p1a: Rotom-Wash|def|1","|-damage|p2a: Bareny|0 fnt|[from] item: Life Orb","|faint|p2a: Bareny","|move|p1a: Rotom-Wash|Reflect|p1a: Rotom-Wash","|-sidestart|p1: Query|Reflect","|","|","|switch|p2a: Mulan|Gyarados, F, shiny|331/331","|-ability|p2a: Mulan|Intimidate","|-unboost|p1a: Rotom-Wash|atk|1","|turn|14","|","|detailschange|p2a: Mulan|Gyarados-Mega, F, shiny","|-mega|p2a: Mulan|Gyarados|Gyaradosite","|-ability|p2a: Mulan|Mold Breaker","|move|p2a: Mulan|Crunch|p1a: Rotom-Wash","|-damage|p1a: Rotom-Wash|0 fnt","|faint|p1a: Rotom-Wash","|","|","|switch|p1a: Zapdos|Zapdos|310/383","|-ability|p1a: Zapdos|Pressure","|turn|15","|","|move|p2a: Mulan|Crunch|p1a: Zapdos","|-damage|p1a: Zapdos|214/383","|move|p1a: Zapdos|Discharge|p2a: Mulan","|-supereffective|p2a: Mulan","|-damage|p2a: Mulan|145/331","|-status|p2a: Mulan|par","|","|-heal|p1a: Zapdos|237/383|[from] item: Leftovers","|turn|16","|","|move|p1a: Zapdos|Discharge|p2a: Mulan","|-supereffective|p2a: Mulan","|-damage|p2a: Mulan|0 fnt","|faint|p2a: Mulan","|","|-heal|p1a: Zapdos|260/383|[from] item: Leftovers","|","|switch|p2a: Hentai|Tentacruel, M, shiny|301/301","|-activate|p2a: Hentai|move: Sticky Web","|-unboost|p2a: Hentai|spe|1","|turn|17","|","|move|p1a: Zapdos|Discharge|p2a: Hentai","|-supereffective|p2a: Hentai","|-damage|p2a: Hentai|119/301","|move|p2a: Hentai|Rapid Spin|p1a: Zapdos","|-damage|p1a: Zapdos|254/383","|-sideend|p2: Sovereign♕Cactus|Sticky Web|[from] move: Rapid Spin|[of] p2a: Hentai","|","|-heal|p1a: Zapdos|277/383|[from] item: Leftovers","|-heal|p2a: Hentai|137/301|[from] item: Black Sludge","|turn|18","|","|move|p1a: Zapdos|Discharge|p2a: Hentai","|-supereffective|p2a: Hentai","|-damage|p2a: Hentai|0 fnt","|faint|p2a: Hentai","|","|-heal|p1a: Zapdos|300/383|[from] item: Leftovers","|","|switch|p2a: My Little Ponyta|Keldeo|323/323","|turn|19","|","|move|p2a: My Little Ponyta|Icy Wind|p1a: Zapdos","|-supereffective|p1a: Zapdos","|-damage|p1a: Zapdos|144/383","|-unboost|p1a: Zapdos|spe|1","|move|p1a: Zapdos|Discharge|p2a: My Little Ponyta","|-supereffective|p2a: My Little Ponyta","|-damage|p2a: My Little Ponyta|63/323","|","|-heal|p1a: Zapdos|167/383|[from] item: Leftovers","|turn|20","|","|move|p2a: My Little Ponyta|Icy Wind|p1a: Zapdos","|-supereffective|p1a: Zapdos","|-damage|p1a: Zapdos|3/383","|-unboost|p1a: Zapdos|spe|1","|move|p1a: Zapdos|Roost|p1a: Zapdos","|-heal|p1a: Zapdos|195/383","|","|-heal|p1a: Zapdos|218/383|[from] item: Leftovers","|-sideend|p1: Query|Reflect","|turn|21","|","|move|p2a: My Little Ponyta|Icy Wind|p1a: Zapdos","|-supereffective|p1a: Zapdos","|-damage|p1a: Zapdos|58/383","|-unboost|p1a: Zapdos|spe|1","|move|p1a: Zapdos|Discharge|p2a: My Little Ponyta","|-supereffective|p2a: My Little Ponyta","|-damage|p2a: My Little Ponyta|0 fnt","|faint|p2a: My Little Ponyta","|","|win|Query"],"p1rating":{"entryid":"7251160","serverid":"eos","formatid":"monotype","userid":"query","username":"Query","w":3,"l":"1","t":"0","gxe":56.6,"r":"1540.1606143388","rd":"123.40150317887","sigma":"0","rptime":"1438506000","rpr":1552.3311821246,"rprd":105.95392067744,"rpsigma":"0","acre":1108.1245502377,"lacre":1108.1245502377,"oldacre":"1079.7411840309"},"p2rating":{"entryid":"6867552","serverid":"eos","formatid":"monotype","userid":"sovereigncactus","username":"Sovereign♕Cactus","w":"60","l":74,"t":"0","gxe":44.4,"r":"1459.3771430334","rd":"32.514639404528","sigma":"0","rptime":"1438506000","rpr":1457.5235705029,"rprd":31.465365629321,"rpsigma":"0","acre":1061.1313826002,"lacre":1061.1313826002,"oldacre":"1084.0107216337"},"endType":"normal"}