{"seed":[43304,24292,24462,45379],"turns":20,"p1":"Silver-Quartz","p2":"Researcher✦Kingdra","p1team":[{"name":"Gyarados","species":"Gyarados","item":"gyaradosite","ability":"Intimidate","moves":["dragondance","waterfall","earthquake","icefang"],"nature":"Adamant","evs":{"hp":0,"atk":252,"def":4,"spa":0,"spd":0,"spe":252},"shiny":true,"ivs":{"hp":31,"atk":31,"def":31,"spa":31,"spd":31,"spe":31}},{"name":"Landorus-Therian","species":"Landorus-Therian","item":"leftovers","ability":"Intimidate","moves":["earthquake","uturn","stoneedge","stealthrock"],"nature":"Impish","evs":{"hp":252,"atk":0,"def":240,"spa":0,"spd":8,"spe":8},"shiny":true,"ivs":{"hp":31,"atk":31,"def":31,"spa":31,"spd":31,"spe":31}},{"name":"Tornadus-Therian","species":"Tornadus-Therian","item":"assaultvest","ability":"Regenerator","moves":["hurricane","heatwave","knockoff","uturn"],"nature":"Timid","evs":{"hp":132,"atk":0,"def":0,"spa":160,"spd":0,"spe":216},"ivs":{"hp":31,"atk":31,"def":31,"spa":31,"spd":31,"spe":31}},{"name":"Skarmory","species":"Skarmory","item":"leftovers","ability":"Sturdy","moves":["ironhead","spikes","roost","whirlwind"],"nature":"Careful","evs":{"hp":248,"atk":0,"def":8,"spa":0,"spd":252,"spe":0},"shiny":true,"ivs":{"hp":31,"atk":31,"def":31,"spa":31,"spd":31,"spe":31}},{"name":"Thundurus","species":"Thundurus","item":"lifeorb","ability":"Prankster","moves":["nastyplot","thunderbolt","hiddenpowerice","thunderwave"],"nature":"Timid","evs":{"hp":0,"atk":0,"def":4,"spa":252,"spd":0,"spe":252},"ivs":{"hp":31,"atk":30,"def":30,"spa":31,"spd":31,"spe":31},"shiny":true},{"name":"Hawlucha","species":"Hawlucha","item":"sitrusberry","ability":"Unburden","moves":["substitute","swordsdance","highjumpkick","acrobatics"],"nature":"Jolly","evs":{"hp":12,"atk":252,"def":0,"spa":0,"spd":0,"spe":244},"shiny":true,"ivs":{"hp":31,"atk":31,"def":31,"spa":31,"spd":31,"spe":31}}],"p2team":[{"name":"Charizard","species":"Charizard","item":"charizarditex","ability":"Blaze","moves":["bellydrum","dragonclaw","firepunch","furycutter"],"nature":"Jolly","evs":{"hp":4,"atk":252,"def":0,"spa":0,"spd":0,"spe":252},"ivs":{"hp":31,"atk":31,"def":31,"spa":31,"spd":31,"spe":31}},{"name":"Ninetales","species":"Ninetales","item":"heatrock","ability":"Drought","moves":["nastyplot","fireblast","solarbeam","willowisp"],"nature":"Bold","evs":{"hp":168,"atk":0,"def":136,"spa":0,"spd":204,"spe":0},"ivs":{"hp":31,"atk":31,"def":31,"spa":31,"spd":31,"spe":31}},{"name":"Chandelure","species":"Chandelure","item":"choicescarf","ability":"Infiltrator","moves":["fireblast","shadowball","energyball","trick"],"nature":"Timid","evs":{"hp":0,"atk":0,"def":0,"spa":252,"spd":4,"spe":252},"ivs":{"hp":31,"atk":31,"def":31,"spa":31,"spd":31,"spe":31}},{"name":"Darmanitan","species":"Darmanitan","item":"choicescarf","ability":"Sheer Force","moves":["flareblitz","rockslide","uturn","earthquake"],"nature":"Jolly","evs":{"hp":0,"atk":252,"def":0,"spa":0,"spd":4,"spe":252},"ivs":{"hp":31,"atk":31,"def":31,"spa":31,"spd":31,"spe":31}},{"name":"Heatran","species":"Heatran","item":"leftovers","ability":"Flash Fire","moves":["lavaplume","toxic","taunt","stealthrock"],"nature":"Calm","evs":{"hp":248,"atk":0,"def":0,"spa":0,"spd":192,"spe":68},"ivs":{"hp":31,"atk":31,"def":31,"spa":31,"spd":31,"spe":31}},{"name":"Victini","species":"Victini","item":"choicescarf","ability":"Victory Star","moves":["vcreate","boltstrike","zenheadbutt","uturn"],"nature":"Jolly","evs":{"hp":0,"atk":252,"def":4,"spa":0,"spd":0,"spe":252},"ivs":{"hp":31,"atk":31,"def":31,"spa":31,"spd":31,"spe":31}}],"log":["|player|p1|Silver-Quartz|44","|player|p2|Researcher✦Kingdra|40","|gametype|singles","|gen|6","|tier|Monotype","|rated","|rule|Baton Pass Clause: Limit one Baton Passer, can't pass Spe and other stats simultaneously","|rule|Swagger Clause: Swagger is banned","|rule|Same Type Clause: Pokémon in a team must share a type","|clearpoke","|poke|p1|Gyarados, F, shiny","|poke|p1|Landorus-Therian, M, shiny","|poke|p1|Tornadus-Therian, M","|poke|p1|Skarmory, F, shiny","|poke|p1|Thundurus, M, shiny","|poke|p1|Hawlucha, F, shiny","|poke|p2|Charizard, M","|poke|p2|Ninetales, F","|poke|p2|Chandelure, F","|poke|p2|Darmanitan, F","|poke|p2|Heatran, M","|poke|p2|Victini","|rule|Sleep Clause Mod: Limit one foe put to sleep","|rule|Species Clause: Limit one of each Pokémon","|rule|OHKO Clause: OHKO moves are banned","|rule|Moody Clause: Moody is banned","|rule|Evasion Moves Clause: Evasion moves are banned","|rule|Endless Battle Clause: Forcing endless battles is banned","|rule|HP Percentage Mod: HP is shown in percentages","|teampreview","|","|start","|switch|p1a: Landorus-Therian|Landorus-Therian, M, shiny|382/382","|switch|p2a: Charizard|Charizard, M|298/298","|-ability|p1a: Landorus-Therian|Intimidate","|-unboost|p2a: Charizard|atk|1","|turn|1","|","|detailschange|p2a: Charizard|Charizard-Mega-X, M","|-mega|p2a: Charizard|Charizard|Charizardite X","|move|p2a: Charizard|Belly Drum|p2a: Charizard","|-damage|p2a: Charizard|149/298","|-setboost|p2a: Charizard|atk|6|[from] move: Belly Drum","|move|p1a: Landorus-Therian|Stone Edge|p2a: Charizard","|-supereffective|p2a: Charizard","|-damage|p2a: Charizard|0 fnt","|faint|p2a: Charizard","|","|","|switch|p2a: Ninetales|Ninetales, F|329/329","|-weather|SunnyDay","|turn|2","|","|move|p2a: Ninetales|Will-O-Wisp|p1a: Landorus-Therian","|-status|p1a: Landorus-Therian|brn","|move|p1a: Landorus-Therian|Earthquake|p2a: Ninetales","|-supereffective|p2a: Ninetales","|-damage|p2a: Ninetales|179/329","|","|-weather|SunnyDay|[upkeep]","|-damage|p1a: Landorus-Therian|335/382 brn|[from] brn","|turn|3","|","|move|p2a: Ninetales|Solar Beam|p1a: Landorus-Therian|[still]","|-prepare|p2a: Ninetales|Solar Beam|p1a: Landorus-Therian","|-anim|p2a: Ninetales|Solar Beam|p1a: Landorus-Therian","|-damage|p1a: Landorus-Therian|233/382 brn","|move|p1a: Landorus-Therian|Earthquake|p2a: Ninetales","|-supereffective|p2a: Ninetales","|-damage|p2a: Ninetales|23/329","|","|-weather|SunnyDay|[upkeep]","|-heal|p1a: Landorus-Therian|256/382 brn|[from] item: Leftovers","|-damage|p1a: Landorus-Therian|209/382 brn|[from] brn","|turn|4","|","|move|p2a: Ninetales|Fire Blast|p1a: Landorus-Therian","|-crit|p1a: Landorus-Therian","|-damage|p1a: Landorus-Therian|0 fnt","|faint|p1a: Landorus-Therian","|","|-weather|SunnyDay|[upkeep]","|","|switch|p1a: Tornadus-Therian|Tornadus-Therian, M|332/332","|turn|5","|","|move|p1a: Tornadus-Therian|Knock Off|p2a: Ninetales","|-damage|p2a: Ninetales|0 fnt","|-enditem|p2a: Ninetales|Heat Rock|[from] move: Knock Off|[of] p1a: Tornadus-Therian","|faint|p2a: Ninetales","|","|-weather|SunnyDay|[upkeep]","|","|switch|p2a: Victini|Victini|341/341","|turn|6","|","|move|p2a: Victini|Bolt Strike|p1a: Tornadus-Therian","|-supereffective|p1a: Tornadus-Therian","|-damage|p1a: Tornadus-Therian|18/332","|move|p1a: Tornadus-Therian|Knock Off|p2a: Victini","|-supereffective|p2a: Victini","|-damage|p2a: Victini|193/341","|-enditem|p2a: Victini|Choice Scarf|[from] move: Knock Off|[of] p1a: Tornadus-Therian","|","|-weather|SunnyDay|[upkeep]","|turn|7","|","|switch|p1a: Thundurus|Thundurus, M, shiny|299/299","|move|p2a: Victini|U-turn|p1a: Thundurus","|-resisted|p1a: Thundurus","|-damage|p1a: Thundurus|252/299","|","|switch|p2a: Heatran|Heatran, M|385/385","|","|-weather|SunnyDay|[upkeep]","|turn|8","|","|move|p1a: Thundurus|Thunderbolt|p2a: Heatran","|-damage|p2a: Heatran|233/385","|-status|p2a: Heatran|par","|-damage|p1a: Thundurus|223/299|[from] item: Life Orb","|move|p2a: Heatran|Stealth Rock|p1a: Thundurus","|-sidestart|p1: Silver-Quartz|move: Stealth Rock","|","|-weather|SunnyDay|[upkeep]","|-heal|p2a: Heatran|257/385 par|[from] item: Leftovers","|turn|9","|","|move|p1a: Thundurus|Thunderbolt|p2a: Heatran","|-damage|p2a: Heatran|96/385 par","|-damage|p1a: Thundurus|194/299|[from] item: Life Orb","|move|p2a: Heatran|Lava Plume|p1a: Thundurus","|-damage|p1a: Thundurus|0 fnt","|faint|p1a: Thundurus","|","|-weather|none","|-heal|p2a: Heatran|120/385 par|[from] item: Leftovers","|","|switch|p1a: Gyarados|Gyarados, F, shiny|331/331","|-damage|p1a: Gyarados|249/331|[from] Stealth Rock","|-ability|p1a: Gyarados|Intimidate","|-unboost|p2a: Heatran|atk|1","|turn|10","|","|detailschange|p1a: Gyarados|Gyarados-Mega, F, shiny","|-mega|p1a: Gyarados|Gyarados|Gyaradosite","|-ability|p1a: Gyarados|Mold Breaker","|move|p1a: Gyarados|Dragon Dance|p1a: Gyarados","|-boost|p1a: Gyarados|atk|1","|-boost|p1a: Gyarados|spe|1","|move|p2a: Heatran|Taunt|p1a: Gyarados","|-start|p1a: Gyarados|move: Taunt","|","|-heal|p2a: Heatran|144/385 par|[from] item: Leftovers","|turn|11","|","|move|p1a: Gyarados|Waterfall|p2a: Heatran","|-supereffective|p2a: Heatran","|-damage|p2a: Heatran|0 fnt","|faint|p2a: Heatran","|","|","|switch|p2a: Darmanitan|Darmanitan, F|351/351","|turn|12","|","|move|p2a: Darmanitan|U-turn|p1a: Gyarados","|-supereffective|p1a: Gyarados","|-damage|p1a: Gyarados|71/331","|","|switch|p2a: Chandelure|Chandelure, F|261/261","|move|p1a: Gyarados|Waterfall|p2a: Chandelure","|-supereffective|p2a: Chandelure","|-damage|p2a: Chandelure|0 fnt","|faint|p2a: Chandelure","|","|","|switch|p2a: Darmanitan|Darmanitan, F|351/351","|turn|13","|","|move|p2a: Darmanitan|U-turn|p1a: Gyarados","|-supereffective|p1a: Gyarados","|-damage|p1a: Gyarados|0 fnt","|faint|p1a: Gyarados","|","|switch|p2a: Victini|Victini|193/341","|","|","|switch|p1a: Skarmory|Skarmory, F, shiny|333/333","|-damage|p1a: Skarmory|292/333|[from] Stealth Rock","|turn|14","|","|move|p2a: Victini|V-create|p1a: Skarmory","|-supereffective|p1a: Skarmory","|-damage|p1a: Skarmory|0 fnt","|-unboost|p2a: Victini|spe|1","|-unboost|p2a: Victini|def|1","|-unboost|p2a: Victini|spd|1","|faint|p1a: Skarmory","|","|","|switch|p1a: Tornadus-Therian|Tornadus-Therian, M|128/332","|-damage|p1a: Tornadus-Therian|45/332|[from] Stealth Rock","|turn|15","|","|move|p1a: Tornadus-Therian|Knock Off|p2a: Victini","|-supereffective|p2a: Victini","|-damage|p2a: Victini|59/341","|move|p2a: Victini|U-turn|p1a: Tornadus-Therian","|-resisted|p1a: Tornadus-Therian","|-damage|p1a: Tornadus-Therian|1/332","|","|switch|p2a: Darmanitan|Darmanitan, F|351/351","|","|turn|16","|","|move|p2a: Darmanitan|U-turn|p1a: Tornadus-Therian","|-resisted|p1a: Tornadus-Therian","|-damage|p1a: Tornadus-Therian|0 fnt","|faint|p1a: Tornadus-Therian","|","|switch|p2a: Victini|Victini|59/341","|","|","|switch|p1a: Hawlucha|Hawlucha, F, shiny|300/300","|-damage|p1a: Hawlucha|263/300|[from] Stealth Rock","|turn|17","|","|move|p1a: Hawlucha|Substitute|p1a: Hawlucha","|-start|p1a: Hawlucha|Substitute","|-damage|p1a: Hawlucha|188/300","|move|p2a: Victini|Bolt Strike|p1a: Hawlucha","|-supereffective|p1a: Hawlucha","|-end|p1a: Hawlucha|Substitute","|","|turn|18","|","|move|p1a: Hawlucha|Substitute|p1a: Hawlucha","|-start|p1a: Hawlucha|Substitute","|-damage|p1a: Hawlucha|113/300","|-enditem|p1a: Hawlucha|Sitrus Berry|[eat]","|-heal|p1a: Hawlucha|188/300|[from] item: Sitrus Berry","|move|p2a: Victini|Bolt Strike|p1a: Hawlucha","|-supereffective|p1a: Hawlucha","|-end|p1a: Hawlucha|Substitute","|","|turn|19","|","|move|p1a: Hawlucha|Acrobatics|p2a: Victini","|-damage|p2a: Victini|0 fnt","|faint|p2a: Victini","|","|","|switch|p2a: Darmanitan|Darmanitan, F|351/351","|turn|20","|","|move|p1a: Hawlucha|Acrobatics|p2a: Darmanitan","|-damage|p2a: Darmanitan|86/351","|move|p2a: Darmanitan|Flare Blitz|p1a: Hawlucha","|-damage|p1a: Hawlucha|0 fnt","|-damage|p2a: Darmanitan|24/351|[from] recoil|[of] p1a: Hawlucha","|faint|p1a: Hawlucha","|","|win|Researcher✦Kingdra"],"p1rating":{"entryid":"7333327","serverid":"eos","formatid":"monotype","userid":"silverquartz","username":"Silver-Quartz","w":"0","l":4,"t":"0","gxe":31.9,"r":"1464.1526300217","rd":"122.17815067814","sigma":"0","rptime":"1438506000","rpr":1350.5151044107,"rprd":106.95063981119,"rpsigma":"0","acre":1000,"lacre":1000,"oldacre":"1000"},"p2rating":{"entryid":"7350749","serverid":"eos","formatid":"monotype","userid":"researcherkingdra","username":"Researcher✦Kingdra","w":2,"l":"1","t":"0","gxe":52.7,"r":"1500","rd":"130","sigma":"0","rptime":"1438506000","rpr":1521.4430497093,"rprd":110.44664138162,"rpsigma":"0","acre":1077.7045073344,"lacre":1077.7045073344,"oldacre":"1049.8071226439"},"endType":"normal"}