{"seed":[31895,22646,24947,59965],"turns":19,"p1":"Rain ☆ Suichika","p2":"R06L29A01","p1team":[{"name":"Muhammad ashroom","species":"breloom","item":"focussash","ability":"Technician","moves":["spore","bulletseed","rocktomb","machpunch"],"nature":"Jolly","evs":{"hp":4,"atk":252,"def":0,"spa":0,"spd":0,"spe":252},"ivs":{"hp":31,"atk":31,"def":31,"spa":31,"spd":31,"spe":31}},{"name":"Platasaurus-rex","species":"venusaur","item":"venusaurite","ability":"Chlorophyll","moves":["synthesis","hiddenpowerrock","gigadrain","sleeppowder"],"nature":"Modest","evs":{"hp":252,"atk":0,"def":0,"spa":252,"spd":0,"spe":4},"ivs":{"hp":31,"atk":31,"def":30,"spa":31,"spd":30,"spe":30}},{"name":"Vileplume's sister","species":"roserade","item":"choicescarf","ability":"Technician","moves":["hiddenpowerground","extrasensory","sludgebomb","shadowball"],"nature":"Timid","evs":{"hp":4,"atk":0,"def":0,"spa":252,"spd":0,"spe":252},"ivs":{"hp":31,"atk":31,"def":31,"spa":30,"spd":30,"spe":31}},{"name":"Celery the onion","species":"celebi","item":"lifeorb","ability":"Natural Cure","moves":["gigadrain","suckerpunch","earthpower","zenheadbutt"],"nature":"Hasty","evs":{"hp":0,"atk":196,"def":0,"spa":60,"spd":0,"spe":252},"ivs":{"hp":31,"atk":31,"def":31,"spa":31,"spd":31,"spe":31}},{"name":"Iron Durian","species":"ferrothorn","item":"occaberry","ability":"Iron Barbs","moves":["stealthrock","knockoff","thunderwave","gyroball"],"nature":"Impish","evs":{"hp":252,"atk":0,"def":88,"spa":0,"spd":168,"spe":0},"ivs":{"hp":31,"atk":31,"def":31,"spa":31,"spd":31,"spe":31}},{"name":"liligant wannabe","species":"bellossom","item":"choicespecs","ability":"Chlorophyll","moves":["gigadrain","hiddenpowerfire","moonblast","leafstorm"],"nature":"Modest","evs":{"hp":116,"atk":0,"def":0,"spa":252,"spd":0,"spe":140},"ivs":{"hp":31,"atk":30,"def":31,"spa":30,"spd":31,"spe":30}}],"p2team":[{"name":"Druddigon","species":"Druddigon","item":"focussash","ability":"Rough Skin","moves":["glare","dragontail","earthquake","stealthrock"],"nature":"Adamant","evs":{"hp":248,"atk":252,"def":0,"spa":0,"spd":8,"spe":0},"shiny":true,"ivs":{"hp":31,"atk":31,"def":31,"spa":31,"spd":31,"spe":31}},{"name":"Dragonite","species":"Dragonite","item":"weaknesspolicy","ability":"Multiscale","moves":["extremespeed","dragondance","dragonclaw","earthquake"],"nature":"Adamant","evs":{"hp":0,"atk":252,"def":0,"spa":0,"spd":4,"spe":252},"ivs":{"hp":31,"atk":31,"def":31,"spa":31,"spd":31,"spe":31}},{"name":"Goodra","species":"Goodra","item":"assaultvest","ability":"Gooey","moves":["dragonpulse","icebeam","flamethrower","sludgebomb"],"nature":"Modest","evs":{"hp":248,"atk":0,"def":0,"spa":252,"spd":8,"spe":0},"shiny":true,"ivs":{"hp":31,"atk":31,"def":31,"spa":31,"spd":31,"spe":31}},{"name":"Latias","species":"Latias","item":"latiasite","ability":"Levitate","moves":["thunderbolt","recover","dragonpulse","surf"],"nature":"Modest","evs":{"hp":248,"atk":0,"def":0,"spa":252,"spd":8,"spe":0},"shiny":true,"ivs":{"hp":31,"atk":31,"def":31,"spa":31,"spd":31,"spe":31}},{"name":"Garchomp","species":"Garchomp","item":"focussash","ability":"Rough Skin","moves":["dragonclaw","swordsdance","earthquake","firefang"],"nature":"Jolly","evs":{"hp":0,"atk":252,"def":0,"spa":0,"spd":4,"spe":252},"shiny":true,"ivs":{"hp":31,"atk":31,"def":31,"spa":31,"spd":31,"spe":31}},{"name":"Salamence","species":"Salamence","item":"choicescarf","ability":"Moxie","moves":["dragontail","irontail","firefang","outrage"],"nature":"Jolly","evs":{"hp":0,"atk":252,"def":0,"spa":0,"spd":4,"spe":252},"shiny":true,"ivs":{"hp":31,"atk":31,"def":31,"spa":31,"spd":31,"spe":31}}],"log":["|player|p1|Rain ☆ Suichika|rainsuichika.png","|player|p2|R06L29A01|209","|gametype|singles","|gen|6","|tier|Monotype","|rated","|rule|Baton Pass Clause: Limit one Baton Passer, can't pass Spe and other stats simultaneously","|rule|Swagger Clause: Swagger is banned","|rule|Same Type Clause: Pokémon in a team must share a type","|clearpoke","|poke|p1|Breloom, F","|poke|p1|Venusaur, F","|poke|p1|Roserade, M","|poke|p1|Celebi","|poke|p1|Ferrothorn, M","|poke|p1|Bellossom, M","|poke|p2|Druddigon, M, shiny","|poke|p2|Dragonite, F","|poke|p2|Goodra, F, shiny","|poke|p2|Latias, F, shiny","|poke|p2|Garchomp, M, shiny","|poke|p2|Salamence, M, shiny","|rule|Sleep Clause Mod: Limit one foe put to sleep","|rule|Species Clause: Limit one of each Pokémon","|rule|OHKO Clause: OHKO moves are banned","|rule|Moody Clause: Moody is banned","|rule|Evasion Moves Clause: Evasion moves are banned","|rule|Endless Battle Clause: Forcing endless battles is banned","|rule|HP Percentage Mod: HP is shown in percentages","|teampreview","|","|start","|switch|p1a: Iron Durian|Ferrothorn, M|352/352","|switch|p2a: Druddigon|Druddigon, M, shiny|357/357","|turn|1","|","|move|p2a: Druddigon|Stealth Rock|p1a: Iron Durian","|-sidestart|p1: Rain ☆ Suichika|move: Stealth Rock","|move|p1a: Iron Durian|Stealth Rock|p2a: Druddigon","|-sidestart|p2: R06L29A01|move: Stealth Rock","|","|turn|2","|","|move|p2a: Druddigon|Glare|p1a: Iron Durian","|-status|p1a: Iron Durian|par","|move|p1a: Iron Durian|Gyro Ball|p2a: Druddigon","|-damage|p2a: Druddigon|180/357","|-damage|p1a: Iron Durian|308/352 par|[from] ability: Rough Skin|[of] p2a: Druddigon","|","|turn|3","|","|move|p2a: Druddigon|Earthquake|p1a: Iron Durian","|-damage|p1a: Iron Durian|223/352 par","|move|p1a: Iron Durian|Gyro Ball|p2a: Druddigon","|-damage|p2a: Druddigon|5/357","|-damage|p1a: Iron Durian|179/352 par|[from] ability: Rough Skin|[of] p2a: Druddigon","|","|turn|4","|","|switch|p1a: Celery the onion|Celebi|341/341","|-damage|p1a: Celery the onion|299/341|[from] Stealth Rock","|move|p2a: Druddigon|Earthquake|p1a: Celery the onion","|-resisted|p1a: Celery the onion","|-damage|p1a: Celery the onion|226/341","|","|turn|5","|","|move|p1a: Celery the onion|Giga Drain|p2a: Druddigon","|-resisted|p2a: Druddigon","|-damage|p2a: Druddigon|0 fnt","|-heal|p1a: Celery the onion|229/341|[from] drain|[of] p2a: Druddigon","|-damage|p1a: Celery the onion|195/341|[from] item: Life Orb","|faint|p2a: Druddigon","|","|","|switch|p2a: Salamence|Salamence, M, shiny|331/331","|-damage|p2a: Salamence|249/331|[from] Stealth Rock","|turn|6","|","|switch|p1a: Iron Durian|Ferrothorn, M|179/352 par","|-damage|p1a: Iron Durian|157/352 par|[from] Stealth Rock","|move|p2a: Salamence|Fire Fang|p1a: Iron Durian","|-supereffective|p1a: Iron Durian","|-enditem|p1a: Iron Durian|Occa Berry|[eat]","|-damage|p1a: Iron Durian|55/352 par","|-damage|p2a: Salamence|208/331|[from] ability: Iron Barbs|[of] p1a: Iron Durian","|","|turn|7","|","|switch|p2a: Goodra|Goodra, F, shiny|383/383","|-damage|p2a: Goodra|336/383|[from] Stealth Rock","|move|p1a: Iron Durian|Thunder Wave|p2a: Goodra","|-status|p2a: Goodra|par","|","|turn|8","|","|move|p2a: Goodra|Flamethrower|p1a: Iron Durian","|-supereffective|p1a: Iron Durian","|-damage|p1a: Iron Durian|0 fnt","|faint|p1a: Iron Durian","|","|","|switch|p1a: Platasaurus-rex|Venusaur, F|364/364","|-damage|p1a: Platasaurus-rex|319/364|[from] Stealth Rock","|turn|9","|","|switch|p2a: Garchomp|Garchomp, M, shiny|357/357","|-damage|p2a: Garchomp|335/357|[from] Stealth Rock","|detailschange|p1a: Platasaurus-rex|Venusaur-Mega, F","|-mega|p1a: Platasaurus-rex|Venusaur|Venusaurite","|move|p1a: Platasaurus-rex|Giga Drain|p2a: Garchomp","|-damage|p2a: Garchomp|166/357","|-heal|p1a: Platasaurus-rex|364/364|[from] drain|[of] p2a: Garchomp","|","|turn|10","|","|move|p2a: Garchomp|Swords Dance|p2a: Garchomp","|-boost|p2a: Garchomp|atk|2","|move|p1a: Platasaurus-rex|Giga Drain|p2a: Garchomp","|-damage|p2a: Garchomp|13/357","|","|turn|11","|","|move|p2a: Garchomp|Earthquake|p1a: Platasaurus-rex","|-damage|p1a: Platasaurus-rex|73/364","|move|p1a: Platasaurus-rex|Giga Drain|p2a: Garchomp","|-damage|p2a: Garchomp|0 fnt","|-heal|p1a: Platasaurus-rex|80/364|[from] drain|[of] p2a: Garchomp","|faint|p2a: Garchomp","|","|","|switch|p2a: Dragonite|Dragonite, F|323/323","|-damage|p2a: Dragonite|243/323|[from] Stealth Rock","|turn|12","|","|move|p2a: Dragonite|Extreme Speed|p1a: Platasaurus-rex","|-damage|p1a: Platasaurus-rex|0 fnt","|faint|p1a: Platasaurus-rex","|","|","|switch|p1a: liligant wannabe|Bellossom, M|320/320","|-damage|p1a: liligant wannabe|280/320|[from] Stealth Rock","|turn|13","|","|move|p2a: Dragonite|Dragon Dance|p2a: Dragonite","|-boost|p2a: Dragonite|atk|1","|-boost|p2a: Dragonite|spe|1","|move|p1a: liligant wannabe|Moonblast|p2a: Dragonite","|-supereffective|p2a: Dragonite","|-damage|p2a: Dragonite|0 fnt","|faint|p2a: Dragonite","|","|","|switch|p2a: Goodra|Goodra, F, shiny|336/383 par","|-damage|p2a: Goodra|289/383 par|[from] Stealth Rock","|turn|14","|","|move|p1a: liligant wannabe|Moonblast|p2a: Goodra","|-supereffective|p2a: Goodra","|-damage|p2a: Goodra|151/383 par","|-unboost|p2a: Goodra|spa|1","|move|p2a: Goodra|Sludge Bomb|p1a: liligant wannabe","|-supereffective|p1a: liligant wannabe","|-damage|p1a: liligant wannabe|138/320","|","|turn|15","|","|move|p1a: liligant wannabe|Moonblast|p2a: Goodra","|-supereffective|p2a: Goodra","|-damage|p2a: Goodra|7/383 par","|move|p2a: Goodra|Flamethrower|p1a: liligant wannabe","|-supereffective|p1a: liligant wannabe","|-damage|p1a: liligant wannabe|4/320","|-status|p1a: liligant wannabe|brn","|","|-damage|p1a: liligant wannabe|0 fnt|[from] brn","|faint|p1a: liligant wannabe","|","|switch|p1a: Vileplume's sister|Roserade, M|262/262","|-damage|p1a: Vileplume's sister|230/262|[from] Stealth Rock","|turn|16","|","|move|p1a: Vileplume's sister|Shadow Ball|p2a: Goodra","|-damage|p2a: Goodra|0 fnt","|faint|p2a: Goodra","|","|","|switch|p2a: Salamence|Salamence, M, shiny|208/331","|-damage|p2a: Salamence|126/331|[from] Stealth Rock","|turn|17","|","|switch|p1a: Muhammad ashroom|Breloom, F|262/262","|-damage|p1a: Muhammad ashroom|246/262|[from] Stealth Rock","|move|p2a: Salamence|Outrage|p1a: Muhammad ashroom","|-damage|p1a: Muhammad ashroom|0 fnt","|faint|p1a: Muhammad ashroom","|-boost|p2a: Salamence|atk|1|[from] ability: Moxie","|","|","|switch|p1a: Celery the onion|Celebi|195/341","|-damage|p1a: Celery the onion|153/341|[from] Stealth Rock","|turn|18","|","|move|p1a: Celery the onion|Sucker Punch|p2a: Salamence","|-damage|p2a: Salamence|14/331","|-damage|p1a: Celery the onion|119/341|[from] item: Life Orb","|move|p2a: Salamence|Outrage|p1a: Celery the onion|[from]lockedmove","|-damage|p1a: Celery the onion|0 fnt","|-start|p2a: Salamence|confusion|[fatigue]","|faint|p1a: Celery the onion","|-boost|p2a: Salamence|atk|1|[from] ability: Moxie","|","|","|switch|p1a: Vileplume's sister|Roserade, M|230/262","|-damage|p1a: Vileplume's sister|198/262|[from] Stealth Rock","|turn|19","|","|-activate|p2a: Salamence|confusion","|move|p2a: Salamence|Outrage|p1a: Vileplume's sister","|-damage|p1a: Vileplume's sister|0 fnt","|faint|p1a: Vileplume's sister","|-boost|p2a: Salamence|atk|1|[from] ability: Moxie","|","|win|R06L29A01"],"p1rating":{"entryid":"6383869","serverid":"eos","formatid":"monotype","userid":"rainsuichika","username":"Rain ☆ Suichika","w":"39","l":26,"t":"0","gxe":57.2,"r":"1564.7960560766","rd":"53.502709546407","sigma":"0","rptime":"1438506000","rpr":1555.1061067344,"rprd":52.913468532252,"rpsigma":"0","acre":1198.9728439437,"lacre":1198.9728439437,"oldacre":"1227.9293658144"},"p2rating":{"entryid":"6931648","serverid":"eos","formatid":"monotype","userid":"r06l29a01","username":"R06L29A01","w":55,"l":"56","t":"0","gxe":50.3,"r":"1490.359621717","rd":"34.876558736984","sigma":"0","rptime":"1438506000","rpr":1502.3496696844,"rprd":34.261613117053,"rpsigma":"0","acre":1201.4343387994,"lacre":1201.4343387994,"oldacre":"1172.4778169287"},"endType":"normal"}