{"seed":[7326,43938,65116,5302],"turns":29,"p1":"GTX♅Bzumzum","p2":"Alliance - Warner","p1team":[{"name":"Elec","species":"manectric","item":"manectite","ability":"Lightning Rod","moves":["thunderbolt","hiddenpowerice","voltswitch","overheat"],"nature":"Timid","evs":{"hp":0,"atk":0,"def":0,"spa":252,"spd":4,"spe":252},"gender":"M","ivs":{"hp":31,"atk":30,"def":30,"spa":31,"spd":31,"spe":31}},{"name":"Water-Safe","species":"rotomwash","item":"lumberry","ability":"Levitate","moves":["hydropump","toxic","willowisp","rest"],"nature":"Calm","evs":{"hp":248,"atk":0,"def":0,"spa":8,"spd":252,"spe":0},"shiny":true,"ivs":{"hp":31,"atk":31,"def":31,"spa":31,"spd":31,"spe":31}},{"name":"MY ZONE!!!","species":"magnezone","item":"choicespecs","ability":"Sturdy","moves":["hiddenpowerice","flashcannon","triattack","signalbeam"],"nature":"Modest","evs":{"hp":248,"atk":0,"def":0,"spa":252,"spd":8,"spe":0},"ivs":{"hp":31,"atk":30,"def":30,"spa":31,"spd":31,"spe":31},"shiny":true},{"name":"Genius","species":"thundurus","item":"focussash","ability":"Prankster","moves":["taunt","grassknot","focusblast","nastyplot"],"nature":"Timid","evs":{"hp":0,"atk":0,"def":0,"spa":252,"spd":4,"spe":252},"shiny":true,"ivs":{"hp":31,"atk":31,"def":31,"spa":31,"spd":31,"spe":31}},{"name":"Zapz","species":"zapdos","item":"leftovers","ability":"Pressure","moves":["heatwave","roost","extrasensory","defog"],"nature":"Modest","evs":{"hp":252,"atk":0,"def":0,"spa":252,"spd":4,"spe":0},"shiny":true,"ivs":{"hp":31,"atk":31,"def":31,"spa":31,"spd":31,"spe":31}},{"name":"Plugg-in Failure","species":"electivire","item":"choicescarf","ability":"Vital Spirit","moves":["crosschop","earthquake","icepunch","rockslide"],"nature":"Adamant","evs":{"hp":0,"atk":252,"def":0,"spa":0,"spd":4,"spe":252},"gender":"M","shiny":true,"ivs":{"hp":31,"atk":31,"def":31,"spa":31,"spd":31,"spe":31}}],"p2team":[{"name":"Gardevoir","species":"Gardevoir","item":"gardevoirite","ability":"Trace","moves":["hypervoice","psyshock","focusblast","substitute"],"nature":"Timid","evs":{"hp":0,"atk":0,"def":4,"spa":252,"spd":0,"spe":252},"gender":"F","ivs":{"hp":31,"atk":31,"def":31,"spa":31,"spd":31,"spe":31}},{"name":"Slowbro","species":"Slowbro","item":"leftovers","ability":"Regenerator","moves":["flamethrower","scald","thunderwave","slackoff"],"nature":"Bold","evs":{"hp":252,"atk":0,"def":252,"spa":4,"spd":0,"spe":0},"gender":"M","ivs":{"hp":31,"atk":31,"def":31,"spa":31,"spd":31,"spe":31}},{"name":"Mew","species":"Mew","item":"leftovers","ability":"Synchronize","moves":["stealthrock","willowisp","defog","roost"],"nature":"Calm","evs":{"hp":252,"atk":0,"def":0,"spa":0,"spd":148,"spe":108},"ivs":{"hp":31,"atk":31,"def":31,"spa":31,"spd":31,"spe":31}},{"name":"Jirachi","species":"Jirachi","item":"choicescarf","ability":"Serene Grace","moves":["zenheadbutt","firepunch","ironhead","uturn"],"nature":"Adamant","evs":{"hp":0,"atk":252,"def":0,"spa":0,"spd":4,"spe":252},"ivs":{"hp":31,"atk":31,"def":31,"spa":31,"spd":31,"spe":31}},{"name":"Victini","species":"Victini","item":"choiceband","ability":"Victory Star","moves":["zenheadbutt","boltstrike","vcreate","trick"],"nature":"Jolly","evs":{"hp":0,"atk":252,"def":4,"spa":0,"spd":0,"spe":252},"ivs":{"hp":31,"atk":31,"def":31,"spa":31,"spd":31,"spe":31}},{"name":"Meloetta","species":"Meloetta","item":"assaultvest","ability":"Serene Grace","moves":["shadowball","energyball","focusblast","psyshock"],"nature":"Modest","evs":{"hp":172,"atk":0,"def":0,"spa":252,"spd":0,"spe":84},"ivs":{"hp":31,"atk":31,"def":31,"spa":31,"spd":31,"spe":31}}],"log":["|player|p1|GTX♅Bzumzum|225","|player|p2|Alliance - Warner|167","|gametype|singles","|gen|6","|tier|Monotype","|rated","|rule|Baton Pass Clause: Limit one Baton Passer, can't pass Spe and other stats simultaneously","|rule|Swagger Clause: Swagger is banned","|rule|Same Type Clause: Pokémon in a team must share a type","|clearpoke","|poke|p1|Manectric, M","|poke|p1|Rotom-Wash, shiny","|poke|p1|Magnezone, shiny","|poke|p1|Thundurus, M, shiny","|poke|p1|Zapdos, shiny","|poke|p1|Electivire, M, shiny","|poke|p2|Gardevoir, F","|poke|p2|Slowbro, M","|poke|p2|Mew","|poke|p2|Jirachi","|poke|p2|Victini","|poke|p2|Meloetta","|rule|Sleep Clause Mod: Limit one foe put to sleep","|rule|Species Clause: Limit one of each Pokémon","|rule|OHKO Clause: OHKO moves are banned","|rule|Moody Clause: Moody is banned","|rule|Evasion Moves Clause: Evasion moves are banned","|rule|Endless Battle Clause: Forcing endless battles is banned","|rule|HP Percentage Mod: HP is shown in percentages","|teampreview","|","|start","|switch|p1a: Genius|Thundurus, M, shiny|299/299","|switch|p2a: Jirachi|Jirachi|341/341","|turn|1","|","|switch|p2a: Mew|Mew|404/404","|move|p1a: Genius|Taunt|p2a: Mew","|-start|p2a: Mew|move: Taunt","|","|turn|2","|","|switch|p1a: Water-Safe|Rotom-Wash, shiny|303/303","|switch|p2a: Meloetta|Meloetta|384/384","|","|turn|3","|","|move|p2a: Meloetta|Energy Ball|p1a: Water-Safe","|-supereffective|p1a: Water-Safe","|-damage|p1a: Water-Safe|141/303","|move|p1a: Water-Safe|Toxic|p2a: Meloetta","|-status|p2a: Meloetta|tox","|","|-damage|p2a: Meloetta|360/384 tox|[from] psn","|turn|4","|","|switch|p1a: Zapz|Zapdos, shiny|384/384","|-ability|p1a: Zapz|Pressure","|move|p2a: Meloetta|Psyshock|p1a: Zapz","|-damage|p1a: Zapz|203/384","|","|-heal|p1a: Zapz|227/384|[from] item: Leftovers","|-damage|p2a: Meloetta|312/384 tox|[from] psn","|turn|5","|","|switch|p2a: Mew|Mew|404/404","|move|p1a: Zapz|Extrasensory|p2a: Mew","|-resisted|p2a: Mew","|-damage|p2a: Mew|364/404","|","|-heal|p2a: Mew|389/404|[from] item: Leftovers","|-heal|p1a: Zapz|251/384|[from] item: Leftovers","|turn|6","|","|switch|p1a: Water-Safe|Rotom-Wash, shiny|141/303","|move|p2a: Mew|Stealth Rock|p1a: Water-Safe","|-sidestart|p1: GTX♅Bzumzum|move: Stealth Rock","|","|-heal|p2a: Mew|404/404|[from] item: Leftovers","|turn|7","|","|switch|p2a: Jirachi|Jirachi|341/341","|move|p1a: Water-Safe|Will-O-Wisp|p2a: Jirachi","|-status|p2a: Jirachi|brn","|","|-damage|p2a: Jirachi|299/341 brn|[from] brn","|turn|8","|","|move|p2a: Jirachi|Zen Headbutt|p1a: Water-Safe|[miss]","|-miss|p2a: Jirachi|p1a: Water-Safe","|move|p1a: Water-Safe|Hydro Pump|p2a: Jirachi","|-damage|p2a: Jirachi|169/341 brn","|","|-damage|p2a: Jirachi|127/341 brn|[from] brn","|turn|9","|","|switch|p1a: Zapz|Zapdos, shiny|251/384","|-damage|p1a: Zapz|155/384|[from] Stealth Rock","|-ability|p1a: Zapz|Pressure","|move|p2a: Jirachi|Zen Headbutt|p1a: Zapz","|-damage|p1a: Zapz|83/384","|","|-heal|p1a: Zapz|107/384|[from] item: Leftovers","|-damage|p2a: Jirachi|85/341 brn|[from] brn","|turn|10","|","|move|p2a: Jirachi|Zen Headbutt|p1a: Zapz","|-damage|p1a: Zapz|32/384","|move|p1a: Zapz|Defog|p2a: Jirachi","|-unboost|p2a: Jirachi|evasion|1","|-sideend|p1: GTX♅Bzumzum|Stealth Rock|[from] move: Defog|[of] p1a: Zapz","|","|-heal|p1a: Zapz|56/384|[from] item: Leftovers","|-damage|p2a: Jirachi|43/341 brn|[from] brn","|turn|11","|","|switch|p1a: Water-Safe|Rotom-Wash, shiny|141/303","|move|p2a: Jirachi|Zen Headbutt|p1a: Water-Safe","|-damage|p1a: Water-Safe|76/303","|","|-damage|p2a: Jirachi|1/341 brn|[from] brn","|turn|12","|","|move|p2a: Jirachi|Zen Headbutt|p1a: Water-Safe","|-crit|p1a: Water-Safe","|-damage|p1a: Water-Safe|0 fnt","|faint|p1a: Water-Safe","|","|-damage|p2a: Jirachi|0 fnt|[from] brn","|faint|p2a: Jirachi","|","|switch|p1a: Genius|Thundurus, M, shiny|299/299","|switch|p2a: Victini|Victini|341/341","|turn|13","|","|move|p1a: Genius|Focus Blast|p2a: Victini","|-resisted|p2a: Victini","|-damage|p2a: Victini|266/341","|move|p2a: Victini|V-create|p1a: Genius","|-enditem|p1a: Genius|Focus Sash","|-damage|p1a: Genius|1/299","|-unboost|p2a: Victini|spe|1","|-unboost|p2a: Victini|def|1","|-unboost|p2a: Victini|spd|1","|","|turn|14","|","|switch|p2a: Meloetta|Meloetta|312/384 tox","|move|p1a: Genius|Focus Blast|p2a: Meloetta","|-damage|p2a: Meloetta|232/384 tox","|","|-damage|p2a: Meloetta|208/384 tox|[from] psn","|turn|15","|","|switch|p1a: Plugg-in Failure|Electivire, M, shiny|291/291","|move|p2a: Meloetta|Psyshock|p1a: Plugg-in Failure","|-damage|p1a: Plugg-in Failure|60/291","|","|-damage|p2a: Meloetta|160/384 tox|[from] psn","|turn|16","|","|switch|p2a: Mew|Mew|404/404","|move|p1a: Plugg-in Failure|Cross Chop|p2a: Mew","|-resisted|p2a: Mew","|-damage|p2a: Mew|342/404","|","|-heal|p2a: Mew|367/404|[from] item: Leftovers","|turn|17","|","|switch|p1a: MY ZONE!!!|Magnezone, shiny|343/343","|move|p2a: Mew|Stealth Rock|p1a: MY ZONE!!!","|-sidestart|p1: GTX♅Bzumzum|move: Stealth Rock","|","|-heal|p2a: Mew|392/404|[from] item: Leftovers","|turn|18","|","|move|p2a: Mew|Will-O-Wisp|p1a: MY ZONE!!!","|-status|p1a: MY ZONE!!!|brn","|move|p1a: MY ZONE!!!|Signal Beam|p2a: Mew","|-supereffective|p2a: Mew","|-damage|p2a: Mew|156/404","|","|-heal|p2a: Mew|181/404|[from] item: Leftovers","|-damage|p1a: MY ZONE!!!|301/343 brn|[from] brn","|turn|19","|","|switch|p2a: Victini|Victini|266/341","|move|p1a: MY ZONE!!!|Signal Beam|p2a: Victini","|-damage|p2a: Victini|130/341","|","|-damage|p1a: MY ZONE!!!|259/343 brn|[from] brn","|turn|20","|","|move|p2a: Victini|V-create|p1a: MY ZONE!!!","|-supereffective|p1a: MY ZONE!!!","|-damage|p1a: MY ZONE!!!|0 fnt","|-unboost|p2a: Victini|spe|1","|-unboost|p2a: Victini|def|1","|-unboost|p2a: Victini|spd|1","|faint|p1a: MY ZONE!!!","|","|","|switch|p1a: Elec|Manectric, M|281/281","|-damage|p1a: Elec|246/281|[from] Stealth Rock","|turn|21","|","|switch|p2a: Meloetta|Meloetta|160/384 tox","|detailschange|p1a: Elec|Manectric-Mega, M","|-mega|p1a: Elec|Manectric|Manectite","|-ability|p1a: Elec|Intimidate","|-unboost|p2a: Meloetta|atk|1","|move|p1a: Elec|Thunderbolt|p2a: Meloetta","|-damage|p2a: Meloetta|73/384 tox","|","|-damage|p2a: Meloetta|49/384 tox|[from] psn","|turn|22","|","|move|p1a: Elec|Volt Switch|p2a: Meloetta","|-damage|p2a: Meloetta|0 fnt","|faint|p2a: Meloetta","|","|switch|p1a: Zapz|Zapdos, shiny|56/384","|-damage|p1a: Zapz|0 fnt|[from] Stealth Rock","|faint|p1a: Zapz","|","|","|switch|p1a: Elec|Manectric-Mega, M|246/281","|switch|p2a: Mew|Mew|181/404","|-damage|p1a: Elec|211/281|[from] Stealth Rock","|-ability|p1a: Elec|Intimidate","|-unboost|p2a: Mew|atk|1","|turn|23","|","|move|p1a: Elec|Thunderbolt|p2a: Mew","|-damage|p2a: Mew|57/404","|move|p2a: Mew|Roost|p2a: Mew","|-heal|p2a: Mew|259/404","|","|-heal|p2a: Mew|284/404|[from] item: Leftovers","|turn|24","|","|move|p1a: Elec|Thunderbolt|p2a: Mew","|-damage|p2a: Mew|161/404","|move|p2a: Mew|Will-O-Wisp|p1a: Elec","|-status|p1a: Elec|brn","|","|-heal|p2a: Mew|186/404|[from] item: Leftovers","|-damage|p1a: Elec|176/281 brn|[from] brn","|turn|25","|","|move|p1a: Elec|Thunderbolt|p2a: Mew","|-crit|p2a: Mew","|-damage|p2a: Mew|0 fnt","|faint|p2a: Mew","|","|-damage|p1a: Elec|141/281 brn|[from] brn","|","|switch|p2a: Gardevoir|Gardevoir, F|277/277","|-ability|p2a: Gardevoir|Intimidate|[from] ability: Trace|[of] p1a: Elec","|-ability|p2a: Gardevoir|Intimidate","|-unboost|p1a: Elec|atk|1","|turn|26","|","|detailschange|p2a: Gardevoir|Gardevoir-Mega, F","|-mega|p2a: Gardevoir|Gardevoir|Gardevoirite","|move|p1a: Elec|Volt Switch|p2a: Gardevoir","|-damage|p2a: Gardevoir|181/277","|","|switch|p1a: Genius|Thundurus, M, shiny|1/299","|-damage|p1a: Genius|0 fnt|[from] Stealth Rock","|faint|p1a: Genius","|move|p2a: Gardevoir|Hyper Voice|p1: Genius|[notarget]","|-notarget","|","|","|switch|p1a: Elec|Manectric-Mega, M|141/281 brn","|-damage|p1a: Elec|106/281 brn|[from] Stealth Rock","|-ability|p1a: Elec|Intimidate","|-unboost|p2a: Gardevoir|atk|1","|turn|27","|","|move|p1a: Elec|Thunderbolt|p2a: Gardevoir","|-damage|p2a: Gardevoir|49/277","|move|p2a: Gardevoir|Hyper Voice|p1a: Elec","|-damage|p1a: Elec|0 fnt","|faint|p1a: Elec","|","|","|switch|p1a: Plugg-in Failure|Electivire, M, shiny|60/291","|-damage|p1a: Plugg-in Failure|24/291|[from] Stealth Rock","|turn|28","|","|move|p1a: Plugg-in Failure|Earthquake|p2a: Gardevoir","|-damage|p2a: Gardevoir|0 fnt","|faint|p2a: Gardevoir","|","|","|switch|p2a: Slowbro|Slowbro, M|394/394","|turn|29","|","|move|p1a: Plugg-in Failure|Earthquake|p2a: Slowbro","|-damage|p2a: Slowbro|315/394","|move|p2a: Slowbro|Scald|p1a: Plugg-in Failure","|-damage|p1a: Plugg-in Failure|0 fnt","|faint|p1a: Plugg-in Failure","|","|win|Alliance - Warner"],"p1rating":{"entryid":"6857825","serverid":"eos","formatid":"monotype","userid":"gtxbzumzum","username":"GTX♅Bzumzum","w":"19","l":77,"t":"0","gxe":21.6,"r":"1262.1544630539","rd":"41.502667195254","sigma":"0","rptime":"1438506000","rpr":1256.0724786455,"rprd":40.205378822435,"rpsigma":"0","acre":1002.1251283404,"lacre":1002.1251283404,"oldacre":"1014.8808428351"},"p2rating":{"entryid":"7343610","serverid":"eos","formatid":"monotype","userid":"alliancewarner","username":"Alliance - Warner","w":1,"l":"1","t":"0","gxe":47.4,"r":"1500","rd":"130","sigma":"0","rptime":"1438506000","rpr":1479.1391633927,"rprd":118.21900085036,"rpsigma":"0","acre":1041.7121735052,"lacre":1041.7121735052,"oldacre":"1000"},"endType":"normal"}