{"seed":[40,18861,58776,15138],"turns":22,"p1":"Sovereign♕Cactus","p2":"MASTA_X☆용의 사용자","p1team":[{"name":"Socretes","species":"quagsire","item":"leftovers","ability":"Water Absorb","moves":["yawn","scald","recover","stockpile"],"nature":"Bold","evs":{"hp":252,"atk":0,"def":252,"spa":0,"spd":4,"spe":0},"ivs":{"hp":31,"atk":31,"def":31,"spa":31,"spd":31,"spe":31}},{"name":"Polystratus","species":"garchomp","item":"garchompite","ability":"Sand Veil","moves":["earthquake","dracometeor","fireblast","stoneedge"],"nature":"","shiny":true,"evs":{"hp":0,"atk":0,"def":0,"spa":0,"spd":0,"spe":0},"ivs":{"hp":31,"atk":31,"def":31,"spa":31,"spd":31,"spe":31}},{"name":"Sun Tzu","species":"excadrill","item":"lifeorb","ability":"Sand Rush","moves":["earthquake","xscissor","rockslide","ironhead"],"nature":"Adamant","evs":{"hp":0,"atk":252,"def":0,"spa":0,"spd":4,"spe":252},"shiny":true,"ivs":{"hp":31,"atk":31,"def":31,"spa":31,"spd":31,"spe":31}},{"name":"Monimus","species":"mamoswine","item":"choicescarf","ability":"Thick Fat","moves":["earthquake","iceshard","iciclecrash","superpower"],"nature":"Jolly","evs":{"hp":0,"atk":248,"def":0,"spa":0,"spd":4,"spe":252},"ivs":{"hp":31,"atk":31,"def":31,"spa":31,"spd":31,"spe":31}},{"name":"Leonteus","species":"landorus","item":"lifeorb","ability":"Sheer Force","moves":["earthpower","focusblast","psychic","sludgewave"],"nature":"Timid","evs":{"hp":0,"atk":0,"def":0,"spa":252,"spd":4,"spe":252},"shiny":true,"ivs":{"hp":31,"atk":31,"def":31,"spa":31,"spd":31,"spe":31}},{"name":"Laozi","species":"hippowdon","item":"leftovers","ability":"Sand Stream","moves":["earthquake","roar","stealthrock","slackoff"],"nature":"Impish","evs":{"hp":252,"atk":4,"def":252,"spa":0,"spd":0,"spe":0},"shiny":true,"ivs":{"hp":31,"atk":31,"def":31,"spa":31,"spd":31,"spe":31}}],"p2team":[{"name":"ヌメルゴン","species":"goodra","item":"leftovers","ability":"Sap Sipper","moves":["curse","dragontail","rest","sleeptalk"],"nature":"Careful","evs":{"hp":252,"atk":0,"def":4,"spa":0,"spd":252,"spe":0},"ivs":{"hp":31,"atk":31,"def":31,"spa":31,"spd":31,"spe":31}},{"name":"ボーマンダ","species":"salamence","item":"choicescarf","ability":"Moxie","moves":["outrage","aerialace","steelwing","earthquake"],"nature":"Jolly","evs":{"hp":0,"atk":252,"def":4,"spa":0,"spd":0,"spe":252},"ivs":{"hp":31,"atk":31,"def":31,"spa":31,"spd":31,"spe":31}},{"name":"キュレム","species":"kyuremblack","item":"powerherb","ability":"Teravolt","moves":["freezeshock","fusionbolt","outrage","dracometeor"],"nature":"Naive","evs":{"hp":0,"atk":252,"def":0,"spa":60,"spd":0,"spe":196},"shiny":true,"ivs":{"hp":31,"atk":31,"def":31,"spa":31,"spd":31,"spe":31}},{"name":"サザンドラ","species":"hydreigon","item":"lifeorb","ability":"Levitate","moves":["darkpulse","flamethrower","dracometeor","flashcannon"],"nature":"Timid","evs":{"hp":4,"atk":0,"def":0,"spa":252,"spd":0,"spe":252},"shiny":true,"ivs":{"hp":31,"atk":31,"def":31,"spa":31,"spd":31,"spe":31}},{"name":"ガチゴラス","species":"tyrantrum","item":"focussash","ability":"Rock Head","moves":["stealthrock","headsmash","earthquake","dragondance"],"nature":"Adamant","evs":{"hp":0,"atk":252,"def":4,"spa":0,"spd":0,"spe":252},"ivs":{"hp":31,"atk":31,"def":31,"spa":31,"spd":31,"spe":31}},{"name":"チルタリス","species":"altaria","item":"altarianite","ability":"Natural Cure","moves":["agility","hypervoice","fireblast","hiddenpowerground"],"nature":"Modest","evs":{"hp":0,"atk":0,"def":4,"spa":252,"spd":0,"spe":252},"ivs":{"hp":31,"atk":31,"def":31,"spa":30,"spd":30,"spe":31},"happiness":0}],"log":["|player|p1|Sovereign♕Cactus|251","|player|p2|MASTA_X☆용의 사용자|alliancewutang.png","|gametype|singles","|gen|6","|tier|Monotype","|rated","|rule|Baton Pass Clause: Limit one Baton Passer, can't pass Spe and other stats simultaneously","|rule|Swagger Clause: Swagger is banned","|rule|Same Type Clause: Pokémon in a team must share a type","|clearpoke","|poke|p1|Quagsire, M","|poke|p1|Garchomp, M, shiny","|poke|p1|Excadrill, F, shiny","|poke|p1|Mamoswine, M","|poke|p1|Landorus, M, shiny","|poke|p1|Hippowdon, F, shiny","|poke|p2|Goodra, M","|poke|p2|Salamence, M","|poke|p2|Kyurem-Black, shiny","|poke|p2|Hydreigon, F, shiny","|poke|p2|Tyrantrum, M","|poke|p2|Altaria, F","|rule|Sleep Clause Mod: Limit one foe put to sleep","|rule|Species Clause: Limit one of each Pokémon","|rule|OHKO Clause: OHKO moves are banned","|rule|Moody Clause: Moody is banned","|rule|Evasion Moves Clause: Evasion moves are banned","|rule|Endless Battle Clause: Forcing endless battles is banned","|rule|HP Percentage Mod: HP is shown in percentages","|teampreview","|","|start","|switch|p1a: Laozi|Hippowdon, F, shiny|420/420","|switch|p2a: キュレム|Kyurem-Black, shiny|391/391","|-ability|p2a: キュレム|Teravolt","|-weather|Sandstorm","|turn|1","|","|move|p2a: キュレム|Freeze Shock|p1a: Laozi|[still]|[miss]","|-prepare|p2a: キュレム|Freeze Shock|p1a: Laozi","|-enditem|p2a: キュレム|Power Herb","|-anim|p2a: キュレム|Freeze Shock|p1a: Laozi","|-miss|p2a: キュレム|p1a: Laozi","|move|p1a: Laozi|Earthquake|p2a: キュレム","|-damage|p2a: キュレム|273/391","|","|-weather|Sandstorm|[upkeep]","|-damage|p2a: キュレム|249/391|[from] sandstorm","|turn|2","|","|move|p2a: キュレム|Freeze Shock|p1a: Laozi|[still]","|-prepare|p2a: キュレム|Freeze Shock|p1a: Laozi","|move|p1a: Laozi|Stealth Rock|p2a: キュレム","|-sidestart|p2: MASTA_X☆용의 사용자|move: Stealth Rock","|","|-weather|Sandstorm|[upkeep]","|-damage|p2a: キュレム|225/391|[from] sandstorm","|turn|3","|","|switch|p1a: Socretes|Quagsire, M|394/394","|move|p2a: キュレム|Freeze Shock|p1a: Socretes|[from]lockedmove","|-damage|p1a: Socretes|141/394","|","|-weather|Sandstorm|[upkeep]","|-damage|p2a: キュレム|201/391|[from] sandstorm","|-heal|p1a: Socretes|165/394|[from] item: Leftovers","|turn|4","|","|move|p2a: キュレム|Outrage|p1a: Socretes","|-damage|p1a: Socretes|0 fnt","|faint|p1a: Socretes","|","|-weather|Sandstorm|[upkeep]","|-damage|p2a: キュレム|177/391|[from] sandstorm","|","|switch|p1a: Sun Tzu|Excadrill, F, shiny|361/361","|turn|5","|","|move|p1a: Sun Tzu|Iron Head|p2a: キュレム","|-supereffective|p2a: キュレム","|-damage|p2a: キュレム|0 fnt","|-damage|p1a: Sun Tzu|325/361|[from] item: Life Orb","|faint|p2a: キュレム","|","|-weather|none","|","|switch|p2a: ガチゴラス|Tyrantrum, M|305/305","|-damage|p2a: ガチゴラス|267/305|[from] Stealth Rock","|turn|6","|","|move|p1a: Sun Tzu|Earthquake|p2a: ガチゴラス","|-supereffective|p2a: ガチゴラス","|-damage|p2a: ガチゴラス|0 fnt","|-damage|p1a: Sun Tzu|289/361|[from] item: Life Orb","|faint|p2a: ガチゴラス","|","|","|switch|p2a: サザンドラ|Hydreigon, F, shiny|326/326","|-damage|p2a: サザンドラ|286/326|[from] Stealth Rock","|turn|7","|","|switch|p1a: Laozi|Hippowdon, F, shiny|420/420","|-weather|Sandstorm","|move|p2a: サザンドラ|Flamethrower|p1a: Laozi","|-damage|p1a: Laozi|247/420","|-damage|p2a: サザンドラ|254/326|[from] item: Life Orb","|","|-weather|Sandstorm|[upkeep]","|-damage|p2a: サザンドラ|234/326|[from] sandstorm","|-heal|p1a: Laozi|273/420|[from] item: Leftovers","|turn|8","|","|move|p2a: サザンドラ|Draco Meteor|p1a: Laozi|[miss]","|-miss|p2a: サザンドラ|p1a: Laozi","|move|p1a: Laozi|Roar|p2a: サザンドラ","|drag|p2a: チルタリス|Altaria, F|291/291","|-damage|p2a: チルタリス|219/291|[from] Stealth Rock","|","|-weather|Sandstorm|[upkeep]","|-damage|p2a: チルタリス|201/291|[from] sandstorm","|-heal|p1a: Laozi|299/420|[from] item: Leftovers","|turn|9","|","|detailschange|p2a: チルタリス|Altaria-Mega, F","|-mega|p2a: チルタリス|Altaria|Altarianite","|move|p2a: チルタリス|Agility|p2a: チルタリス","|-boost|p2a: チルタリス|spe|2","|move|p1a: Laozi|Slack Off|p1a: Laozi","|-heal|p1a: Laozi|420/420","|","|-weather|Sandstorm|[upkeep]","|-damage|p2a: チルタリス|183/291|[from] sandstorm","|turn|10","|","|move|p2a: チルタリス|Hyper Voice|p1a: Laozi","|-damage|p1a: Laozi|135/420","|move|p1a: Laozi|Earthquake|p2a: チルタリス","|-damage|p2a: チルタリス|68/291","|","|-weather|Sandstorm|[upkeep]","|-damage|p2a: チルタリス|50/291|[from] sandstorm","|-heal|p1a: Laozi|161/420|[from] item: Leftovers","|turn|11","|","|move|p2a: チルタリス|Hyper Voice|p1a: Laozi","|-damage|p1a: Laozi|0 fnt","|faint|p1a: Laozi","|","|-weather|none","|","|switch|p1a: Leonteus|Landorus, M, shiny|319/319","|turn|12","|","|move|p2a: チルタリス|Hyper Voice|p1a: Leonteus","|-damage|p1a: Leonteus|55/319","|move|p1a: Leonteus|Sludge Wave|p2a: チルタリス","|-supereffective|p2a: チルタリス","|-damage|p2a: チルタリス|0 fnt","|faint|p2a: チルタリス","|","|","|switch|p2a: ヌメルゴン|Goodra, M|384/384","|-damage|p2a: ヌメルゴン|336/384|[from] Stealth Rock","|turn|13","|","|move|p1a: Leonteus|Earth Power|p2a: ヌメルゴン","|-damage|p2a: ヌメルゴン|194/384","|move|p2a: ヌメルゴン|Curse|p2a: ヌメルゴン","|-unboost|p2a: ヌメルゴン|spe|1","|-boost|p2a: ヌメルゴン|atk|1","|-boost|p2a: ヌメルゴン|def|1","|","|-heal|p2a: ヌメルゴン|218/384|[from] item: Leftovers","|turn|14","|","|move|p1a: Leonteus|Earth Power|p2a: ヌメルゴン","|-damage|p2a: ヌメルゴン|78/384","|move|p2a: ヌメルゴン|Rest|p2a: ヌメルゴン","|-status|p2a: ヌメルゴン|slp","|-heal|p2a: ヌメルゴン|384/384 slp|[silent]","|-status|p2a: ヌメルゴン|slp|[from] move: Rest","|","|turn|15","|","|switch|p1a: Monimus|Mamoswine, M|361/361","|cant|p2a: ヌメルゴン|slp","|move|p2a: ヌメルゴン|Sleep Talk|p2a: ヌメルゴン","|move|p2a: ヌメルゴン|Dragon Tail|p1a: Monimus|[from]Sleep Talk","|-damage|p1a: Monimus|232/361","|drag|p1a: Sun Tzu|Excadrill, F, shiny|289/361","|","|turn|16","|","|move|p1a: Sun Tzu|Earthquake|p2a: ヌメルゴン","|-damage|p2a: ヌメルゴン|157/384 slp","|-damage|p1a: Sun Tzu|253/361|[from] item: Life Orb","|cant|p2a: ヌメルゴン|slp","|move|p2a: ヌメルゴン|Sleep Talk|p2a: ヌメルゴン","|move|p2a: ヌメルゴン|Curse|p2a: ヌメルゴン|[from]Sleep Talk","|-unboost|p2a: ヌメルゴン|spe|1","|-boost|p2a: ヌメルゴン|atk|1","|-boost|p2a: ヌメルゴン|def|1","|","|-heal|p2a: ヌメルゴン|181/384 slp|[from] item: Leftovers","|turn|17","|","|move|p1a: Sun Tzu|Earthquake|p2a: ヌメルゴン","|-damage|p2a: ヌメルゴン|0 fnt","|-damage|p1a: Sun Tzu|217/361|[from] item: Life Orb","|faint|p2a: ヌメルゴン","|","|","|switch|p2a: サザンドラ|Hydreigon, F, shiny|234/326","|-damage|p2a: サザンドラ|194/326|[from] Stealth Rock","|turn|18","|","|switch|p1a: Leonteus|Landorus, M, shiny|55/319","|move|p2a: サザンドラ|Flamethrower|p1a: Leonteus","|-damage|p1a: Leonteus|0 fnt","|-damage|p2a: サザンドラ|162/326|[from] item: Life Orb","|faint|p1a: Leonteus","|","|","|switch|p1a: Polystratus|Garchomp, M, shiny|357/357","|turn|19","|","|detailschange|p1a: Polystratus|Garchomp-Mega, M, shiny","|-mega|p1a: Polystratus|Garchomp|Garchompite","|move|p2a: サザンドラ|Draco Meteor|p1a: Polystratus","|-supereffective|p1a: Polystratus","|-damage|p1a: Polystratus|0 fnt","|-unboost|p2a: サザンドラ|spa|2","|-damage|p2a: サザンドラ|130/326|[from] item: Life Orb","|faint|p1a: Polystratus","|","|","|switch|p1a: Monimus|Mamoswine, M|232/361","|turn|20","|","|move|p1a: Monimus|Icicle Crash|p2a: サザンドラ","|-supereffective|p2a: サザンドラ","|-damage|p2a: サザンドラ|0 fnt","|faint|p2a: サザンドラ","|","|","|switch|p2a: ボーマンダ|Salamence, M|331/331","|-damage|p2a: ボーマンダ|249/331|[from] Stealth Rock","|turn|21","|","|move|p2a: ボーマンダ|Outrage|p1a: Monimus","|-damage|p1a: Monimus|0 fnt","|faint|p1a: Monimus","|-boost|p2a: ボーマンダ|atk|1|[from] ability: Moxie","|","|","|switch|p1a: Sun Tzu|Excadrill, F, shiny|217/361","|turn|22","|","|move|p2a: ボーマンダ|Outrage|p1a: Sun Tzu|[from]lockedmove","|-resisted|p1a: Sun Tzu","|-damage|p1a: Sun Tzu|0 fnt","|faint|p1a: Sun Tzu","|-boost|p2a: ボーマンダ|atk|1|[from] ability: Moxie","|","|win|MASTA_X☆용의 사용자"],"p1rating":{"entryid":"6867552","serverid":"eos","formatid":"monotype","userid":"sovereigncactus","username":"Sovereign♕Cactus","w":"53","l":66,"t":"0","gxe":44.6,"r":"1460.5508031088","rd":"35.753247470272","sigma":"0","rptime":"1438419600","rpr":1459.1011474308,"rprd":33.287236701812,"rpsigma":"0","acre":1103.7593761614,"lacre":1103.7593761614,"oldacre":"1115.8532346351"},"p2rating":{"entryid":"7303561","serverid":"eos","formatid":"monotype","userid":"mastax","username":"MASTAX☆용의 사용자","w":19,"l":"3","t":"0","gxe":74.9,"r":"1640.0752479501","rd":"106.41947832638","sigma":"0","rptime":"1438419600","rpr":1709.7738226117,"rprd":69.879434472804,"rpsigma":"0","acre":1323.9862004979,"lacre":1323.9862004979,"oldacre":"1314.3111137189"},"endType":"normal"}