{"seed":[45403,36159,12114,54132],"turns":19,"p1":"Carniecumber God","p2":"xNailz","p1team":[{"name":"WTF flying crab","species":"gliscor","item":"toxicorb","ability":"Poison Heal","moves":["icefang","swordsdance","substitute","earthquake"],"nature":"Adamant","evs":{"hp":184,"atk":252,"def":0,"spa":0,"spd":0,"spe":72},"gender":"M","ivs":{"hp":31,"atk":31,"def":31,"spa":31,"spd":31,"spe":31}},{"name":"Landorus","species":"Landorus","item":"lifeorb","ability":"Sheer Force","moves":["psychic","earthpower","sludgewave","focusblast"],"nature":"Timid","evs":{"hp":0,"atk":0,"def":0,"spa":252,"spd":4,"spe":252},"ivs":{"hp":31,"atk":31,"def":31,"spa":31,"spd":31,"spe":31}},{"name":"Zoe","species":"nidoqueen","item":"blacksludge","ability":"Sheer Force","moves":["sludgewave","icebeam","earthpower","fireblast"],"nature":"Modest","evs":{"hp":248,"atk":0,"def":0,"spa":252,"spd":8,"spe":0},"ivs":{"hp":31,"atk":31,"def":31,"spa":31,"spd":31,"spe":31}},{"name":"Excadrill","species":"Excadrill","item":"lifeorb","ability":"Sand Rush","moves":["earthquake","ironhead","swordsdance","rockslide"],"nature":"Adamant","evs":{"hp":248,"atk":252,"def":0,"spa":0,"spd":8,"spe":0},"gender":"M","ivs":{"hp":31,"atk":31,"def":31,"spa":31,"spd":31,"spe":31}},{"name":"RAAAAAAAAAR","species":"hippowdon","item":"leftovers","ability":"Sand Stream","moves":["earthquake","stoneedge","stealthrock","slackoff"],"nature":"Impish","evs":{"hp":252,"atk":4,"def":252,"spa":0,"spd":0,"spe":0},"gender":"F","ivs":{"hp":31,"atk":31,"def":31,"spa":31,"spd":31,"spe":31}},{"name":"Garchomp","species":"Garchomp","item":"salacberry","ability":"Rough Skin","moves":["earthquake","substitute","swordsdance","dragonclaw"],"nature":"Jolly","evs":{"hp":4,"atk":252,"def":0,"spa":0,"spd":0,"spe":252},"gender":"M","ivs":{"hp":31,"atk":31,"def":31,"spa":31,"spd":31,"spe":31}}],"p2team":[{"name":"Charizard","species":"Charizard","item":"charizarditey","ability":"Blaze","moves":["solarbeam","flamethrower","dragonpulse","defog"],"nature":"Timid","evs":{"hp":0,"atk":0,"def":0,"spa":252,"spd":4,"spe":252},"ivs":{"hp":31,"atk":0,"def":31,"spa":31,"spd":31,"spe":31}},{"name":"Infernape","species":"Infernape","item":"focussash","ability":"Iron Fist","moves":["closecombat","overheat","machpunch","stealthrock"],"nature":"Naive","evs":{"hp":0,"atk":252,"def":4,"spa":0,"spd":0,"spe":252},"ivs":{"hp":31,"atk":30,"def":30,"spa":31,"spd":31,"spe":31}},{"name":"Victini","species":"Victini","item":"choicescarf","ability":"Victory Star","moves":["vcreate","boltstrike","uturn","zenheadbutt"],"nature":"Naive","evs":{"hp":0,"atk":252,"def":0,"spa":4,"spd":0,"spe":252},"ivs":{"hp":31,"atk":31,"def":31,"spa":31,"spd":31,"spe":31}},{"name":"Arcanine","species":"Arcanine","item":"leftovers","ability":"Intimidate","moves":["willowisp","extremespeed","morningsun","ironhead"],"nature":"Impish","evs":{"hp":240,"atk":0,"def":252,"spa":0,"spd":0,"spe":16},"ivs":{"hp":31,"atk":30,"def":30,"spa":31,"spd":31,"spe":31}},{"name":"Rotom-Heat","species":"Rotom-Heat","item":"leftovers","ability":"Levitate","moves":["thunderwave","overheat","hiddenpowerice","voltswitch"],"nature":"Modest","evs":{"hp":248,"atk":0,"def":0,"spa":8,"spd":252,"spe":0},"ivs":{"hp":31,"atk":30,"def":30,"spa":31,"spd":31,"spe":31}},{"name":"Chandelure","species":"Chandelure","item":"lifeorb","ability":"Infiltrator","moves":["flamethrower","energyball","trickroom","shadowball"],"nature":"Quiet","evs":{"hp":248,"atk":0,"def":8,"spa":252,"spd":0,"spe":0},"ivs":{"hp":31,"atk":30,"def":30,"spa":31,"spd":31,"spe":31}}],"log":["|player|p1|Carniecumber God|146","|player|p2|xNailz|160","|gametype|singles","|gen|6","|tier|Monotype","|rated","|rule|Baton Pass Clause: Limit one Baton Passer, can't pass Spe and other stats simultaneously","|rule|Swagger Clause: Swagger is banned","|rule|Same Type Clause: Pokémon in a team must share a type","|clearpoke","|poke|p1|Gliscor, M","|poke|p1|Landorus, M","|poke|p1|Nidoqueen, F","|poke|p1|Excadrill, M","|poke|p1|Hippowdon, F","|poke|p1|Garchomp, M","|poke|p2|Charizard, M","|poke|p2|Infernape, F","|poke|p2|Victini","|poke|p2|Arcanine, F","|poke|p2|Rotom-Heat","|poke|p2|Chandelure, F","|rule|Sleep Clause Mod: Limit one foe put to sleep","|rule|Species Clause: Limit one of each Pokémon","|rule|OHKO Clause: OHKO moves are banned","|rule|Moody Clause: Moody is banned","|rule|Evasion Moves Clause: Evasion moves are banned","|rule|Endless Battle Clause: Forcing endless battles is banned","|rule|HP Percentage Mod: HP is shown in percentages","|teampreview","|","|start","|switch|p1a: Landorus|Landorus, M|319/319","|switch|p2a: Charizard|Charizard, M|297/297","|turn|1","|","|detailschange|p2a: Charizard|Charizard-Mega-Y, M","|-mega|p2a: Charizard|Charizard|Charizardite Y","|-weather|SunnyDay","|move|p1a: Landorus|Psychic|p2a: Charizard","|-damage|p2a: Charizard|141/297","|move|p2a: Charizard|Flamethrower|p1a: Landorus","|-damage|p1a: Landorus|0 fnt","|faint|p1a: Landorus","|","|-weather|SunnyDay|[upkeep]","|","|switch|p1a: RAAAAAAAAAR|Hippowdon, F|420/420","|-weather|Sandstorm","|turn|2","|","|move|p2a: Charizard|Flamethrower|p1a: RAAAAAAAAAR","|-damage|p1a: RAAAAAAAAAR|171/420","|move|p1a: RAAAAAAAAAR|Stealth Rock|p2a: Charizard","|-sidestart|p2: xNailz|move: Stealth Rock","|","|-weather|Sandstorm|[upkeep]","|-damage|p2a: Charizard|123/297|[from] sandstorm","|-heal|p1a: RAAAAAAAAAR|197/420|[from] item: Leftovers","|turn|3","|","|switch|p1a: Garchomp|Garchomp, M|358/358","|move|p2a: Charizard|Defog|p1a: Garchomp","|-unboost|p1a: Garchomp|evasion|1","|-sideend|p2: xNailz|Stealth Rock|[from] move: Defog|[of] p2a: Charizard","|","|-weather|Sandstorm|[upkeep]","|-damage|p2a: Charizard|105/297|[from] sandstorm","|turn|4","|","|switch|p2a: Arcanine|Arcanine, F|381/381","|-ability|p2a: Arcanine|Intimidate","|-unboost|p1a: Garchomp|atk|1","|move|p1a: Garchomp|Dragon Claw|p2a: Arcanine","|-damage|p2a: Arcanine|300/381","|","|-weather|Sandstorm|[upkeep]","|-damage|p2a: Arcanine|277/381|[from] sandstorm","|-heal|p2a: Arcanine|300/381|[from] item: Leftovers","|turn|5","|","|switch|p2a: Charizard|Charizard-Mega-Y, M|105/297","|-weather|SunnyDay","|move|p1a: Garchomp|Swords Dance|p1a: Garchomp","|-boost|p1a: Garchomp|atk|2","|","|-weather|SunnyDay|[upkeep]","|turn|6","|","|switch|p2a: Arcanine|Arcanine, F|300/381","|-ability|p2a: Arcanine|Intimidate","|-unboost|p1a: Garchomp|atk|1","|move|p1a: Garchomp|Dragon Claw|p2a: Arcanine","|-damage|p2a: Arcanine|179/381","|","|-weather|SunnyDay|[upkeep]","|-heal|p2a: Arcanine|202/381|[from] item: Leftovers","|turn|7","|","|switch|p2a: Rotom-Heat|Rotom-Heat|303/303","|move|p1a: Garchomp|Swords Dance|p1a: Garchomp","|-boost|p1a: Garchomp|atk|2","|","|-weather|SunnyDay|[upkeep]","|turn|8","|","|move|p1a: Garchomp|Dragon Claw|p2a: Rotom-Heat","|-damage|p2a: Rotom-Heat|14/303","|move|p2a: Rotom-Heat|Hidden Power|p1a: Garchomp","|-supereffective|p1a: Garchomp","|-damage|p1a: Garchomp|102/358","|","|-weather|SunnyDay|[upkeep]","|-heal|p2a: Rotom-Heat|32/303|[from] item: Leftovers","|turn|9","|","|move|p1a: Garchomp|Substitute|p1a: Garchomp","|-start|p1a: Garchomp|Substitute","|-damage|p1a: Garchomp|13/358","|-enditem|p1a: Garchomp|Salac Berry|[eat]","|-boost|p1a: Garchomp|spe|1|[from] item: Salac Berry","|move|p2a: Rotom-Heat|Hidden Power|p1a: Garchomp","|-supereffective|p1a: Garchomp","|-end|p1a: Garchomp|Substitute","|","|-weather|none","|-heal|p2a: Rotom-Heat|50/303|[from] item: Leftovers","|turn|10","|","|move|p1a: Garchomp|Dragon Claw|p2a: Rotom-Heat","|-damage|p2a: Rotom-Heat|0 fnt","|faint|p2a: Rotom-Heat","|","|","|switch|p2a: Arcanine|Arcanine, F|202/381","|-ability|p2a: Arcanine|Intimidate","|-unboost|p1a: Garchomp|atk|1","|turn|11","|","|move|p2a: Arcanine|Extreme Speed|p1a: Garchomp","|-damage|p1a: Garchomp|0 fnt","|-damage|p2a: Arcanine|155/381|[from] ability: Rough Skin|[of] p1a: Garchomp","|faint|p1a: Garchomp","|","|-heal|p2a: Arcanine|178/381|[from] item: Leftovers","|","|switch|p1a: RAAAAAAAAAR|Hippowdon, F|197/420","|-weather|Sandstorm","|turn|12","|","|switch|p2a: Charizard|Charizard-Mega-Y, M|105/297","|-weather|SunnyDay","|move|p1a: RAAAAAAAAAR|Stone Edge|p2a: Charizard","|-supereffective|p2a: Charizard","|-damage|p2a: Charizard|0 fnt","|faint|p2a: Charizard","|","|-weather|SunnyDay|[upkeep]","|-heal|p1a: RAAAAAAAAAR|223/420|[from] item: Leftovers","|","|switch|p2a: Chandelure|Chandelure, F|323/323","|turn|13","|","|move|p2a: Chandelure|Flamethrower|p1a: RAAAAAAAAAR","|-damage|p1a: RAAAAAAAAAR|0 fnt","|-damage|p2a: Chandelure|291/323|[from] item: Life Orb","|faint|p1a: RAAAAAAAAAR","|","|-weather|SunnyDay|[upkeep]","|","|switch|p1a: WTF flying crab|Gliscor, M|337/337","|turn|14","|","|move|p1a: WTF flying crab|Earthquake|p2a: Chandelure","|-supereffective|p2a: Chandelure","|-damage|p2a: Chandelure|0 fnt","|faint|p2a: Chandelure","|","|-weather|SunnyDay|[upkeep]","|-status|p1a: WTF flying crab|tox|[from] item: Toxic Orb","|","|switch|p2a: Victini|Victini|341/341","|turn|15","|","|move|p2a: Victini|V-create|p1a: WTF flying crab","|-damage|p1a: WTF flying crab|15/337 tox","|-unboost|p2a: Victini|spe|1","|-unboost|p2a: Victini|def|1","|-unboost|p2a: Victini|spd|1","|move|p1a: WTF flying crab|Earthquake|p2a: Victini","|-supereffective|p2a: Victini","|-damage|p2a: Victini|0 fnt","|faint|p2a: Victini","|","|-weather|SunnyDay|[upkeep]","|-heal|p1a: WTF flying crab|57/337 tox|[from] ability: Poison Heal","|","|switch|p2a: Infernape|Infernape, F|293/293","|turn|16","|","|move|p2a: Infernape|Overheat|p1a: WTF flying crab","|-damage|p1a: WTF flying crab|0 fnt","|-unboost|p2a: Infernape|spa|2","|faint|p1a: WTF flying crab","|","|-weather|none","|","|switch|p1a: Zoe|Nidoqueen, F|383/383","|turn|17","|","|switch|p2a: Arcanine|Arcanine, F|178/381","|-ability|p2a: Arcanine|Intimidate","|-unboost|p1a: Zoe|atk|1","|move|p1a: Zoe|Earth Power|p2a: Arcanine","|-supereffective|p2a: Arcanine","|-damage|p2a: Arcanine|0 fnt","|faint|p2a: Arcanine","|","|","|switch|p2a: Infernape|Infernape, F|293/293","|turn|18","|","|move|p2a: Infernape|Overheat|p1a: Zoe","|-damage|p1a: Zoe|206/383","|-unboost|p2a: Infernape|spa|2","|move|p1a: Zoe|Earth Power|p2a: Infernape","|-supereffective|p2a: Infernape","|-enditem|p2a: Infernape|Focus Sash","|-damage|p2a: Infernape|1/293","|","|-heal|p1a: Zoe|229/383|[from] item: Black Sludge","|turn|19","|","|move|p2a: Infernape|Overheat|p1a: Zoe","|-damage|p1a: Zoe|138/383","|-unboost|p2a: Infernape|spa|2","|move|p1a: Zoe|Ice Beam|p2a: Infernape","|-resisted|p2a: Infernape","|-damage|p2a: Infernape|0 fnt","|faint|p2a: Infernape","|","|win|Carniecumber God"],"p1rating":{"entryid":"5836457","serverid":"eos","formatid":"monotype","userid":"carniecumbergod","username":"Carniecumber God","w":14,"l":"10","t":"0","gxe":58,"r":"1539.2376440806","rd":"87.610241628013","sigma":"0","rptime":"1438506000","rpr":1562.6833372939,"rprd":80.9982346317,"rpsigma":"0","acre":1145.4419587654,"lacre":1145.4419587654,"oldacre":"1110.5108928619"},"p2rating":{"entryid":"6782407","serverid":"eos","formatid":"monotype","userid":"xnailz","username":"xNailz","w":"21","l":8,"t":"0","gxe":69.4,"r":"1672.4990005258","rd":"66.581297120626","sigma":"0","rptime":"1438506000","rpr":1656.3412200065,"rprd":65.610009121034,"rpsigma":"0","acre":1221.6315488,"lacre":1221.6315488,"oldacre":"1256.5626147035"},"endType":"normal"}