{"seed":[49838,9336,20416,33259],"turns":59,"p1":"KGBeast","p2":"Wanderer DJ","p1team":[{"name":"Skarmory","species":"Skarmory","item":"rockyhelmet","ability":"Sturdy","moves":["spikes","bravebird","whirlwind","roost"],"nature":"Relaxed","evs":{"hp":252,"atk":4,"def":252,"spa":0,"spd":0,"spe":0},"ivs":{"hp":31,"atk":31,"def":31,"spa":31,"spd":31,"spe":0}},{"name":"Heatran","species":"Heatran","item":"leftovers","ability":"Flash Fire","moves":["stealthrock","earthpower","toxic","lavaplume"],"nature":"Calm","evs":{"hp":252,"atk":0,"def":0,"spa":0,"spd":252,"spe":4},"ivs":{"hp":31,"atk":0,"def":31,"spa":31,"spd":31,"spe":31}},{"name":"Jirachi","species":"Jirachi","item":"leftovers","ability":"Serene Grace","moves":["protect","ironhead","toxic","wish"],"nature":"Impish","evs":{"hp":252,"atk":0,"def":252,"spa":0,"spd":0,"spe":4},"ivs":{"hp":31,"atk":31,"def":31,"spa":31,"spd":31,"spe":31}},{"name":"Magnezone","species":"Magnezone","item":"choicescarf","ability":"Magnet Pull","moves":["voltswitch","thunderbolt","flashcannon","hiddenpowerice"],"nature":"Timid","evs":{"hp":0,"atk":0,"def":4,"spa":252,"spd":0,"spe":252},"ivs":{"hp":31,"atk":30,"def":30,"spa":31,"spd":31,"spe":31}},{"name":"Excadrill","species":"Excadrill","item":"choicescarf","ability":"Mold Breaker","moves":["ironhead","earthquake","rockslide","rapidspin"],"nature":"Jolly","evs":{"hp":0,"atk":252,"def":4,"spa":0,"spd":0,"spe":252},"ivs":{"hp":31,"atk":31,"def":31,"spa":31,"spd":31,"spe":31}},{"name":"Ferrothorn","species":"Ferrothorn","item":"leftovers","ability":"Iron Barbs","moves":["thunderwave","leechseed","powerwhip","knockoff"],"nature":"Careful","evs":{"hp":252,"atk":0,"def":0,"spa":0,"spd":252,"spe":4},"ivs":{"hp":31,"atk":31,"def":31,"spa":31,"spd":31,"spe":31}}],"p2team":[{"name":"Weezing","species":"Weezing","item":"sitrusberry","ability":"Levitate","moves":["toxicspikes","willowisp","memento","thief"],"nature":"Careful","evs":{"hp":248,"atk":8,"def":0,"spa":0,"spd":252,"spe":0},"ivs":{"hp":31,"atk":31,"def":31,"spa":31,"spd":31,"spe":31}},{"name":"Tentacruel","species":"Tentacruel","item":"assaultvest","ability":"Liquid Ooze","moves":["scald","acidspray","gigadrain","hex"],"nature":"Timid","evs":{"hp":0,"atk":0,"def":4,"spa":252,"spd":0,"spe":252},"ivs":{"hp":31,"atk":31,"def":31,"spa":31,"spd":31,"spe":31}},{"name":"Skuntank","species":"Skuntank","item":"","ability":"Stench","moves":["snatch","thief","suckerpunch","poisonjab"],"nature":"Adamant","evs":{"hp":248,"atk":252,"def":0,"spa":0,"spd":8,"spe":0},"ivs":{"hp":31,"atk":31,"def":31,"spa":31,"spd":31,"spe":31}},{"name":"Crobat","species":"Crobat","item":"whiteherb","ability":"Infiltrator","moves":["curse","acrobatics","roost","superfang"],"nature":"Jolly","evs":{"hp":248,"atk":8,"def":0,"spa":0,"spd":0,"spe":252},"ivs":{"hp":31,"atk":31,"def":31,"spa":31,"spd":31,"spe":31}},{"name":"Gengar","species":"Gengar","item":"choicescarf","ability":"Levitate","moves":["trick","destinybond","venoshock","hex"],"nature":"Timid","evs":{"hp":0,"atk":0,"def":0,"spa":252,"spd":4,"spe":252},"ivs":{"hp":31,"atk":31,"def":31,"spa":31,"spd":31,"spe":31}},{"name":"Amoonguss","species":"Amoonguss","item":"blacksludge","ability":"Regenerator","moves":["spore","gigadrain","gastroacid","stunspore"],"nature":"Calm","evs":{"hp":248,"atk":0,"def":0,"spa":8,"spd":252,"spe":0},"shiny":true,"ivs":{"hp":31,"atk":31,"def":31,"spa":31,"spd":31,"spe":31}}],"log":["|player|p1|KGBeast|kgbeast.png","|player|p2|Wanderer DJ|235","|gametype|singles","|gen|6","|tier|Monotype","|rated","|rule|Baton Pass Clause: Limit one Baton Passer, can't pass Spe and other stats simultaneously","|rule|Swagger Clause: Swagger is banned","|rule|Same Type Clause: Pokémon in a team must share a type","|clearpoke","|poke|p1|Skarmory, M","|poke|p1|Heatran, M","|poke|p1|Jirachi","|poke|p1|Magnezone","|poke|p1|Excadrill, M","|poke|p1|Ferrothorn, F","|poke|p2|Weezing, F","|poke|p2|Tentacruel, M","|poke|p2|Skuntank, M","|poke|p2|Crobat, F","|poke|p2|Gengar, M","|poke|p2|Amoonguss, F, shiny","|rule|Sleep Clause Mod: Limit one foe put to sleep","|rule|Species Clause: Limit one of each Pokémon","|rule|OHKO Clause: OHKO moves are banned","|rule|Moody Clause: Moody is banned","|rule|Evasion Moves Clause: Evasion moves are banned","|rule|Endless Battle Clause: Forcing endless battles is banned","|rule|HP Percentage Mod: HP is shown in percentages","|teampreview","|","|start","|switch|p1a: Excadrill|Excadrill, M|361/361","|switch|p2a: Tentacruel|Tentacruel, M|301/301","|-ability|p1a: Excadrill|Mold Breaker","|turn|1","|","|switch|p2a: Crobat|Crobat, F|373/373","|move|p1a: Excadrill|Earthquake|p2a: Crobat","|-immune|p2a: Crobat|[msg]","|","|turn|2","|","|switch|p1a: Jirachi|Jirachi|404/404","|move|p2a: Crobat|Super Fang|p1a: Jirachi","|-damage|p1a: Jirachi|202/404","|","|-heal|p1a: Jirachi|227/404|[from] item: Leftovers","|turn|3","|","|move|p2a: Crobat|Super Fang|p1a: Jirachi","|-damage|p1a: Jirachi|114/404","|move|p1a: Jirachi|Wish|p1a: Jirachi","|","|-heal|p1a: Jirachi|139/404|[from] item: Leftovers","|turn|4","|","|switch|p2a: Skuntank|Skuntank, M|409/409","|move|p1a: Jirachi|Iron Head|p2a: Skuntank","|-damage|p2a: Skuntank|282/409","|","|-heal|p1a: Jirachi|341/404|[from] move: Wish|[wisher] Jirachi","|-heal|p1a: Jirachi|366/404|[from] item: Leftovers","|turn|5","|","|move|p1a: Jirachi|Protect|p1a: Jirachi","|-singleturn|p1a: Jirachi|Protect","|move|p2a: Skuntank|Thief|p1a: Jirachi","|-activate|p1a: Jirachi|Protect","|","|-heal|p1a: Jirachi|391/404|[from] item: Leftovers","|turn|6","|","|switch|p1a: Magnezone|Magnezone|281/281","|move|p2a: Skuntank|Thief|p1a: Magnezone","|-damage|p1a: Magnezone|203/281","|-item|p2a: Skuntank|Choice Scarf|[from] move: Thief|[of] p1a: Magnezone","|","|turn|7","|","|move|p2a: Skuntank|Sucker Punch|p1a: Magnezone","|-damage|p1a: Magnezone|89/281","|move|p1a: Magnezone|Thunderbolt|p2a: Skuntank","|-damage|p2a: Skuntank|62/409","|","|turn|8","|","|switch|p2a: Weezing|Weezing, F|333/333","|switch|p1a: Skarmory|Skarmory, M|334/334","|","|turn|9","|","|switch|p2a: Skuntank|Skuntank, M|62/409","|switch|p1a: Heatran|Heatran, M|386/386","|","|turn|10","|","|switch|p1a: Skarmory|Skarmory, M|334/334","|move|p2a: Skuntank|Thief|p1a: Skarmory","|-damage|p1a: Skarmory|282/334","|-damage|p2a: Skuntank|0 fnt|[from] item: Rocky Helmet|[of] p1a: Skarmory","|faint|p2a: Skuntank","|","|","|switch|p2a: Amoonguss|Amoonguss, F, shiny|431/431","|turn|11","|","|switch|p2a: Tentacruel|Tentacruel, M|301/301","|move|p1a: Skarmory|Spikes|p2a: Tentacruel","|-sidestart|p2: Wanderer DJ|Spikes","|","|turn|12","|","|switch|p1a: Ferrothorn|Ferrothorn, F|352/352","|move|p2a: Tentacruel|Scald|p1a: Ferrothorn","|-resisted|p1a: Ferrothorn","|-damage|p1a: Ferrothorn|320/352","|","|-heal|p1a: Ferrothorn|342/352|[from] item: Leftovers","|turn|13","|","|switch|p1a: Excadrill|Excadrill, M|361/361","|-ability|p1a: Excadrill|Mold Breaker","|move|p2a: Tentacruel|Scald|p1a: Excadrill","|-supereffective|p1a: Excadrill","|-damage|p1a: Excadrill|91/361","|","|turn|14","|","|move|p1a: Excadrill|Rock Slide|p2a: Tentacruel","|-damage|p2a: Tentacruel|173/301","|move|p2a: Tentacruel|Scald|p1a: Excadrill","|-supereffective|p1a: Excadrill","|-damage|p1a: Excadrill|0 fnt","|faint|p1a: Excadrill","|","|","|switch|p1a: Magnezone|Magnezone|89/281","|turn|15","|","|move|p2a: Tentacruel|Scald|p1a: Magnezone","|-crit|p1a: Magnezone","|-damage|p1a: Magnezone|0 fnt","|faint|p1a: Magnezone","|","|","|switch|p1a: Ferrothorn|Ferrothorn, F|342/352","|turn|16","|","|move|p2a: Tentacruel|Scald|p1a: Ferrothorn","|-resisted|p1a: Ferrothorn","|-damage|p1a: Ferrothorn|309/352","|move|p1a: Ferrothorn|Knock Off|p2a: Tentacruel","|-crit|p2a: Tentacruel","|-damage|p2a: Tentacruel|7/301","|-enditem|p2a: Tentacruel|Assault Vest|[from] move: Knock Off|[of] p1a: Ferrothorn","|","|-heal|p1a: Ferrothorn|331/352|[from] item: Leftovers","|turn|17","|","|move|p2a: Tentacruel|Scald|p1a: Ferrothorn","|-resisted|p1a: Ferrothorn","|-damage|p1a: Ferrothorn|295/352","|move|p1a: Ferrothorn|Knock Off|p2a: Tentacruel","|-damage|p2a: Tentacruel|0 fnt","|faint|p2a: Tentacruel","|","|-heal|p1a: Ferrothorn|317/352|[from] item: Leftovers","|","|switch|p2a: Crobat|Crobat, F|373/373","|turn|18","|","|switch|p1a: Jirachi|Jirachi|391/404","|move|p2a: Crobat|Curse|p2a: Crobat","|-unboost|p2a: Crobat|spe|1","|-boost|p2a: Crobat|atk|1","|-boost|p2a: Crobat|def|1","|-enditem|p2a: Crobat|White Herb","|-restoreboost|p2a: Crobat|[silent]","|","|-heal|p1a: Jirachi|404/404|[from] item: Leftovers","|turn|19","|","|move|p2a: Crobat|Super Fang|p1a: Jirachi","|-damage|p1a: Jirachi|202/404","|move|p1a: Jirachi|Wish|p1a: Jirachi","|","|-heal|p1a: Jirachi|227/404|[from] item: Leftovers","|turn|20","|","|switch|p1a: Ferrothorn|Ferrothorn, F|317/352","|move|p2a: Crobat|Curse|p2a: Crobat","|-unboost|p2a: Crobat|spe|1","|-boost|p2a: Crobat|atk|1","|-boost|p2a: Crobat|def|1","|","|-heal|p1a: Ferrothorn|352/352|[from] move: Wish|[wisher] Jirachi","|turn|21","|","|move|p2a: Crobat|Super Fang|p1a: Ferrothorn","|-damage|p1a: Ferrothorn|176/352","|-damage|p2a: Crobat|327/373|[from] ability: Iron Barbs|[of] p1a: Ferrothorn","|move|p1a: Ferrothorn|Leech Seed|p2a: Crobat","|-start|p2a: Crobat|move: Leech Seed","|","|-heal|p1a: Ferrothorn|198/352|[from] item: Leftovers","|-damage|p2a: Crobat|281/373|[from] Leech Seed|[of] p1a: Ferrothorn","|-heal|p1a: Ferrothorn|244/352|[silent]","|turn|22","|","|move|p2a: Crobat|Acrobatics|p1a: Ferrothorn","|-damage|p1a: Ferrothorn|48/352","|-damage|p2a: Crobat|235/373|[from] ability: Iron Barbs|[of] p1a: Ferrothorn","|move|p1a: Ferrothorn|Thunder Wave|p2a: Crobat","|-status|p2a: Crobat|par","|","|-heal|p1a: Ferrothorn|70/352|[from] item: Leftovers","|-damage|p2a: Crobat|189/373 par|[from] Leech Seed|[of] p1a: Ferrothorn","|-heal|p1a: Ferrothorn|116/352|[silent]","|turn|23","|","|switch|p1a: Jirachi|Jirachi|227/404","|move|p2a: Crobat|Roost|p2a: Crobat","|-heal|p2a: Crobat|373/373 par","|","|-heal|p1a: Jirachi|252/404|[from] item: Leftovers","|-damage|p2a: Crobat|327/373 par|[from] Leech Seed|[of] p1a: Jirachi","|-heal|p1a: Jirachi|298/404|[silent]","|turn|24","|","|switch|p2a: Gengar|Gengar, M|261/261","|move|p1a: Jirachi|Wish|p1a: Jirachi","|","|-heal|p1a: Jirachi|323/404|[from] item: Leftovers","|turn|25","|","|switch|p1a: Ferrothorn|Ferrothorn, F|116/352","|move|p2a: Gengar|Trick|p1a: Ferrothorn","|-activate|p2a: Gengar|move: Trick|[of] p1a: Ferrothorn","|-item|p1a: Ferrothorn|Choice Scarf|[from] move: Trick","|-item|p2a: Gengar|Leftovers|[from] move: Trick","|","|-heal|p1a: Ferrothorn|318/352|[from] move: Wish|[wisher] Jirachi","|turn|26","|","|switch|p2a: Weezing|Weezing, F|333/333","|move|p1a: Ferrothorn|Knock Off|p2a: Weezing","|-damage|p2a: Weezing|271/333","|-enditem|p2a: Weezing|Sitrus Berry|[from] move: Knock Off|[of] p1a: Ferrothorn","|","|turn|27","|","|switch|p1a: Heatran|Heatran, M|386/386","|move|p2a: Weezing|Thief|p1a: Heatran","|-damage|p1a: Heatran|340/386","|-item|p2a: Weezing|Leftovers|[from] move: Thief|[of] p1a: Heatran","|","|-heal|p2a: Weezing|291/333|[from] item: Leftovers","|turn|28","|","|switch|p2a: Crobat|Crobat, F|327/373 par","|move|p1a: Heatran|Stealth Rock|p2a: Crobat","|-sidestart|p2: Wanderer DJ|move: Stealth Rock","|","|turn|29","|","|switch|p1a: Jirachi|Jirachi|323/404","|cant|p2a: Crobat|par","|","|-heal|p1a: Jirachi|348/404|[from] item: Leftovers","|turn|30","|","|move|p1a: Jirachi|Iron Head|p2a: Crobat","|-damage|p2a: Crobat|206/373 par","|cant|p2a: Crobat|flinch","|","|-heal|p1a: Jirachi|373/404|[from] item: Leftovers","|turn|31","|","|move|p1a: Jirachi|Wish|p1a: Jirachi","|move|p2a: Crobat|Roost|p2a: Crobat","|-heal|p2a: Crobat|373/373 par","|","|-heal|p1a: Jirachi|398/404|[from] item: Leftovers","|turn|32","|","|move|p1a: Jirachi|Iron Head|p2a: Crobat","|-damage|p2a: Crobat|261/373 par","|cant|p2a: Crobat|flinch","|","|-heal|p1a: Jirachi|404/404|[from] move: Wish|[wisher] Jirachi","|turn|33","|","|switch|p2a: Amoonguss|Amoonguss, F, shiny|431/431","|-damage|p2a: Amoonguss|378/431|[from] Spikes","|-damage|p2a: Amoonguss|325/431|[from] Stealth Rock","|move|p1a: Jirachi|Iron Head|p2a: Amoonguss","|-damage|p2a: Amoonguss|190/431","|","|-heal|p2a: Amoonguss|216/431|[from] item: Black Sludge","|turn|34","|","|switch|p1a: Skarmory|Skarmory, M|282/334","|move|p2a: Amoonguss|Gastro Acid|p1a: Skarmory","|-endability|p1a: Skarmory","|","|-heal|p2a: Amoonguss|242/431|[from] item: Black Sludge","|turn|35","|","|switch|p2a: Weezing|Weezing, F|291/333","|-damage|p2a: Weezing|250/333|[from] Stealth Rock","|move|p1a: Skarmory|Spikes|p2a: Weezing","|-sidestart|p2: Wanderer DJ|Spikes","|","|-heal|p2a: Weezing|270/333|[from] item: Leftovers","|turn|36","|","|switch|p1a: Heatran|Heatran, M|340/386","|move|p2a: Weezing|Thief|p1a: Heatran","|-damage|p1a: Heatran|300/386","|","|-heal|p2a: Weezing|290/333|[from] item: Leftovers","|turn|37","|","|move|p1a: Heatran|Lava Plume|p2a: Weezing","|-damage|p2a: Weezing|178/333","|-status|p2a: Weezing|brn","|move|p2a: Weezing|Thief|p1a: Heatran","|-damage|p1a: Heatran|280/386","|","|-heal|p2a: Weezing|198/333 brn|[from] item: Leftovers","|-damage|p2a: Weezing|157/333 brn|[from] brn","|turn|38","|","|move|p1a: Heatran|Lava Plume|p2a: Weezing","|-damage|p2a: Weezing|60/333 brn","|move|p2a: Weezing|Memento|p1a: Heatran","|-unboost|p1a: Heatran|atk|2","|-unboost|p1a: Heatran|spa|2","|faint|p2a: Weezing","|","|","|switch|p2a: Amoonguss|Amoonguss, F, shiny|385/431","|-damage|p2a: Amoonguss|314/431|[from] Spikes","|-damage|p2a: Amoonguss|261/431|[from] Stealth Rock","|turn|39","|","|switch|p1a: Skarmory|Skarmory, M|282/334","|move|p2a: Amoonguss|Spore|p1a: Skarmory","|-status|p1a: Skarmory|slp","|","|-heal|p2a: Amoonguss|287/431|[from] item: Black Sludge","|turn|40","|","|switch|p1a: Ferrothorn|Ferrothorn, F|318/352","|move|p2a: Amoonguss|Stun Spore|p1a: Ferrothorn","|-immune|p1a: Ferrothorn|[msg]","|","|-heal|p2a: Amoonguss|313/431|[from] item: Black Sludge","|turn|41","|","|move|p1a: Ferrothorn|Thunder Wave|p2a: Amoonguss","|-status|p2a: Amoonguss|par","|move|p2a: Amoonguss|Gastro Acid|p1a: Ferrothorn","|-endability|p1a: Ferrothorn","|","|-heal|p2a: Amoonguss|339/431 par|[from] item: Black Sludge","|turn|42","|","|switch|p1a: Heatran|Heatran, M|280/386","|cant|p2a: Amoonguss|par","|","|-heal|p2a: Amoonguss|365/431 par|[from] item: Black Sludge","|turn|43","|","|move|p1a: Heatran|Lava Plume|p2a: Amoonguss","|-supereffective|p2a: Amoonguss","|-damage|p2a: Amoonguss|177/431 par","|move|p2a: Amoonguss|Stun Spore|p1a: Heatran|[miss]","|-miss|p2a: Amoonguss|p1a: Heatran","|","|-heal|p2a: Amoonguss|203/431 par|[from] item: Black Sludge","|turn|44","|","|move|p1a: Heatran|Lava Plume|p2a: Amoonguss","|-supereffective|p2a: Amoonguss","|-damage|p2a: Amoonguss|5/431 par","|move|p2a: Amoonguss|Stun Spore|p1a: Heatran","|-status|p1a: Heatran|par","|","|-heal|p2a: Amoonguss|31/431 par|[from] item: Black Sludge","|turn|45","|","|switch|p2a: Crobat|Crobat, F|261/373 par","|-damage|p2a: Crobat|168/373 par|[from] Stealth Rock","|move|p1a: Heatran|Lava Plume|p2a: Crobat","|-damage|p2a: Crobat|29/373 par","|","|turn|46","|","|move|p2a: Crobat|Roost|p2a: Crobat","|-heal|p2a: Crobat|216/373 par","|cant|p1a: Heatran|par","|","|turn|47","|","|switch|p1a: Jirachi|Jirachi|404/404","|move|p2a: Crobat|Roost|p2a: Crobat","|-heal|p2a: Crobat|373/373 par","|","|turn|48","|","|move|p1a: Jirachi|Iron Head|p2a: Crobat","|-damage|p2a: Crobat|250/373 par","|move|p2a: Crobat|Super Fang|p1a: Jirachi","|-damage|p1a: Jirachi|202/404","|","|-heal|p1a: Jirachi|227/404|[from] item: Leftovers","|turn|49","|","|switch|p2a: Amoonguss|Amoonguss, F, shiny|174/431 par","|-damage|p2a: Amoonguss|121/431 par|[from] Stealth Rock","|-damage|p2a: Amoonguss|50/431 par|[from] Spikes","|move|p1a: Jirachi|Iron Head|p2a: Amoonguss","|-crit|p2a: Amoonguss","|-damage|p2a: Amoonguss|0 fnt","|faint|p2a: Amoonguss","|","|-heal|p1a: Jirachi|252/404|[from] item: Leftovers","|","|switch|p2a: Gengar|Gengar, M|261/261","|-damage|p2a: Gengar|229/261|[from] Stealth Rock","|turn|50","|","|switch|p1a: Ferrothorn|Ferrothorn, F|318/352","|move|p2a: Gengar|Hex|p1a: Ferrothorn","|-damage|p1a: Ferrothorn|245/352","|","|-heal|p2a: Gengar|245/261|[from] item: Leftovers","|turn|51","|","|switch|p2a: Crobat|Crobat, F|250/373 par","|-damage|p2a: Crobat|157/373 par|[from] Stealth Rock","|move|p1a: Ferrothorn|Knock Off|p2a: Crobat","|-damage|p2a: Crobat|101/373 par","|","|turn|52","|","|switch|p1a: Jirachi|Jirachi|252/404","|move|p2a: Crobat|Roost|p2a: Crobat","|-heal|p2a: Crobat|288/373 par","|","|-heal|p1a: Jirachi|277/404|[from] item: Leftovers","|turn|53","|","|move|p1a: Jirachi|Iron Head|p2a: Crobat","|-damage|p2a: Crobat|174/373 par","|cant|p2a: Crobat|flinch","|","|-heal|p1a: Jirachi|302/404|[from] item: Leftovers","|turn|54","|","|move|p1a: Jirachi|Iron Head|p2a: Crobat","|-damage|p2a: Crobat|54/373 par","|cant|p2a: Crobat|flinch","|","|-heal|p1a: Jirachi|327/404|[from] item: Leftovers","|turn|55","|","|move|p1a: Jirachi|Iron Head|p2a: Crobat","|-damage|p2a: Crobat|0 fnt","|faint|p2a: Crobat","|","|-heal|p1a: Jirachi|352/404|[from] item: Leftovers","|","|switch|p2a: Gengar|Gengar, M|245/261","|-damage|p2a: Gengar|213/261|[from] Stealth Rock","|turn|56","|","|switch|p1a: Heatran|Heatran, M|280/386 par","|move|p2a: Gengar|Hex|p1a: Heatran","|-damage|p1a: Heatran|133/386 par","|","|-heal|p2a: Gengar|229/261|[from] item: Leftovers","|turn|57","|","|move|p2a: Gengar|Hex|p1a: Heatran","|-damage|p1a: Heatran|0 fnt","|faint|p1a: Heatran","|","|-heal|p2a: Gengar|245/261|[from] item: Leftovers","|","|switch|p1a: Ferrothorn|Ferrothorn, F|245/352","|turn|58","|","|move|p2a: Gengar|Hex|p1a: Ferrothorn","|-damage|p1a: Ferrothorn|173/352","|move|p1a: Ferrothorn|Knock Off|p2a: Gengar","|-supereffective|p2a: Gengar","|-damage|p2a: Gengar|17/261","|-enditem|p2a: Gengar|Leftovers|[from] move: Knock Off|[of] p1a: Ferrothorn","|","|turn|59","|","|move|p2a: Gengar|Hex|p1a: Ferrothorn","|-crit|p1a: Ferrothorn","|-damage|p1a: Ferrothorn|64/352","|move|p1a: Ferrothorn|Knock Off|p2a: Gengar","|-supereffective|p2a: Gengar","|-damage|p2a: Gengar|0 fnt","|faint|p2a: Gengar","|","|win|KGBeast"],"p1rating":{"entryid":"6349485","serverid":"eos","formatid":"monotype","userid":"kgbeast","username":"KGBeast","w":37,"l":"15","t":"0","gxe":68.1,"r":"1635.4608504298","rd":"55.691352988027","sigma":"0","rptime":"1438506000","rpr":1644.1994150681,"rprd":54.586532780246,"rpsigma":"0","acre":1265.9782465004,"lacre":1265.9782465004,"oldacre":"1252.7719693813"},"p2rating":{"entryid":"6343115","serverid":"eos","formatid":"monotype","userid":"wandererdj","username":"Wanderer DJ","w":"2","l":4,"t":"0","gxe":44.2,"r":"1416.0927400123","rd":"124.10350783888","sigma":"0","rptime":"1438506000","rpr":1453.9025743823,"rprd":104.98820301423,"rpsigma":"0","acre":1063.5671602022,"lacre":1063.5671602022,"oldacre":"1074.7746386465"},"endType":"normal"}