{"seed":[1562,51721,3612,21745],"turns":18,"p1":"Spettro Filo","p2":"Carnie Moe Sedah","p1team":[{"name":"Gengar","species":"Gengar","item":"choicespecs","ability":"Levitate","moves":["dazzlinggleam","energyball","darkpulse","shadowball"],"nature":"Timid","evs":{"hp":0,"atk":0,"def":0,"spa":252,"spd":4,"spe":252},"ivs":{"hp":31,"atk":31,"def":31,"spa":31,"spd":31,"spe":31}},{"name":"Spiritomb","species":"Spiritomb","item":"leftovers","ability":"Pressure","moves":["calmmind","darkpulse","rest","sleeptalk"],"nature":"Modest","evs":{"hp":252,"atk":0,"def":0,"spa":252,"spd":4,"spe":0},"ivs":{"hp":31,"atk":31,"def":31,"spa":31,"spd":31,"spe":31}},{"name":"Chandelure","species":"Chandelure","item":"leftovers","ability":"Flash Fire","moves":["calmmind","substitute","flamethrower","shadowball"],"nature":"Modest","evs":{"hp":248,"atk":0,"def":0,"spa":252,"spd":8,"spe":0},"ivs":{"hp":31,"atk":31,"def":31,"spa":31,"spd":31,"spe":31}},{"name":"Golurk","species":"Golurk","item":"assaultvest","ability":"No Guard","moves":["earthquake","dynamicpunch","icepunch","hammerarm"],"nature":"Adamant","evs":{"hp":248,"atk":252,"def":0,"spa":0,"spd":8,"spe":0},"ivs":{"hp":31,"atk":31,"def":31,"spa":31,"spd":31,"spe":31}},{"name":"Cofagrigus","species":"Cofagrigus","item":"leftovers","ability":"Mummy","moves":["toxicspikes","nastyplot","shadowball","trickroom"],"nature":"Quiet","evs":{"hp":248,"atk":0,"def":0,"spa":252,"spd":8,"spe":0},"ivs":{"hp":31,"atk":31,"def":31,"spa":31,"spd":31,"spe":0}},{"name":"Froslass","species":"Froslass","item":"focussash","ability":"Cursed Body","moves":["thunderbolt","destinybond","icebeam","shadowball"],"nature":"Timid","evs":{"hp":0,"atk":0,"def":0,"spa":252,"spd":4,"spe":252},"ivs":{"hp":31,"atk":31,"def":31,"spa":31,"spd":31,"spe":31}}],"p2team":[{"name":"slice and dice","species":"bisharp","item":"choicescarf","ability":"Defiant","moves":["xscissor","nightslash","ironhead","brickbreak"],"nature":"Adamant","evs":{"hp":252,"atk":252,"def":0,"spa":0,"spd":4,"spe":0},"ivs":{"hp":31,"atk":31,"def":31,"spa":31,"spd":31,"spe":31}},{"name":"Hades","species":"hydreigon","item":"choicescarf","ability":"Levitate","moves":["darkpulse","uturn","flamethrower","flashcannon"],"nature":"Timid","evs":{"hp":0,"atk":0,"def":0,"spa":252,"spd":4,"spe":252},"ivs":{"hp":31,"atk":31,"def":31,"spa":31,"spd":30,"spe":31}},{"name":"wheres me diamonds","species":"sableye","item":"sablenite","ability":"Prankster","moves":["calmmind","darkpulse","recover","willowisp"],"nature":"Calm","evs":{"hp":248,"atk":0,"def":0,"spa":8,"spd":252,"spe":0},"ivs":{"hp":31,"atk":31,"def":31,"spa":31,"spd":31,"spe":31}},{"name":"Carnie-Reapz 3.0","species":"sharpedo","item":"focussash","ability":"Speed Boost","moves":["protect","waterfall","poisonjab","destinybond"],"nature":"Adamant","evs":{"hp":0,"atk":252,"def":0,"spa":0,"spd":4,"spe":252},"shiny":true,"ivs":{"hp":31,"atk":31,"def":31,"spa":31,"spd":31,"spe":31}},{"name":"this is a vulture","species":"mandibuzz","item":"leftovers","ability":"Overcoat","moves":["roost","steelwing","toxic","defog"],"nature":"Impish","evs":{"hp":252,"atk":4,"def":252,"spa":0,"spd":0,"spe":0},"ivs":{"hp":31,"atk":31,"def":31,"spa":31,"spd":31,"spe":31}},{"name":"FAIRY JANITOR","species":"drapion","item":"assaultvest","ability":"Battle Armor","moves":["earthquake","crunch","poisonjab","icefang"],"nature":"Adamant","evs":{"hp":248,"atk":252,"def":0,"spa":0,"spd":8,"spe":0},"ivs":{"hp":31,"atk":31,"def":31,"spa":31,"spd":31,"spe":31}}],"log":["|player|p1|Spettro Filo|168","|player|p2|Carnie Moe Sedah|89","|gametype|singles","|gen|6","|tier|Monotype","|rated","|rule|Baton Pass Clause: Limit one Baton Passer, can't pass Spe and other stats simultaneously","|rule|Swagger Clause: Swagger is banned","|rule|Same Type Clause: Pokémon in a team must share a type","|clearpoke","|poke|p1|Gengar, M","|poke|p1|Spiritomb, F","|poke|p1|Chandelure, F","|poke|p1|Golurk","|poke|p1|Cofagrigus, M","|poke|p1|Froslass, F","|poke|p2|Bisharp, F","|poke|p2|Hydreigon, M","|poke|p2|Sableye, F","|poke|p2|Sharpedo, F, shiny","|poke|p2|Mandibuzz, F","|poke|p2|Drapion, F","|rule|Sleep Clause Mod: Limit one foe put to sleep","|rule|Species Clause: Limit one of each Pokémon","|rule|OHKO Clause: OHKO moves are banned","|rule|Moody Clause: Moody is banned","|rule|Evasion Moves Clause: Evasion moves are banned","|rule|Endless Battle Clause: Forcing endless battles is banned","|rule|HP Percentage Mod: HP is shown in percentages","|teampreview","|","|start","|switch|p1a: Cofagrigus|Cofagrigus, M|319/319","|switch|p2a: this is a vulture|Mandibuzz, F|424/424","|turn|1","|","|move|p2a: this is a vulture|Toxic|p1a: Cofagrigus","|-status|p1a: Cofagrigus|tox","|move|p1a: Cofagrigus|Trick Room|p1a: Cofagrigus","|-fieldstart|move: Trick Room|[of] p1a: Cofagrigus","|","|-damage|p1a: Cofagrigus|300/319 tox|[from] psn","|turn|2","|","|move|p1a: Cofagrigus|Nasty Plot|p1a: Cofagrigus","|-boost|p1a: Cofagrigus|spa|2","|move|p2a: this is a vulture|Steel Wing|p1a: Cofagrigus","|-damage|p1a: Cofagrigus|270/319 tox","|-endability|p2a: this is a vulture|overcoat|[from] Mummy","|-ability|p2a: this is a vulture|Mummy|[from] Mummy","|","|-heal|p1a: Cofagrigus|289/319 tox|[from] item: Leftovers","|-damage|p1a: Cofagrigus|251/319 tox|[from] psn","|turn|3","|","|move|p1a: Cofagrigus|Shadow Ball|p2a: this is a vulture","|-resisted|p2a: this is a vulture","|-damage|p2a: this is a vulture|298/424","|move|p2a: this is a vulture|Roost|p2a: this is a vulture","|-heal|p2a: this is a vulture|424/424","|","|-heal|p1a: Cofagrigus|270/319 tox|[from] item: Leftovers","|-damage|p1a: Cofagrigus|213/319 tox|[from] psn","|turn|4","|","|move|p1a: Cofagrigus|Toxic Spikes|p2a: this is a vulture","|-sidestart|p2: Carnie Moe Sedah|move: Toxic Spikes","|move|p2a: this is a vulture|Roost|p2a: this is a vulture","|-fail|p2a: this is a vulture","|","|-heal|p1a: Cofagrigus|232/319 tox|[from] item: Leftovers","|-damage|p1a: Cofagrigus|156/319 tox|[from] psn","|turn|5","|","|move|p1a: Cofagrigus|Toxic Spikes|p2a: this is a vulture","|-sidestart|p2: Carnie Moe Sedah|move: Toxic Spikes","|move|p2a: this is a vulture|Defog|p1a: Cofagrigus","|-unboost|p1a: Cofagrigus|evasion|1","|-sideend|p2: Carnie Moe Sedah|Toxic Spikes|[from] move: Defog|[of] p2a: this is a vulture","|","|-heal|p1a: Cofagrigus|175/319 tox|[from] item: Leftovers","|-damage|p1a: Cofagrigus|80/319 tox|[from] psn","|-fieldend|move: Trick Room","|turn|6","|","|move|p2a: this is a vulture|Defog|p1a: Cofagrigus","|-unboost|p1a: Cofagrigus|evasion|1","|move|p1a: Cofagrigus|Shadow Ball|p2a: this is a vulture","|-resisted|p2a: this is a vulture","|-damage|p2a: this is a vulture|304/424","|","|-heal|p2a: this is a vulture|330/424|[from] item: Leftovers","|-heal|p1a: Cofagrigus|99/319 tox|[from] item: Leftovers","|-damage|p1a: Cofagrigus|0 fnt|[from] psn","|faint|p1a: Cofagrigus","|","|switch|p1a: Golurk|Golurk|381/381","|turn|7","|","|move|p2a: this is a vulture|Toxic|p1a: Golurk","|-status|p1a: Golurk|tox","|move|p1a: Golurk|Ice Punch|p2a: this is a vulture","|-supereffective|p2a: this is a vulture","|-damage|p2a: this is a vulture|206/424","|-endability|p1a: Golurk|noguard|[from] Mummy","|-ability|p1a: Golurk|Mummy|[from] Mummy","|-status|p2a: this is a vulture|frz","|","|-heal|p2a: this is a vulture|232/424 frz|[from] item: Leftovers","|-damage|p1a: Golurk|358/381 tox|[from] psn","|turn|8","|","|cant|p2a: this is a vulture|frz","|move|p1a: Golurk|Ice Punch|p2a: this is a vulture","|-supereffective|p2a: this is a vulture","|-damage|p2a: this is a vulture|104/424 frz","|","|-heal|p2a: this is a vulture|130/424 frz|[from] item: Leftovers","|-damage|p1a: Golurk|312/381 tox|[from] psn","|turn|9","|","|cant|p2a: this is a vulture|frz","|move|p1a: Golurk|Ice Punch|p2a: this is a vulture","|-supereffective|p2a: this is a vulture","|-damage|p2a: this is a vulture|0 fnt","|faint|p2a: this is a vulture","|","|-damage|p1a: Golurk|243/381 tox|[from] psn","|","|switch|p2a: Hades|Hydreigon, M|325/325","|turn|10","|","|move|p2a: Hades|Dark Pulse|p1a: Golurk","|-supereffective|p1a: Golurk","|-damage|p1a: Golurk|3/381 tox","|move|p1a: Golurk|Ice Punch|p2a: Hades","|-supereffective|p2a: Hades","|-damage|p2a: Hades|131/325","|","|-damage|p1a: Golurk|0 fnt|[from] psn","|faint|p1a: Golurk","|","|switch|p1a: Froslass|Froslass, F|281/281","|turn|11","|","|move|p2a: Hades|Dark Pulse|p1a: Froslass","|-supereffective|p1a: Froslass","|-enditem|p1a: Froslass|Focus Sash","|-damage|p1a: Froslass|1/281","|move|p1a: Froslass|Ice Beam|p2a: Hades","|-supereffective|p2a: Hades","|-damage|p2a: Hades|0 fnt","|faint|p2a: Hades","|","|","|switch|p2a: slice and dice|Bisharp, F|334/334","|turn|12","|","|move|p1a: Froslass|Thunderbolt|p2a: slice and dice","|-damage|p2a: slice and dice|231/334","|move|p2a: slice and dice|Night Slash|p1a: Froslass","|-supereffective|p1a: Froslass","|-damage|p1a: Froslass|0 fnt","|faint|p1a: Froslass","|","|","|switch|p1a: Chandelure|Chandelure, F|323/323","|turn|13","|","|move|p2a: slice and dice|Night Slash|p1a: Chandelure","|-supereffective|p1a: Chandelure","|-damage|p1a: Chandelure|21/323","|move|p1a: Chandelure|Flamethrower|p2a: slice and dice","|-supereffective|p2a: slice and dice","|-damage|p2a: slice and dice|0 fnt","|faint|p2a: slice and dice","|","|-heal|p1a: Chandelure|41/323|[from] item: Leftovers","|","|switch|p2a: Carnie-Reapz 3.0|Sharpedo, F, shiny|281/281","|turn|14","|","|move|p2a: Carnie-Reapz 3.0|Waterfall|p1a: Chandelure","|-supereffective|p1a: Chandelure","|-damage|p1a: Chandelure|0 fnt","|faint|p1a: Chandelure","|","|-boost|p2a: Carnie-Reapz 3.0|spe|1|[from] ability: Speed Boost","|","|switch|p1a: Gengar|Gengar, M|261/261","|turn|15","|","|move|p2a: Carnie-Reapz 3.0|Protect|p2a: Carnie-Reapz 3.0","|-singleturn|p2a: Carnie-Reapz 3.0|Protect","|move|p1a: Gengar|Energy Ball|p2a: Carnie-Reapz 3.0","|-activate|p2a: Carnie-Reapz 3.0|Protect","|","|-boost|p2a: Carnie-Reapz 3.0|spe|1|[from] ability: Speed Boost","|turn|16","|","|move|p2a: Carnie-Reapz 3.0|Waterfall|p1a: Gengar","|-damage|p1a: Gengar|56/261","|move|p1a: Gengar|Energy Ball|p2a: Carnie-Reapz 3.0","|-supereffective|p2a: Carnie-Reapz 3.0","|-enditem|p2a: Carnie-Reapz 3.0|Focus Sash","|-damage|p2a: Carnie-Reapz 3.0|1/281","|","|-boost|p2a: Carnie-Reapz 3.0|spe|1|[from] ability: Speed Boost","|turn|17","|","|move|p2a: Carnie-Reapz 3.0|Waterfall|p1a: Gengar","|-damage|p1a: Gengar|0 fnt","|faint|p1a: Gengar","|","|-boost|p2a: Carnie-Reapz 3.0|spe|1|[from] ability: Speed Boost","|","|switch|p1a: Spiritomb|Spiritomb, F|304/304","|-ability|p1a: Spiritomb|Pressure","|turn|18","|","|move|p2a: Carnie-Reapz 3.0|Destiny Bond|p2a: Carnie-Reapz 3.0","|-singlemove|p2a: Carnie-Reapz 3.0|Destiny Bond","|move|p1a: Spiritomb|Dark Pulse|p2a: Carnie-Reapz 3.0","|-resisted|p2a: Carnie-Reapz 3.0","|-damage|p2a: Carnie-Reapz 3.0|0 fnt","|faint|p2a: Carnie-Reapz 3.0","|-activate|p2a: Carnie-Reapz 3.0|Destiny Bond","|faint|p1a: Spiritomb","|","|win|Carnie Moe Sedah"],"p1rating":{"entryid":7345280,"formatid":"monotype","userid":"spettrofilo","username":"Spettro Filo","r":1500,"rd":130,"sigma":0,"rpr":1438.5479551848,"rprd":123.43649464304,"rpsigma":0,"rptime":1438506000,"w":0,"l":1,"t":0,"gxe":42.4,"acre":1000,"lacre":1000,"oldacre":1000},"p2rating":{"entryid":"7144790","serverid":"eos","formatid":"monotype","userid":"carniemoesedah","username":"Carnie Moe Sedah","w":9,"l":"21","t":"0","gxe":33.3,"r":"1336.1121183247","rd":"65.802143348134","sigma":"0","rptime":"1438506000","rpr":1367.0320520003,"rprd":64.186344899473,"rpsigma":"0","acre":1085.4531302099,"lacre":1085.4531302099,"oldacre":"1059.6882304369"},"endType":"normal"}