{"seed":[12465,38950,15865,46277],"turns":20,"p1":"PkrKd","p2":"GTX♅Bzumzum","p1team":[{"name":"Steelix","species":"Steelix","item":"steelixite","ability":"Rock Head","moves":["earthquake","ironhead","aquatail","rockslide"],"nature":"Adamant","evs":{"hp":248,"atk":252,"def":0,"spa":0,"spd":8,"spe":0},"ivs":{"hp":31,"atk":31,"def":31,"spa":31,"spd":31,"spe":31}},{"name":"Bisharp","species":"Bisharp","item":"lifeorb","ability":"Defiant","moves":["suckerpunch","knockoff","ironhead","poisonjab"],"nature":"Jolly","evs":{"hp":0,"atk":252,"def":0,"spa":0,"spd":4,"spe":252},"ivs":{"hp":31,"atk":31,"def":31,"spa":31,"spd":31,"spe":31}},{"name":"Metagross","species":"Metagross","item":"quickclaw","ability":"Clear Body","moves":["lightscreen","reflect","toxic","sandstorm"],"nature":"Bold","evs":{"hp":248,"atk":0,"def":252,"spa":0,"spd":2,"spe":0},"ivs":{"hp":31,"atk":31,"def":31,"spa":31,"spd":31,"spe":31}},{"name":"Heatran","species":"Heatran","item":"choicescarf","ability":"Flash Fire","moves":["darkpulse","earthpower","overheat","hiddenpowerelectric"],"nature":"Timid","evs":{"hp":0,"atk":0,"def":0,"spa":252,"spd":4,"spe":252},"ivs":{"hp":31,"atk":31,"def":31,"spa":30,"spd":31,"spe":31}},{"name":"Scizor","species":"Scizor","item":"occaberry","ability":"Technician","moves":["xscissor","aerialace","bulletpunch","knockoff"],"nature":"Adamant","evs":{"hp":248,"atk":252,"def":0,"spa":0,"spd":8,"spe":0},"ivs":{"hp":31,"atk":31,"def":31,"spa":31,"spd":31,"spe":31}},{"name":"Skarmory","species":"Skarmory","item":"focussash","ability":"Keen Eye","moves":["darkpulse","flashcannon","stealthrock","defog"],"nature":"Modest","evs":{"hp":232,"atk":0,"def":0,"spa":252,"spd":0,"spe":24},"ivs":{"hp":31,"atk":31,"def":31,"spa":31,"spd":31,"spe":31}}],"p2team":[{"name":"Elec","species":"manectric","item":"manectite","ability":"Lightning Rod","moves":["thunderbolt","hiddenpowerice","voltswitch","overheat"],"nature":"Timid","evs":{"hp":0,"atk":0,"def":0,"spa":252,"spd":4,"spe":252},"gender":"M","ivs":{"hp":31,"atk":30,"def":30,"spa":31,"spd":31,"spe":31}},{"name":"Water-Safe","species":"rotomwash","item":"chestoberry","ability":"Levitate","moves":["hydropump","toxic","willowisp","rest"],"nature":"Calm","evs":{"hp":248,"atk":0,"def":0,"spa":8,"spd":252,"spe":0},"shiny":true,"ivs":{"hp":31,"atk":31,"def":31,"spa":31,"spd":31,"spe":31}},{"name":"MY ZONE!!!","species":"magnezone","item":"choicespecs","ability":"Sturdy","moves":["hiddenpowerice","flashcannon","triattack","signalbeam"],"nature":"Modest","evs":{"hp":248,"atk":0,"def":0,"spa":252,"spd":8,"spe":0},"ivs":{"hp":31,"atk":30,"def":30,"spa":31,"spd":31,"spe":31},"shiny":true},{"name":"Thundernor","species":"eelektross","item":"leftovers","ability":"Levitate","moves":["coil","drainpunch","knockoff","uturn"],"nature":"Adamant","evs":{"hp":252,"atk":252,"def":0,"spa":0,"spd":0,"spe":4},"gender":"M","shiny":true,"ivs":{"hp":31,"atk":31,"def":31,"spa":31,"spd":31,"spe":31}},{"name":"Zapz","species":"zapdos","item":"leftovers","ability":"Pressure","moves":["heatwave","roost","extrasensory","defog"],"nature":"Modest","evs":{"hp":252,"atk":0,"def":0,"spa":252,"spd":4,"spe":0},"shiny":true,"ivs":{"hp":31,"atk":31,"def":31,"spa":31,"spd":31,"spe":31}},{"name":"Plugg-in Failure","species":"electivire","item":"choicescarf","ability":"Vital Spirit","moves":["crosschop","earthquake","icepunch","rockslide"],"nature":"Adamant","evs":{"hp":0,"atk":252,"def":0,"spa":0,"spd":4,"spe":252},"gender":"M","shiny":true,"ivs":{"hp":31,"atk":31,"def":31,"spa":31,"spd":31,"spe":31}}],"log":["|player|p1|PkrKd|140","|player|p2|GTX♅Bzumzum|225","|gametype|singles","|gen|6","|tier|Monotype","|rated","|rule|Baton Pass Clause: Limit one Baton Passer, can't pass Spe and other stats simultaneously","|rule|Swagger Clause: Swagger is banned","|rule|Same Type Clause: Pokémon in a team must share a type","|clearpoke","|poke|p1|Steelix, M","|poke|p1|Bisharp, F","|poke|p1|Metagross","|poke|p1|Heatran, M","|poke|p1|Scizor, M","|poke|p1|Skarmory, M","|poke|p2|Manectric, M","|poke|p2|Rotom-Wash, shiny","|poke|p2|Magnezone, shiny","|poke|p2|Eelektross, M, shiny","|poke|p2|Zapdos, shiny","|poke|p2|Electivire, M, shiny","|rule|Sleep Clause Mod: Limit one foe put to sleep","|rule|Species Clause: Limit one of each Pokémon","|rule|OHKO Clause: OHKO moves are banned","|rule|Moody Clause: Moody is banned","|rule|Evasion Moves Clause: Evasion moves are banned","|rule|Endless Battle Clause: Forcing endless battles is banned","|rule|HP Percentage Mod: HP is shown in percentages","|teampreview","|","|start","|switch|p1a: Skarmory|Skarmory, M|329/329","|switch|p2a: Thundernor|Eelektross, M, shiny|374/374","|turn|1","|","|move|p1a: Skarmory|Stealth Rock|p2a: Thundernor","|-sidestart|p2: GTX♅Bzumzum|move: Stealth Rock","|move|p2a: Thundernor|Knock Off|p1a: Skarmory","|-damage|p1a: Skarmory|249/329","|-enditem|p1a: Skarmory|Focus Sash|[from] move: Knock Off|[of] p2a: Thundernor","|","|turn|2","|","|move|p1a: Skarmory|Dark Pulse|p2a: Thundernor","|-damage|p2a: Thundernor|305/374","|move|p2a: Thundernor|Coil|p2a: Thundernor","|-boost|p2a: Thundernor|atk|1","|-boost|p2a: Thundernor|def|1","|-boost|p2a: Thundernor|accuracy|1","|","|-heal|p2a: Thundernor|328/374|[from] item: Leftovers","|turn|3","|","|move|p1a: Skarmory|Flash Cannon|p2a: Thundernor","|-resisted|p2a: Thundernor","|-damage|p2a: Thundernor|277/374","|move|p2a: Thundernor|Coil|p2a: Thundernor","|-boost|p2a: Thundernor|atk|1","|-boost|p2a: Thundernor|def|1","|-boost|p2a: Thundernor|accuracy|1","|","|-heal|p2a: Thundernor|300/374|[from] item: Leftovers","|turn|4","|","|switch|p1a: Metagross|Metagross|363/363","|move|p2a: Thundernor|Drain Punch|p1a: Metagross","|-crit|p1a: Metagross","|-damage|p1a: Metagross|206/363","|-heal|p2a: Thundernor|374/374|[from] drain|[of] p1a: Metagross","|","|turn|5","|","|move|p1a: Metagross|Toxic|p2a: Thundernor","|-status|p2a: Thundernor|tox","|move|p2a: Thundernor|Knock Off|p1a: Metagross","|-supereffective|p1a: Metagross","|-damage|p1a: Metagross|0 fnt","|-enditem|p1a: Metagross|Quick Claw|[from] move: Knock Off|[of] p2a: Thundernor","|faint|p1a: Metagross","|","|-damage|p2a: Thundernor|351/374 tox|[from] psn","|","|switch|p1a: Heatran|Heatran, M|323/323","|turn|6","|","|move|p1a: Heatran|Overheat|p2a: Thundernor","|-damage|p2a: Thundernor|84/374 tox","|-unboost|p1a: Heatran|spa|2","|move|p2a: Thundernor|Coil|p2a: Thundernor","|-boost|p2a: Thundernor|atk|1","|-boost|p2a: Thundernor|def|1","|-boost|p2a: Thundernor|accuracy|1","|","|-heal|p2a: Thundernor|107/374 tox|[from] item: Leftovers","|-damage|p2a: Thundernor|61/374 tox|[from] psn","|turn|7","|","|move|p1a: Heatran|Overheat|p2a: Thundernor","|-damage|p2a: Thundernor|0 fnt","|-unboost|p1a: Heatran|spa|2","|faint|p2a: Thundernor","|","|","|switch|p2a: Plugg-in Failure|Electivire, M, shiny|291/291","|-damage|p2a: Plugg-in Failure|255/291|[from] Stealth Rock","|turn|8","|","|switch|p1a: Steelix|Steelix, M|353/353","|move|p2a: Plugg-in Failure|Rock Slide|p1a: Steelix","|-resisted|p1a: Steelix","|-damage|p1a: Steelix|339/353","|","|turn|9","|","|switch|p2a: Zapz|Zapdos, shiny|384/384","|-damage|p2a: Zapz|288/384|[from] Stealth Rock","|-ability|p2a: Zapz|Pressure","|detailschange|p1a: Steelix|Steelix-Mega, M","|-mega|p1a: Steelix|Steelix|Steelixite","|move|p1a: Steelix|Rock Slide|p2a: Zapz","|-supereffective|p2a: Zapz","|-damage|p2a: Zapz|72/384","|","|-heal|p2a: Zapz|96/384|[from] item: Leftovers","|turn|10","|","|move|p2a: Zapz|Heat Wave|p1a: Steelix","|-miss|p2a: Zapz|p1a: Steelix","|move|p1a: Steelix|Rock Slide|p2a: Zapz","|-supereffective|p2a: Zapz","|-damage|p2a: Zapz|0 fnt","|faint|p2a: Zapz","|","|","|switch|p2a: Water-Safe|Rotom-Wash, shiny|303/303","|-damage|p2a: Water-Safe|266/303|[from] Stealth Rock","|turn|11","|","|move|p2a: Water-Safe|Hydro Pump|p1a: Steelix","|-supereffective|p1a: Steelix","|-damage|p1a: Steelix|79/353","|move|p1a: Steelix|Rock Slide|p2a: Water-Safe","|-damage|p2a: Water-Safe|182/303","|","|turn|12","|","|move|p2a: Water-Safe|Will-O-Wisp|p1a: Steelix","|-status|p1a: Steelix|brn","|move|p1a: Steelix|Rock Slide|p2a: Water-Safe","|-damage|p2a: Water-Safe|136/303","|","|-damage|p1a: Steelix|35/353 brn|[from] brn","|turn|13","|","|switch|p2a: Plugg-in Failure|Electivire, M, shiny|255/291","|-damage|p2a: Plugg-in Failure|219/291|[from] Stealth Rock","|move|p1a: Steelix|Rock Slide|p2a: Plugg-in Failure","|-damage|p2a: Plugg-in Failure|150/291","|","|-damage|p1a: Steelix|0 fnt|[from] brn","|faint|p1a: Steelix","|","|switch|p1a: Heatran|Heatran, M|323/323","|turn|14","|","|move|p2a: Plugg-in Failure|Rock Slide|p1a: Heatran","|-damage|p1a: Heatran|231/323","|move|p1a: Heatran|Earth Power|p2a: Plugg-in Failure","|-supereffective|p2a: Plugg-in Failure","|-damage|p2a: Plugg-in Failure|0 fnt","|faint|p2a: Plugg-in Failure","|","|","|switch|p2a: Water-Safe|Rotom-Wash, shiny|136/303","|-damage|p2a: Water-Safe|99/303|[from] Stealth Rock","|turn|15","|","|switch|p1a: Scizor|Scizor, M|343/343","|move|p2a: Water-Safe|Rest|p2a: Water-Safe","|-status|p2a: Water-Safe|slp","|-heal|p2a: Water-Safe|303/303 slp|[silent]","|-status|p2a: Water-Safe|slp|[from] move: Rest","|-enditem|p2a: Water-Safe|Chesto Berry|[eat]","|-curestatus|p2a: Water-Safe|slp","|","|turn|16","|","|move|p2a: Water-Safe|Hydro Pump|p1a: Scizor|[miss]","|-miss|p2a: Water-Safe|p1a: Scizor","|move|p1a: Scizor|X-Scissor|p2a: Water-Safe","|-damage|p2a: Water-Safe|149/303","|","|turn|17","|","|move|p2a: Water-Safe|Hydro Pump|p1a: Scizor","|-damage|p1a: Scizor|190/343","|move|p1a: Scizor|X-Scissor|p2a: Water-Safe","|-damage|p2a: Water-Safe|0 fnt","|faint|p2a: Water-Safe","|","|","|switch|p2a: Elec|Manectric, M|281/281","|-damage|p2a: Elec|246/281|[from] Stealth Rock","|turn|18","|","|switch|p1a: Heatran|Heatran, M|231/323","|detailschange|p2a: Elec|Manectric-Mega, M","|-mega|p2a: Elec|Manectric|Manectite","|-ability|p2a: Elec|Intimidate","|-unboost|p1a: Heatran|atk|1","|move|p2a: Elec|Thunderbolt|p1a: Heatran","|-damage|p1a: Heatran|83/323","|","|turn|19","|","|move|p1a: Heatran|Earth Power|p2a: Elec","|-supereffective|p2a: Elec","|-damage|p2a: Elec|0 fnt","|faint|p2a: Elec","|","|","|switch|p2a: MY ZONE!!!|Magnezone, shiny|343/343","|-damage|p2a: MY ZONE!!!|322/343|[from] Stealth Rock","|turn|20","|","|move|p1a: Heatran|Earth Power|p2a: MY ZONE!!!","|-supereffective|p2a: MY ZONE!!!","|-damage|p2a: MY ZONE!!!|0 fnt","|faint|p2a: MY ZONE!!!","|","|win|PkrKd"],"p1rating":{"entryid":"7291630","serverid":"eos","formatid":"monotype","userid":"pkrkd","username":"PоkеrKіd","w":2,"l":"2","t":"0","gxe":49.2,"r":1478.6780731019,"rd":111.30092455716,"sigma":"0","rptime":1438506000,"rpr":1493.5511291179,"rprd":107.57859645537,"rpsigma":"0","acre":1059.2499930049,"lacre":1059.2499930049,"oldacre":"1021.6499276106"},"p2rating":{"entryid":"6857825","serverid":"eos","formatid":"monotype","userid":"gtxbzumzum","username":"GTX♅Bzumzum","w":"19","l":76,"t":"0","gxe":21.8,"r":"1262.1544630539","rd":"41.502667195254","sigma":"0","rptime":"1438506000","rpr":1257.931720045,"rprd":40.364215985554,"rpsigma":"0","acre":1014.8808428351,"lacre":1014.8808428351,"oldacre":"1029.6636066114"},"endType":"normal"}