{"seed":[55337,35690,30063,28398],"turns":35,"p1":"Alliance-C-Control","p2":"Sovereign♕Blake","p1team":[{"name":"Emolga","species":"Emolga","item":"sitrusberry","ability":"Motor Drive","moves":["acrobatics","tailwind","uturn","roost"],"nature":"Adamant","evs":{"hp":0,"atk":252,"def":0,"spa":0,"spd":4,"spe":252},"ivs":{"hp":31,"atk":31,"def":31,"spa":31,"spd":31,"spe":31}},{"name":"Magnezone","species":"Magnezone","item":"choicescarf","ability":"Sturdy","moves":["flashcannon","hiddenpowerice","triattack","voltswitch"],"nature":"Timid","evs":{"hp":4,"atk":0,"def":0,"spa":252,"spd":0,"spe":252},"ivs":{"hp":31,"atk":30,"def":30,"spa":31,"spd":31,"spe":31}},{"name":"Thundurus","species":"Thundurus","item":"leftovers","ability":"Prankster","moves":["psychic","thunderwave","superpower","thunderbolt"],"nature":"Hasty","evs":{"hp":0,"atk":4,"def":0,"spa":252,"spd":0,"spe":252},"ivs":{"hp":31,"atk":31,"def":31,"spa":31,"spd":31,"spe":31}},{"name":"Zapdos","species":"Zapdos","item":"rockyhelmet","ability":"Pressure","moves":["heatwave","defog","voltswitch","roost"],"nature":"Modest","evs":{"hp":248,"atk":0,"def":0,"spa":252,"spd":8,"spe":0},"ivs":{"hp":31,"atk":31,"def":31,"spa":31,"spd":31,"spe":31}},{"name":"Ampharos","species":"Ampharos","item":"ampharosite","ability":"Static","moves":["dragonpulse","powergem","thunderbolt","focusblast"],"nature":"Modest","evs":{"hp":248,"atk":0,"def":252,"spa":8,"spd":0,"spe":0},"ivs":{"hp":31,"atk":31,"def":31,"spa":31,"spd":31,"spe":31}},{"name":"Rotom-Wash","species":"Rotom-Wash","item":"leftovers","ability":"Levitate","moves":["hydropump","willowisp","snatch","voltswitch"],"nature":"Bold","evs":{"hp":252,"atk":0,"def":248,"spa":0,"spd":0,"spe":0},"ivs":{"hp":31,"atk":31,"def":31,"spa":31,"spd":31,"spe":31}}],"p2team":[{"name":"Politoed","species":"Politoed","item":"choicespecs","ability":"Drizzle","moves":["hydropump","icebeam","psychic","focusblast"],"nature":"Modest","evs":{"hp":248,"atk":0,"def":0,"spa":252,"spd":8,"spe":0},"gender":"F","shiny":true,"ivs":{"hp":31,"atk":31,"def":31,"spa":31,"spd":31,"spe":31}},{"name":"Tentacruel","species":"Tentacruel","item":"blacksludge","ability":"Liquid Ooze","moves":["rapidspin","knockoff","acidspray","scald"],"nature":"Hasty","evs":{"hp":0,"atk":4,"def":0,"spa":252,"spd":0,"spe":252},"gender":"M","ivs":{"hp":31,"atk":31,"def":31,"spa":31,"spd":31,"spe":31}},{"name":"Azumarill","species":"Azumarill","item":"assaultvest","ability":"Sap Sipper","moves":["waterfall","knockoff","playrough","icepunch"],"nature":"Adamant","evs":{"hp":248,"atk":252,"def":0,"spa":0,"spd":8,"spe":0},"gender":"F","ivs":{"hp":31,"atk":31,"def":31,"spa":31,"spd":31,"spe":31}},{"name":"Lanturn","species":"Lanturn","item":"leftovers","ability":"Volt Absorb","moves":["thunderwave","confuseray","surf","voltswitch"],"nature":"Modest","evs":{"hp":252,"atk":0,"def":0,"spa":252,"spd":4,"spe":0},"gender":"M","ivs":{"hp":31,"atk":31,"def":31,"spa":31,"spd":31,"spe":31}},{"name":"Kingdra","species":"Kingdra","item":"choicespecs","ability":"Swift Swim","moves":["hydropump","dracometeor","icebeam","flashcannon"],"nature":"Modest","evs":{"hp":0,"atk":0,"def":0,"spa":252,"spd":4,"spe":252},"gender":"M","ivs":{"hp":31,"atk":31,"def":31,"spa":31,"spd":31,"spe":31}},{"name":"Blastoise","species":"Blastoise","item":"blastoisinite","ability":"Torrent","moves":["scald","aurasphere","darkpulse","icebeam"],"nature":"Modest","evs":{"hp":248,"atk":0,"def":0,"spa":252,"spd":8,"spe":0},"gender":"M","ivs":{"hp":31,"atk":31,"def":31,"spa":31,"spd":31,"spe":31}}],"log":["|player|p1|Alliance-C-Control|190","|player|p2|Sovereign♕Blake|169","|gametype|singles","|gen|6","|tier|Monotype","|rated","|rule|Baton Pass Clause: Limit one Baton Passer, can't pass Spe and other stats simultaneously","|rule|Swagger Clause: Swagger is banned","|rule|Same Type Clause: Pokémon in a team must share a type","|clearpoke","|poke|p1|Emolga, M","|poke|p1|Magnezone","|poke|p1|Thundurus, M","|poke|p1|Zapdos","|poke|p1|Ampharos, F","|poke|p1|Rotom-Wash","|poke|p2|Politoed, F, shiny","|poke|p2|Tentacruel, M","|poke|p2|Azumarill, F","|poke|p2|Lanturn, M","|poke|p2|Kingdra, M","|poke|p2|Blastoise, M","|rule|Sleep Clause Mod: Limit one foe put to sleep","|rule|Species Clause: Limit one of each Pokémon","|rule|OHKO Clause: OHKO moves are banned","|rule|Moody Clause: Moody is banned","|rule|Evasion Moves Clause: Evasion moves are banned","|rule|Endless Battle Clause: Forcing endless battles is banned","|rule|HP Percentage Mod: HP is shown in percentages","|teampreview","|","|start","|switch|p1a: Rotom-Wash|Rotom-Wash|304/304","|switch|p2a: Politoed|Politoed, F, shiny|383/383","|-weather|RainDance","|turn|1","|","|switch|p2a: Lanturn|Lanturn, M|454/454","|move|p1a: Rotom-Wash|Will-O-Wisp|p2a: Lanturn","|-status|p2a: Lanturn|brn","|","|-weather|RainDance|[upkeep]","|-damage|p2a: Lanturn|398/454 brn|[from] brn","|turn|2","|","|move|p1a: Rotom-Wash|Snatch|p1a: Rotom-Wash","|-singleturn|p1a: Rotom-Wash|Snatch","|move|p2a: Lanturn|Confuse Ray|p1a: Rotom-Wash","|-start|p1a: Rotom-Wash|confusion","|","|-weather|RainDance|[upkeep]","|-heal|p2a: Lanturn|426/454 brn|[from] item: Leftovers","|-damage|p2a: Lanturn|370/454 brn|[from] brn","|turn|3","|","|switch|p1a: Thundurus|Thundurus, M|299/299","|move|p2a: Lanturn|Volt Switch|p1a: Thundurus","|-damage|p1a: Thundurus|191/299","|","|switch|p2a: Kingdra|Kingdra, M|291/291","|","|-weather|RainDance|[upkeep]","|-heal|p1a: Thundurus|209/299|[from] item: Leftovers","|turn|4","|","|move|p1a: Thundurus|Thunder Wave|p2a: Kingdra","|-status|p2a: Kingdra|par","|move|p2a: Kingdra|Ice Beam|p1a: Thundurus","|-supereffective|p1a: Thundurus","|-damage|p1a: Thundurus|0 fnt","|faint|p1a: Thundurus","|","|-weather|RainDance|[upkeep]","|","|switch|p1a: Zapdos|Zapdos|383/383","|-ability|p1a: Zapdos|Pressure","|turn|5","|","|switch|p1a: Magnezone|Magnezone|282/282","|move|p2a: Kingdra|Ice Beam|p1a: Magnezone","|-resisted|p1a: Magnezone","|-damage|p1a: Magnezone|201/282","|","|-weather|none","|turn|6","|","|switch|p2a: Lanturn|Lanturn, M|370/454 brn","|move|p1a: Magnezone|Volt Switch|p2a: Lanturn","|-heal|p2a: Lanturn|454/454 brn|[from] ability: Volt Absorb|[of] p1a: Magnezone","|","|-damage|p2a: Lanturn|398/454 brn|[from] brn","|turn|7","|","|switch|p1a: Rotom-Wash|Rotom-Wash|304/304","|move|p2a: Lanturn|Confuse Ray|p1a: Rotom-Wash","|-start|p1a: Rotom-Wash|confusion","|","|-heal|p2a: Lanturn|426/454 brn|[from] item: Leftovers","|-damage|p2a: Lanturn|370/454 brn|[from] brn","|turn|8","|","|switch|p1a: Magnezone|Magnezone|201/282","|move|p2a: Lanturn|Volt Switch|p1a: Magnezone","|-resisted|p1a: Magnezone","|-damage|p1a: Magnezone|151/282","|","|switch|p2a: Politoed|Politoed, F, shiny|383/383","|-weather|RainDance","|","|-weather|RainDance|[upkeep]","|turn|9","|","|move|p1a: Magnezone|Volt Switch|p2a: Politoed","|-supereffective|p2a: Politoed","|-damage|p2a: Politoed|123/383","|","|switch|p1a: Zapdos|Zapdos|383/383","|-ability|p1a: Zapdos|Pressure","|move|p2a: Politoed|Focus Blast|p1a: Zapdos","|-resisted|p1a: Zapdos","|-damage|p1a: Zapdos|278/383","|","|-weather|RainDance|[upkeep]","|turn|10","|","|switch|p1a: Rotom-Wash|Rotom-Wash|304/304","|switch|p2a: Lanturn|Lanturn, M|370/454 brn","|","|-weather|RainDance|[upkeep]","|-heal|p2a: Lanturn|398/454 brn|[from] item: Leftovers","|-damage|p2a: Lanturn|342/454 brn|[from] brn","|turn|11","|","|move|p1a: Rotom-Wash|Hydro Pump|p2a: Lanturn","|-resisted|p2a: Lanturn","|-damage|p2a: Lanturn|222/454 brn","|move|p2a: Lanturn|Confuse Ray|p1a: Rotom-Wash","|-start|p1a: Rotom-Wash|confusion","|","|-weather|RainDance|[upkeep]","|-heal|p2a: Lanturn|250/454 brn|[from] item: Leftovers","|-damage|p2a: Lanturn|194/454 brn|[from] brn","|turn|12","|","|switch|p1a: Emolga|Emolga, M|251/251","|move|p2a: Lanturn|Volt Switch|p1a: Emolga","|-boost|p1a: Emolga|spe|1|[from] ability: Motor Drive","|","|-weather|none","|-heal|p2a: Lanturn|222/454 brn|[from] item: Leftovers","|-damage|p2a: Lanturn|166/454 brn|[from] brn","|turn|13","|","|move|p1a: Emolga|U-turn|p2a: Lanturn","|-damage|p2a: Lanturn|61/454 brn","|","|switch|p1a: Rotom-Wash|Rotom-Wash|304/304","|move|p2a: Lanturn|Confuse Ray|p1a: Rotom-Wash","|-start|p1a: Rotom-Wash|confusion","|","|-heal|p2a: Lanturn|89/454 brn|[from] item: Leftovers","|-damage|p2a: Lanturn|33/454 brn|[from] brn","|turn|14","|","|switch|p1a: Emolga|Emolga, M|251/251","|switch|p2a: Politoed|Politoed, F, shiny|123/383","|-weather|RainDance","|","|-weather|RainDance|[upkeep]","|turn|15","|","|move|p1a: Emolga|U-turn|p2a: Politoed","|-damage|p2a: Politoed|44/383","|","|switch|p1a: Magnezone|Magnezone|151/282","|move|p2a: Politoed|Ice Beam|p1a: Magnezone","|-resisted|p1a: Magnezone","|-damage|p1a: Magnezone|78/282","|-status|p1a: Magnezone|frz","|","|-weather|RainDance|[upkeep]","|turn|16","|","|cant|p1a: Magnezone|frz","|move|p2a: Politoed|Ice Beam|p1a: Magnezone","|-resisted|p1a: Magnezone","|-damage|p1a: Magnezone|0 fnt","|faint|p1a: Magnezone","|","|-weather|RainDance|[upkeep]","|","|switch|p1a: Emolga|Emolga, M|251/251","|turn|17","|","|switch|p2a: Tentacruel|Tentacruel, M|301/301","|move|p1a: Emolga|U-turn|p2a: Tentacruel","|-resisted|p2a: Tentacruel","|-damage|p2a: Tentacruel|248/301","|","|switch|p1a: Ampharos|Ampharos, F|383/383","|","|-weather|RainDance|[upkeep]","|-heal|p2a: Tentacruel|266/301|[from] item: Black Sludge","|turn|18","|","|detailschange|p1a: Ampharos|Ampharos-Mega, F","|-mega|p1a: Ampharos|Ampharos|Ampharosite","|-ability|p1a: Ampharos|Mold Breaker","|move|p2a: Tentacruel|Acid Spray|p1a: Ampharos","|-damage|p1a: Ampharos|332/383","|-unboost|p1a: Ampharos|spd|2","|move|p1a: Ampharos|Dragon Pulse|p2a: Tentacruel","|-damage|p2a: Tentacruel|113/301","|","|-weather|none","|-heal|p2a: Tentacruel|131/301|[from] item: Black Sludge","|turn|19","|","|switch|p1a: Emolga|Emolga, M|251/251","|move|p2a: Tentacruel|Scald|p1a: Emolga","|-damage|p1a: Emolga|89/251","|-status|p1a: Emolga|brn","|-enditem|p1a: Emolga|Sitrus Berry|[eat]","|-heal|p1a: Emolga|151/251 brn|[from] item: Sitrus Berry","|","|-heal|p2a: Tentacruel|149/301|[from] item: Black Sludge","|-damage|p1a: Emolga|120/251 brn|[from] brn","|turn|20","|","|move|p2a: Tentacruel|Knock Off|p1a: Emolga","|-damage|p1a: Emolga|66/251 brn","|move|p1a: Emolga|U-turn|p2a: Tentacruel","|-resisted|p2a: Tentacruel","|-damage|p2a: Tentacruel|124/301","|","|switch|p1a: Ampharos|Ampharos-Mega, F|332/383","|-ability|p1a: Ampharos|Mold Breaker","|","|-heal|p2a: Tentacruel|142/301|[from] item: Black Sludge","|turn|21","|","|move|p2a: Tentacruel|Acid Spray|p1a: Ampharos","|-damage|p1a: Ampharos|284/383","|-unboost|p1a: Ampharos|spd|2","|move|p1a: Ampharos|Dragon Pulse|p2a: Tentacruel","|-damage|p2a: Tentacruel|0 fnt","|faint|p2a: Tentacruel","|","|","|switch|p2a: Blastoise|Blastoise, M|361/361","|turn|22","|","|switch|p1a: Rotom-Wash|Rotom-Wash|304/304","|detailschange|p2a: Blastoise|Blastoise-Mega, M","|-mega|p2a: Blastoise|Blastoise|Blastoisinite","|move|p2a: Blastoise|Ice Beam|p1a: Rotom-Wash","|-resisted|p1a: Rotom-Wash","|-damage|p1a: Rotom-Wash|252/304","|","|-heal|p1a: Rotom-Wash|271/304|[from] item: Leftovers","|turn|23","|","|switch|p2a: Lanturn|Lanturn, M|33/454 brn","|move|p1a: Rotom-Wash|Volt Switch|p2a: Lanturn","|-heal|p2a: Lanturn|146/454 brn|[from] ability: Volt Absorb|[of] p1a: Rotom-Wash","|","|-heal|p1a: Rotom-Wash|290/304|[from] item: Leftovers","|-heal|p2a: Lanturn|174/454 brn|[from] item: Leftovers","|-damage|p2a: Lanturn|118/454 brn|[from] brn","|turn|24","|","|move|p1a: Rotom-Wash|Hydro Pump|p2a: Lanturn","|-resisted|p2a: Lanturn","|-damage|p2a: Lanturn|35/454 brn","|move|p2a: Lanturn|Confuse Ray|p1a: Rotom-Wash","|-start|p1a: Rotom-Wash|confusion","|","|-heal|p1a: Rotom-Wash|304/304|[from] item: Leftovers","|-heal|p2a: Lanturn|63/454 brn|[from] item: Leftovers","|-damage|p2a: Lanturn|7/454 brn|[from] brn","|turn|25","|","|switch|p2a: Politoed|Politoed, F, shiny|44/383","|-weather|RainDance","|-activate|p1a: Rotom-Wash|confusion","|-damage|p1a: Rotom-Wash|288/304|[from] confusion","|","|-weather|RainDance|[upkeep]","|-heal|p1a: Rotom-Wash|304/304|[from] item: Leftovers","|turn|26","|","|-activate|p1a: Rotom-Wash|confusion","|move|p1a: Rotom-Wash|Volt Switch|p2a: Politoed","|-supereffective|p2a: Politoed","|-damage|p2a: Politoed|0 fnt","|faint|p2a: Politoed","|","|switch|p1a: Emolga|Emolga, M|66/251 brn","|","|-weather|RainDance|[upkeep]","|-damage|p1a: Emolga|35/251 brn|[from] brn","|","|switch|p2a: Blastoise|Blastoise-Mega, M|361/361","|turn|27","|","|move|p1a: Emolga|Tailwind|p1a: Emolga","|-sidestart|p1: Alliance-C-Control|move: Tailwind","|move|p2a: Blastoise|Aura Sphere|p1a: Emolga","|-resisted|p1a: Emolga","|-damage|p1a: Emolga|0 fnt","|faint|p1a: Emolga","|","|-weather|RainDance|[upkeep]","|","|switch|p1a: Zapdos|Zapdos|278/383","|-ability|p1a: Zapdos|Pressure","|turn|28","|","|switch|p2a: Lanturn|Lanturn, M|7/454 brn","|move|p1a: Zapdos|Heat Wave|p2a: Lanturn","|-resisted|p2a: Lanturn","|-damage|p2a: Lanturn|0 fnt","|faint|p2a: Lanturn","|","|-weather|RainDance|[upkeep]","|","|switch|p2a: Blastoise|Blastoise-Mega, M|361/361","|turn|29","|","|move|p1a: Zapdos|Volt Switch|p2a: Blastoise","|-supereffective|p2a: Blastoise","|-damage|p2a: Blastoise|121/361","|","|switch|p1a: Rotom-Wash|Rotom-Wash|304/304","|move|p2a: Blastoise|Ice Beam|p1a: Rotom-Wash","|-resisted|p1a: Rotom-Wash","|-damage|p1a: Rotom-Wash|251/304","|","|-weather|none","|-heal|p1a: Rotom-Wash|270/304|[from] item: Leftovers","|turn|30","|","|move|p1a: Rotom-Wash|Volt Switch|p2a: Blastoise","|-supereffective|p2a: Blastoise","|-damage|p2a: Blastoise|0 fnt","|faint|p2a: Blastoise","|","|switch|p1a: Zapdos|Zapdos|278/383","|-ability|p1a: Zapdos|Pressure","|","|-sideend|p1: Alliance-C-Control|move: Tailwind","|","|switch|p2a: Azumarill|Azumarill, F|403/403","|turn|31","|","|move|p1a: Zapdos|Volt Switch|p2a: Azumarill","|-supereffective|p2a: Azumarill","|-damage|p2a: Azumarill|175/403","|","|switch|p1a: Rotom-Wash|Rotom-Wash|270/304","|move|p2a: Azumarill|Knock Off|p1a: Rotom-Wash","|-damage|p1a: Rotom-Wash|224/304","|-enditem|p1a: Rotom-Wash|Leftovers|[from] move: Knock Off|[of] p2a: Azumarill","|","|turn|32","|","|move|p1a: Rotom-Wash|Volt Switch|p2a: Azumarill","|-supereffective|p2a: Azumarill","|-damage|p2a: Azumarill|31/403","|","|switch|p1a: Zapdos|Zapdos|278/383","|-ability|p1a: Zapdos|Pressure","|move|p2a: Azumarill|Play Rough|p1a: Zapdos","|-damage|p1a: Zapdos|163/383","|-damage|p2a: Azumarill|0 fnt|[from] item: Rocky Helmet|[of] p1a: Zapdos","|faint|p2a: Azumarill","|","|","|switch|p2a: Kingdra|Kingdra, M|291/291 par","|turn|33","|","|move|p1a: Zapdos|Volt Switch|p2a: Kingdra","|-damage|p2a: Kingdra|150/291 par","|","|switch|p1a: Rotom-Wash|Rotom-Wash|224/304","|cant|p2a: Kingdra|par","|","|turn|34","|","|move|p1a: Rotom-Wash|Snatch|p1a: Rotom-Wash","|-singleturn|p1a: Rotom-Wash|Snatch","|move|p2a: Kingdra|Draco Meteor|p1a: Rotom-Wash","|-damage|p1a: Rotom-Wash|0 fnt","|-unboost|p2a: Kingdra|spa|2","|faint|p1a: Rotom-Wash","|","|","|switch|p1a: Ampharos|Ampharos-Mega, F|284/383","|-ability|p1a: Ampharos|Mold Breaker","|turn|35","|","|move|p1a: Ampharos|Dragon Pulse|p2a: Kingdra","|-supereffective|p2a: Kingdra","|-damage|p2a: Kingdra|0 fnt","|faint|p2a: Kingdra","|","|win|Alliance-C-Control"],"p1rating":{"entryid":"6440455","serverid":"eos","formatid":"monotype","userid":"allianceccontrol","username":"Alliance-C-Control","w":240,"l":"304","t":"0","gxe":44.9,"r":"1451.5563081439","rd":"25","sigma":"0","rptime":"1438506000","rpr":1461.3434440837,"rprd":25,"rpsigma":"0","acre":1211.1630208052,"lacre":1211.1630208052,"oldacre":"1191.8636769035"},"p2rating":{"entryid":"7151294","serverid":"eos","formatid":"monotype","userid":"sovereignblake","username":"Sovereign♕Blake","w":"11","l":12,"t":"0","gxe":44.1,"r":"1454.6846519944","rd":"68.994819345467","sigma":"0","rptime":"1438506000","rpr":1454.7134490628,"rprd":66.445750344869,"rpsigma":"0","acre":1091.9222882928,"lacre":1091.9222882928,"oldacre":"1111.2216321945"},"endType":"normal"}