{"seed":[37169,40204,65031,23920],"turns":21,"p1":"Sovereign♕Unknown","p2":"Guard Wulf","p1team":[{"name":"Bites of Dust","species":"garchomp","item":"rockyhelmet","ability":"Rough Skin","moves":["stealthrock","earthquake","toxic","fireblast"],"nature":"Impish","evs":{"hp":252,"atk":0,"def":164,"spa":0,"spd":76,"spe":16},"gender":"M","ivs":{"hp":31,"atk":31,"def":31,"spa":31,"spd":31,"spe":31}},{"name":"Sea Leaf","species":"dragalge","item":"blacksludge","ability":"Adaptability","moves":["dracometeor","sludgewave","focusblast","toxicspikes"],"nature":"Modest","evs":{"hp":228,"atk":0,"def":0,"spa":252,"spd":0,"spe":28},"gender":"F","ivs":{"hp":31,"atk":31,"def":31,"spa":31,"spd":31,"spe":31}},{"name":"R U Jelly?","species":"goodra","item":"assaultvest","ability":"Sap Sipper","moves":["dracometeor","fireblast","sludgebomb","icebeam"],"nature":"Modest","evs":{"hp":240,"atk":0,"def":0,"spa":252,"spd":0,"spe":16},"gender":"F","ivs":{"hp":31,"atk":31,"def":31,"spa":31,"spd":31,"spe":31}},{"name":"Dracoknight","species":"dragonite","item":"weaknesspolicy","ability":"Multiscale","moves":["dragondance","outrage","extremespeed","earthquake"],"nature":"Adamant","evs":{"hp":0,"atk":252,"def":4,"spa":0,"spd":0,"spe":252},"gender":"M","ivs":{"hp":31,"atk":31,"def":31,"spa":31,"spd":31,"spe":31}},{"name":"Cerberus+RedBull","species":"hydreigon","item":"choicescarf","ability":"Levitate","moves":["dracometeor","darkpulse","earthpower","flashcannon"],"nature":"Modest","evs":{"hp":0,"atk":4,"def":0,"spa":252,"spd":0,"spe":252},"gender":"M","ivs":{"hp":31,"atk":31,"def":31,"spa":31,"spd":31,"spe":31}},{"name":"Cloud with Wings","species":"altaria","item":"altarianite","ability":"Cloud Nine","moves":["roost","hypervoice","healbell","flamethrower"],"nature":"Bold","evs":{"hp":248,"atk":0,"def":104,"spa":0,"spd":156,"spe":0},"gender":"F","ivs":{"hp":31,"atk":31,"def":31,"spa":31,"spd":31,"spe":31}}],"p2team":[{"name":"Dragonite","species":"Dragonite","item":"weaknesspolicy","ability":"Multiscale","moves":["roost","dragondance","dragonclaw","extremespeed"],"nature":"Adamant","evs":{"hp":0,"atk":252,"def":0,"spa":0,"spd":4,"spe":252},"ivs":{"hp":31,"atk":31,"def":31,"spa":31,"spd":31,"spe":31}},{"name":"Kyurem-Black","species":"Kyurem-Black","item":"choicescarf","ability":"Teravolt","moves":["outrage","fusionbolt","zenheadbutt","ironhead"],"nature":"Jolly","evs":{"hp":0,"atk":252,"def":0,"spa":0,"spd":4,"spe":252},"ivs":{"hp":31,"atk":31,"def":31,"spa":31,"spd":31,"spe":31}},{"name":"Garchomp","species":"Garchomp","item":"rockyhelmet","ability":"Rough Skin","moves":["stealthrock","poisonjab","earthquake","dragonclaw"],"nature":"Jolly","evs":{"hp":0,"atk":252,"def":0,"spa":0,"spd":4,"spe":252},"ivs":{"hp":31,"atk":31,"def":31,"spa":31,"spd":31,"spe":31}},{"name":"Latias","species":"Latias","item":"latiasite","ability":"Levitate","moves":["psyshock","roost","dracometeor","hiddenpowerfire"],"nature":"Calm","evs":{"hp":240,"atk":0,"def":0,"spa":16,"spd":252,"spe":0},"ivs":{"hp":31,"atk":30,"def":31,"spa":30,"spd":31,"spe":30}},{"name":"Dragalge","species":"Dragalge","item":"assaultvest","ability":"Adaptability","moves":["dracometeor","focusblast","sludgewave","hydropump"],"nature":"Modest","evs":{"hp":248,"atk":0,"def":0,"spa":252,"spd":8,"spe":0},"ivs":{"hp":31,"atk":31,"def":31,"spa":31,"spd":31,"spe":31}},{"name":"Zygarde","species":"Zygarde","item":"leftovers","ability":"Aura Break","moves":["dragontail","extremespeed","coil","earthquake"],"nature":"Adamant","evs":{"hp":248,"atk":252,"def":0,"spa":0,"spd":8,"spe":0},"ivs":{"hp":31,"atk":31,"def":31,"spa":31,"spd":31,"spe":31}}],"log":["|player|p1|Sovereign♕Unknown|99","|player|p2|Guard Wulf|163","|gametype|singles","|gen|6","|tier|Monotype","|rated","|rule|Baton Pass Clause: Limit one Baton Passer, can't pass Spe and other stats simultaneously","|rule|Swagger Clause: Swagger is banned","|rule|Same Type Clause: Pokémon in a team must share a type","|clearpoke","|poke|p1|Garchomp, M","|poke|p1|Dragalge, F","|poke|p1|Goodra, F","|poke|p1|Dragonite, M","|poke|p1|Hydreigon, M","|poke|p1|Altaria, F","|poke|p2|Dragonite, F","|poke|p2|Kyurem-Black","|poke|p2|Garchomp, M","|poke|p2|Latias, F","|poke|p2|Dragalge, M","|poke|p2|Zygarde","|rule|Sleep Clause Mod: Limit one foe put to sleep","|rule|Species Clause: Limit one of each Pokémon","|rule|OHKO Clause: OHKO moves are banned","|rule|Moody Clause: Moody is banned","|rule|Evasion Moves Clause: Evasion moves are banned","|rule|Endless Battle Clause: Forcing endless battles is banned","|rule|HP Percentage Mod: HP is shown in percentages","|teampreview","|","|start","|switch|p1a: Dracoknight|Dragonite, M|323/323","|switch|p2a: Garchomp|Garchomp, M|357/357","|turn|1","|","|move|p2a: Garchomp|Dragon Claw|p1a: Dracoknight","|-crit|p1a: Dracoknight","|-supereffective|p1a: Dracoknight","|-damage|p1a: Dracoknight|83/323","|-enditem|p1a: Dracoknight|Weakness Policy","|-boost|p1a: Dracoknight|atk|2|[from] item: Weakness Policy","|-boost|p1a: Dracoknight|spa|2|[from] item: Weakness Policy","|move|p1a: Dracoknight|Dragon Dance|p1a: Dracoknight","|-boost|p1a: Dracoknight|atk|1","|-boost|p1a: Dracoknight|spe|1","|","|turn|2","|","|move|p1a: Dracoknight|Earthquake|p2a: Garchomp","|-damage|p2a: Garchomp|0 fnt","|faint|p2a: Garchomp","|","|","|switch|p2a: Kyurem-Black|Kyurem-Black|391/391","|-ability|p2a: Kyurem-Black|Teravolt","|turn|3","|","|move|p2a: Kyurem-Black|Fusion Bolt|p1a: Dracoknight","|-crit|p1a: Dracoknight","|-damage|p1a: Dracoknight|0 fnt","|faint|p1a: Dracoknight","|","|","|switch|p1a: Bites of Dust|Garchomp, M|420/420","|turn|4","|","|switch|p2a: Zygarde|Zygarde|419/419","|-ability|p2a: Zygarde|Aura Break","|move|p1a: Bites of Dust|Stealth Rock|p2a: Zygarde","|-sidestart|p2: Guard Wulf|move: Stealth Rock","|","|turn|5","|","|move|p1a: Bites of Dust|Toxic|p2a: Zygarde|[miss]","|-miss|p1a: Bites of Dust|p2a: Zygarde","|move|p2a: Zygarde|Dragon Tail|p1a: Bites of Dust","|-supereffective|p1a: Bites of Dust","|-damage|p1a: Bites of Dust|262/420","|-damage|p2a: Zygarde|367/419|[from] ability: Rough Skin|[of] p1a: Bites of Dust","|-damage|p2a: Zygarde|298/419|[from] item: Rocky Helmet|[of] p1a: Bites of Dust","|drag|p1a: Cloud with Wings|Altaria, F|353/353","|-ability|p1a: Cloud with Wings|Cloud Nine","|","|-heal|p2a: Zygarde|324/419|[from] item: Leftovers","|turn|6","|","|detailschange|p1a: Cloud with Wings|Altaria-Mega, F","|-mega|p1a: Cloud with Wings|Altaria|Altarianite","|move|p2a: Zygarde|Earthquake|p1a: Cloud with Wings","|-damage|p1a: Cloud with Wings|230/353","|move|p1a: Cloud with Wings|Hyper Voice|p2a: Zygarde","|-supereffective|p2a: Zygarde","|-damage|p2a: Zygarde|12/419","|","|-heal|p2a: Zygarde|38/419|[from] item: Leftovers","|turn|7","|","|move|p2a: Zygarde|Earthquake|p1a: Cloud with Wings","|-damage|p1a: Cloud with Wings|116/353","|move|p1a: Cloud with Wings|Hyper Voice|p2a: Zygarde","|-supereffective|p2a: Zygarde","|-damage|p2a: Zygarde|0 fnt","|faint|p2a: Zygarde","|","|","|switch|p2a: Kyurem-Black|Kyurem-Black|391/391","|-damage|p2a: Kyurem-Black|294/391|[from] Stealth Rock","|-ability|p2a: Kyurem-Black|Teravolt","|turn|8","|","|switch|p1a: Bites of Dust|Garchomp, M|262/420","|move|p2a: Kyurem-Black|Iron Head|p1a: Bites of Dust","|-damage|p1a: Bites of Dust|175/420","|-damage|p2a: Kyurem-Black|246/391|[from] ability: Rough Skin|[of] p1a: Bites of Dust","|-damage|p2a: Kyurem-Black|181/391|[from] item: Rocky Helmet|[of] p1a: Bites of Dust","|","|turn|9","|","|switch|p2a: Latias|Latias, F|361/361","|-damage|p2a: Latias|316/361|[from] Stealth Rock","|move|p1a: Bites of Dust|Earthquake|p2a: Latias","|-immune|p2a: Latias|[msg]","|","|turn|10","|","|switch|p1a: Cloud with Wings|Altaria-Mega, F|116/353","|detailschange|p2a: Latias|Latias-Mega, F","|-mega|p2a: Latias|Latias|Latiasite","|move|p2a: Latias|Psyshock|p1a: Cloud with Wings","|-damage|p1a: Cloud with Wings|23/353","|","|turn|11","|","|switch|p1a: Cerberus+RedBull|Hydreigon, M|325/325","|move|p2a: Latias|Psyshock|p1a: Cerberus+RedBull","|-immune|p1a: Cerberus+RedBull|[msg]","|","|turn|12","|","|switch|p2a: Dragalge|Dragalge, M|333/333","|-damage|p2a: Dragalge|292/333|[from] Stealth Rock","|move|p1a: Cerberus+RedBull|Draco Meteor|p2a: Dragalge","|-supereffective|p2a: Dragalge","|-damage|p2a: Dragalge|4/333","|-unboost|p1a: Cerberus+RedBull|spa|2","|","|turn|13","|","|move|p1a: Cerberus+RedBull|Draco Meteor|p2a: Dragalge","|-supereffective|p2a: Dragalge","|-damage|p2a: Dragalge|0 fnt","|-unboost|p1a: Cerberus+RedBull|spa|2","|faint|p2a: Dragalge","|","|","|switch|p2a: Latias|Latias-Mega, F|316/361","|-damage|p2a: Latias|271/361|[from] Stealth Rock","|turn|14","|","|switch|p1a: Cloud with Wings|Altaria-Mega, F|23/353","|move|p2a: Latias|Draco Meteor|p1a: Cloud with Wings","|-immune|p1a: Cloud with Wings|[msg]","|","|turn|15","|","|move|p2a: Latias|Draco Meteor|p1a: Cloud with Wings","|-immune|p1a: Cloud with Wings|[msg]","|move|p1a: Cloud with Wings|Roost|p1a: Cloud with Wings","|-heal|p1a: Cloud with Wings|200/353","|","|turn|16","|","|move|p2a: Latias|Draco Meteor|p1a: Cloud with Wings","|-immune|p1a: Cloud with Wings|[msg]","|move|p1a: Cloud with Wings|Roost|p1a: Cloud with Wings","|-heal|p1a: Cloud with Wings|353/353","|","|turn|17","|","|move|p2a: Latias|Psyshock|p1a: Cloud with Wings","|-damage|p1a: Cloud with Wings|251/353","|move|p1a: Cloud with Wings|Hyper Voice|p2a: Latias","|-supereffective|p2a: Latias","|-damage|p2a: Latias|103/361","|","|turn|18","|","|move|p2a: Latias|Psyshock|p1a: Cloud with Wings","|-damage|p1a: Cloud with Wings|149/353","|move|p1a: Cloud with Wings|Hyper Voice|p2a: Latias","|-supereffective|p2a: Latias","|-damage|p2a: Latias|0 fnt","|faint|p2a: Latias","|","|","|switch|p2a: Kyurem-Black|Kyurem-Black|181/391","|-damage|p2a: Kyurem-Black|84/391|[from] Stealth Rock","|-ability|p2a: Kyurem-Black|Teravolt","|turn|19","|","|switch|p1a: Bites of Dust|Garchomp, M|175/420","|move|p2a: Kyurem-Black|Iron Head|p1a: Bites of Dust","|-damage|p1a: Bites of Dust|81/420","|-damage|p2a: Kyurem-Black|36/391|[from] ability: Rough Skin|[of] p1a: Bites of Dust","|-damage|p2a: Kyurem-Black|0 fnt|[from] item: Rocky Helmet|[of] p1a: Bites of Dust","|faint|p2a: Kyurem-Black","|","|","|switch|p2a: Dragonite|Dragonite, F|323/323","|-damage|p2a: Dragonite|243/323|[from] Stealth Rock","|turn|20","|","|move|p2a: Dragonite|Extreme Speed|p1a: Bites of Dust","|-damage|p1a: Bites of Dust|0 fnt","|-damage|p2a: Dragonite|203/323|[from] ability: Rough Skin|[of] p1a: Bites of Dust","|-damage|p2a: Dragonite|150/323|[from] item: Rocky Helmet|[of] p1a: Bites of Dust","|faint|p1a: Bites of Dust","|","|","|switch|p1a: Cerberus+RedBull|Hydreigon, M|325/325","|turn|21","|","|move|p2a: Dragonite|Extreme Speed|p1a: Cerberus+RedBull","|-damage|p1a: Cerberus+RedBull|211/325","|move|p1a: Cerberus+RedBull|Draco Meteor|p2a: Dragonite","|-supereffective|p2a: Dragonite","|-damage|p2a: Dragonite|0 fnt","|-unboost|p1a: Cerberus+RedBull|spa|2","|faint|p2a: Dragonite","|","|win|Sovereign♕Unknown"],"p1rating":{"entryid":"7172559","serverid":"eos","formatid":"monotype","userid":"sovereignunknown","username":"Sovereign♕Unknown","w":8,"l":"8","t":"0","gxe":52.3,"r":"1496.6320938817","rd":"81.044218394365","sigma":"0","rptime":"1438506000","rpr":1517.7394766361,"rprd":75.852980932403,"rpsigma":"0","acre":1140.3278018214,"lacre":1140.3278018214,"oldacre":"1120.5397305367"},"p2rating":{"entryid":"7326062","serverid":"eos","formatid":"monotype","userid":"guardwulf","username":"Guard Wulf","w":"1","l":1,"t":"0","gxe":49.2,"r":1534.8437477412,"rd":122.05777227973,"sigma":"0","rptime":1438506000,"rpr":1493.6261690237,"rprd":115.62020754975,"rpsigma":"0","acre":1033.530741308,"lacre":1033.530741308,"oldacre":"1047.0297364909"},"endType":"normal"}