{"seed":[18276,59344,39351,16377],"turns":23,"p1":"Dr. Bongrips","p2":"Wanderer DJ","p1team":[{"name":"Gengar","species":"Gengar","item":"choicespecs","ability":"Levitate","moves":["dazzlinggleam","energyball","darkpulse","shadowball"],"nature":"Timid","evs":{"hp":0,"atk":0,"def":0,"spa":252,"spd":4,"spe":252},"ivs":{"hp":31,"atk":31,"def":31,"spa":31,"spd":31,"spe":31}},{"name":"Spiritomb","species":"Spiritomb","item":"leftovers","ability":"Pressure","moves":["calmmind","darkpulse","rest","sleeptalk"],"nature":"Modest","evs":{"hp":252,"atk":0,"def":0,"spa":252,"spd":4,"spe":0},"ivs":{"hp":31,"atk":31,"def":31,"spa":31,"spd":31,"spe":31}},{"name":"Chandelure","species":"Chandelure","item":"leftovers","ability":"Flash Fire","moves":["calmmind","substitute","flamethrower","shadowball"],"nature":"Modest","evs":{"hp":248,"atk":0,"def":0,"spa":252,"spd":8,"spe":0},"ivs":{"hp":31,"atk":31,"def":31,"spa":31,"spd":31,"spe":31}},{"name":"Golurk","species":"Golurk","item":"assaultvest","ability":"No Guard","moves":["earthquake","dynamicpunch","icepunch","hammerarm"],"nature":"Adamant","evs":{"hp":248,"atk":252,"def":0,"spa":0,"spd":8,"spe":0},"ivs":{"hp":31,"atk":31,"def":31,"spa":31,"spd":31,"spe":31}},{"name":"Cofagrigus","species":"Cofagrigus","item":"leftovers","ability":"Mummy","moves":["toxicspikes","nastyplot","shadowball","trickroom"],"nature":"Quiet","evs":{"hp":248,"atk":0,"def":0,"spa":252,"spd":8,"spe":0},"ivs":{"hp":31,"atk":31,"def":31,"spa":31,"spd":31,"spe":0}},{"name":"Froslass","species":"Froslass","item":"focussash","ability":"Cursed Body","moves":["thunderbolt","destinybond","icebeam","shadowball"],"nature":"Timid","evs":{"hp":0,"atk":0,"def":0,"spa":252,"spd":4,"spe":252},"ivs":{"hp":31,"atk":31,"def":31,"spa":31,"spd":31,"spe":31}}],"p2team":[{"name":"Weezing","species":"Weezing","item":"sitrusberry","ability":"Levitate","moves":["toxicspikes","willowisp","memento","thief"],"nature":"Careful","evs":{"hp":248,"atk":8,"def":0,"spa":0,"spd":252,"spe":0},"ivs":{"hp":31,"atk":31,"def":31,"spa":31,"spd":31,"spe":31}},{"name":"Tentacruel","species":"Tentacruel","item":"assaultvest","ability":"Liquid Ooze","moves":["scald","acidspray","gigadrain","hex"],"nature":"Timid","evs":{"hp":0,"atk":0,"def":4,"spa":252,"spd":0,"spe":252},"ivs":{"hp":31,"atk":31,"def":31,"spa":31,"spd":31,"spe":31}},{"name":"Skuntank","species":"Skuntank","item":"","ability":"Stench","moves":["snatch","thief","suckerpunch","poisonjab"],"nature":"Adamant","evs":{"hp":248,"atk":252,"def":0,"spa":0,"spd":8,"spe":0},"ivs":{"hp":31,"atk":31,"def":31,"spa":31,"spd":31,"spe":31}},{"name":"Crobat","species":"Crobat","item":"whiteherb","ability":"Infiltrator","moves":["curse","acrobatics","roost","superfang"],"nature":"Jolly","evs":{"hp":248,"atk":8,"def":0,"spa":0,"spd":0,"spe":252},"ivs":{"hp":31,"atk":31,"def":31,"spa":31,"spd":31,"spe":31}},{"name":"Gengar","species":"Gengar","item":"choicescarf","ability":"Levitate","moves":["trick","destinybond","venoshock","hex"],"nature":"Timid","evs":{"hp":0,"atk":0,"def":0,"spa":252,"spd":4,"spe":252},"ivs":{"hp":31,"atk":31,"def":31,"spa":31,"spd":31,"spe":31}},{"name":"Amoonguss","species":"Amoonguss","item":"blacksludge","ability":"Regenerator","moves":["spore","gigadrain","gastroacid","stunspore"],"nature":"Calm","evs":{"hp":248,"atk":0,"def":0,"spa":8,"spd":252,"spe":0},"shiny":true,"ivs":{"hp":31,"atk":31,"def":31,"spa":31,"spd":31,"spe":31}}],"log":["|player|p1|Dr. Bongrips|168","|player|p2|Wanderer DJ|235","|gametype|singles","|gen|6","|tier|Monotype","|rated","|rule|Baton Pass Clause: Limit one Baton Passer, can't pass Spe and other stats simultaneously","|rule|Swagger Clause: Swagger is banned","|rule|Same Type Clause: Pokémon in a team must share a type","|clearpoke","|poke|p1|Gengar, M","|poke|p1|Spiritomb, F","|poke|p1|Chandelure, M","|poke|p1|Golurk","|poke|p1|Cofagrigus, F","|poke|p1|Froslass, F","|poke|p2|Weezing, F","|poke|p2|Tentacruel, M","|poke|p2|Skuntank, M","|poke|p2|Crobat, F","|poke|p2|Gengar, F","|poke|p2|Amoonguss, M, shiny","|rule|Sleep Clause Mod: Limit one foe put to sleep","|rule|Species Clause: Limit one of each Pokémon","|rule|OHKO Clause: OHKO moves are banned","|rule|Moody Clause: Moody is banned","|rule|Evasion Moves Clause: Evasion moves are banned","|rule|Endless Battle Clause: Forcing endless battles is banned","|rule|HP Percentage Mod: HP is shown in percentages","|teampreview","|","|start","|switch|p1a: Cofagrigus|Cofagrigus, F|319/319","|switch|p2a: Weezing|Weezing, F|333/333","|turn|1","|","|move|p2a: Weezing|Toxic Spikes|p1a: Cofagrigus","|-sidestart|p1: Dr. Bongrips|move: Toxic Spikes","|move|p1a: Cofagrigus|Trick Room|p1a: Cofagrigus","|-fieldstart|move: Trick Room|[of] p1a: Cofagrigus","|","|turn|2","|","|move|p1a: Cofagrigus|Nasty Plot|p1a: Cofagrigus","|-boost|p1a: Cofagrigus|spa|2","|move|p2a: Weezing|Will-O-Wisp|p1a: Cofagrigus","|-status|p1a: Cofagrigus|brn","|","|-damage|p1a: Cofagrigus|280/319 brn|[from] brn","|turn|3","|","|move|p1a: Cofagrigus|Shadow Ball|p2a: Weezing","|-damage|p2a: Weezing|95/333","|-enditem|p2a: Weezing|Sitrus Berry|[eat]","|-heal|p2a: Weezing|178/333|[from] item: Sitrus Berry","|move|p2a: Weezing|Toxic Spikes|p1a: Cofagrigus","|-sidestart|p1: Dr. Bongrips|move: Toxic Spikes","|","|-heal|p1a: Cofagrigus|299/319 brn|[from] item: Leftovers","|-damage|p1a: Cofagrigus|260/319 brn|[from] brn","|turn|4","|","|switch|p2a: Skuntank|Skuntank, M|409/409","|move|p1a: Cofagrigus|Shadow Ball|p2a: Skuntank","|-resisted|p2a: Skuntank","|-damage|p2a: Skuntank|237/409","|-unboost|p2a: Skuntank|spd|1","|","|-heal|p1a: Cofagrigus|279/319 brn|[from] item: Leftovers","|-damage|p1a: Cofagrigus|240/319 brn|[from] brn","|turn|5","|","|move|p1a: Cofagrigus|Shadow Ball|p2a: Skuntank","|-resisted|p2a: Skuntank","|-damage|p2a: Skuntank|0 fnt","|faint|p2a: Skuntank","|","|-heal|p1a: Cofagrigus|259/319 brn|[from] item: Leftovers","|-damage|p1a: Cofagrigus|220/319 brn|[from] brn","|-fieldend|move: Trick Room","|","|switch|p2a: Gengar|Gengar, F|261/261","|turn|6","|","|move|p2a: Gengar|Hex|p1a: Cofagrigus","|-supereffective|p1a: Cofagrigus","|-damage|p1a: Cofagrigus|0 fnt","|faint|p1a: Cofagrigus","|","|","|switch|p1a: Spiritomb|Spiritomb, F|304/304","|-status|p1a: Spiritomb|tox","|-ability|p1a: Spiritomb|Pressure","|turn|7","|","|switch|p2a: Crobat|Crobat, F|373/373","|move|p1a: Spiritomb|Calm Mind|p1a: Spiritomb","|-boost|p1a: Spiritomb|spa|1","|-boost|p1a: Spiritomb|spd|1","|","|-damage|p1a: Spiritomb|285/304 tox|[from] psn","|turn|8","|","|move|p2a: Crobat|Curse|p2a: Crobat","|-unboost|p2a: Crobat|spe|1","|-boost|p2a: Crobat|atk|1","|-boost|p2a: Crobat|def|1","|-enditem|p2a: Crobat|White Herb","|-restoreboost|p2a: Crobat|[silent]","|move|p1a: Spiritomb|Dark Pulse|p2a: Crobat","|-damage|p2a: Crobat|150/373","|","|-heal|p1a: Spiritomb|304/304 tox|[from] item: Leftovers","|-damage|p1a: Spiritomb|266/304 tox|[from] psn","|turn|9","|","|move|p2a: Crobat|Acrobatics|p1a: Spiritomb","|-damage|p1a: Spiritomb|100/304 tox","|move|p1a: Spiritomb|Dark Pulse|p2a: Crobat","|-damage|p2a: Crobat|0 fnt","|faint|p2a: Crobat","|","|-heal|p1a: Spiritomb|119/304 tox|[from] item: Leftovers","|-damage|p1a: Spiritomb|62/304 tox|[from] psn","|","|switch|p2a: Gengar|Gengar, F|261/261","|turn|10","|","|move|p2a: Gengar|Hex|p1a: Spiritomb","|-damage|p1a: Spiritomb|0 fnt","|faint|p1a: Spiritomb","|","|","|switch|p1a: Gengar|Gengar, M|261/261","|turn|11","|","|switch|p2a: Amoonguss|Amoonguss, M, shiny|431/431","|move|p1a: Gengar|Dazzling Gleam|p2a: Amoonguss","|-resisted|p2a: Amoonguss","|-damage|p2a: Amoonguss|377/431","|","|-heal|p2a: Amoonguss|403/431|[from] item: Black Sludge","|turn|12","|","|switch|p1a: Chandelure|Chandelure, M|323/323","|-status|p1a: Chandelure|tox","|move|p2a: Amoonguss|Spore|p1a: Chandelure","|-fail|p1a: Chandelure","|","|-heal|p2a: Amoonguss|429/431|[from] item: Black Sludge","|-damage|p1a: Chandelure|303/323 tox|[from] psn","|turn|13","|","|switch|p2a: Tentacruel|Tentacruel, M|301/301","|move|p1a: Chandelure|Calm Mind|p1a: Chandelure","|-boost|p1a: Chandelure|spa|1","|-boost|p1a: Chandelure|spd|1","|","|-heal|p1a: Chandelure|323/323 tox|[from] item: Leftovers","|-damage|p1a: Chandelure|283/323 tox|[from] psn","|turn|14","|","|move|p2a: Tentacruel|Acid Spray|p1a: Chandelure","|-resisted|p1a: Chandelure","|-damage|p1a: Chandelure|265/323 tox","|-unboost|p1a: Chandelure|spd|2","|move|p1a: Chandelure|Shadow Ball|p2a: Tentacruel","|-damage|p2a: Tentacruel|160/301","|","|-heal|p1a: Chandelure|285/323 tox|[from] item: Leftovers","|-damage|p1a: Chandelure|225/323 tox|[from] psn","|turn|15","|","|move|p2a: Tentacruel|Hex|p1a: Chandelure","|-supereffective|p1a: Chandelure","|-damage|p1a: Chandelure|0 fnt","|faint|p1a: Chandelure","|","|","|switch|p1a: Gengar|Gengar, M|261/261","|turn|16","|","|move|p1a: Gengar|Shadow Ball|p2a: Tentacruel","|-damage|p2a: Tentacruel|48/301","|move|p2a: Tentacruel|Scald|p1a: Gengar","|-damage|p1a: Gengar|137/261","|","|turn|17","|","|move|p1a: Gengar|Shadow Ball|p2a: Tentacruel","|-damage|p2a: Tentacruel|0 fnt","|faint|p2a: Tentacruel","|","|","|switch|p2a: Gengar|Gengar, F|261/261","|turn|18","|","|move|p2a: Gengar|Hex|p1a: Gengar","|-supereffective|p1a: Gengar","|-damage|p1a: Gengar|0 fnt","|faint|p1a: Gengar","|","|","|switch|p1a: Froslass|Froslass, F|281/281","|-status|p1a: Froslass|tox","|turn|19","|","|move|p2a: Gengar|Hex|p1a: Froslass","|-supereffective|p1a: Froslass","|-enditem|p1a: Froslass|Focus Sash","|-damage|p1a: Froslass|1/281 tox","|move|p1a: Froslass|Shadow Ball|p2a: Gengar","|-supereffective|p2a: Gengar","|-damage|p2a: Gengar|0 fnt","|faint|p2a: Gengar","|","|-damage|p1a: Froslass|0 fnt|[from] psn","|faint|p1a: Froslass","|","|switch|p1a: Golurk|Golurk|381/381","|switch|p2a: Weezing|Weezing, F|178/333","|-status|p1a: Golurk|tox","|turn|20","|","|move|p2a: Weezing|Memento|p1a: Golurk","|-unboost|p1a: Golurk|atk|2","|-unboost|p1a: Golurk|spa|2","|faint|p2a: Weezing","|move|p1a: Golurk|Dynamic Punch|p2: Weezing|[notarget]","|-notarget","|","|-damage|p1a: Golurk|358/381 tox|[from] psn","|","|switch|p2a: Amoonguss|Amoonguss, M, shiny|431/431","|turn|21","|","|move|p1a: Golurk|Dynamic Punch|p2a: Amoonguss","|-resisted|p2a: Amoonguss","|-damage|p2a: Amoonguss|387/431","|-start|p2a: Amoonguss|confusion","|-activate|p2a: Amoonguss|confusion","|move|p2a: Amoonguss|Gastro Acid|p1a: Golurk","|-endability|p1a: Golurk","|","|-heal|p2a: Amoonguss|413/431|[from] item: Black Sludge","|-damage|p1a: Golurk|312/381 tox|[from] psn","|turn|22","|","|move|p1a: Golurk|Ice Punch|p2a: Amoonguss","|-supereffective|p2a: Amoonguss","|-damage|p2a: Amoonguss|293/431","|-end|p2a: Amoonguss|confusion","|move|p2a: Amoonguss|Giga Drain|p1a: Golurk","|-supereffective|p1a: Golurk","|-damage|p1a: Golurk|180/381 tox","|-heal|p2a: Amoonguss|359/431|[from] drain|[of] p1a: Golurk","|","|-heal|p2a: Amoonguss|385/431|[from] item: Black Sludge","|-damage|p1a: Golurk|111/381 tox|[from] psn","|turn|23","|","|move|p1a: Golurk|Ice Punch|p2a: Amoonguss","|-supereffective|p2a: Amoonguss","|-damage|p2a: Amoonguss|251/431","|move|p2a: Amoonguss|Giga Drain|p1a: Golurk","|-supereffective|p1a: Golurk","|-damage|p1a: Golurk|0 fnt","|-heal|p2a: Amoonguss|307/431|[from] drain|[of] p1a: Golurk","|faint|p1a: Golurk","|","|win|Wanderer DJ"],"p1rating":{"entryid":"7344820","serverid":"eos","formatid":"monotype","userid":"drbongrips","username":"Dr. Bongrips","w":"0","l":2,"t":"0","gxe":40.4,"r":"1500","rd":"130","sigma":"0","rptime":"1438506000","rpr":1422.9816059202,"rprd":116.59763594804,"rpsigma":"0","acre":1000,"lacre":1000,"oldacre":"1000"},"p2rating":{"entryid":"6343115","serverid":"eos","formatid":"monotype","userid":"wandererdj","username":"Wanderer DJ","w":1,"l":"3","t":"0","gxe":41.8,"r":"1416.0927400123","rd":"124.10350783888","sigma":"0","rptime":"1438506000","rpr":1434.6381803084,"rprd":112.93619056631,"rpsigma":"0","acre":1040,"lacre":1040,"oldacre":"1000"},"endType":"normal"}