{"seed":[18004,5980,29048,19707],"turns":25,"p1":"MrNyanNyanz","p2":"OSMG","p1team":[{"name":"Skarmory","species":"Skarmory","item":"rockyhelmet","ability":"Sturdy","moves":["defog","stealthrock","bravebird","roost"],"nature":"Impish","evs":{"hp":248,"atk":0,"def":236,"spa":0,"spd":0,"spe":24},"ivs":{"hp":31,"atk":31,"def":31,"spa":31,"spd":31,"spe":31}},{"name":"Ferrothorn","species":"Ferrothorn","item":"chestoberry","ability":"Iron Barbs","moves":["rest","curse","toxic","powerwhip"],"nature":"Careful","evs":{"hp":248,"atk":8,"def":0,"spa":0,"spd":252,"spe":0},"ivs":{"hp":31,"atk":31,"def":31,"spa":31,"spd":31,"spe":31}},{"name":"Heatran","species":"Heatran","item":"leftovers","ability":"Flash Fire","moves":["toxic","roar","earthpower","lavaplume"],"nature":"Calm","evs":{"hp":252,"atk":0,"def":0,"spa":4,"spd":252,"spe":0},"ivs":{"hp":31,"atk":31,"def":31,"spa":31,"spd":31,"spe":31}},{"name":"Magnezone","species":"Magnezone","item":"choicescarf","ability":"Sturdy","moves":["thunderbolt","voltswitch","flashcannon","hiddenpowerice"],"nature":"Timid","evs":{"hp":0,"atk":0,"def":0,"spa":252,"spd":4,"spe":252},"ivs":{"hp":31,"atk":30,"def":30,"spa":31,"spd":31,"spe":31}},{"name":"Bisharp","species":"Bisharp","item":"focussash","ability":"Defiant","moves":["suckerpunch","swordsdance","knockoff","ironhead"],"nature":"Adamant","evs":{"hp":248,"atk":252,"def":0,"spa":0,"spd":8,"spe":0},"ivs":{"hp":31,"atk":31,"def":31,"spa":31,"spd":31,"spe":31}},{"name":"Jirachi","species":"Jirachi","item":"choicescarf","ability":"Serene Grace","moves":["uturn","playrough","heartstamp","ironhead"],"nature":"Jolly","evs":{"hp":0,"atk":252,"def":0,"spa":0,"spd":4,"spe":252},"ivs":{"hp":31,"atk":31,"def":31,"spa":31,"spd":31,"spe":31}}],"p2team":[{"name":"Diggersby","species":"Diggersby","item":"focussash","ability":"Huge Power","moves":["swordsdance","frustration","earthquake","quickattack"],"nature":"Jolly","evs":{"hp":0,"atk":252,"def":0,"spa":0,"spd":4,"spe":252},"happiness":0,"ivs":{"hp":31,"atk":31,"def":31,"spa":31,"spd":31,"spe":31}},{"name":"Landorus","species":"Landorus","item":"lifeorb","ability":"Sheer Force","moves":["earthpower","gravity","sludgewave","psychic"],"nature":"Timid","evs":{"hp":0,"atk":0,"def":0,"spa":252,"spd":4,"spe":252},"ivs":{"hp":31,"atk":31,"def":31,"spa":31,"spd":31,"spe":31}},{"name":"Seismitoad","species":"Seismitoad","item":"assaultvest","ability":"Water Absorb","moves":["scald","earthpower","sludgewave","grassknot"],"nature":"Modest","evs":{"hp":248,"atk":0,"def":0,"spa":252,"spd":8,"spe":0},"ivs":{"hp":31,"atk":31,"def":31,"spa":31,"spd":31,"spe":31}},{"name":"Garchomp","species":"Garchomp","item":"garchompite","ability":"Rough Skin","moves":["dragonclaw","earthquake","fireblast","swordsdance"],"nature":"Naughty","evs":{"hp":0,"atk":252,"def":0,"spa":16,"spd":0,"spe":240},"ivs":{"hp":31,"atk":31,"def":31,"spa":31,"spd":31,"spe":31}},{"name":"Excadrill","species":"Excadrill","item":"lifeorb","ability":"Sand Rush","moves":["earthquake","ironhead","rockslide","rapidspin"],"nature":"Adamant","evs":{"hp":0,"atk":252,"def":0,"spa":0,"spd":4,"spe":252},"ivs":{"hp":31,"atk":31,"def":31,"spa":31,"spd":31,"spe":31}},{"name":"Hippowdon","species":"Hippowdon","item":"leftovers","ability":"Sand Stream","moves":["yawn","earthquake","stealthrock","slackoff"],"nature":"Impish","evs":{"hp":252,"atk":4,"def":252,"spa":0,"spd":0,"spe":0},"ivs":{"hp":31,"atk":31,"def":31,"spa":31,"spd":31,"spe":31}}],"log":["|player|p1|MrNyanNyanz|mrnyannyanz.png","|player|p2|OSMG|159","|gametype|singles","|gen|6","|tier|Monotype","|rated","|rule|Baton Pass Clause: Limit one Baton Passer, can't pass Spe and other stats simultaneously","|rule|Swagger Clause: Swagger is banned","|rule|Same Type Clause: Pokémon in a team must share a type","|clearpoke","|poke|p1|Skarmory, F","|poke|p1|Ferrothorn, F","|poke|p1|Heatran, M","|poke|p1|Magnezone","|poke|p1|Bisharp, M","|poke|p1|Jirachi","|poke|p2|Diggersby, F","|poke|p2|Landorus, M","|poke|p2|Seismitoad, F","|poke|p2|Garchomp, M","|poke|p2|Excadrill, M","|poke|p2|Hippowdon, F","|rule|Sleep Clause Mod: Limit one foe put to sleep","|rule|Species Clause: Limit one of each Pokémon","|rule|OHKO Clause: OHKO moves are banned","|rule|Moody Clause: Moody is banned","|rule|Evasion Moves Clause: Evasion moves are banned","|rule|Endless Battle Clause: Forcing endless battles is banned","|rule|HP Percentage Mod: HP is shown in percentages","|teampreview","|","|start","|switch|p1a: Jirachi|Jirachi|341/341","|switch|p2a: Garchomp|Garchomp, M|357/357","|turn|1","|","|detailschange|p2a: Garchomp|Garchomp-Mega, M","|-mega|p2a: Garchomp|Garchomp|Garchompite","|move|p1a: Jirachi|Iron Head|p2a: Garchomp","|-damage|p2a: Garchomp|242/357","|move|p2a: Garchomp|Fire Blast|p1a: Jirachi|[miss]","|-miss|p2a: Garchomp|p1a: Jirachi","|","|turn|2","|","|switch|p2a: Hippowdon|Hippowdon, F|420/420","|-weather|Sandstorm","|move|p1a: Jirachi|Iron Head|p2a: Hippowdon","|-damage|p2a: Hippowdon|339/420","|","|-weather|Sandstorm|[upkeep]","|-heal|p2a: Hippowdon|365/420|[from] item: Leftovers","|turn|3","|","|switch|p1a: Skarmory|Skarmory, F|333/333","|move|p2a: Hippowdon|Yawn|p1a: Skarmory","|-start|p1a: Skarmory|move: Yawn|[of] p2a: Hippowdon","|","|-weather|Sandstorm|[upkeep]","|-heal|p2a: Hippowdon|391/420|[from] item: Leftovers","|turn|4","|","|switch|p1a: Ferrothorn|Ferrothorn, F|351/351","|switch|p2a: Landorus|Landorus, M|319/319","|","|-weather|Sandstorm|[upkeep]","|turn|5","|","|move|p2a: Landorus|Earth Power|p1a: Ferrothorn","|-damage|p1a: Ferrothorn|195/351","|move|p1a: Ferrothorn|Toxic|p2a: Landorus","|-status|p2a: Landorus|tox","|","|-weather|Sandstorm|[upkeep]","|-damage|p2a: Landorus|300/319 tox|[from] psn","|turn|6","|","|switch|p1a: Skarmory|Skarmory, F|333/333","|move|p2a: Landorus|Gravity|p2a: Landorus","|-fieldstart|move: Gravity","|","|-weather|none","|-damage|p2a: Landorus|262/319 tox|[from] psn","|turn|7","|","|move|p2a: Landorus|Earth Power|p1a: Skarmory","|-supereffective|p1a: Skarmory","|-ability|p1a: Skarmory|Sturdy","|-damage|p1a: Skarmory|1/333","|move|p1a: Skarmory|Stealth Rock|p2a: Landorus","|-sidestart|p2: OSMG|move: Stealth Rock","|","|-damage|p2a: Landorus|205/319 tox|[from] psn","|turn|8","|","|switch|p2a: Garchomp|Garchomp-Mega, M|242/357","|-damage|p2a: Garchomp|220/357|[from] Stealth Rock","|move|p1a: Skarmory|Brave Bird|p2a: Garchomp","|-damage|p2a: Garchomp|124/357","|-damage|p1a: Skarmory|0 fnt|[from] recoil|[of] p2a: Garchomp","|faint|p1a: Skarmory","|","|","|switch|p1a: Jirachi|Jirachi|341/341","|turn|9","|","|switch|p2a: Hippowdon|Hippowdon, F|391/420","|-damage|p2a: Hippowdon|365/420|[from] Stealth Rock","|-weather|Sandstorm","|move|p1a: Jirachi|Iron Head|p2a: Hippowdon","|-damage|p2a: Hippowdon|283/420","|","|-weather|Sandstorm|[upkeep]","|-heal|p2a: Hippowdon|309/420|[from] item: Leftovers","|turn|10","|","|switch|p1a: Ferrothorn|Ferrothorn, F|195/351","|switch|p2a: Excadrill|Excadrill, M|361/361","|-damage|p2a: Excadrill|350/361|[from] Stealth Rock","|","|-weather|Sandstorm|[upkeep]","|-fieldend|move: Gravity","|turn|11","|","|move|p2a: Excadrill|Rapid Spin|p1a: Ferrothorn","|-resisted|p1a: Ferrothorn","|-damage|p1a: Ferrothorn|182/351","|-damage|p2a: Excadrill|305/361|[from] ability: Iron Barbs|[of] p1a: Ferrothorn","|-sideend|p2: OSMG|Stealth Rock|[from] move: Rapid Spin|[of] p2a: Excadrill","|-damage|p2a: Excadrill|269/361|[from] item: Life Orb","|move|p1a: Ferrothorn|Power Whip|p2a: Excadrill|[miss]","|-miss|p1a: Ferrothorn|p2a: Excadrill","|","|-weather|Sandstorm|[upkeep]","|turn|12","|","|move|p2a: Excadrill|Earthquake|p1a: Ferrothorn","|-damage|p1a: Ferrothorn|0 fnt","|-damage|p2a: Excadrill|233/361|[from] item: Life Orb","|faint|p1a: Ferrothorn","|","|-weather|Sandstorm|[upkeep]","|","|switch|p1a: Bisharp|Bisharp, M|333/333","|turn|13","|","|switch|p2a: Seismitoad|Seismitoad, F|413/413","|move|p1a: Bisharp|Swords Dance|p1a: Bisharp","|-boost|p1a: Bisharp|atk|2","|","|-weather|none","|turn|14","|","|move|p2a: Seismitoad|Earth Power|p1a: Bisharp","|-supereffective|p1a: Bisharp","|-damage|p1a: Bisharp|7/333","|move|p1a: Bisharp|Knock Off|p2a: Seismitoad","|-damage|p2a: Seismitoad|0 fnt","|-enditem|p2a: Seismitoad|Assault Vest|[from] move: Knock Off|[of] p1a: Bisharp","|faint|p2a: Seismitoad","|","|","|switch|p2a: Diggersby|Diggersby, F|311/311","|turn|15","|","|move|p2a: Diggersby|Quick Attack|p1a: Bisharp","|-resisted|p1a: Bisharp","|-damage|p1a: Bisharp|0 fnt","|faint|p1a: Bisharp","|","|","|switch|p1a: Jirachi|Jirachi|341/341","|turn|16","|","|switch|p2a: Hippowdon|Hippowdon, F|309/420","|-weather|Sandstorm","|move|p1a: Jirachi|Iron Head|p2a: Hippowdon","|-damage|p2a: Hippowdon|227/420","|","|-weather|Sandstorm|[upkeep]","|-heal|p2a: Hippowdon|253/420|[from] item: Leftovers","|turn|17","|","|move|p1a: Jirachi|Iron Head|p2a: Hippowdon","|-damage|p2a: Hippowdon|181/420","|cant|p2a: Hippowdon|flinch","|","|-weather|Sandstorm|[upkeep]","|-heal|p2a: Hippowdon|207/420|[from] item: Leftovers","|turn|18","|","|switch|p2a: Excadrill|Excadrill, M|233/361","|move|p1a: Jirachi|Iron Head|p2a: Excadrill","|-resisted|p2a: Excadrill","|-damage|p2a: Excadrill|150/361","|","|-weather|Sandstorm|[upkeep]","|turn|19","|","|switch|p1a: Heatran|Heatran, M|386/386","|move|p2a: Excadrill|Iron Head|p1a: Heatran","|-resisted|p1a: Heatran","|-damage|p1a: Heatran|339/386","|-damage|p2a: Excadrill|114/361|[from] item: Life Orb","|","|-weather|Sandstorm|[upkeep]","|-heal|p1a: Heatran|363/386|[from] item: Leftovers","|turn|20","|","|move|p2a: Excadrill|Earthquake|p1a: Heatran","|-supereffective|p1a: Heatran","|-damage|p1a: Heatran|0 fnt","|-damage|p2a: Excadrill|78/361|[from] item: Life Orb","|faint|p1a: Heatran","|","|-weather|none","|","|switch|p1a: Magnezone|Magnezone|281/281","|turn|21","|","|switch|p2a: Hippowdon|Hippowdon, F|207/420","|-weather|Sandstorm","|move|p1a: Magnezone|Hidden Power|p2a: Hippowdon","|-supereffective|p2a: Hippowdon","|-damage|p2a: Hippowdon|35/420","|","|-weather|Sandstorm|[upkeep]","|-heal|p2a: Hippowdon|61/420|[from] item: Leftovers","|turn|22","|","|move|p1a: Magnezone|Hidden Power|p2a: Hippowdon","|-crit|p2a: Hippowdon","|-supereffective|p2a: Hippowdon","|-damage|p2a: Hippowdon|0 fnt","|faint|p2a: Hippowdon","|","|-weather|Sandstorm|[upkeep]","|","|switch|p2a: Diggersby|Diggersby, F|311/311","|turn|23","|","|switch|p1a: Jirachi|Jirachi|341/341","|move|p2a: Diggersby|Earthquake|p1a: Jirachi","|-supereffective|p1a: Jirachi","|-damage|p1a: Jirachi|0 fnt","|faint|p1a: Jirachi","|","|-weather|Sandstorm|[upkeep]","|","|switch|p1a: Magnezone|Magnezone|281/281","|turn|24","|","|move|p1a: Magnezone|Hidden Power|p2a: Diggersby","|-supereffective|p2a: Diggersby","|-damage|p2a: Diggersby|141/311","|move|p2a: Diggersby|Earthquake|p1a: Magnezone","|-supereffective|p1a: Magnezone","|-ability|p1a: Magnezone|Sturdy","|-damage|p1a: Magnezone|1/281","|","|-weather|Sandstorm|[upkeep]","|turn|25","|","|move|p2a: Diggersby|Quick Attack|p1a: Magnezone","|-resisted|p1a: Magnezone","|-damage|p1a: Magnezone|0 fnt","|faint|p1a: Magnezone","|","|win|OSMG"],"p1rating":{"entryid":"6703862","serverid":"eos","formatid":"monotype","userid":"mrnyannyanz","username":"MrNyanNyanz","w":"30","l":22,"t":"0","gxe":54.9,"r":"1526.4914643426","rd":"51.037148885631","sigma":"0","rptime":"1438506000","rpr":1537.6661382023,"rprd":49.242679733781,"rpsigma":"0","acre":1217.5451157377,"lacre":1217.5451157377,"oldacre":"1240.1154106342"},"p2rating":{"entryid":"6698041","serverid":"eos","formatid":"monotype","userid":"osmg","username":"OSMG","w":30,"l":"11","t":"0","gxe":69,"r":"1639.579543962","rd":"64.250752195273","sigma":"0","rptime":"1438506000","rpr":1652.9289491541,"rprd":62.5284914588,"rpsigma":"0","acre":1296.5592675547,"lacre":1296.5592675547,"oldacre":"1273.9889726582"},"endType":"normal"}