{"seed":[30963,30721,57626,41551],"turns":41,"p1":"Alliance - Mxy","p2":"Crystl Sabo","p1team":[{"name":"Gengar","species":"Gengar","item":"choicescarf","ability":"Levitate","moves":["shadowball","sludgewave","focusblast","destinybond"],"nature":"Timid","evs":{"hp":0,"atk":0,"def":0,"spa":252,"spd":4,"spe":252},"ivs":{"hp":31,"atk":31,"def":31,"spa":31,"spd":31,"spe":31}},{"name":"Beedrill","species":"Beedrill","item":"beedrillite","ability":"Swarm","moves":["uturn","poisonjab","drillrun","protect"],"nature":"Jolly","evs":{"hp":0,"atk":252,"def":0,"spa":0,"spd":4,"spe":252},"ivs":{"hp":31,"atk":31,"def":31,"spa":31,"spd":31,"spe":31}},{"name":"Venusaur","species":"Venusaur","item":"venusaurite","ability":"Overgrow","moves":["synthesis","gigadrain","sludgebomb","hiddenpowerfire"],"nature":"Bold","evs":{"hp":248,"atk":0,"def":160,"spa":20,"spd":80,"spe":0},"ivs":{"hp":31,"atk":30,"def":31,"spa":30,"spd":31,"spe":30}},{"name":"Nidoqueen","species":"Nidoqueen","item":"leftovers","ability":"Sheer Force","moves":["stealthrock","fireblast","earthpower","icebeam"],"nature":"Bold","evs":{"hp":248,"atk":0,"def":208,"spa":52,"spd":0,"spe":0},"ivs":{"hp":31,"atk":31,"def":31,"spa":31,"spd":31,"spe":31}},{"name":"Tentacruel","species":"Tentacruel","item":"blacksludge","ability":"Liquid Ooze","moves":["scald","rapidspin","toxicspikes","knockoff"],"nature":"Timid","evs":{"hp":248,"atk":0,"def":0,"spa":0,"spd":8,"spe":252},"ivs":{"hp":31,"atk":31,"def":31,"spa":31,"spd":31,"spe":31}},{"name":"Scolipede","species":"Scolipede","item":"lifeorb","ability":"Speed Boost","moves":["xscissor","superpower","rockslide","protect"],"nature":"Jolly","evs":{"hp":0,"atk":252,"def":0,"spa":0,"spd":4,"spe":252},"shiny":true,"ivs":{"hp":31,"atk":31,"def":31,"spa":31,"spd":31,"spe":31}}],"p2team":[{"name":"Blissey","species":"Blissey","item":"assaultvest","ability":"Serene Grace","moves":["bodyslam","seismictoss","waterpulse","rocktomb"],"nature":"Gentle","evs":{"hp":252,"atk":0,"def":0,"spa":0,"spd":252,"spe":0},"shiny":true,"ivs":{"hp":31,"atk":31,"def":31,"spa":31,"spd":31,"spe":31}},{"name":"Chansey","species":"Chansey","item":"eviolite","ability":"Natural Cure","moves":["counter","wish","protect","healbell"],"nature":"Bold","evs":{"hp":248,"atk":0,"def":180,"spa":0,"spd":80,"spe":0},"ivs":{"hp":31,"atk":31,"def":31,"spa":31,"spd":31,"spe":31}},{"name":"Staravia","species":"Staravia","item":"eviolite","ability":"Intimidate","moves":["roost","featherdance","bravebird","defog"],"nature":"Impish","evs":{"hp":252,"atk":0,"def":252,"spa":0,"spd":0,"spe":0},"shiny":true,"ivs":{"hp":31,"atk":31,"def":31,"spa":31,"spd":31,"spe":31}},{"name":"Porygon2","species":"Porygon2","item":"eviolite","ability":"Download","moves":["thunderwave","recover","triattack","zenheadbutt"],"nature":"Relaxed","evs":{"hp":248,"atk":32,"def":228,"spa":0,"spd":0,"spe":0},"shiny":true,"ivs":{"hp":31,"atk":31,"def":31,"spa":31,"spd":31,"spe":31}},{"name":"Ditto","species":"Ditto","item":"choicescarf","ability":"Imposter","moves":["transform"],"nature":"Naive","evs":{"hp":252,"atk":0,"def":0,"spa":0,"spd":0,"spe":252},"shiny":true,"ivs":{"hp":31,"atk":31,"def":31,"spa":31,"spd":31,"spe":31}},{"name":"Staraptor","species":"Staraptor","item":"sitrusberry","ability":"Intimidate","moves":["featherdance","roost","bravebird","closecombat"],"nature":"Jolly","evs":{"hp":252,"atk":0,"def":0,"spa":0,"spd":0,"spe":252},"shiny":true,"ivs":{"hp":31,"atk":31,"def":31,"spa":31,"spd":31,"spe":31}}],"log":["|player|p1|Alliance - Mxy|270","|player|p2|Crystl Sabo|161","|gametype|singles","|gen|6","|tier|Monotype","|rated","|rule|Baton Pass Clause: Limit one Baton Passer, can't pass Spe and other stats simultaneously","|rule|Swagger Clause: Swagger is banned","|rule|Same Type Clause: Pokémon in a team must share a type","|clearpoke","|poke|p1|Gengar, F","|poke|p1|Beedrill, M","|poke|p1|Venusaur, M","|poke|p1|Nidoqueen, F","|poke|p1|Tentacruel, M","|poke|p1|Scolipede, M, shiny","|poke|p2|Blissey, F, shiny","|poke|p2|Chansey, F","|poke|p2|Staravia, F, shiny","|poke|p2|Porygon2, shiny","|poke|p2|Ditto, shiny","|poke|p2|Staraptor, F, shiny","|rule|Sleep Clause Mod: Limit one foe put to sleep","|rule|Species Clause: Limit one of each Pokémon","|rule|OHKO Clause: OHKO moves are banned","|rule|Moody Clause: Moody is banned","|rule|Evasion Moves Clause: Evasion moves are banned","|rule|Endless Battle Clause: Forcing endless battles is banned","|rule|HP Percentage Mod: HP is shown in percentages","|teampreview","|","|start","|switch|p1a: Tentacruel|Tentacruel, M|363/363","|switch|p2a: Ditto|Ditto, shiny|300/300","|-transform|p2a: Ditto|p1a: Tentacruel","|turn|1","|","|move|p2a: Ditto|Knock Off|p1a: Tentacruel","|-damage|p1a: Tentacruel|294/363","|-enditem|p1a: Tentacruel|Black Sludge|[from] move: Knock Off|[of] p2a: Ditto","|move|p1a: Tentacruel|Knock Off|p2a: Ditto","|-damage|p2a: Ditto|230/300","|-enditem|p2a: Ditto|Choice Scarf|[from] move: Knock Off|[of] p1a: Tentacruel","|","|turn|2","|","|switch|p2a: Porygon2|Porygon2, shiny|373/373","|-boost|p2a: Porygon2|atk|1|[from] ability: Download","|move|p1a: Tentacruel|Toxic Spikes|p2a: Porygon2","|-sidestart|p2: Crystl Sabo|move: Toxic Spikes","|","|turn|3","|","|move|p1a: Tentacruel|Knock Off|p2a: Porygon2","|-damage|p2a: Porygon2|344/373","|-enditem|p2a: Porygon2|Eviolite|[from] move: Knock Off|[of] p1a: Tentacruel","|move|p2a: Porygon2|Thunder Wave|p1a: Tentacruel","|-status|p1a: Tentacruel|par","|","|turn|4","|","|switch|p1a: Nidoqueen|Nidoqueen, F|383/383","|move|p2a: Porygon2|Zen Headbutt|p1a: Nidoqueen","|-supereffective|p1a: Nidoqueen","|-damage|p1a: Nidoqueen|247/383","|","|-heal|p1a: Nidoqueen|270/383|[from] item: Leftovers","|turn|5","|","|move|p1a: Nidoqueen|Stealth Rock|p2a: Porygon2","|-sidestart|p2: Crystl Sabo|move: Stealth Rock","|move|p2a: Porygon2|Zen Headbutt|p1a: Nidoqueen","|-supereffective|p1a: Nidoqueen","|-damage|p1a: Nidoqueen|138/383","|","|-heal|p1a: Nidoqueen|161/383|[from] item: Leftovers","|turn|6","|","|move|p1a: Nidoqueen|Earth Power|p2a: Porygon2","|-damage|p2a: Porygon2|215/373","|move|p2a: Porygon2|Zen Headbutt|p1a: Nidoqueen","|-supereffective|p1a: Nidoqueen","|-damage|p1a: Nidoqueen|35/383","|","|-heal|p1a: Nidoqueen|58/383|[from] item: Leftovers","|turn|7","|","|move|p1a: Nidoqueen|Earth Power|p2a: Porygon2","|-damage|p2a: Porygon2|104/373","|move|p2a: Porygon2|Recover|p2a: Porygon2","|-heal|p2a: Porygon2|291/373","|","|-heal|p1a: Nidoqueen|81/383|[from] item: Leftovers","|turn|8","|","|move|p1a: Nidoqueen|Earth Power|p2a: Porygon2","|-damage|p2a: Porygon2|177/373","|move|p2a: Porygon2|Zen Headbutt|p1a: Nidoqueen","|-supereffective|p1a: Nidoqueen","|-damage|p1a: Nidoqueen|0 fnt","|faint|p1a: Nidoqueen","|","|","|switch|p1a: Beedrill|Beedrill, M|271/271","|turn|9","|","|switch|p2a: Staravia|Staravia, F, shiny|314/314","|-damage|p2a: Staravia|236/314|[from] Stealth Rock","|-ability|p2a: Staravia|Intimidate","|-unboost|p1a: Beedrill|atk|1","|detailschange|p1a: Beedrill|Beedrill-Mega, M","|-mega|p1a: Beedrill|Beedrill|Beedrillite","|move|p1a: Beedrill|U-turn|p2a: Staravia","|-resisted|p2a: Staravia","|-damage|p2a: Staravia|194/314","|","|switch|p1a: Tentacruel|Tentacruel, M|294/363 par","|","|turn|10","|","|move|p2a: Staravia|Defog|p1a: Tentacruel","|-unboost|p1a: Tentacruel|evasion|1","|-sideend|p2: Crystl Sabo|Toxic Spikes|[from] move: Defog|[of] p2a: Staravia","|-sideend|p2: Crystl Sabo|Stealth Rock|[from] move: Defog|[of] p2a: Staravia","|cant|p1a: Tentacruel|par","|","|turn|11","|","|switch|p2a: Porygon2|Porygon2, shiny|177/373","|-boost|p2a: Porygon2|atk|1|[from] ability: Download","|cant|p1a: Tentacruel|par","|","|turn|12","|","|move|p2a: Porygon2|Zen Headbutt|p1a: Tentacruel","|-supereffective|p1a: Tentacruel","|-damage|p1a: Tentacruel|48/363 par","|move|p1a: Tentacruel|Scald|p2a: Porygon2","|-damage|p2a: Porygon2|96/373","|","|turn|13","|","|move|p2a: Porygon2|Recover|p2a: Porygon2","|-heal|p2a: Porygon2|283/373","|move|p1a: Tentacruel|Toxic Spikes|p2a: Porygon2","|-sidestart|p2: Crystl Sabo|move: Toxic Spikes","|","|turn|14","|","|move|p2a: Porygon2|Zen Headbutt|p1a: Tentacruel","|-supereffective|p1a: Tentacruel","|-damage|p1a: Tentacruel|0 fnt","|faint|p1a: Tentacruel","|","|","|switch|p1a: Scolipede|Scolipede, M, shiny|261/261","|turn|15","|","|move|p1a: Scolipede|X-Scissor|p2a: Porygon2","|-damage|p2a: Porygon2|158/373","|-damage|p1a: Scolipede|235/261|[from] item: Life Orb","|move|p2a: Porygon2|Zen Headbutt|p1a: Scolipede","|-supereffective|p1a: Scolipede","|-damage|p1a: Scolipede|43/261","|","|-boost|p1a: Scolipede|spe|1|[from] ability: Speed Boost","|turn|16","|","|switch|p2a: Staraptor|Staraptor, F, shiny|374/374","|-ability|p2a: Staraptor|Intimidate","|-unboost|p1a: Scolipede|atk|1","|move|p1a: Scolipede|Superpower|p2a: Staraptor","|-damage|p2a: Staraptor|236/374","|-unboost|p1a: Scolipede|atk|1","|-unboost|p1a: Scolipede|def|1","|-damage|p1a: Scolipede|17/261|[from] item: Life Orb","|","|-boost|p1a: Scolipede|spe|1|[from] ability: Speed Boost","|turn|17","|","|switch|p2a: Staravia|Staravia, F, shiny|194/314","|-ability|p2a: Staravia|Intimidate","|-unboost|p1a: Scolipede|atk|1","|move|p1a: Scolipede|Rock Slide|p2a: Staravia","|-supereffective|p2a: Staravia","|-damage|p2a: Staravia|142/314","|-damage|p1a: Scolipede|0 fnt|[from] item: Life Orb","|faint|p1a: Scolipede","|","|","|switch|p1a: Beedrill|Beedrill-Mega, M|271/271","|turn|18","|","|move|p1a: Beedrill|Poison Jab|p2a: Staravia","|-damage|p2a: Staravia|0 fnt","|faint|p2a: Staravia","|","|","|switch|p2a: Ditto|Ditto, shiny|230/300","|-status|p2a: Ditto|psn","|-transform|p2a: Ditto|p1a: Beedrill","|turn|19","|","|switch|p1a: Gengar|Gengar, F|261/261","|move|p2a: Ditto|Drill Run|p1a: Gengar","|-immune|p1a: Gengar|[msg]","|","|-damage|p2a: Ditto|193/300 psn|[from] psn","|turn|20","|","|move|p1a: Gengar|Focus Blast|p2a: Ditto|[miss]","|-miss|p1a: Gengar|p2a: Ditto","|move|p2a: Ditto|U-turn|p1a: Gengar","|-resisted|p1a: Gengar","|-damage|p1a: Gengar|195/261","|","|switch|p2a: Blissey|Blissey, F, shiny|714/714","|-status|p2a: Blissey|psn","|","|-damage|p2a: Blissey|625/714 psn|[from] psn","|turn|21","|","|switch|p1a: Beedrill|Beedrill-Mega, M|271/271","|move|p2a: Blissey|Water Pulse|p1a: Beedrill","|-damage|p1a: Beedrill|225/271","|","|-damage|p2a: Blissey|536/714 psn|[from] psn","|turn|22","|","|move|p1a: Beedrill|Poison Jab|p2a: Blissey","|-damage|p2a: Blissey|0 fnt","|faint|p2a: Blissey","|","|","|switch|p2a: Staraptor|Staraptor, F, shiny|236/374","|-ability|p2a: Staraptor|Intimidate","|-unboost|p1a: Beedrill|atk|1","|turn|23","|","|move|p1a: Beedrill|Protect|p1a: Beedrill","|-singleturn|p1a: Beedrill|Protect","|move|p2a: Staraptor|Roost|p2a: Staraptor","|-heal|p2a: Staraptor|374/374","|","|turn|24","|","|move|p1a: Beedrill|U-turn|p2a: Staraptor","|-crit|p2a: Staraptor","|-resisted|p2a: Staraptor","|-damage|p2a: Staraptor|172/374","|-enditem|p2a: Staraptor|Sitrus Berry|[eat]","|-heal|p2a: Staraptor|265/374|[from] item: Sitrus Berry","|","|switch|p1a: Venusaur|Venusaur, M|363/363","|move|p2a: Staraptor|Brave Bird|p1a: Venusaur","|-supereffective|p1a: Venusaur","|-damage|p1a: Venusaur|85/363","|-damage|p2a: Staraptor|173/374|[from] recoil|[of] p1a: Venusaur","|","|turn|25","|","|move|p2a: Staraptor|Roost|p2a: Staraptor","|-heal|p2a: Staraptor|360/374","|move|p1a: Venusaur|Synthesis|p1a: Venusaur","|-heal|p1a: Venusaur|266/363","|","|turn|26","|","|move|p2a: Staraptor|Brave Bird|p1a: Venusaur","|-supereffective|p1a: Venusaur","|-damage|p1a: Venusaur|0 fnt","|-damage|p2a: Staraptor|272/374|[from] recoil|[of] p1a: Venusaur","|faint|p1a: Venusaur","|","|","|switch|p1a: Beedrill|Beedrill-Mega, M|225/271","|turn|27","|","|move|p1a: Beedrill|Poison Jab|p2a: Staraptor","|-damage|p2a: Staraptor|0 fnt","|faint|p2a: Staraptor","|","|","|switch|p2a: Chansey|Chansey, F|703/703","|-status|p2a: Chansey|psn","|turn|28","|","|move|p1a: Beedrill|Protect|p1a: Beedrill","|-singleturn|p1a: Beedrill|Protect","|move|p2a: Chansey|Counter|p1a: Beedrill","|-activate|p1a: Beedrill|Protect","|","|-damage|p2a: Chansey|616/703 psn|[from] psn","|turn|29","|","|switch|p1a: Gengar|Gengar, F|195/261","|move|p2a: Chansey|Counter|p1a: Gengar","|-immune|p1a: Gengar|[msg]","|","|-damage|p2a: Chansey|529/703 psn|[from] psn","|turn|30","|","|move|p1a: Gengar|Sludge Wave|p2a: Chansey","|-damage|p2a: Chansey|436/703 psn","|move|p2a: Chansey|Heal Bell|p2a: Chansey","|-cureteam|p2a: Chansey|[from] move: HealBell","|","|turn|31","|","|move|p1a: Gengar|Sludge Wave|p2a: Chansey","|-damage|p2a: Chansey|337/703","|move|p2a: Chansey|Wish|p2a: Chansey","|","|turn|32","|","|switch|p1a: Beedrill|Beedrill-Mega, M|225/271","|move|p2a: Chansey|Protect|p2a: Chansey","|-fail|p2a: Chansey","|","|-heal|p2a: Chansey|688/703|[from] move: Wish|[wisher] Chansey","|turn|33","|","|move|p1a: Beedrill|Poison Jab|p2a: Chansey","|-damage|p2a: Chansey|382/703","|move|p2a: Chansey|Counter|p1a: Beedrill","|-damage|p1a: Beedrill|0 fnt","|faint|p1a: Beedrill","|","|","|switch|p1a: Gengar|Gengar, F|195/261","|turn|34","|","|move|p1a: Gengar|Sludge Wave|p2a: Chansey","|-damage|p2a: Chansey|280/703","|move|p2a: Chansey|Wish|p2a: Chansey","|","|turn|35","|","|move|p2a: Chansey|Protect|p2a: Chansey","|-singleturn|p2a: Chansey|Protect","|move|p1a: Gengar|Sludge Wave|p2a: Chansey","|-activate|p2a: Chansey|Protect","|","|-heal|p2a: Chansey|631/703|[from] move: Wish|[wisher] Chansey","|turn|36","|","|move|p1a: Gengar|Sludge Wave|p2a: Chansey","|-damage|p2a: Chansey|535/703","|move|p2a: Chansey|Wish|p2a: Chansey","|","|turn|37","|","|switch|p2a: Porygon2|Porygon2, shiny|158/373","|-status|p2a: Porygon2|psn","|-boost|p2a: Porygon2|atk|1|[from] ability: Download","|move|p1a: Gengar|Sludge Wave|p2a: Porygon2","|-damage|p2a: Porygon2|0 fnt","|faint|p2a: Porygon2","|","|","|switch|p2a: Chansey|Chansey, F|535/703","|-status|p2a: Chansey|psn","|turn|38","|","|move|p1a: Gengar|Sludge Wave|p2a: Chansey","|-damage|p2a: Chansey|442/703 psn","|move|p2a: Chansey|Heal Bell|p2a: Chansey","|-cureteam|p2a: Chansey|[from] move: HealBell","|","|turn|39","|","|move|p1a: Gengar|Sludge Wave|p2a: Chansey","|-damage|p2a: Chansey|349/703","|-status|p2a: Chansey|psn","|move|p2a: Chansey|Wish|p2a: Chansey","|","|-damage|p2a: Chansey|262/703 psn|[from] psn","|turn|40","|","|move|p1a: Gengar|Sludge Wave|p2a: Chansey","|-damage|p2a: Chansey|156/703 psn","|move|p2a: Chansey|Heal Bell|p2a: Chansey","|-cureteam|p2a: Chansey|[from] move: HealBell","|","|-heal|p2a: Chansey|507/703|[from] move: Wish|[wisher] Chansey","|turn|41","|","|win|Crystl Sabo"],"p1rating":{"entryid":"6690851","serverid":"eos","formatid":"monotype","userid":"alliancemxy","username":"Alliance - Mxy","w":"48","l":22,"t":"0","gxe":67.5,"r":"1644.0393263958","rd":"45.44962692908","sigma":"0","rptime":"1438506000","rpr":1638.4007419369,"rprd":44.909541855282,"rpsigma":"0","acre":1291.4975006744,"lacre":1291.4975006744,"oldacre":"1322.7112389311"},"p2rating":{"entryid":"5846197","serverid":"eos","formatid":"monotype","userid":"crystlsabo","username":"Crystl Sabo","w":54,"l":"48","t":"0","gxe":53.9,"r":"1526.7868783684","rd":"42.243000156416","sigma":"0","rptime":"1438506000","rpr":1529.8030876572,"rprd":40.931228974172,"rpsigma":"0","acre":1141.511752756,"lacre":1141.511752756,"oldacre":"1102.4945799351"},"endType":"forfeit"}