{"seed":[59725,60225,27565,2341],"turns":28,"p1":"Messing Saurus","p2":"V Monocle","p1team":[{"name":"Latias","species":"Latias","item":"latiasite","ability":"Levitate","moves":["thunderwave","psyshock","recover","dragonpulse"],"nature":"Timid","evs":{"hp":248,"atk":0,"def":68,"spa":0,"spd":0,"spe":192},"ivs":{"hp":31,"atk":31,"def":31,"spa":31,"spd":31,"spe":31}},{"name":"Shelgon","species":"Shelgon","item":"eviolite","ability":"Rock Head","moves":["toxic","wish","protect","dragonclaw"],"nature":"Impish","evs":{"hp":248,"atk":8,"def":252,"spa":0,"spd":0,"spe":0},"gender":"M","ivs":{"hp":31,"atk":31,"def":31,"spa":31,"spd":31,"spe":31}},{"name":"Goodra","species":"Goodra","item":"assaultvest","ability":"Sap Sipper","moves":["dracometeor","fireblast","sludgebomb","dragontail"],"nature":"Modest","evs":{"hp":248,"atk":0,"def":0,"spa":252,"spd":8,"spe":0},"gender":"F","ivs":{"hp":31,"atk":31,"def":31,"spa":31,"spd":31,"spe":31}},{"name":"Kyurem-Black","species":"Kyurem-Black","item":"choicescarf","ability":"Teravolt","moves":["fusionbolt","outrage","ironhead","icebeam"],"nature":"Naive","evs":{"hp":0,"atk":252,"def":0,"spa":4,"spd":0,"spe":252},"ivs":{"hp":31,"atk":31,"def":31,"spa":31,"spd":31,"spe":31}},{"name":"Dragonite","species":"Dragonite","item":"leftovers","ability":"Multiscale","moves":["roost","dragonclaw","extremespeed","dragondance"],"nature":"Adamant","evs":{"hp":216,"atk":64,"def":0,"spa":0,"spd":228,"spe":0},"gender":"M","ivs":{"hp":31,"atk":31,"def":31,"spa":31,"spd":31,"spe":31}},{"name":"Dragalge","species":"Dragalge","item":"choicespecs","ability":"Adaptability","moves":["dracometeor","sludgewave","focusblast","dragonpulse"],"nature":"Modest","evs":{"hp":188,"atk":0,"def":0,"spa":252,"spd":0,"spe":68},"gender":"M","ivs":{"hp":31,"atk":31,"def":31,"spa":31,"spd":31,"spe":31}}],"p2team":[{"name":"Terrakion","species":"Terrakion","item":"choicescarf","ability":"Justified","moves":["earthquake","closecombat","stoneedge","poisonjab"],"nature":"Jolly","evs":{"hp":0,"atk":252,"def":0,"spa":0,"spd":4,"spe":252},"ivs":{"hp":31,"atk":31,"def":31,"spa":31,"spd":31,"spe":31}},{"name":"Archeops","species":"Archeops","item":"choicespecs","ability":"Defeatist","moves":["ancientpower","earthpower","dragonpulse","heatwave"],"nature":"Hasty","evs":{"hp":4,"atk":0,"def":0,"spa":252,"spd":0,"spe":252},"ivs":{"hp":31,"atk":31,"def":31,"spa":31,"spd":31,"spe":31}},{"name":"Carracosta","species":"Carracosta","item":"whiteherb","ability":"Sturdy","moves":["aquajet","shellsmash","knockoff","earthquake"],"nature":"Adamant","evs":{"hp":0,"atk":252,"def":0,"spa":0,"spd":4,"spe":252},"ivs":{"hp":31,"atk":31,"def":31,"spa":31,"spd":31,"spe":31}},{"name":"Cradily","species":"Cradily","item":"leftovers","ability":"Storm Drain","moves":["ancientpower","gigadrain","recover","toxic"],"nature":"Calm","evs":{"hp":252,"atk":0,"def":0,"spa":4,"spd":252,"spe":0},"ivs":{"hp":31,"atk":31,"def":31,"spa":31,"spd":31,"spe":31}},{"name":"Aggron","species":"Aggron","item":"aggronite","ability":"Sturdy","moves":["heavyslam","curse","rest","sleeptalk"],"nature":"Impish","evs":{"hp":248,"atk":8,"def":252,"spa":0,"spd":0,"spe":0},"ivs":{"hp":31,"atk":31,"def":31,"spa":31,"spd":31,"spe":31}},{"name":"Tyranitar","species":"Tyranitar","item":"focussash","ability":"Sand Stream","moves":["crunch","stealthrock","earthquake","superpower"],"nature":"Adamant","evs":{"hp":248,"atk":252,"def":0,"spa":0,"spd":8,"spe":0},"ivs":{"hp":31,"atk":31,"def":31,"spa":31,"spd":31,"spe":31}}],"log":["|player|p1|Messing Saurus|258","|player|p2|V Monocle|vmonocle.png","|gametype|singles","|gen|6","|tier|Monotype","|rated","|rule|Baton Pass Clause: Limit one Baton Passer, can't pass Spe and other stats simultaneously","|rule|Swagger Clause: Swagger is banned","|rule|Same Type Clause: Pokémon in a team must share a type","|clearpoke","|poke|p1|Latias, F","|poke|p1|Shelgon, M","|poke|p1|Goodra, F","|poke|p1|Kyurem-Black","|poke|p1|Dragonite, M","|poke|p1|Dragalge, M","|poke|p2|Terrakion","|poke|p2|Archeops, F","|poke|p2|Carracosta, F","|poke|p2|Cradily, M","|poke|p2|Aggron, M","|poke|p2|Tyranitar, F","|rule|Sleep Clause Mod: Limit one foe put to sleep","|rule|Species Clause: Limit one of each Pokémon","|rule|OHKO Clause: OHKO moves are banned","|rule|Moody Clause: Moody is banned","|rule|Evasion Moves Clause: Evasion moves are banned","|rule|Endless Battle Clause: Forcing endless battles is banned","|rule|HP Percentage Mod: HP is shown in percentages","|teampreview","|","|start","|switch|p1a: Dragalge|Dragalge, M|318/318","|switch|p2a: Tyranitar|Tyranitar, F|403/403","|-weather|Sandstorm","|turn|1","|","|switch|p1a: Latias|Latias, F|363/363","|move|p2a: Tyranitar|Earthquake|p1a: Latias","|-immune|p1a: Latias|[msg]","|","|-weather|Sandstorm|[upkeep]","|-damage|p1a: Latias|341/363|[from] sandstorm","|turn|2","|","|detailschange|p1a: Latias|Latias-Mega, F","|-mega|p1a: Latias|Latias|Latiasite","|move|p1a: Latias|Thunder Wave|p2a: Tyranitar","|-status|p2a: Tyranitar|par","|move|p2a: Tyranitar|Crunch|p1a: Latias","|-supereffective|p1a: Latias","|-damage|p1a: Latias|95/363","|","|-weather|Sandstorm|[upkeep]","|-damage|p1a: Latias|73/363|[from] sandstorm","|turn|3","|","|switch|p1a: Shelgon|Shelgon, M|333/333","|move|p2a: Tyranitar|Stealth Rock|p1a: Shelgon","|-sidestart|p1: Messing Saurus|move: Stealth Rock","|","|-weather|Sandstorm|[upkeep]","|-damage|p1a: Shelgon|313/333|[from] sandstorm","|turn|4","|","|move|p1a: Shelgon|Wish|p1a: Shelgon","|move|p2a: Tyranitar|Crunch|p1a: Shelgon","|-damage|p1a: Shelgon|231/333","|","|-weather|Sandstorm|[upkeep]","|-damage|p1a: Shelgon|211/333|[from] sandstorm","|turn|5","|","|switch|p2a: Cradily|Cradily, M|376/376","|move|p1a: Shelgon|Dragon Claw|p2a: Cradily","|-damage|p2a: Cradily|286/376","|","|-weather|none","|-heal|p1a: Shelgon|333/333|[from] move: Wish|[wisher] Shelgon","|-heal|p2a: Cradily|309/376|[from] item: Leftovers","|turn|6","|","|move|p1a: Shelgon|Toxic|p2a: Cradily","|-status|p2a: Cradily|tox","|move|p2a: Cradily|Toxic|p1a: Shelgon","|-status|p1a: Shelgon|tox","|","|-heal|p2a: Cradily|332/376 tox|[from] item: Leftovers","|-damage|p1a: Shelgon|313/333 tox|[from] psn","|-damage|p2a: Cradily|309/376 tox|[from] psn","|turn|7","|","|switch|p2a: Aggron|Aggron, M|343/343","|move|p1a: Shelgon|Wish|p1a: Shelgon","|","|-damage|p1a: Shelgon|273/333 tox|[from] psn","|turn|8","|","|switch|p1a: Dragalge|Dragalge, M|318/318","|-damage|p1a: Dragalge|279/318|[from] Stealth Rock","|detailschange|p2a: Aggron|Aggron-Mega, M","|-mega|p2a: Aggron|Aggron|Aggronite","|move|p2a: Aggron|Curse|p2a: Aggron","|-unboost|p2a: Aggron|spe|1","|-boost|p2a: Aggron|atk|1","|-boost|p2a: Aggron|def|1","|","|-heal|p1a: Dragalge|318/318|[from] move: Wish|[wisher] Shelgon","|turn|9","|","|move|p1a: Dragalge|Focus Blast|p2a: Aggron","|-supereffective|p2a: Aggron","|-damage|p2a: Aggron|10/343","|move|p2a: Aggron|Heavy Slam|p1a: Dragalge","|-damage|p1a: Dragalge|78/318","|","|turn|10","|","|switch|p2a: Cradily|Cradily, M|309/376 tox","|move|p1a: Dragalge|Focus Blast|p2a: Cradily|[miss]","|-miss|p1a: Dragalge|p2a: Cradily","|","|-heal|p2a: Cradily|332/376 tox|[from] item: Leftovers","|-damage|p2a: Cradily|309/376 tox|[from] psn","|turn|11","|","|move|p1a: Dragalge|Focus Blast|p2a: Cradily|[miss]","|-miss|p1a: Dragalge|p2a: Cradily","|move|p2a: Cradily|Ancient Power|p1a: Dragalge","|-damage|p1a: Dragalge|24/318","|","|-heal|p2a: Cradily|332/376 tox|[from] item: Leftovers","|-damage|p2a: Cradily|286/376 tox|[from] psn","|turn|12","|","|move|p1a: Dragalge|Focus Blast|p2a: Cradily","|-supereffective|p2a: Cradily","|-damage|p2a: Cradily|6/376 tox","|move|p2a: Cradily|Ancient Power|p1a: Dragalge","|-damage|p1a: Dragalge|0 fnt","|faint|p1a: Dragalge","|","|-heal|p2a: Cradily|29/376 tox|[from] item: Leftovers","|-damage|p2a: Cradily|0 fnt|[from] psn","|faint|p2a: Cradily","|","|switch|p2a: Archeops|Archeops, F|292/292","|switch|p1a: Kyurem-Black|Kyurem-Black|391/391","|-damage|p1a: Kyurem-Black|294/391|[from] Stealth Rock","|-ability|p1a: Kyurem-Black|Teravolt","|turn|13","|","|move|p1a: Kyurem-Black|Fusion Bolt|p2a: Archeops","|-supereffective|p2a: Archeops","|-damage|p2a: Archeops|0 fnt","|faint|p2a: Archeops","|","|","|switch|p2a: Terrakion|Terrakion|323/323","|turn|14","|","|switch|p1a: Latias|Latias-Mega, F|73/363","|-damage|p1a: Latias|28/363|[from] Stealth Rock","|move|p2a: Terrakion|Close Combat|p1a: Latias","|-resisted|p1a: Latias","|-damage|p1a: Latias|0 fnt","|-unboost|p2a: Terrakion|def|1","|-unboost|p2a: Terrakion|spd|1","|faint|p1a: Latias","|","|","|switch|p1a: Shelgon|Shelgon, M|273/333 tox","|-damage|p1a: Shelgon|232/333 tox|[from] Stealth Rock","|turn|15","|","|switch|p2a: Aggron|Aggron-Mega, M|10/343","|move|p1a: Shelgon|Dragon Claw|p2a: Aggron","|-resisted|p2a: Aggron","|-damage|p2a: Aggron|0 fnt","|faint|p2a: Aggron","|","|-damage|p1a: Shelgon|212/333 tox|[from] psn","|","|switch|p2a: Carracosta|Carracosta, F|289/289","|turn|16","|","|move|p2a: Carracosta|Knock Off|p1a: Shelgon","|-damage|p1a: Shelgon|162/333 tox","|-enditem|p1a: Shelgon|Eviolite|[from] move: Knock Off|[of] p2a: Carracosta","|move|p1a: Shelgon|Toxic|p2a: Carracosta","|-status|p2a: Carracosta|tox","|","|-damage|p2a: Carracosta|271/289 tox|[from] psn","|-damage|p1a: Shelgon|122/333 tox|[from] psn","|turn|17","|","|move|p2a: Carracosta|Shell Smash|p2a: Carracosta","|-unboost|p2a: Carracosta|def|1","|-unboost|p2a: Carracosta|spd|1","|-boost|p2a: Carracosta|atk|2","|-boost|p2a: Carracosta|spa|2","|-boost|p2a: Carracosta|spe|2","|-enditem|p2a: Carracosta|White Herb","|-restoreboost|p2a: Carracosta|[silent]","|move|p1a: Shelgon|Wish|p1a: Shelgon","|","|-damage|p2a: Carracosta|235/289 tox|[from] psn","|-damage|p1a: Shelgon|62/333 tox|[from] psn","|turn|18","|","|move|p2a: Carracosta|Earthquake|p1a: Shelgon","|-damage|p1a: Shelgon|0 fnt","|faint|p1a: Shelgon","|","|-damage|p2a: Carracosta|181/289 tox|[from] psn","|","|switch|p1a: Kyurem-Black|Kyurem-Black|294/391","|-damage|p1a: Kyurem-Black|197/391|[from] Stealth Rock","|-ability|p1a: Kyurem-Black|Teravolt","|turn|19","|","|move|p1a: Kyurem-Black|Outrage|p2a: Carracosta","|-crit|p2a: Carracosta","|-damage|p2a: Carracosta|0 fnt","|faint|p2a: Carracosta","|","|","|switch|p2a: Terrakion|Terrakion|323/323","|turn|20","|","|move|p2a: Terrakion|Stone Edge|p1a: Kyurem-Black","|-supereffective|p1a: Kyurem-Black","|-damage|p1a: Kyurem-Black|0 fnt","|faint|p1a: Kyurem-Black","|","|","|switch|p1a: Dragonite|Dragonite, M|377/377","|-damage|p1a: Dragonite|283/377|[from] Stealth Rock","|turn|21","|","|move|p2a: Terrakion|Stone Edge|p1a: Dragonite|[miss]","|-miss|p2a: Terrakion|p1a: Dragonite","|move|p1a: Dragonite|Roost|p1a: Dragonite","|-heal|p1a: Dragonite|377/377","|","|turn|22","|","|move|p2a: Terrakion|Stone Edge|p1a: Dragonite","|-supereffective|p1a: Dragonite","|-damage|p1a: Dragonite|202/377","|move|p1a: Dragonite|Dragon Dance|p1a: Dragonite","|-boost|p1a: Dragonite|atk|1","|-boost|p1a: Dragonite|spe|1","|","|-heal|p1a: Dragonite|225/377|[from] item: Leftovers","|turn|23","|","|move|p2a: Terrakion|Stone Edge|p1a: Dragonite","|-supereffective|p1a: Dragonite","|-damage|p1a: Dragonite|0 fnt","|faint|p1a: Dragonite","|","|","|switch|p1a: Goodra|Goodra, F|383/383","|-damage|p1a: Goodra|336/383|[from] Stealth Rock","|turn|24","|","|switch|p2a: Tyranitar|Tyranitar, F|403/403 par","|-weather|Sandstorm","|move|p1a: Goodra|Draco Meteor|p2a: Tyranitar","|-damage|p2a: Tyranitar|247/403 par","|-unboost|p1a: Goodra|spa|2","|","|-weather|Sandstorm|[upkeep]","|-damage|p1a: Goodra|313/383|[from] sandstorm","|turn|25","|","|move|p1a: Goodra|Sludge Bomb|p2a: Tyranitar","|-resisted|p2a: Tyranitar","|-damage|p2a: Tyranitar|228/403 par","|move|p2a: Tyranitar|Crunch|p1a: Goodra","|-damage|p1a: Goodra|109/383","|","|-weather|Sandstorm|[upkeep]","|-damage|p1a: Goodra|86/383|[from] sandstorm","|turn|26","|","|move|p1a: Goodra|Draco Meteor|p2a: Tyranitar","|-damage|p2a: Tyranitar|147/403 par","|-unboost|p1a: Goodra|spa|2","|cant|p2a: Tyranitar|par","|","|-weather|Sandstorm|[upkeep]","|-damage|p1a: Goodra|63/383|[from] sandstorm","|turn|27","|","|cant|p2a: Tyranitar|par","|move|p1a: Goodra|Dragon Tail|p2a: Tyranitar","|-damage|p2a: Tyranitar|87/403 par","|drag|p2a: Terrakion|Terrakion|323/323","|","|-weather|Sandstorm|[upkeep]","|-damage|p1a: Goodra|40/383|[from] sandstorm","|turn|28","|","|move|p2a: Terrakion|Stone Edge|p1a: Goodra","|-damage|p1a: Goodra|0 fnt","|faint|p1a: Goodra","|","|win|V Monocle"],"p1rating":{"entryid":"7319139","serverid":"eos","formatid":"monotype","userid":"messingsaurus","username":"Messing Saurus","w":"3","l":2,"t":"0","gxe":54.1,"r":"1456.1269543937","rd":"121.87183785752","sigma":"0","rptime":"1438506000","rpr":1532.009773394,"rprd":102.83382548222,"rpsigma":"0","acre":1089.2330384008,"lacre":1089.2330384008,"oldacre":"1116.6547321465"},"p2rating":{"entryid":"7320079","serverid":"eos","formatid":"monotype","userid":"vmonocle","username":"V Monocle","w":5,"l":"8","t":"0","gxe":41.9,"r":"1383.1941194797","rd":"89.594542961548","sigma":"0","rptime":"1438506000","rpr":1436.7161176142,"rprd":81.14508446464,"rpsigma":"0","acre":1113.1297836874,"lacre":1113.1297836874,"oldacre":"1082.8935654929"},"endType":"normal"}