{"seed":[37594,8671,55153,578],"turns":31,"p1":"iancalebe","p2":"PokeLlama32","p1team":[{"name":"Rhyperior","moves":["rockpolish","rockblast","megahorn","aquatail"],"ability":"Solid Rock","evs":{"hp":85,"atk":85,"def":85,"spa":85,"spd":85,"spe":85},"ivs":{"hp":31,"atk":31,"def":31,"spa":31,"spd":31,"spe":31},"item":"Weakness Policy","level":79,"shiny":false},{"name":"Landorus","moves":["rockpolish","focusblast","calmmind","earthpower"],"ability":"Sheer Force","evs":{"hp":85,"atk":85,"def":85,"spa":85,"spd":85,"spe":85},"ivs":{"hp":31,"atk":31,"def":31,"spa":31,"spd":31,"spe":31},"item":"Life Orb","level":73,"shiny":false},{"name":"Huntail","moves":["batonpass","shellsmash","suckerpunch","waterfall"],"ability":"Water Veil","evs":{"hp":85,"atk":85,"def":85,"spa":85,"spd":85,"spe":85},"ivs":{"hp":31,"atk":31,"def":31,"spa":31,"spd":31,"spe":31},"item":"White Herb","level":83,"shiny":false},{"name":"Audino","moves":["healbell","calmmind","hypervoice","dazzlinggleam"],"ability":"Regenerator","evs":{"hp":85,"atk":85,"def":85,"spa":85,"spd":85,"spe":85},"ivs":{"hp":31,"atk":31,"def":31,"spa":31,"spd":31,"spe":31},"item":"Audinite","level":81,"shiny":false},{"name":"Mawile","moves":["suckerpunch","playrough","swordsdance","ironhead"],"ability":"Sheer Force","evs":{"hp":85,"atk":85,"def":85,"spa":85,"spd":85,"spe":85},"ivs":{"hp":31,"atk":31,"def":31,"spa":31,"spd":31,"spe":31},"item":"Life Orb","level":81,"shiny":false},{"name":"Haxorus","moves":["swordsdance","taunt","earthquake","dragonclaw"],"ability":"Mold Breaker","evs":{"hp":85,"atk":85,"def":85,"spa":85,"spd":85,"spe":85},"ivs":{"hp":31,"atk":31,"def":31,"spa":31,"spd":31,"spe":31},"item":"Leftovers","level":77,"shiny":false}],"p2team":[{"name":"Mantine","moves":["defog","airslash","toxic","scald"],"ability":"Water Absorb","evs":{"hp":85,"atk":85,"def":85,"spa":85,"spd":85,"spe":85},"ivs":{"hp":31,"atk":31,"def":31,"spa":31,"spd":31,"spe":31},"item":"Focus Sash","level":81,"shiny":false},{"name":"Qwilfish","moves":["taunt","waterfall","painsplit","thunderwave"],"ability":"Intimidate","evs":{"hp":85,"atk":85,"def":85,"spa":85,"spd":85,"spe":85},"ivs":{"hp":31,"atk":31,"def":31,"spa":31,"spd":31,"spe":31},"item":"Black Sludge","level":79,"shiny":false},{"name":"Klinklang","moves":["geargrind","wildcharge","return","substitute"],"ability":"Clear Body","evs":{"hp":85,"atk":85,"def":85,"spa":85,"spd":85,"spe":85},"ivs":{"hp":31,"atk":31,"def":31,"spa":31,"spd":31,"spe":31},"item":"Leftovers","level":81,"shiny":false},{"name":"Electrode","moves":["voltswitch","foulplay","taunt","hiddenpowergrass"],"ability":"Aftermath","evs":{"hp":85,"atk":85,"def":85,"spa":85,"spd":85,"spe":85},"ivs":{"hp":31,"atk":30,"def":31,"spa":30,"spd":31,"spe":31},"item":"Life Orb","level":83,"shiny":false},{"name":"Yanmega","moves":["ancientpower","bugbuzz","protect","uturn"],"ability":"Speed Boost","evs":{"hp":81,"atk":85,"def":85,"spa":89,"spd":85,"spe":85},"ivs":{"hp":31,"atk":31,"def":31,"spa":31,"spd":31,"spe":31},"item":"Life Orb","level":78,"shiny":false},{"name":"Stunfisk","moves":["earthpower","discharge","scald","toxic"],"ability":"Static","evs":{"hp":85,"atk":85,"def":85,"spa":85,"spd":85,"spe":85},"ivs":{"hp":31,"atk":31,"def":31,"spa":31,"spd":31,"spe":31},"item":"Leftovers","level":83,"shiny":false}],"log":["|player|p1|iancalebe|45","|player|p2|PokeLlama32|275","|gametype|singles","|gen|6","|tier|Random Battle","|rated","|rule|Sleep Clause Mod: Limit one foe put to sleep","|rule|HP Percentage Mod: HP is shown in percentages","|","|start","|switch|p1a: Rhyperior|Rhyperior, L79, M|311/311","|switch|p2a: Mantine|Mantine, L81, F|238/238","|turn|1","|","|switch|p1a: Haxorus|Haxorus, L77, F|244/244","|-ability|p1a: Haxorus|Mold Breaker","|move|p2a: Mantine|Scald|p1a: Haxorus","|-resisted|p1a: Haxorus","|-damage|p1a: Haxorus|197/244","|","|-heal|p1a: Haxorus|212/244|[from] item: Leftovers","|turn|2","|","|move|p1a: Haxorus|Swords Dance|p1a: Haxorus","|-boost|p1a: Haxorus|atk|2","|move|p2a: Mantine|Air Slash|p1a: Haxorus","|-damage|p1a: Haxorus|131/244","|","|-heal|p1a: Haxorus|146/244|[from] item: Leftovers","|turn|3","|","|move|p1a: Haxorus|Dragon Claw|p2a: Mantine","|-enditem|p2a: Mantine|Focus Sash","|-damage|p2a: Mantine|1/238","|move|p2a: Mantine|Air Slash|p1a: Haxorus","|-damage|p1a: Haxorus|58/244","|","|-heal|p1a: Haxorus|73/244|[from] item: Leftovers","|turn|4","|","|move|p1a: Haxorus|Dragon Claw|p2a: Mantine","|-damage|p2a: Mantine|0 fnt","|faint|p2a: Mantine","|","|-heal|p1a: Haxorus|88/244|[from] item: Leftovers","|","|switch|p2a: Klinklang|Klinklang, L81|230/230","|turn|5","|","|move|p1a: Haxorus|Earthquake|p2a: Klinklang","|-crit|p2a: Klinklang","|-supereffective|p2a: Klinklang","|-damage|p2a: Klinklang|0 fnt","|faint|p2a: Klinklang","|","|-heal|p1a: Haxorus|103/244|[from] item: Leftovers","|","|switch|p2a: Yanmega|Yanmega, L78, M|261/261","|turn|6","|","|move|p1a: Haxorus|Dragon Claw|p2a: Yanmega","|-damage|p2a: Yanmega|53/261","|move|p2a: Yanmega|Ancient Power|p1a: Haxorus","|-damage|p1a: Haxorus|26/244","|-damage|p2a: Yanmega|27/261|[from] item: Life Orb","|","|-heal|p1a: Haxorus|41/244|[from] item: Leftovers","|-boost|p2a: Yanmega|spe|1|[from] ability: Speed Boost","|turn|7","|","|switch|p1a: Landorus|Landorus, L73, M|250/250","|move|p2a: Yanmega|Ancient Power|p1a: Landorus","|-damage|p1a: Landorus|177/250","|-damage|p2a: Yanmega|1/261|[from] item: Life Orb","|","|-boost|p2a: Yanmega|spe|1|[from] ability: Speed Boost","|turn|8","|","|move|p2a: Yanmega|Protect|p2a: Yanmega","|-singleturn|p2a: Yanmega|Protect","|move|p1a: Landorus|Calm Mind|p1a: Landorus","|-boost|p1a: Landorus|spa|1","|-boost|p1a: Landorus|spd|1","|","|-boost|p2a: Yanmega|spe|1|[from] ability: Speed Boost","|turn|9","|","|move|p2a: Yanmega|Ancient Power|p1a: Landorus","|-damage|p1a: Landorus|126/250","|-damage|p2a: Yanmega|0 fnt|[from] item: Life Orb","|faint|p2a: Yanmega","|move|p1a: Landorus|Rock Polish|p1a: Landorus","|-boost|p1a: Landorus|spe|2","|","|","|switch|p2a: Stunfisk|Stunfisk, L83, F|317/317","|turn|10","|","|move|p1a: Landorus|Focus Blast|p2a: Stunfisk|[miss]","|-miss|p1a: Landorus|p2a: Stunfisk","|move|p2a: Stunfisk|Scald|p1a: Landorus","|-supereffective|p1a: Landorus","|-damage|p1a: Landorus|46/250","|-status|p1a: Landorus|brn","|","|-damage|p1a: Landorus|15/250 brn|[from] brn","|turn|11","|","|move|p1a: Landorus|Focus Blast|p2a: Stunfisk","|-damage|p2a: Stunfisk|153/317","|move|p2a: Stunfisk|Scald|p1a: Landorus","|-supereffective|p1a: Landorus","|-damage|p1a: Landorus|0 fnt","|faint|p1a: Landorus","|","|-heal|p2a: Stunfisk|172/317|[from] item: Leftovers","|","|switch|p1a: Haxorus|Haxorus, L77, F|41/244","|-ability|p1a: Haxorus|Mold Breaker","|turn|12","|","|move|p1a: Haxorus|Dragon Claw|p2a: Stunfisk","|-damage|p2a: Stunfisk|73/317","|move|p2a: Stunfisk|Earth Power|p1a: Haxorus","|-damage|p1a: Haxorus|0 fnt","|faint|p1a: Haxorus","|","|-heal|p2a: Stunfisk|92/317|[from] item: Leftovers","|","|switch|p1a: Audino|Audino, L81, M|299/299","|turn|13","|","|detailschange|p1a: Audino|Audino-Mega, L81, M","|-mega|p1a: Audino|Audino|Audinite","|move|p1a: Audino|Hyper Voice|p2a: Stunfisk","|-damage|p2a: Stunfisk|25/317","|move|p2a: Stunfisk|Earth Power|p1a: Audino","|-damage|p1a: Audino|236/299","|","|-heal|p2a: Stunfisk|44/317|[from] item: Leftovers","|turn|14","|","|move|p1a: Audino|Hyper Voice|p2a: Stunfisk","|-damage|p2a: Stunfisk|0 fnt","|faint|p2a: Stunfisk","|","|","|switch|p2a: Qwilfish|Qwilfish, L79, M|232/232","|-ability|p2a: Qwilfish|Intimidate","|-unboost|p1a: Audino|atk|1","|turn|15","|","|switch|p1a: Rhyperior|Rhyperior, L79, M|311/311","|move|p2a: Qwilfish|Thunder Wave|p1a: Rhyperior","|-immune|p1a: Rhyperior|[msg]","|","|turn|16","|","|move|p2a: Qwilfish|Waterfall|p1a: Rhyperior","|-supereffective|p1a: Rhyperior","|-damage|p1a: Rhyperior|146/311","|-enditem|p1a: Rhyperior|Weakness Policy","|-boost|p1a: Rhyperior|atk|2|[from] item: Weakness Policy","|-boost|p1a: Rhyperior|spa|2|[from] item: Weakness Policy","|cant|p1a: Rhyperior|flinch","|","|turn|17","|","|move|p2a: Qwilfish|Waterfall|p1a: Rhyperior","|-supereffective|p1a: Rhyperior","|-damage|p1a: Rhyperior|0 fnt","|faint|p1a: Rhyperior","|","|","|switch|p1a: Huntail|Huntail, L83, F|227/227","|turn|18","|","|move|p2a: Qwilfish|Taunt|p1a: Huntail","|-start|p1a: Huntail|move: Taunt","|cant|p1a: Huntail|move: Taunt|Shell Smash","|","|turn|19","|","|move|p2a: Qwilfish|Thunder Wave|p1a: Huntail","|-status|p1a: Huntail|par","|move|p1a: Huntail|Waterfall|p2a: Qwilfish","|-resisted|p2a: Qwilfish","|-damage|p2a: Qwilfish|181/232","|","|-heal|p2a: Qwilfish|195/232|[from] item: Black Sludge","|turn|20","|","|switch|p2a: Electrode|Electrode, L83|235/235","|move|p1a: Huntail|Sucker Punch|p2a: Electrode","|-fail|p1a: Huntail","|","|-end|p1a: Huntail|move: Taunt","|turn|21","|","|switch|p1a: Mawile|Mawile, L81, F|214/214","|move|p2a: Electrode|Foul Play|p1a: Mawile","|-resisted|p1a: Mawile","|-damage|p1a: Mawile|175/214","|-damage|p2a: Electrode|212/235|[from] item: Life Orb","|","|turn|22","|","|move|p2a: Electrode|Volt Switch|p1a: Mawile","|-damage|p1a: Mawile|58/214","|-damage|p2a: Electrode|189/235|[from] item: Life Orb","|","|switch|p2a: Qwilfish|Qwilfish, L79, M|195/232","|-ability|p2a: Qwilfish|Intimidate","|-unboost|p1a: Mawile|atk|1","|move|p1a: Mawile|Swords Dance|p1a: Mawile","|-boost|p1a: Mawile|atk|2","|","|-heal|p2a: Qwilfish|209/232|[from] item: Black Sludge","|turn|23","|","|move|p2a: Qwilfish|Waterfall|p1a: Mawile","|-damage|p1a: Mawile|0 fnt","|faint|p1a: Mawile","|","|-heal|p2a: Qwilfish|223/232|[from] item: Black Sludge","|","|switch|p1a: Huntail|Huntail, L83, F|227/227 par","|turn|24","|","|switch|p2a: Electrode|Electrode, L83|189/235","|move|p1a: Huntail|Sucker Punch|p2a: Electrode","|-fail|p1a: Huntail","|","|turn|25","|","|move|p1a: Huntail|Sucker Punch|p2a: Electrode","|-damage|p2a: Electrode|113/235","|move|p2a: Electrode|Hidden Power|p1a: Huntail","|-supereffective|p1a: Huntail","|-damage|p1a: Huntail|118/227 par","|-damage|p2a: Electrode|90/235|[from] item: Life Orb","|","|turn|26","|","|move|p2a: Electrode|Hidden Power|p1a: Huntail","|-supereffective|p1a: Huntail","|-damage|p1a: Huntail|14/227 par","|-damage|p2a: Electrode|67/235|[from] item: Life Orb","|move|p1a: Huntail|Shell Smash|p1a: Huntail","|-unboost|p1a: Huntail|def|1","|-unboost|p1a: Huntail|spd|1","|-boost|p1a: Huntail|atk|2","|-boost|p1a: Huntail|spa|2","|-boost|p1a: Huntail|spe|2","|-enditem|p1a: Huntail|White Herb","|-restoreboost|p1a: Huntail|[silent]","|","|turn|27","|","|move|p2a: Electrode|Hidden Power|p1a: Huntail","|-crit|p1a: Huntail","|-supereffective|p1a: Huntail","|-damage|p1a: Huntail|0 fnt","|-damage|p2a: Electrode|44/235|[from] item: Life Orb","|faint|p1a: Huntail","|","|","|switch|p1a: Audino|Audino-Mega, L81, M|236/299","|turn|28","|","|move|p2a: Electrode|Foul Play|p1a: Audino","|-resisted|p1a: Audino","|-damage|p1a: Audino|214/299","|-damage|p2a: Electrode|21/235|[from] item: Life Orb","|move|p1a: Audino|Hyper Voice|p2a: Electrode","|-damage|p2a: Electrode|0 fnt","|faint|p2a: Electrode","|","|","|switch|p2a: Qwilfish|Qwilfish, L79, M|223/232","|-ability|p2a: Qwilfish|Intimidate","|-unboost|p1a: Audino|atk|1","|turn|29","|","|move|p2a: Qwilfish|Waterfall|p1a: Audino","|-damage|p1a: Audino|156/299","|move|p1a: Audino|Calm Mind|p1a: Audino","|-boost|p1a: Audino|spa|1","|-boost|p1a: Audino|spd|1","|","|-heal|p2a: Qwilfish|232/232|[from] item: Black Sludge","|turn|30","|","|move|p2a: Qwilfish|Waterfall|p1a: Audino","|-damage|p1a: Audino|98/299","|move|p1a: Audino|Hyper Voice|p2a: Qwilfish","|-damage|p2a: Qwilfish|58/232","|","|-heal|p2a: Qwilfish|72/232|[from] item: Black Sludge","|turn|31","|","|move|p2a: Qwilfish|Waterfall|p1a: Audino","|-damage|p1a: Audino|35/299","|move|p1a: Audino|Hyper Voice|p2a: Qwilfish","|-damage|p2a: Qwilfish|0 fnt","|faint|p2a: Qwilfish","|","|win|iancalebe"],"p1rating":{"entryid":7421896,"formatid":"randombattle","userid":"iancalebe","username":"iancalebe","r":1500,"rd":130,"sigma":0,"rpr":1540.1606143388,"rprd":122.8583080769,"rpsigma":0,"rptime":1438765200,"w":1,"l":0,"t":0,"gxe":55,"acre":1040,"lacre":1040,"oldacre":1000},"p2rating":{"entryid":7421897,"formatid":"randombattle","userid":"pokellama32","username":"PokeLlama32","r":1500,"rd":130,"sigma":0,"rpr":1459.8393856612,"rprd":122.8583080769,"rpsigma":0,"rptime":1438765200,"w":0,"l":1,"t":0,"gxe":45,"acre":1000,"lacre":1000,"oldacre":1000},"endType":"normal"}