{"seed":[62627,63525,36154,56874],"turns":31,"p1":"Liquid Stranger","p2":"Silver-Kurai","p1team":[{"name":"Porygon-Z","moves":["agility","nastyplot","thunderbolt","triattack"],"ability":"Adaptability","evs":{"hp":85,"atk":85,"def":85,"spa":85,"spd":85,"spe":85},"ivs":{"hp":31,"atk":31,"def":31,"spa":31,"spd":31,"spe":31},"item":"Focus Sash","level":77,"shiny":false},{"name":"Deoxys","moves":["extremespeed","psychoboost","firepunch","superpower"],"ability":"Pressure","evs":{"hp":85,"atk":85,"def":85,"spa":85,"spd":85,"spe":85},"ivs":{"hp":31,"atk":31,"def":31,"spa":31,"spd":31,"spe":31},"item":"Life Orb","level":73,"shiny":false},{"name":"Simipour","moves":["nastyplot","focusblast","substitute","hydropump"],"ability":"Torrent","evs":{"hp":85,"atk":85,"def":85,"spa":85,"spd":85,"spe":85},"ivs":{"hp":31,"atk":31,"def":31,"spa":31,"spd":31,"spe":31},"item":"Leftovers","level":83,"shiny":false},{"name":"Steelix","moves":["stealthrock","earthquake","toxic","dragontail"],"ability":"Sturdy","evs":{"hp":85,"atk":85,"def":85,"spa":85,"spd":85,"spe":85},"ivs":{"hp":31,"atk":31,"def":31,"spa":31,"spd":31,"spe":31},"item":"Steelixite","level":79,"shiny":false},{"name":"Cofagrigus","moves":["willowisp","shadowball","painsplit","hiddenpowerfighting"],"ability":"Mummy","evs":{"hp":85,"atk":85,"def":85,"spa":85,"spd":85,"spe":85},"ivs":{"hp":31,"atk":31,"def":30,"spa":30,"spd":30,"spe":30},"item":"Leftovers","level":79,"shiny":false},{"name":"Weavile","moves":["knockoff","swordsdance","iceshard","lowkick"],"ability":"Pressure","evs":{"hp":85,"atk":85,"def":85,"spa":85,"spd":85,"spe":85},"ivs":{"hp":31,"atk":31,"def":31,"spa":31,"spd":31,"spe":31},"item":"Life Orb","level":75,"shiny":false}],"p2team":[{"name":"Seismitoad","moves":["stealthrock","raindance","sludgewave","scald"],"ability":"Swift Swim","evs":{"hp":85,"atk":85,"def":85,"spa":85,"spd":85,"spe":85},"ivs":{"hp":31,"atk":31,"def":31,"spa":31,"spd":31,"spe":31},"item":"Damp Rock","level":79,"shiny":false},{"name":"Relicanth","moves":["headsmash","doubleedge","waterfall","earthquake"],"ability":"Rock Head","evs":{"hp":85,"atk":85,"def":85,"spa":85,"spd":85,"spe":85},"ivs":{"hp":31,"atk":31,"def":31,"spa":31,"spd":31,"spe":31},"item":"Choice Band","level":83,"shiny":false},{"name":"Nidoqueen","moves":["stealthrock","sludgewave","toxicspikes","icebeam"],"ability":"Sheer Force","evs":{"hp":85,"atk":85,"def":85,"spa":85,"spd":85,"spe":85},"ivs":{"hp":31,"atk":31,"def":31,"spa":31,"spd":31,"spe":31},"item":"Life Orb","level":77,"shiny":false},{"name":"Hypno","moves":["protect","wish","thunderwave","psychic"],"ability":"Insomnia","evs":{"hp":85,"atk":85,"def":85,"spa":85,"spd":85,"spe":85},"ivs":{"hp":31,"atk":31,"def":31,"spa":31,"spd":31,"spe":31},"item":"Leftovers","level":83,"shiny":false},{"name":"Toxicroak","moves":["drainpunch","suckerpunch","substitute","swordsdance"],"ability":"Dry Skin","evs":{"hp":85,"atk":85,"def":85,"spa":85,"spd":85,"spe":85},"ivs":{"hp":31,"atk":31,"def":31,"spa":31,"spd":31,"spe":31},"item":"Black Sludge","level":77,"shiny":false},{"name":"Goodra","moves":["thunderbolt","sludgebomb","dragonpulse","earthquake"],"ability":"Sap Sipper","evs":{"hp":85,"atk":85,"def":85,"spa":85,"spd":85,"spe":85},"ivs":{"hp":31,"atk":31,"def":31,"spa":31,"spd":31,"spe":31},"item":"Assault Vest","level":77,"shiny":false}],"log":["|player|p1|Liquid Stranger|115","|player|p2|Silver-Kurai|1","|gametype|singles","|gen|6","|tier|Random Battle","|rated","|rule|Sleep Clause Mod: Limit one foe put to sleep","|rule|HP Percentage Mod: HP is shown in percentages","|","|start","|switch|p1a: Porygon-Z|Porygon-Z, L77|257/257","|switch|p2a: Seismitoad|Seismitoad, L79, F|295/295","|turn|1","|","|move|p1a: Porygon-Z|Agility|p1a: Porygon-Z","|-boost|p1a: Porygon-Z|spe|2","|move|p2a: Seismitoad|Stealth Rock|p1a: Porygon-Z","|-sidestart|p1: Liquid Stranger|move: Stealth Rock","|","|turn|2","|","|move|p1a: Porygon-Z|Tri Attack|p2a: Seismitoad","|-damage|p2a: Seismitoad|139/295","|move|p2a: Seismitoad|Rain Dance|p2a: Seismitoad","|-weather|RainDance","|","|-weather|RainDance|[upkeep]","|turn|3","|","|move|p1a: Porygon-Z|Tri Attack|p2a: Seismitoad","|-damage|p2a: Seismitoad|0 fnt","|faint|p2a: Seismitoad","|","|-weather|RainDance|[upkeep]","|","|switch|p2a: Hypno|Hypno, L83, M|277/277","|turn|4","|","|move|p1a: Porygon-Z|Nasty Plot|p1a: Porygon-Z","|-boost|p1a: Porygon-Z|spa|2","|move|p2a: Hypno|Thunder Wave|p1a: Porygon-Z","|-status|p1a: Porygon-Z|par","|","|-weather|RainDance|[upkeep]","|turn|5","|","|move|p2a: Hypno|Psychic|p1a: Porygon-Z","|-damage|p1a: Porygon-Z|172/257 par","|-unboost|p1a: Porygon-Z|spd|1","|move|p1a: Porygon-Z|Tri Attack|p2a: Hypno","|-damage|p2a: Hypno|75/277","|-status|p2a: Hypno|brn","|","|-weather|RainDance|[upkeep]","|-heal|p2a: Hypno|92/277 brn|[from] item: Leftovers","|-damage|p2a: Hypno|58/277 brn|[from] brn","|turn|6","|","|move|p2a: Hypno|Psychic|p1a: Porygon-Z","|-damage|p1a: Porygon-Z|22/257 par","|move|p1a: Porygon-Z|Tri Attack|p2a: Hypno","|-damage|p2a: Hypno|0 fnt","|faint|p2a: Hypno","|","|-weather|RainDance|[upkeep]","|","|switch|p2a: Toxicroak|Toxicroak, L77, F|254/254","|turn|7","|","|move|p2a: Toxicroak|Substitute|p2a: Toxicroak","|-start|p2a: Toxicroak|Substitute","|-damage|p2a: Toxicroak|191/254","|move|p1a: Porygon-Z|Thunderbolt|p2a: Toxicroak","|-end|p2a: Toxicroak|Substitute","|","|-weather|RainDance|[upkeep]","|-heal|p2a: Toxicroak|222/254|[from] ability: Dry Skin","|-heal|p2a: Toxicroak|237/254|[from] item: Black Sludge","|turn|8","|","|move|p2a: Toxicroak|Substitute|p2a: Toxicroak","|-start|p2a: Toxicroak|Substitute","|-damage|p2a: Toxicroak|174/254","|move|p1a: Porygon-Z|Tri Attack|p2a: Toxicroak","|-end|p2a: Toxicroak|Substitute","|","|-weather|RainDance|[upkeep]","|-heal|p2a: Toxicroak|205/254|[from] ability: Dry Skin","|-heal|p2a: Toxicroak|220/254|[from] item: Black Sludge","|turn|9","|","|move|p2a: Toxicroak|Substitute|p2a: Toxicroak","|-start|p2a: Toxicroak|Substitute","|-damage|p2a: Toxicroak|157/254","|move|p1a: Porygon-Z|Tri Attack|p2a: Toxicroak","|-end|p2a: Toxicroak|Substitute","|","|-weather|none","|-heal|p2a: Toxicroak|172/254|[from] item: Black Sludge","|turn|10","|","|move|p2a: Toxicroak|Drain Punch|p1a: Porygon-Z","|-supereffective|p1a: Porygon-Z","|-damage|p1a: Porygon-Z|0 fnt","|-heal|p2a: Toxicroak|183/254|[from] drain|[of] p1a: Porygon-Z","|faint|p1a: Porygon-Z","|","|-heal|p2a: Toxicroak|198/254|[from] item: Black Sludge","|","|switch|p1a: Deoxys|Deoxys, L73|193/193","|-damage|p1a: Deoxys|169/193|[from] Stealth Rock","|-ability|p1a: Deoxys|Pressure","|turn|11","|","|switch|p2a: Goodra|Goodra, L77, M|265/265","|move|p1a: Deoxys|Extreme Speed|p2a: Goodra","|-damage|p2a: Goodra|153/265","|-damage|p1a: Deoxys|150/193|[from] item: Life Orb","|","|turn|12","|","|move|p1a: Deoxys|Psycho Boost|p2a: Goodra","|-damage|p2a: Goodra|48/265","|-unboost|p1a: Deoxys|spa|2","|-damage|p1a: Deoxys|131/193|[from] item: Life Orb","|move|p2a: Goodra|Sludge Bomb|p1a: Deoxys","|-crit|p1a: Deoxys","|-damage|p1a: Deoxys|0 fnt","|faint|p1a: Deoxys","|","|","|switch|p1a: Steelix|Steelix, L79, F|248/248","|-damage|p1a: Steelix|241/248|[from] Stealth Rock","|turn|13","|","|detailschange|p1a: Steelix|Steelix-Mega, L79, F","|-mega|p1a: Steelix|Steelix|Steelixite","|move|p2a: Goodra|Earthquake|p1a: Steelix","|-supereffective|p1a: Steelix","|-damage|p1a: Steelix|181/248","|move|p1a: Steelix|Stealth Rock|p2a: Goodra","|-sidestart|p2: Silver-Kurai|move: Stealth Rock","|","|turn|14","|","|move|p2a: Goodra|Earthquake|p1a: Steelix","|-supereffective|p1a: Steelix","|-damage|p1a: Steelix|119/248","|move|p1a: Steelix|Earthquake|p2a: Goodra","|-damage|p2a: Goodra|0 fnt","|faint|p2a: Goodra","|","|","|switch|p2a: Relicanth|Relicanth, L83, M|302/302","|-damage|p2a: Relicanth|265/302|[from] Stealth Rock","|turn|15","|","|switch|p1a: Simipour|Simipour, L83, F|260/260","|-damage|p1a: Simipour|228/260|[from] Stealth Rock","|move|p2a: Relicanth|Waterfall|p1a: Simipour","|-resisted|p1a: Simipour","|-damage|p1a: Simipour|149/260","|","|-heal|p1a: Simipour|165/260|[from] item: Leftovers","|turn|16","|","|move|p1a: Simipour|Focus Blast|p2a: Relicanth|[miss]","|-miss|p1a: Simipour|p2a: Relicanth","|move|p2a: Relicanth|Waterfall|p1a: Simipour","|-resisted|p1a: Simipour","|-damage|p1a: Simipour|93/260","|","|-heal|p1a: Simipour|109/260|[from] item: Leftovers","|turn|17","|","|switch|p2a: Toxicroak|Toxicroak, L77, F|198/254","|-damage|p2a: Toxicroak|183/254|[from] Stealth Rock","|move|p1a: Simipour|Focus Blast|p2a: Toxicroak|[miss]","|-miss|p1a: Simipour|p2a: Toxicroak","|","|-heal|p1a: Simipour|125/260|[from] item: Leftovers","|-heal|p2a: Toxicroak|198/254|[from] item: Black Sludge","|turn|18","|","|switch|p1a: Cofagrigus|Cofagrigus, L79, F|221/221","|-damage|p1a: Cofagrigus|194/221|[from] Stealth Rock","|move|p2a: Toxicroak|Substitute|p2a: Toxicroak","|-start|p2a: Toxicroak|Substitute","|-damage|p2a: Toxicroak|135/254","|","|-heal|p2a: Toxicroak|150/254|[from] item: Black Sludge","|-heal|p1a: Cofagrigus|207/221|[from] item: Leftovers","|turn|19","|","|move|p2a: Toxicroak|Sucker Punch|p1a: Cofagrigus","|-supereffective|p1a: Cofagrigus","|-damage|p1a: Cofagrigus|131/221","|-endability|p2a: Toxicroak|dryskin|[from] Mummy","|-ability|p2a: Toxicroak|Mummy|[from] Mummy","|move|p1a: Cofagrigus|Shadow Ball|p2a: Toxicroak","|-end|p2a: Toxicroak|Substitute","|","|-heal|p2a: Toxicroak|165/254|[from] item: Black Sludge","|-heal|p1a: Cofagrigus|144/221|[from] item: Leftovers","|turn|20","|","|switch|p2a: Nidoqueen|Nidoqueen, L77, F|265/265","|-damage|p2a: Nidoqueen|249/265|[from] Stealth Rock","|move|p1a: Cofagrigus|Will-O-Wisp|p2a: Nidoqueen","|-status|p2a: Nidoqueen|brn","|","|-heal|p1a: Cofagrigus|157/221|[from] item: Leftovers","|-damage|p2a: Nidoqueen|216/265 brn|[from] brn","|turn|21","|","|switch|p1a: Simipour|Simipour, L83, F|125/260","|-damage|p1a: Simipour|93/260|[from] Stealth Rock","|move|p2a: Nidoqueen|Ice Beam|p1a: Simipour","|-resisted|p1a: Simipour","|-damage|p1a: Simipour|46/260","|","|-heal|p1a: Simipour|62/260|[from] item: Leftovers","|-damage|p2a: Nidoqueen|183/265 brn|[from] brn","|turn|22","|","|move|p1a: Simipour|Focus Blast|p2a: Nidoqueen","|-resisted|p2a: Nidoqueen","|-damage|p2a: Nidoqueen|136/265 brn","|-unboost|p2a: Nidoqueen|spd|1","|move|p2a: Nidoqueen|Sludge Wave|p1a: Simipour","|-damage|p1a: Simipour|0 fnt","|faint|p1a: Simipour","|","|-damage|p2a: Nidoqueen|103/265 brn|[from] brn","|","|switch|p1a: Weavile|Weavile, L75, F|229/229","|-damage|p1a: Weavile|172/229|[from] Stealth Rock","|-ability|p1a: Weavile|Pressure","|turn|23","|","|move|p1a: Weavile|Ice Shard|p2a: Nidoqueen","|-supereffective|p2a: Nidoqueen","|-damage|p2a: Nidoqueen|0 fnt","|-damage|p1a: Weavile|150/229|[from] item: Life Orb","|faint|p2a: Nidoqueen","|","|","|switch|p2a: Relicanth|Relicanth, L83, M|265/302","|-damage|p2a: Relicanth|228/302|[from] Stealth Rock","|turn|24","|","|move|p1a: Weavile|Low Kick|p2a: Relicanth","|-supereffective|p2a: Relicanth","|-damage|p2a: Relicanth|176/302","|-damage|p1a: Weavile|128/229|[from] item: Life Orb","|move|p2a: Relicanth|Waterfall|p1a: Weavile","|-damage|p1a: Weavile|0 fnt","|faint|p1a: Weavile","|","|","|switch|p1a: Steelix|Steelix-Mega, L79, F|119/248","|-damage|p1a: Steelix|112/248|[from] Stealth Rock","|turn|25","|","|move|p2a: Relicanth|Waterfall|p1a: Steelix","|-supereffective|p1a: Steelix","|-damage|p1a: Steelix|0 fnt","|faint|p1a: Steelix","|","|","|switch|p1a: Cofagrigus|Cofagrigus, L79, F|157/221","|-damage|p1a: Cofagrigus|130/221|[from] Stealth Rock","|turn|26","|","|switch|p2a: Toxicroak|Toxicroak, L77, F|165/254","|-damage|p2a: Toxicroak|150/254|[from] Stealth Rock","|move|p1a: Cofagrigus|Shadow Ball|p2a: Toxicroak","|-damage|p2a: Toxicroak|54/254","|","|-heal|p2a: Toxicroak|69/254|[from] item: Black Sludge","|-heal|p1a: Cofagrigus|143/221|[from] item: Leftovers","|turn|27","|","|move|p2a: Toxicroak|Sucker Punch|p1a: Cofagrigus","|-fail|p2a: Toxicroak","|move|p1a: Cofagrigus|Will-O-Wisp|p2a: Toxicroak","|-status|p2a: Toxicroak|brn","|","|-heal|p2a: Toxicroak|84/254 brn|[from] item: Black Sludge","|-heal|p1a: Cofagrigus|156/221|[from] item: Leftovers","|-damage|p2a: Toxicroak|53/254 brn|[from] brn","|turn|28","|","|move|p2a: Toxicroak|Swords Dance|p2a: Toxicroak","|-boost|p2a: Toxicroak|atk|2","|move|p1a: Cofagrigus|Will-O-Wisp|p2a: Toxicroak","|-fail|p2a: Toxicroak|brn","|","|-heal|p2a: Toxicroak|68/254 brn|[from] item: Black Sludge","|-heal|p1a: Cofagrigus|169/221|[from] item: Leftovers","|-damage|p2a: Toxicroak|37/254 brn|[from] brn","|turn|29","|","|move|p2a: Toxicroak|Swords Dance|p2a: Toxicroak","|-boost|p2a: Toxicroak|atk|2","|move|p1a: Cofagrigus|Shadow Ball|p2a: Toxicroak","|-damage|p2a: Toxicroak|0 fnt","|faint|p2a: Toxicroak","|","|-heal|p1a: Cofagrigus|182/221|[from] item: Leftovers","|","|switch|p2a: Relicanth|Relicanth, L83, M|176/302","|-damage|p2a: Relicanth|139/302|[from] Stealth Rock","|turn|30","|","|move|p2a: Relicanth|Head Smash|p1a: Cofagrigus","|-damage|p1a: Cofagrigus|35/221","|-endability|p2a: Relicanth|rockhead|[from] Mummy","|-ability|p2a: Relicanth|Mummy|[from] Mummy","|-damage|p2a: Relicanth|65/302|[from] recoil|[of] p1a: Cofagrigus","|move|p1a: Cofagrigus|Will-O-Wisp|p2a: Relicanth","|-status|p2a: Relicanth|brn","|","|-heal|p1a: Cofagrigus|48/221|[from] item: Leftovers","|-damage|p2a: Relicanth|28/302 brn|[from] brn","|turn|31","|","|move|p2a: Relicanth|Head Smash|p1a: Cofagrigus|[miss]","|-miss|p2a: Relicanth|p1a: Cofagrigus","|move|p1a: Cofagrigus|Shadow Ball|p2a: Relicanth","|-damage|p2a: Relicanth|0 fnt","|faint|p2a: Relicanth","|","|win|Liquid Stranger"],"p1rating":{"entryid":"7128950","serverid":"eos","formatid":"randombattle","userid":"liquidstranger","username":"Liquid Stranger","w":16,"l":"13","t":"0","gxe":54.8,"r":"1527.1358644986","rd":"63.60902174171","sigma":"0","rptime":"1438765200","rpr":1536.8485643736,"rprd":62.721692740298,"rpsigma":"0","acre":1111.6204132444,"lacre":1111.6204132444,"oldacre":"1092.2447848863"},"p2rating":{"entryid":7417166,"formatid":"randombattle","userid":"silverkurai","username":"Silver-Kurai","r":1500,"rd":130,"sigma":0,"rpr":1461.1576061686,"rprd":122.09207165095,"rpsigma":0,"rptime":1438765200,"w":0,"l":1,"t":0,"gxe":45.2,"acre":1000,"lacre":1000,"oldacre":1000},"endType":"normal"}