{"seed":[61559,17258,13366,54594],"turns":23,"p1":"nick151","p2":"GoLeft","p1team":[{"name":"Venusaur","moves":["sleeppowder","synthesis","leechseed","sludgebomb"],"ability":"Overgrow","evs":{"hp":85,"atk":85,"def":85,"spa":85,"spd":85,"spe":85},"ivs":{"hp":31,"atk":31,"def":31,"spa":31,"spd":31,"spe":31},"item":"Venusaurite","level":75,"shiny":false},{"name":"Noctowl","moves":["airslash","whirlwind","toxic","defog"],"ability":"Tinted Lens","evs":{"hp":85,"atk":85,"def":85,"spa":85,"spd":85,"spe":85},"ivs":{"hp":31,"atk":31,"def":31,"spa":31,"spd":31,"spe":31},"item":"Leftovers","level":83,"shiny":false},{"name":"Cofagrigus","moves":["painsplit","haze","willowisp","shadowball"],"ability":"Mummy","evs":{"hp":85,"atk":85,"def":85,"spa":85,"spd":85,"spe":85},"ivs":{"hp":31,"atk":31,"def":31,"spa":31,"spd":31,"spe":31},"item":"Leftovers","level":79,"shiny":false},{"name":"Bronzong","moves":["reflect","gyroball","earthquake","toxic"],"ability":"Levitate","evs":{"hp":85,"atk":170,"def":85,"spa":85,"spd":85,"spe":0},"ivs":{"hp":31,"atk":31,"def":31,"spa":31,"spd":31,"spe":0},"item":"Light Clay","level":79,"shiny":false},{"name":"Haxorus","moves":["outrage","poisonjab","swordsdance","taunt"],"ability":"Mold Breaker","evs":{"hp":85,"atk":85,"def":85,"spa":85,"spd":85,"spe":85},"ivs":{"hp":31,"atk":31,"def":31,"spa":31,"spd":31,"spe":31},"item":"Lum Berry","level":77,"shiny":false},{"name":"Granbull","moves":["playrough","earthquake","healbell","crunch"],"ability":"Intimidate","evs":{"hp":85,"atk":85,"def":85,"spa":85,"spd":85,"spe":85},"ivs":{"hp":31,"atk":31,"def":31,"spa":31,"spd":31,"spe":31},"item":"Life Orb","level":81,"shiny":false}],"p2team":[{"name":"Milotic","moves":["rest","scald","sleeptalk","icebeam"],"ability":"Competitive","evs":{"hp":85,"atk":85,"def":85,"spa":85,"spd":85,"spe":85},"ivs":{"hp":31,"atk":31,"def":31,"spa":31,"spd":31,"spe":31},"item":"Leftovers","level":77,"shiny":false},{"name":"Sunflora","moves":["hiddenpowerfire","sunnyday","gigadrain","earthpower"],"ability":"Chlorophyll","evs":{"hp":85,"atk":85,"def":85,"spa":85,"spd":85,"spe":85},"ivs":{"hp":31,"atk":30,"def":31,"spa":30,"spd":31,"spe":30},"item":"Heat Rock","level":83,"shiny":false},{"name":"Nidoking","moves":["superpower","icebeam","sludgewave","fireblast"],"ability":"Sheer Force","evs":{"hp":85,"atk":85,"def":85,"spa":85,"spd":85,"spe":85},"ivs":{"hp":31,"atk":31,"def":31,"spa":31,"spd":31,"spe":31},"item":"Life Orb","level":77,"shiny":false},{"name":"Skarmory","moves":["roost","bravebird","defog","whirlwind"],"ability":"Sturdy","evs":{"hp":85,"atk":85,"def":85,"spa":85,"spd":85,"spe":85},"ivs":{"hp":31,"atk":31,"def":31,"spa":31,"spd":31,"spe":31},"item":"Leftovers","level":75,"shiny":false},{"name":"Poliwrath","moves":["icebeam","hydropump","raindance","focusblast"],"ability":"Swift Swim","evs":{"hp":85,"atk":85,"def":85,"spa":85,"spd":85,"spe":85},"ivs":{"hp":31,"atk":31,"def":31,"spa":31,"spd":31,"spe":31},"item":"Damp Rock","level":81,"shiny":false},{"name":"Magmortar","moves":["hiddenpowergrass","substitute","thunderbolt","fireblast"],"ability":"Flame Body","evs":{"hp":85,"atk":85,"def":85,"spa":85,"spd":85,"spe":85},"ivs":{"hp":31,"atk":30,"def":31,"spa":30,"spd":31,"spe":31},"item":"Leftovers","level":81,"shiny":false}],"log":["|player|p1|nick151|nick151.gif","|player|p2|GoLeft|170","|gametype|singles","|gen|6","|tier|Random Battle","|rated","|rule|Sleep Clause Mod: Limit one foe put to sleep","|rule|HP Percentage Mod: HP is shown in percentages","|","|start","|switch|p1a: Venusaur|Venusaur, L75, M|244/244","|switch|p2a: Milotic|Milotic, L77, M|273/273","|turn|1","|","|switch|p2a: Skarmory|Skarmory, L75, M|221/221","|detailschange|p1a: Venusaur|Venusaur-Mega, L75, M","|-mega|p1a: Venusaur|Venusaur|Venusaurite","|move|p1a: Venusaur|Leech Seed|p2a: Skarmory","|-start|p2a: Skarmory|move: Leech Seed","|","|-damage|p2a: Skarmory|194/221|[from] Leech Seed|[of] p1a: Venusaur","|turn|2","|","|switch|p2a: Sunflora|Sunflora, L83, M|260/260","|move|p1a: Venusaur|Sleep Powder|p2a: Sunflora","|-immune|p2a: Sunflora|[msg]","|","|turn|3","|","|move|p1a: Venusaur|Sludge Bomb|p2a: Sunflora","|-supereffective|p2a: Sunflora","|-damage|p2a: Sunflora|72/260","|-status|p2a: Sunflora|psn","|move|p2a: Sunflora|Sunny Day|p2a: Sunflora","|-weather|SunnyDay","|","|-weather|SunnyDay|[upkeep]","|-damage|p2a: Sunflora|40/260 psn|[from] psn","|turn|4","|","|move|p2a: Sunflora|Earth Power|p1a: Venusaur","|-damage|p1a: Venusaur|181/244","|move|p1a: Venusaur|Leech Seed|p2a: Sunflora","|-immune|p2a: Sunflora|[msg]","|","|-weather|SunnyDay|[upkeep]","|-damage|p2a: Sunflora|8/260 psn|[from] psn","|turn|5","|","|move|p2a: Sunflora|Hidden Power|p1a: Venusaur","|-supereffective|p1a: Venusaur","|-damage|p1a: Venusaur|123/244","|move|p1a: Venusaur|Synthesis|p1a: Venusaur","|-heal|p1a: Venusaur|244/244","|","|-weather|SunnyDay|[upkeep]","|-damage|p2a: Sunflora|0 fnt|[from] psn","|faint|p2a: Sunflora","|","|switch|p2a: Nidoking|Nidoking, L77, M|251/251","|turn|6","|","|move|p2a: Nidoking|Fire Blast|p1a: Venusaur","|-supereffective|p1a: Venusaur","|-damage|p1a: Venusaur|106/244","|move|p1a: Venusaur|Leech Seed|p2a: Nidoking|[miss]","|-miss|p1a: Venusaur|p2a: Nidoking","|","|-weather|SunnyDay|[upkeep]","|turn|7","|","|switch|p1a: Cofagrigus|Cofagrigus, L79, F|221/221","|move|p2a: Nidoking|Fire Blast|p1a: Cofagrigus","|-damage|p1a: Cofagrigus|88/221","|","|-weather|SunnyDay|[upkeep]","|-heal|p1a: Cofagrigus|101/221|[from] item: Leftovers","|turn|8","|","|move|p2a: Nidoking|Fire Blast|p1a: Cofagrigus","|-crit|p1a: Cofagrigus","|-damage|p1a: Cofagrigus|0 fnt","|faint|p1a: Cofagrigus","|","|-weather|SunnyDay|[upkeep]","|","|switch|p1a: Granbull|Granbull, L81, F|278/278","|-ability|p1a: Granbull|Intimidate","|-unboost|p2a: Nidoking|atk|1","|turn|9","|","|move|p2a: Nidoking|Sludge Wave|p1a: Granbull","|-supereffective|p1a: Granbull","|-damage|p1a: Granbull|0 fnt","|faint|p1a: Granbull","|","|-weather|SunnyDay|[upkeep]","|","|switch|p1a: Venusaur|Venusaur-Mega, L75, M|106/244","|turn|10","|","|move|p2a: Nidoking|Fire Blast|p1a: Venusaur","|-supereffective|p1a: Venusaur","|-damage|p1a: Venusaur|0 fnt","|faint|p1a: Venusaur","|","|-weather|none","|","|switch|p1a: Noctowl|Noctowl, L83, M|302/302","|turn|11","|","|switch|p2a: Skarmory|Skarmory, L75, M|194/221","|move|p1a: Noctowl|Toxic|p2a: Skarmory","|-immune|p2a: Skarmory|[msg]","|","|-heal|p2a: Skarmory|207/221|[from] item: Leftovers","|turn|12","|","|move|p1a: Noctowl|Air Slash|p2a: Skarmory","|-resisted|p2a: Skarmory","|-damage|p2a: Skarmory|123/221","|move|p2a: Skarmory|Brave Bird|p1a: Noctowl","|-damage|p1a: Noctowl|167/302","|-damage|p2a: Skarmory|78/221|[from] recoil|[of] p1a: Noctowl","|","|-heal|p1a: Noctowl|185/302|[from] item: Leftovers","|-heal|p2a: Skarmory|91/221|[from] item: Leftovers","|turn|13","|","|move|p1a: Noctowl|Air Slash|p2a: Skarmory","|-crit|p2a: Skarmory","|-resisted|p2a: Skarmory","|-damage|p2a: Skarmory|0 fnt","|faint|p2a: Skarmory","|","|-heal|p1a: Noctowl|203/302|[from] item: Leftovers","|","|switch|p2a: Nidoking|Nidoking, L77, M|251/251","|turn|14","|","|move|p2a: Nidoking|Ice Beam|p1a: Noctowl","|-supereffective|p1a: Noctowl","|-damage|p1a: Noctowl|37/302","|move|p1a: Noctowl|Toxic|p2a: Nidoking","|-immune|p2a: Nidoking|[msg]","|","|-heal|p1a: Noctowl|55/302|[from] item: Leftovers","|turn|15","|","|move|p2a: Nidoking|Ice Beam|p1a: Noctowl","|-supereffective|p1a: Noctowl","|-damage|p1a: Noctowl|0 fnt","|faint|p1a: Noctowl","|","|","|switch|p1a: Haxorus|Haxorus, L77, M|244/244","|-ability|p1a: Haxorus|Mold Breaker","|turn|16","|","|switch|p2a: Poliwrath|Poliwrath, L81, M|278/278","|move|p1a: Haxorus|Swords Dance|p1a: Haxorus","|-boost|p1a: Haxorus|atk|2","|","|turn|17","|","|move|p1a: Haxorus|Swords Dance|p1a: Haxorus","|-boost|p1a: Haxorus|atk|2","|move|p2a: Poliwrath|Ice Beam|p1a: Haxorus","|-supereffective|p1a: Haxorus","|-damage|p1a: Haxorus|132/244","|","|turn|18","|","|move|p1a: Haxorus|Taunt|p2a: Poliwrath","|-start|p2a: Poliwrath|move: Taunt","|cant|p2a: Poliwrath|move: Taunt|Rain Dance","|","|turn|19","|","|move|p1a: Haxorus|Swords Dance|p1a: Haxorus","|-boost|p1a: Haxorus|atk|2","|move|p2a: Poliwrath|Ice Beam|p1a: Haxorus","|-supereffective|p1a: Haxorus","|-damage|p1a: Haxorus|18/244","|","|turn|20","|","|move|p1a: Haxorus|Outrage|p2a: Poliwrath","|-damage|p2a: Poliwrath|0 fnt","|faint|p2a: Poliwrath","|","|","|switch|p2a: Milotic|Milotic, L77, M|273/273","|turn|21","|","|move|p1a: Haxorus|Outrage|p2a: Milotic|[from]lockedmove","|-damage|p2a: Milotic|0 fnt","|-start|p1a: Haxorus|confusion|[fatigue]","|faint|p2a: Milotic","|-enditem|p1a: Haxorus|Lum Berry|[eat]","|-end|p1a: Haxorus|confusion","|","|","|switch|p2a: Magmortar|Magmortar, L81, F|254/254","|turn|22","|","|move|p1a: Haxorus|Outrage|p2a: Magmortar","|-damage|p2a: Magmortar|0 fnt","|faint|p2a: Magmortar","|","|","|switch|p2a: Nidoking|Nidoking, L77, M|251/251","|turn|23","|","|move|p1a: Haxorus|Outrage|p2a: Nidoking|[from]lockedmove","|-damage|p2a: Nidoking|0 fnt","|-start|p1a: Haxorus|confusion|[fatigue]","|faint|p2a: Nidoking","|","|win|nick151"],"p1rating":{"entryid":"7075562","serverid":"eos","formatid":"randombattle","userid":"nick151","username":"nick151","w":1,"l":"1","t":"0","gxe":50.2,"r":1459.8393856612,"rd":125.37308498581,"sigma":"0","rptime":1438765200,"rpr":1501.5266699151,"rprd":118.99819772024,"rpsigma":"0","acre":1040,"lacre":1040,"oldacre":"1000"},"p2rating":{"entryid":7419494,"formatid":"randombattle","userid":"goleft","username":"GoLeft","r":1500,"rd":130,"sigma":0,"rpr":1459.8393856612,"rprd":122.8583080769,"rpsigma":0,"rptime":1438765200,"w":0,"l":1,"t":0,"gxe":45,"acre":1000,"lacre":1000,"oldacre":1000},"endType":"normal"}