{"seed":[56551,2061,58757,56483],"turns":14,"p1":"Mr.Gibbs","p2":"fistinggeneral","p1team":[{"name":"Scizor","moves":["swordsdance","knockoff","superpower","bulletpunch"],"ability":"Technician","evs":{"hp":85,"atk":85,"def":85,"spa":85,"spd":85,"spe":85},"ivs":{"hp":31,"atk":31,"def":31,"spa":31,"spd":31,"spe":31},"item":"Scizorite","level":75,"shiny":false},{"name":"Garchomp","moves":["earthquake","swordsdance","firefang","outrage"],"ability":"Rough Skin","evs":{"hp":85,"atk":85,"def":85,"spa":85,"spd":85,"spe":85},"ivs":{"hp":31,"atk":31,"def":31,"spa":31,"spd":31,"spe":31},"item":"Lum Berry","level":75,"shiny":false},{"name":"Raikou","moves":["calmmind","hiddenpowerice","thunderbolt","extrasensory"],"ability":"Volt Absorb","evs":{"hp":85,"atk":85,"def":85,"spa":85,"spd":85,"spe":85},"ivs":{"hp":31,"atk":30,"def":30,"spa":31,"spd":31,"spe":31},"item":"Life Orb","level":75,"shiny":false},{"name":"Deoxys","moves":["stealthrock","spikes","taunt","psychoboost"],"ability":"Pressure","evs":{"hp":85,"atk":85,"def":85,"spa":85,"spd":85,"spe":85},"ivs":{"hp":31,"atk":31,"def":31,"spa":31,"spd":31,"spe":31},"item":"Leftovers","level":73,"shiny":false},{"name":"Hawlucha","moves":["thunderpunch","substitute","swordsdance","acrobatics"],"ability":"Unburden","evs":{"hp":85,"atk":85,"def":85,"spa":85,"spd":85,"spe":85},"ivs":{"hp":31,"atk":31,"def":31,"spa":31,"spd":31,"spe":31},"item":"Flying Gem","level":76,"shiny":false},{"name":"Corsola","moves":["powergem","recover","stealthrock","scald"],"ability":"Regenerator","evs":{"hp":85,"atk":85,"def":85,"spa":85,"spd":85,"spe":85},"ivs":{"hp":31,"atk":31,"def":31,"spa":31,"spd":31,"spe":31},"item":"Air Balloon","level":83,"shiny":false}],"p2team":[{"name":"Snorlax","moves":["pursuit","whirlwind","bodyslam","crunch"],"ability":"Thick Fat","evs":{"hp":85,"atk":85,"def":85,"spa":85,"spd":85,"spe":85},"ivs":{"hp":31,"atk":31,"def":31,"spa":31,"spd":31,"spe":31},"item":"Leftovers","level":77,"shiny":false},{"name":"Mew","moves":["icebeam","roost","defog","psyshock"],"ability":"Synchronize","evs":{"hp":85,"atk":85,"def":85,"spa":85,"spd":85,"spe":85},"ivs":{"hp":31,"atk":31,"def":31,"spa":31,"spd":31,"spe":31},"item":"Leftovers","level":75,"shiny":false},{"name":"Pyroar","moves":["willowisp","darkpulse","hypervoice","fireblast"],"ability":"Unnerve","evs":{"hp":81,"atk":85,"def":85,"spa":89,"spd":85,"spe":85},"ivs":{"hp":31,"atk":31,"def":31,"spa":31,"spd":31,"spe":31},"item":"Life Orb","level":81,"shiny":false},{"name":"Hoopa-Unbound","moves":["trick","icepunch","zenheadbutt","knockoff"],"ability":"Magician","evs":{"hp":85,"atk":85,"def":85,"spa":85,"spd":85,"spe":85},"ivs":{"hp":31,"atk":31,"def":31,"spa":31,"spd":31,"spe":31},"item":"Choice Band","level":75,"shiny":false},{"name":"Jolteon","moves":["hiddenpowerice","substitute","batonpass","thunderbolt"],"ability":"Volt Absorb","evs":{"hp":85,"atk":85,"def":85,"spa":85,"spd":85,"spe":85},"ivs":{"hp":31,"atk":30,"def":30,"spa":31,"spd":31,"spe":31},"item":"Leftovers","level":79,"shiny":false},{"name":"Maractus","moves":["spikyshield","leechseed","spikes","gigadrain"],"ability":"Water Absorb","evs":{"hp":85,"atk":85,"def":85,"spa":85,"spd":85,"spe":85},"ivs":{"hp":31,"atk":31,"def":31,"spa":31,"spd":31,"spe":31},"item":"Leftovers","level":83,"shiny":false}],"log":["|player|p1|Mr.Gibbs|2","|player|p2|fistinggeneral|165","|gametype|singles","|gen|6","|tier|Random Battle","|rated","|rule|Sleep Clause Mod: Limit one foe put to sleep","|rule|HP Percentage Mod: HP is shown in percentages","|","|start","|switch|p1a: Scizor|Scizor, L75, M|229/229","|switch|p2a: Snorlax|Snorlax, L77, F|373/373","|turn|1","|","|detailschange|p1a: Scizor|Scizor-Mega, L75, M","|-mega|p1a: Scizor|Scizor|Scizorite","|move|p1a: Scizor|Knock Off|p2a: Snorlax","|-damage|p2a: Snorlax|262/373","|-enditem|p2a: Snorlax|Leftovers|[from] move: Knock Off|[of] p1a: Scizor","|move|p2a: Snorlax|Body Slam|p1a: Scizor","|-resisted|p1a: Scizor","|-damage|p1a: Scizor|197/229","|","|turn|2","|","|switch|p2a: Pyroar|Pyroar, L81, F|271/271","|-ability|p2a: Pyroar|Unnerve|p1: Mr.Gibbs","|move|p1a: Scizor|Superpower|p2a: Pyroar","|-supereffective|p2a: Pyroar","|-damage|p2a: Pyroar|51/271","|-unboost|p1a: Scizor|atk|1","|-unboost|p1a: Scizor|def|1","|","|turn|3","|","|move|p2a: Pyroar|Fire Blast|p1a: Scizor","|-supereffective|p1a: Scizor","|-damage|p1a: Scizor|0 fnt","|-damage|p2a: Pyroar|24/271|[from] item: Life Orb","|faint|p1a: Scizor","|","|","|switch|p1a: Corsola|Corsola, L83, F|227/227","|-item|p1a: Corsola|Air Balloon","|turn|4","|","|switch|p2a: Maractus|Maractus, L83, F|260/260","|move|p1a: Corsola|Scald|p2a: Maractus","|-immune|p2a: Maractus|[msg]","|","|turn|5","|","|move|p2a: Maractus|Spikes|p1a: Corsola","|-sidestart|p1: Mr.Gibbs|Spikes","|move|p1a: Corsola|Stealth Rock|p2a: Maractus","|-sidestart|p2: fistinggeneral|move: Stealth Rock","|","|turn|6","|","|move|p2a: Maractus|Giga Drain|p1a: Corsola","|-supereffective|p1a: Corsola","|-damage|p1a: Corsola|0 fnt","|-enditem|p1a: Corsola|Air Balloon","|faint|p1a: Corsola","|","|","|switch|p1a: Garchomp|Garchomp, L75, M|286/286","|-damage|p1a: Garchomp|251/286|[from] Spikes","|turn|7","|","|move|p1a: Garchomp|Fire Fang|p2a: Maractus","|-supereffective|p2a: Maractus","|-damage|p2a: Maractus|138/260","|move|p2a: Maractus|Giga Drain|p1a: Garchomp","|-damage|p1a: Garchomp|155/286","|-heal|p2a: Maractus|186/260|[from] drain|[of] p1a: Garchomp","|","|-heal|p2a: Maractus|202/260|[from] item: Leftovers","|turn|8","|","|move|p2a: Maractus|Spiky Shield|p2a: Maractus","|-singleturn|p2a: Maractus|move: Protect","|move|p1a: Garchomp|Outrage|p2a: Maractus","|-activate|p2a: Maractus|Protect","|-damage|p1a: Garchomp|120/286|[from] Spiky Shield|[of] p2a: Maractus","|","|-heal|p2a: Maractus|218/260|[from] item: Leftovers","|turn|9","|","|move|p2a: Maractus|Spiky Shield|p2a: Maractus","|-fail|p2a: Maractus","|move|p1a: Garchomp|Earthquake|p2a: Maractus","|-resisted|p2a: Maractus","|-damage|p2a: Maractus|154/260","|","|-heal|p2a: Maractus|170/260|[from] item: Leftovers","|turn|10","|","|move|p1a: Garchomp|Outrage|p2a: Maractus","|-damage|p2a: Maractus|20/260","|move|p2a: Maractus|Giga Drain|p1a: Garchomp","|-damage|p1a: Garchomp|18/286","|-heal|p2a: Maractus|71/260|[from] drain|[of] p1a: Garchomp","|","|-heal|p2a: Maractus|87/260|[from] item: Leftovers","|turn|11","|","|move|p2a: Maractus|Spiky Shield|p2a: Maractus","|-singleturn|p2a: Maractus|move: Protect","|move|p1a: Garchomp|Outrage|p2a: Maractus|[from]lockedmove","|-activate|p2a: Maractus|Protect","|-damage|p1a: Garchomp|0 fnt|[from] Spiky Shield|[of] p2a: Maractus","|faint|p1a: Garchomp","|","|-heal|p2a: Maractus|103/260|[from] item: Leftovers","|","|switch|p1a: Hawlucha|Hawlucha, L76, F|244/244","|turn|12","|","|switch|p2a: Mew|Mew, L75|274/274","|-damage|p2a: Mew|240/274|[from] Stealth Rock","|move|p1a: Hawlucha|Swords Dance|p1a: Hawlucha","|-boost|p1a: Hawlucha|atk|2","|","|-heal|p2a: Mew|257/274|[from] item: Leftovers","|turn|13","|","|move|p1a: Hawlucha|Substitute|p1a: Hawlucha","|-start|p1a: Hawlucha|Substitute","|-damage|p1a: Hawlucha|183/244","|move|p2a: Mew|Psyshock|p1a: Hawlucha","|-supereffective|p1a: Hawlucha","|-end|p1a: Hawlucha|Substitute","|","|-heal|p2a: Mew|274/274|[from] item: Leftovers","|turn|14","|","|move|p1a: Hawlucha|Acrobatics|p2a: Mew","|-enditem|p1a: Hawlucha|Flying Gem|[from] gem|[move] Acrobatics","|-damage|p2a: Mew|46/274","|move|p2a: Mew|Psyshock|p1a: Hawlucha","|-supereffective|p1a: Hawlucha","|-damage|p1a: Hawlucha|0 fnt","|faint|p1a: Hawlucha","|","|-heal|p2a: Mew|63/274|[from] item: Leftovers","|","|win|fistinggeneral"],"endType":"forfeit","ladderError":true}