{"seed":[33947,15632,47113,19311],"turns":19,"p1":"Lyxnia","p2":"Guard Darkrai","p1team":[{"name":"Swalot","moves":["toxic","sludgebomb","painsplit","icebeam"],"ability":"Liquid Ooze","evs":{"hp":85,"atk":85,"def":85,"spa":85,"spd":85,"spe":85},"ivs":{"hp":31,"atk":31,"def":31,"spa":31,"spd":31,"spe":31},"item":"Focus Sash","level":83,"shiny":false},{"name":"Excadrill","moves":["rockslide","earthquake","swordsdance","ironhead"],"ability":"Mold Breaker","evs":{"hp":85,"atk":85,"def":85,"spa":85,"spd":85,"spe":85},"ivs":{"hp":31,"atk":31,"def":31,"spa":31,"spd":31,"spe":31},"item":"Life Orb","level":75,"shiny":false},{"name":"Clawitzer","moves":["uturn","waterpulse","darkpulse","aurasphere"],"ability":"Mega Launcher","evs":{"hp":85,"atk":85,"def":85,"spa":85,"spd":85,"spe":85},"ivs":{"hp":31,"atk":31,"def":31,"spa":31,"spd":31,"spe":31},"item":"Expert Belt","level":79,"shiny":false},{"name":"Ditto","moves":["transform"],"ability":"Imposter","evs":{"hp":85,"atk":85,"def":85,"spa":85,"spd":85,"spe":85},"ivs":{"hp":31,"atk":31,"def":31,"spa":31,"spd":31,"spe":31},"item":"Choice Scarf","level":83,"shiny":false},{"name":"Rotom","moves":["willowisp","hiddenpowerice","voltswitch","thunderbolt"],"ability":"Levitate","evs":{"hp":85,"atk":85,"def":85,"spa":85,"spd":85,"spe":85},"ivs":{"hp":31,"atk":30,"def":30,"spa":31,"spd":31,"spe":31},"item":"Life Orb","level":81,"shiny":false},{"name":"Terrakion","moves":["closecombat","swordsdance","stoneedge","earthquake"],"ability":"Justified","evs":{"hp":85,"atk":85,"def":85,"spa":85,"spd":85,"spe":85},"ivs":{"hp":31,"atk":31,"def":31,"spa":31,"spd":31,"spe":31},"item":"Life Orb","level":76,"shiny":false}],"p2team":[{"name":"Lunatone","moves":["psychic","hiddenpowerrock","toxic","icebeam"],"ability":"Levitate","evs":{"hp":85,"atk":85,"def":85,"spa":85,"spd":85,"spe":85},"ivs":{"hp":31,"atk":31,"def":30,"spa":31,"spd":30,"spe":30},"item":"Life Orb","level":83,"shiny":false},{"name":"Rotom-Mow","moves":["hiddenpowerfire","trick","thunderbolt","voltswitch"],"ability":"Levitate","evs":{"hp":85,"atk":85,"def":85,"spa":85,"spd":85,"spe":85},"ivs":{"hp":31,"atk":30,"def":31,"spa":30,"spd":31,"spe":30},"item":"Choice Specs","level":79,"shiny":false},{"name":"Pachirisu","moves":["toxic","uturn","nuzzle","thunderbolt"],"ability":"Volt Absorb","evs":{"hp":85,"atk":85,"def":85,"spa":85,"spd":85,"spe":85},"ivs":{"hp":31,"atk":31,"def":31,"spa":31,"spd":31,"spe":31},"item":"Life Orb","level":83,"shiny":false},{"name":"Kabutops","moves":["knockoff","waterfall","stoneedge","swordsdance"],"ability":"Swift Swim","evs":{"hp":85,"atk":85,"def":85,"spa":85,"spd":85,"spe":85},"ivs":{"hp":31,"atk":31,"def":31,"spa":31,"spd":31,"spe":31},"item":"Life Orb","level":81,"shiny":false},{"name":"Hitmonlee","moves":["stoneedge","highjumpkick","machpunch","fakeout"],"ability":"Unburden","evs":{"hp":85,"atk":85,"def":85,"spa":85,"spd":85,"spe":85},"ivs":{"hp":31,"atk":31,"def":31,"spa":31,"spd":31,"spe":31},"item":"Normal Gem","level":79,"shiny":false},{"name":"Excadrill","moves":["earthquake","ironhead","swordsdance","rockslide"],"ability":"Mold Breaker","evs":{"hp":85,"atk":85,"def":85,"spa":85,"spd":85,"spe":85},"ivs":{"hp":31,"atk":31,"def":31,"spa":31,"spd":31,"spe":31},"item":"Life Orb","level":75,"shiny":false}],"log":["|player|p1|Lyxnia|101","|player|p2|Guard Darkrai|guarddarkrai.png","|gametype|singles","|gen|6","|tier|Random Battle","|rated","|rule|Sleep Clause Mod: Limit one foe put to sleep","|rule|HP Percentage Mod: HP is shown in percentages","|","|start","|switch|p1a: Swalot|Swalot, L83, F|302/302","|switch|p2a: Lunatone|Lunatone, L83|252/252","|turn|1","|","|move|p2a: Lunatone|Psychic|p1a: Swalot","|-supereffective|p1a: Swalot","|-damage|p1a: Swalot|65/302","|-damage|p2a: Lunatone|227/252|[from] item: Life Orb","|move|p1a: Swalot|Toxic|p2a: Lunatone","|-status|p2a: Lunatone|tox","|","|-damage|p2a: Lunatone|212/252 tox|[from] psn","|turn|2","|","|move|p2a: Lunatone|Ice Beam|p1a: Swalot","|-damage|p1a: Swalot|0 fnt","|-damage|p2a: Lunatone|187/252 tox|[from] item: Life Orb","|faint|p1a: Swalot","|","|-damage|p2a: Lunatone|157/252 tox|[from] psn","|","|switch|p1a: Ditto|Ditto, L83|215/215","|-transform|p1a: Ditto|p2a: Lunatone","|turn|3","|","|move|p1a: Ditto|Ice Beam|p2a: Lunatone","|-damage|p2a: Lunatone|90/252 tox","|move|p2a: Lunatone|Toxic|p1a: Ditto","|-status|p1a: Ditto|tox","|","|-damage|p1a: Ditto|202/215 tox|[from] psn","|-damage|p2a: Lunatone|45/252 tox|[from] psn","|turn|4","|","|move|p1a: Ditto|Ice Beam|p2a: Lunatone","|-damage|p2a: Lunatone|0 fnt","|faint|p2a: Lunatone","|","|-damage|p1a: Ditto|176/215 tox|[from] psn","|","|switch|p2a: Kabutops|Kabutops, L81, M|230/230","|turn|5","|","|move|p1a: Ditto|Ice Beam|p2a: Kabutops","|-resisted|p2a: Kabutops","|-damage|p2a: Kabutops|193/230","|move|p2a: Kabutops|Swords Dance|p2a: Kabutops","|-boost|p2a: Kabutops|atk|2","|","|-damage|p1a: Ditto|137/215 tox|[from] psn","|turn|6","|","|move|p1a: Ditto|Ice Beam|p2a: Kabutops","|-resisted|p2a: Kabutops","|-damage|p2a: Kabutops|154/230","|move|p2a: Kabutops|Knock Off|p1a: Ditto","|-supereffective|p1a: Ditto","|-damage|p1a: Ditto|0 fnt","|-enditem|p1a: Ditto|Choice Scarf|[from] move: Knock Off|[of] p2a: Kabutops","|-damage|p2a: Kabutops|131/230|[from] item: Life Orb","|faint|p1a: Ditto","|","|","|switch|p1a: Rotom|Rotom, L81|214/214","|turn|7","|","|move|p1a: Rotom|Volt Switch|p2a: Kabutops","|-supereffective|p2a: Kabutops","|-damage|p2a: Kabutops|0 fnt","|-damage|p1a: Rotom|193/214|[from] item: Life Orb","|faint|p2a: Kabutops","|","|switch|p1a: Terrakion|Terrakion, L76|263/263","|","|","|switch|p2a: Rotom-Mow|Rotom-Mow, L79|209/209","|turn|8","|","|move|p1a: Terrakion|Swords Dance|p1a: Terrakion","|-boost|p1a: Terrakion|atk|2","|move|p2a: Rotom-Mow|Thunderbolt|p1a: Terrakion","|-damage|p1a: Terrakion|127/263","|","|turn|9","|","|move|p1a: Terrakion|Close Combat|p2a: Rotom-Mow","|-damage|p2a: Rotom-Mow|0 fnt","|-unboost|p1a: Terrakion|def|1","|-unboost|p1a: Terrakion|spd|1","|-damage|p1a: Terrakion|101/263|[from] item: Life Orb","|faint|p2a: Rotom-Mow","|","|","|switch|p2a: Hitmonlee|Hitmonlee, L79, M|209/209","|turn|10","|","|move|p2a: Hitmonlee|Fake Out|p1a: Terrakion","|-enditem|p2a: Hitmonlee|Normal Gem|[from] gem|[move] Fake Out","|-resisted|p1a: Terrakion","|-damage|p1a: Terrakion|71/263","|cant|p1a: Terrakion|flinch","|","|turn|11","|","|move|p2a: Hitmonlee|Mach Punch|p1a: Terrakion","|-supereffective|p1a: Terrakion","|-damage|p1a: Terrakion|0 fnt","|faint|p1a: Terrakion","|","|","|switch|p1a: Rotom|Rotom, L81|193/214","|turn|12","|","|move|p2a: Hitmonlee|Stone Edge|p1a: Rotom|[miss]","|-miss|p2a: Hitmonlee|p1a: Rotom","|move|p1a: Rotom|Volt Switch|p2a: Hitmonlee","|-damage|p2a: Hitmonlee|130/209","|-damage|p1a: Rotom|172/214|[from] item: Life Orb","|","|switch|p1a: Excadrill|Excadrill, L75, F|289/289","|-ability|p1a: Excadrill|Mold Breaker","|","|turn|13","|","|move|p2a: Hitmonlee|High Jump Kick|p1a: Excadrill","|-supereffective|p1a: Excadrill","|-damage|p1a: Excadrill|0 fnt","|faint|p1a: Excadrill","|","|","|switch|p1a: Clawitzer|Clawitzer, L79, F|242/242","|turn|14","|","|move|p2a: Hitmonlee|High Jump Kick|p1a: Clawitzer","|-damage|p1a: Clawitzer|82/242","|move|p1a: Clawitzer|Water Pulse|p2a: Hitmonlee","|-damage|p2a: Hitmonlee|36/209","|","|turn|15","|","|move|p2a: Hitmonlee|Stone Edge|p1a: Clawitzer","|-damage|p1a: Clawitzer|1/242","|move|p1a: Clawitzer|U-turn|p2a: Hitmonlee","|-resisted|p2a: Hitmonlee","|-damage|p2a: Hitmonlee|8/209","|","|switch|p1a: Rotom|Rotom, L81|172/214","|","|turn|16","|","|move|p2a: Hitmonlee|Stone Edge|p1a: Rotom","|-damage|p1a: Rotom|90/214","|move|p1a: Rotom|Volt Switch|p2a: Hitmonlee","|-damage|p2a: Hitmonlee|0 fnt","|-damage|p1a: Rotom|69/214|[from] item: Life Orb","|faint|p2a: Hitmonlee","|","|switch|p1a: Clawitzer|Clawitzer, L79, F|1/242","|","|","|switch|p2a: Pachirisu|Pachirisu, L83, F|235/235","|turn|17","|","|move|p2a: Pachirisu|Nuzzle|p1a: Clawitzer","|-supereffective|p1a: Clawitzer","|-damage|p1a: Clawitzer|0 fnt","|-damage|p2a: Pachirisu|212/235|[from] item: Life Orb","|faint|p1a: Clawitzer","|","|","|switch|p1a: Rotom|Rotom, L81|69/214","|turn|18","|","|move|p2a: Pachirisu|Thunderbolt|p1a: Rotom","|-resisted|p1a: Rotom","|-damage|p1a: Rotom|30/214","|-damage|p2a: Pachirisu|189/235|[from] item: Life Orb","|move|p1a: Rotom|Hidden Power|p2a: Pachirisu","|-damage|p2a: Pachirisu|141/235","|-damage|p1a: Rotom|9/214|[from] item: Life Orb","|","|turn|19","|","|move|p2a: Pachirisu|Nuzzle|p1a: Rotom","|-resisted|p1a: Rotom","|-damage|p1a: Rotom|0 fnt","|-damage|p2a: Pachirisu|118/235|[from] item: Life Orb","|faint|p1a: Rotom","|","|win|Guard Darkrai"],"p1rating":{"entryid":"7421307","serverid":"eos","formatid":"randombattle","userid":"lyxnia","username":"Lyxnia","w":"1","l":1,"t":"0","gxe":50.3,"r":"1500","rd":"130","sigma":"0","rptime":"1438765200","rpr":1502.294813847,"rprd":116.46268270321,"rpsigma":"0","acre":1025.492690643,"lacre":1025.492690643,"oldacre":"1040"},"p2rating":{"entryid":"6894768","serverid":"eos","formatid":"randombattle","userid":"guarddarkrai","username":"Guard Darkrai","w":5,"l":"3","t":"0","gxe":57.1,"r":"1533.860788819","rd":"98.915962217379","sigma":"0","rptime":"1438765200","rpr":1556.03146782,"rprd":95.683541855128,"rpsigma":"0","acre":1098.9146599053,"lacre":1098.9146599053,"oldacre":"1072.5078974408"},"endType":"normal"}