{"seed":[55709,13511,27924,61259],"turns":18,"p1":"Rain ☆ Banneree","p2":"andd","p1team":[{"name":"Castform","moves":["solarbeam","weatherball","sunnyday","icebeam"],"ability":"Forecast","evs":{"hp":81,"atk":85,"def":85,"spa":89,"spd":85,"spe":85},"ivs":{"hp":31,"atk":31,"def":31,"spa":31,"spd":31,"spe":31},"item":"Heat Rock","level":83,"shiny":false},{"name":"Magcargo","moves":["lavaplume","earthpower","stealthrock","toxic"],"ability":"Flame Body","evs":{"hp":85,"atk":85,"def":85,"spa":85,"spd":85,"spe":85},"ivs":{"hp":31,"atk":31,"def":31,"spa":31,"spd":31,"spe":31},"item":"Air Balloon","level":83,"shiny":false},{"name":"Torterra","moves":["rockpolish","woodhammer","stoneedge","earthquake"],"ability":"Overgrow","evs":{"hp":85,"atk":85,"def":85,"spa":85,"spd":85,"spe":85},"ivs":{"hp":31,"atk":31,"def":31,"spa":31,"spd":31,"spe":31},"item":"Life Orb","level":81,"shiny":false},{"name":"Reuniclus","moves":["focusblast","recover","psychic","shadowball"],"ability":"Magic Guard","evs":{"hp":85,"atk":85,"def":85,"spa":85,"spd":85,"spe":85},"ivs":{"hp":31,"atk":31,"def":31,"spa":31,"spd":31,"spe":31},"item":"Life Orb","level":77,"shiny":false},{"name":"Durant","moves":["xscissor","honeclaws","batonpass","stoneedge"],"ability":"Hustle","evs":{"hp":85,"atk":85,"def":85,"spa":85,"spd":85,"spe":85},"ivs":{"hp":31,"atk":31,"def":31,"spa":31,"spd":31,"spe":31},"item":"Leftovers","level":79,"shiny":false},{"name":"Pangoro","moves":["partingshot","superpower","gunkshot","icepunch"],"ability":"Iron Fist","evs":{"hp":85,"atk":85,"def":85,"spa":85,"spd":85,"spe":85},"ivs":{"hp":31,"atk":31,"def":31,"spa":31,"spd":31,"spe":31},"item":"Life Orb","level":78,"shiny":false}],"p2team":[{"name":"Plusle","moves":["batonpass","encore","nastyplot","thunderbolt"],"ability":"Lightning Rod","evs":{"hp":85,"atk":85,"def":85,"spa":85,"spd":85,"spe":85},"ivs":{"hp":31,"atk":31,"def":31,"spa":31,"spd":31,"spe":31},"item":"Focus Sash","level":83,"shiny":false},{"name":"Pyroar","moves":["hypervoice","fireblast","willowisp","darkpulse"],"ability":"Unnerve","evs":{"hp":81,"atk":85,"def":85,"spa":89,"spd":85,"spe":85},"ivs":{"hp":31,"atk":31,"def":31,"spa":31,"spd":31,"spe":31},"item":"Life Orb","level":81,"shiny":false},{"name":"Golduck","moves":["encore","scald","calmmind","signalbeam"],"ability":"Cloud Nine","evs":{"hp":85,"atk":85,"def":85,"spa":85,"spd":85,"spe":85},"ivs":{"hp":31,"atk":31,"def":31,"spa":31,"spd":31,"spe":31},"item":"Leftovers","level":83,"shiny":false},{"name":"Bastiodon","moves":["rockblast","metalburst","toxic","stealthrock"],"ability":"Sturdy","evs":{"hp":85,"atk":85,"def":85,"spa":85,"spd":85,"spe":85},"ivs":{"hp":31,"atk":31,"def":31,"spa":31,"spd":31,"spe":31},"item":"Air Balloon","level":83,"shiny":false},{"name":"Thundurus","moves":["focusblast","taunt","nastyplot","thunderbolt"],"ability":"Prankster","evs":{"hp":85,"atk":85,"def":85,"spa":85,"spd":85,"spe":85},"ivs":{"hp":31,"atk":31,"def":31,"spa":31,"spd":31,"spe":31},"item":"Leftovers","level":75,"shiny":false},{"name":"Aromatisse","moves":["lightscreen","protect","wish","moonblast"],"ability":"Aroma Veil","evs":{"hp":85,"atk":85,"def":85,"spa":85,"spd":85,"spe":85},"ivs":{"hp":31,"atk":31,"def":31,"spa":31,"spd":31,"spe":31},"item":"Leftovers","level":79,"shiny":false}],"log":["|player|p1|Rain ☆ Banneree|200","|player|p2|andd|266","|gametype|singles","|gen|6","|tier|Random Battle","|rated","|rule|Sleep Clause Mod: Limit one foe put to sleep","|rule|HP Percentage Mod: HP is shown in percentages","|","|start","|switch|p1a: Castform|Castform, L83, F|251/251","|switch|p2a: Plusle|Plusle, L83, F|235/235","|turn|1","|","|move|p2a: Plusle|Nasty Plot|p2a: Plusle","|-boost|p2a: Plusle|spa|2","|move|p1a: Castform|Weather Ball|p2a: Plusle","|-damage|p2a: Plusle|190/235","|","|turn|2","|","|switch|p1a: Durant|Durant, L79, F|221/221","|move|p2a: Plusle|Nasty Plot|p2a: Plusle","|-boost|p2a: Plusle|spa|2","|","|turn|3","|","|switch|p1a: Torterra|Torterra, L81, F|287/287","|move|p2a: Plusle|Thunderbolt|p1a: Torterra","|-immune|p1a: Torterra|[msg]","|","|turn|4","|","|move|p2a: Plusle|Nasty Plot|p2a: Plusle","|-boost|p2a: Plusle|spa|2","|move|p1a: Torterra|Rock Polish|p1a: Torterra","|-boost|p1a: Torterra|spe|2","|","|turn|5","|","|move|p1a: Torterra|Earthquake|p2a: Plusle","|-supereffective|p2a: Plusle","|-damage|p2a: Plusle|0 fnt","|-damage|p1a: Torterra|259/287|[from] item: Life Orb","|faint|p2a: Plusle","|","|","|switch|p2a: Thundurus|Thundurus, L75, M|242/242","|turn|6","|","|move|p2a: Thundurus|Taunt|p1a: Torterra","|-start|p1a: Torterra|move: Taunt","|move|p1a: Torterra|Stone Edge|p2a: Thundurus|[miss]","|-miss|p1a: Torterra|p2a: Thundurus","|","|turn|7","|","|move|p2a: Thundurus|Nasty Plot|p2a: Thundurus","|-boost|p2a: Thundurus|spa|2","|move|p1a: Torterra|Stone Edge|p2a: Thundurus","|-supereffective|p2a: Thundurus","|-damage|p2a: Thundurus|0 fnt","|-damage|p1a: Torterra|231/287|[from] item: Life Orb","|faint|p2a: Thundurus","|","|","|switch|p2a: Pyroar|Pyroar, L81, F|271/271","|-ability|p2a: Pyroar|Unnerve|p1: Rain ☆ Banneree","|turn|8","|","|move|p1a: Torterra|Earthquake|p2a: Pyroar","|-supereffective|p2a: Pyroar","|-damage|p2a: Pyroar|0 fnt","|-damage|p1a: Torterra|203/287|[from] item: Life Orb","|faint|p2a: Pyroar","|","|-end|p1a: Torterra|move: Taunt","|","|switch|p2a: Golduck|Golduck, L83, F|268/268","|-ability|p2a: Golduck|Cloud Nine","|turn|9","|","|move|p1a: Torterra|Wood Hammer|p2a: Golduck","|-supereffective|p2a: Golduck","|-damage|p2a: Golduck|0 fnt","|-damage|p1a: Torterra|115/287|[from] recoil|[of] p2a: Golduck","|-damage|p1a: Torterra|87/287|[from] item: Life Orb","|faint|p2a: Golduck","|","|","|switch|p2a: Aromatisse|Aromatisse, L79, F|289/289","|turn|10","|","|move|p1a: Torterra|Earthquake|p2a: Aromatisse","|-damage|p2a: Aromatisse|125/289","|-damage|p1a: Torterra|59/287|[from] item: Life Orb","|move|p2a: Aromatisse|Moonblast|p1a: Torterra","|-damage|p1a: Torterra|0 fnt","|faint|p1a: Torterra","|","|-heal|p2a: Aromatisse|143/289|[from] item: Leftovers","|","|switch|p1a: Castform|Castform, L83, F|251/251","|turn|11","|","|move|p2a: Aromatisse|Protect|p2a: Aromatisse","|-singleturn|p2a: Aromatisse|Protect","|move|p1a: Castform|Sunny Day|p1a: Castform","|-weather|SunnyDay","|-formechange|p1a: Castform|Castform-Sunny|[msg]","|","|-weather|SunnyDay|[upkeep]","|-heal|p2a: Aromatisse|161/289|[from] item: Leftovers","|turn|12","|","|move|p1a: Castform|Solar Beam|p2a: Aromatisse|[still]","|-prepare|p1a: Castform|Solar Beam|p2a: Aromatisse","|-anim|p1a: Castform|Solar Beam|p2a: Aromatisse","|-crit|p2a: Aromatisse","|-damage|p2a: Aromatisse|50/289","|move|p2a: Aromatisse|Moonblast|p1a: Castform","|-resisted|p1a: Castform","|-damage|p1a: Castform|193/251","|","|-weather|SunnyDay|[upkeep]","|-heal|p2a: Aromatisse|68/289|[from] item: Leftovers","|turn|13","|","|move|p1a: Castform|Solar Beam|p2a: Aromatisse|[still]","|-prepare|p1a: Castform|Solar Beam|p2a: Aromatisse","|-anim|p1a: Castform|Solar Beam|p2a: Aromatisse","|-damage|p2a: Aromatisse|2/289","|move|p2a: Aromatisse|Moonblast|p1a: Castform","|-resisted|p1a: Castform","|-damage|p1a: Castform|137/251","|","|-weather|SunnyDay|[upkeep]","|-heal|p2a: Aromatisse|20/289|[from] item: Leftovers","|turn|14","|","|move|p2a: Aromatisse|Protect|p2a: Aromatisse","|-singleturn|p2a: Aromatisse|Protect","|move|p1a: Castform|Weather Ball|p2a: Aromatisse","|-activate|p2a: Aromatisse|Protect","|","|-weather|SunnyDay|[upkeep]","|-heal|p2a: Aromatisse|38/289|[from] item: Leftovers","|turn|15","|","|move|p1a: Castform|Weather Ball|p2a: Aromatisse","|-damage|p2a: Aromatisse|0 fnt","|faint|p2a: Aromatisse","|","|-weather|SunnyDay|[upkeep]","|","|switch|p2a: Bastiodon|Bastiodon, L83, F|235/235","|-item|p2a: Bastiodon|Air Balloon","|turn|16","|","|move|p1a: Castform|Ice Beam|p2a: Bastiodon","|-resisted|p2a: Bastiodon","|-damage|p2a: Bastiodon|219/235","|-enditem|p2a: Bastiodon|Air Balloon","|move|p2a: Bastiodon|Rock Blast|p1a: Castform","|-supereffective|p1a: Castform","|-damage|p1a: Castform|93/251","|-crit|p1a: Castform","|-supereffective|p1a: Castform","|-damage|p1a: Castform|25/251","|-supereffective|p1a: Castform","|-damage|p1a: Castform|0 fnt","|-hitcount|p1a: Castform|3","|faint|p1a: Castform","|","|-weather|SunnyDay|[upkeep]","|","|switch|p1a: Magcargo|Magcargo, L83, M|219/219","|-item|p1a: Magcargo|Air Balloon","|turn|17","|","|move|p1a: Magcargo|Earth Power|p2a: Bastiodon","|-supereffective|p2a: Bastiodon","|-damage|p2a: Bastiodon|51/235","|move|p2a: Bastiodon|Rock Blast|p1a: Magcargo","|-supereffective|p1a: Magcargo","|-damage|p1a: Magcargo|193/219","|-enditem|p1a: Magcargo|Air Balloon","|-supereffective|p1a: Magcargo","|-damage|p1a: Magcargo|163/219","|-supereffective|p1a: Magcargo","|-damage|p1a: Magcargo|133/219","|-crit|p1a: Magcargo","|-supereffective|p1a: Magcargo","|-damage|p1a: Magcargo|91/219","|-supereffective|p1a: Magcargo","|-damage|p1a: Magcargo|61/219","|-hitcount|p1a: Magcargo|5","|","|-weather|SunnyDay|[upkeep]","|turn|18","|","|move|p1a: Magcargo|Earth Power|p2a: Bastiodon","|-supereffective|p2a: Bastiodon","|-damage|p2a: Bastiodon|0 fnt","|faint|p2a: Bastiodon","|","|win|Rain ☆ Banneree"],"p1rating":{"entryid":"6685476","serverid":"eos","formatid":"randombattle","userid":"rainbanneree","username":"Rain ☆ Banneree","w":1,"l":"2","t":"0","gxe":46.5,"r":1429.5083637668,"rd":121.80010628217,"sigma":"0","rptime":1438765200,"rpr":1471.9895608504,"rprd":116.05737893106,"rpsigma":"0","acre":1040,"lacre":1040,"oldacre":"1000"},"p2rating":{"entryid":7423009,"formatid":"randombattle","userid":"andd","username":"andd","r":1500,"rd":130,"sigma":0,"rpr":1455.784143532,"rprd":122.86219393976,"rpsigma":0,"rptime":1438765200,"w":0,"l":1,"t":0,"gxe":44.5,"acre":1000,"lacre":1000,"oldacre":1000},"endType":"normal"}