{"seed":[71,62790,22937,42588],"turns":16,"p1":"Greek Gods","p2":"Mcarthey","p1team":[{"name":"Shedinja","moves":["shadowclaw","swordsdance","xscissor","willowisp"],"ability":"Wonder Guard","evs":{"hp":0,"atk":255,"def":0,"spa":85,"spd":0,"spe":85},"ivs":{"hp":31,"atk":31,"def":31,"spa":31,"spd":31,"spe":31},"item":"Focus Sash","level":83,"shiny":false},{"name":"Cacturne","moves":["drainpunch","swordsdance","substitute","suckerpunch"],"ability":"Water Absorb","evs":{"hp":85,"atk":85,"def":85,"spa":85,"spd":85,"spe":85},"ivs":{"hp":31,"atk":31,"def":31,"spa":31,"spd":31,"spe":31},"item":"Leftovers","level":81,"shiny":false},{"name":"Bisharp","moves":["substitute","ironhead","brickbreak","swordsdance"],"ability":"Defiant","evs":{"hp":85,"atk":85,"def":85,"spa":85,"spd":85,"spe":85},"ivs":{"hp":31,"atk":31,"def":31,"spa":31,"spd":31,"spe":31},"item":"Leftovers","level":75,"shiny":false},{"name":"Noctowl","moves":["airslash","nightshade","whirlwind","defog"],"ability":"Tinted Lens","evs":{"hp":85,"atk":85,"def":85,"spa":85,"spd":85,"spe":85},"ivs":{"hp":31,"atk":31,"def":31,"spa":31,"spd":31,"spe":31},"item":"Leftovers","level":83,"shiny":false},{"name":"Mewtwo","moves":["taunt","zenheadbutt","icebeam","drainpunch"],"ability":"Pressure","evs":{"hp":85,"atk":85,"def":85,"spa":85,"spd":85,"spe":85},"ivs":{"hp":31,"atk":31,"def":31,"spa":31,"spd":31,"spe":31},"item":"Mewtwonite X","level":73,"shiny":false},{"name":"Furret","moves":["uturn","trick","firepunch","doubleedge"],"ability":"Frisk","evs":{"hp":85,"atk":85,"def":85,"spa":85,"spd":85,"spe":85},"ivs":{"hp":31,"atk":31,"def":31,"spa":31,"spd":31,"spe":31},"item":"Choice Band","level":83,"shiny":false}],"p2team":[{"name":"Mantine","moves":["defog","scald","toxic","airslash"],"ability":"Water Absorb","evs":{"hp":85,"atk":85,"def":85,"spa":85,"spd":85,"spe":85},"ivs":{"hp":31,"atk":31,"def":31,"spa":31,"spd":31,"spe":31},"item":"Focus Sash","level":81,"shiny":false},{"name":"Victreebel","moves":["suckerpunch","sludgebomb","growth","sunnyday"],"ability":"Chlorophyll","evs":{"hp":85,"atk":85,"def":85,"spa":85,"spd":85,"spe":85},"ivs":{"hp":31,"atk":31,"def":31,"spa":31,"spd":31,"spe":31},"item":"Heat Rock","level":82,"shiny":false},{"name":"Vanilluxe","moves":["hiddenpowerground","flashcannon","freezedry","explosion"],"ability":"Ice Body","evs":{"hp":85,"atk":85,"def":85,"spa":85,"spd":85,"spe":85},"ivs":{"hp":31,"atk":31,"def":31,"spa":30,"spd":30,"spe":31},"item":"Life Orb","level":83,"shiny":false},{"name":"Plusle","moves":["nastyplot","hiddenpowerice","thunderbolt","encore"],"ability":"Lightning Rod","evs":{"hp":85,"atk":85,"def":85,"spa":85,"spd":85,"spe":85},"ivs":{"hp":31,"atk":30,"def":30,"spa":31,"spd":31,"spe":31},"item":"Air Balloon","level":83,"shiny":false},{"name":"Thundurus-Therian","moves":["hiddenpowerflying","thunderbolt","nastyplot","focusblast"],"ability":"Volt Absorb","evs":{"hp":81,"atk":85,"def":85,"spa":89,"spd":85,"spe":85},"ivs":{"hp":30,"atk":30,"def":30,"spa":30,"spd":30,"spe":31},"item":"Life Orb","level":76,"shiny":false},{"name":"Porygon2","moves":["thunderbolt","thunderwave","icebeam","triattack"],"ability":"Download","evs":{"hp":85,"atk":85,"def":85,"spa":85,"spd":85,"spe":85},"ivs":{"hp":31,"atk":31,"def":31,"spa":31,"spd":31,"spe":31},"item":"Eviolite","level":77,"shiny":false}],"log":["|player|p1|Greek Gods|102","|player|p2|Mcarthey|265","|gametype|singles","|gen|6","|tier|Random Battle","|rated","|rule|Sleep Clause Mod: Limit one foe put to sleep","|rule|HP Percentage Mod: HP is shown in percentages","|","|start","|switch|p1a: Shedinja|Shedinja, L83|1/1","|switch|p2a: Mantine|Mantine, L81, F|238/238","|turn|1","|","|move|p2a: Mantine|Toxic|p1a: Shedinja","|-status|p1a: Shedinja|tox","|move|p1a: Shedinja|Swords Dance|p1a: Shedinja","|-boost|p1a: Shedinja|atk|2","|","|-damage|p1a: Shedinja|0 fnt|[from] psn","|faint|p1a: Shedinja","|","|switch|p1a: Bisharp|Bisharp, L75, F|221/221","|turn|2","|","|move|p2a: Mantine|Toxic|p1a: Bisharp","|-immune|p1a: Bisharp|[msg]","|move|p1a: Bisharp|Substitute|p1a: Bisharp","|-start|p1a: Bisharp|Substitute","|-damage|p1a: Bisharp|166/221","|","|-heal|p1a: Bisharp|179/221|[from] item: Leftovers","|turn|3","|","|move|p2a: Mantine|Air Slash|p1a: Bisharp","|-resisted|p1a: Bisharp","|-activate|p1a: Bisharp|Substitute|[damage]","|move|p1a: Bisharp|Swords Dance|p1a: Bisharp","|-boost|p1a: Bisharp|atk|2","|","|-heal|p1a: Bisharp|192/221|[from] item: Leftovers","|turn|4","|","|move|p2a: Mantine|Scald|p1a: Bisharp","|-end|p1a: Bisharp|Substitute","|move|p1a: Bisharp|Swords Dance|p1a: Bisharp","|-boost|p1a: Bisharp|atk|2","|","|-heal|p1a: Bisharp|205/221|[from] item: Leftovers","|turn|5","|","|move|p2a: Mantine|Defog|p1a: Bisharp","|-unboost|p1a: Bisharp|evasion|1","|-boost|p1a: Bisharp|atk|2|[from] ability: Defiant","|move|p1a: Bisharp|Brick Break|p2a: Mantine","|-resisted|p2a: Mantine","|-damage|p2a: Mantine|116/238","|","|-heal|p1a: Bisharp|218/221|[from] item: Leftovers","|turn|6","|","|move|p2a: Mantine|Scald|p1a: Bisharp","|-damage|p1a: Bisharp|124/221","|move|p1a: Bisharp|Iron Head|p2a: Mantine","|-resisted|p2a: Mantine","|-damage|p2a: Mantine|0 fnt","|faint|p2a: Mantine","|","|-heal|p1a: Bisharp|137/221|[from] item: Leftovers","|","|switch|p2a: Porygon2|Porygon2, L77|257/257","|-boost|p2a: Porygon2|spa|1|[from] ability: Download","|turn|7","|","|move|p1a: Bisharp|Brick Break|p2a: Porygon2","|-supereffective|p2a: Porygon2","|-damage|p2a: Porygon2|0 fnt","|faint|p2a: Porygon2","|","|-heal|p1a: Bisharp|150/221|[from] item: Leftovers","|","|switch|p2a: Plusle|Plusle, L83, F|235/235","|-item|p2a: Plusle|Air Balloon","|turn|8","|","|move|p2a: Plusle|Thunderbolt|p1a: Bisharp","|-damage|p1a: Bisharp|41/221","|move|p1a: Bisharp|Iron Head|p2a: Plusle","|-resisted|p2a: Plusle","|-damage|p2a: Plusle|0 fnt","|-enditem|p2a: Plusle|Air Balloon","|faint|p2a: Plusle","|","|-heal|p1a: Bisharp|54/221|[from] item: Leftovers","|","|switch|p2a: Vanilluxe|Vanilluxe, L83, M|254/254","|turn|9","|","|move|p2a: Vanilluxe|Hidden Power|p1a: Bisharp","|-supereffective|p1a: Bisharp","|-damage|p1a: Bisharp|0 fnt","|-damage|p2a: Vanilluxe|229/254|[from] item: Life Orb","|faint|p1a: Bisharp","|","|","|switch|p1a: Mewtwo|Mewtwo, L73|275/275","|-ability|p1a: Mewtwo|Pressure","|turn|10","|","|detailschange|p1a: Mewtwo|Mewtwo-Mega-X, L73","|-mega|p1a: Mewtwo|Mewtwo|Mewtwonite X","|move|p1a: Mewtwo|Drain Punch|p2a: Vanilluxe","|-supereffective|p2a: Vanilluxe","|-damage|p2a: Vanilluxe|25/254","|move|p2a: Vanilluxe|Explosion|p1a: Mewtwo","|-damage|p1a: Mewtwo|41/275","|faint|p2a: Vanilluxe","|","|","|switch|p2a: Victreebel|Victreebel, L82, M|265/265","|turn|11","|","|move|p1a: Mewtwo|Ice Beam|p2a: Victreebel","|-supereffective|p2a: Victreebel","|-damage|p2a: Victreebel|91/265","|move|p2a: Victreebel|Sludge Bomb|p1a: Mewtwo","|-damage|p1a: Mewtwo|0 fnt","|faint|p1a: Mewtwo","|","|","|switch|p1a: Noctowl|Noctowl, L83, M|302/302","|turn|12","|","|move|p2a: Victreebel|Sucker Punch|p1a: Noctowl","|-damage|p1a: Noctowl|212/302","|move|p1a: Noctowl|Air Slash|p2a: Victreebel","|-supereffective|p2a: Victreebel","|-damage|p2a: Victreebel|0 fnt","|faint|p2a: Victreebel","|","|-heal|p1a: Noctowl|230/302|[from] item: Leftovers","|","|switch|p2a: Thundurus-Therian|Thundurus-Therian, L76, M|244/244","|turn|13","|","|move|p2a: Thundurus-Therian|Thunderbolt|p1a: Noctowl","|-supereffective|p1a: Noctowl","|-damage|p1a: Noctowl|0 fnt","|-damage|p2a: Thundurus-Therian|220/244|[from] item: Life Orb","|faint|p1a: Noctowl","|","|","|switch|p1a: Cacturne|Cacturne, L81, F|246/246","|turn|14","|","|move|p2a: Thundurus-Therian|Nasty Plot|p2a: Thundurus-Therian","|-boost|p2a: Thundurus-Therian|spa|2","|move|p1a: Cacturne|Drain Punch|p2a: Thundurus-Therian","|-resisted|p2a: Thundurus-Therian","|-damage|p2a: Thundurus-Therian|186/244","|","|turn|15","|","|move|p2a: Thundurus-Therian|Focus Blast|p1a: Cacturne","|-supereffective|p1a: Cacturne","|-damage|p1a: Cacturne|0 fnt","|-damage|p2a: Thundurus-Therian|162/244|[from] item: Life Orb","|faint|p1a: Cacturne","|","|","|switch|p1a: Furret|Furret, L83, F|277/277","|-item|p2a: Thundurus-Therian|Life Orb|[from] ability: Frisk|[of] p1a: Furret|[identify]","|turn|16","|","|move|p2a: Thundurus-Therian|Thunderbolt|p1a: Furret","|-damage|p1a: Furret|0 fnt","|-damage|p2a: Thundurus-Therian|138/244|[from] item: Life Orb","|faint|p1a: Furret","|","|win|Mcarthey"],"p1rating":{"entryid":7424810,"formatid":"randombattle","userid":"greekgods","username":"Greek Gods","r":1500,"rd":130,"sigma":0,"rpr":1459.8393856612,"rprd":122.8583080769,"rpsigma":0,"rptime":1438765200,"w":0,"l":1,"t":0,"gxe":45,"acre":1000,"lacre":1000,"oldacre":1000},"p2rating":{"entryid":7424811,"formatid":"randombattle","userid":"mcarthey","username":"Mcarthey","r":1500,"rd":130,"sigma":0,"rpr":1540.1606143388,"rprd":122.8583080769,"rpsigma":0,"rptime":1438765200,"w":1,"l":0,"t":0,"gxe":55,"acre":1040,"lacre":1040,"oldacre":1000},"endType":"normal"}