{"seed":[7204,56438,19086,57158],"turns":25,"p1":"Purply","p2":"samuelwade223","p1team":[{"name":"Doublade","moves":["shadowclaw","sacredsword","ironhead","swordsdance"],"ability":"No Guard","evs":{"hp":85,"atk":85,"def":85,"spa":85,"spd":85,"spe":85},"ivs":{"hp":31,"atk":31,"def":31,"spa":31,"spd":31,"spe":31},"item":"Eviolite","level":77,"shiny":false},{"name":"Gliscor","moves":["protect","toxic","taunt","earthquake"],"ability":"Poison Heal","evs":{"hp":85,"atk":85,"def":85,"spa":85,"spd":85,"spe":85},"ivs":{"hp":31,"atk":31,"def":31,"spa":31,"spd":31,"spe":31},"item":"Toxic Orb","level":75,"shiny":false},{"name":"Carbink","moves":["lightscreen","moonblast","reflect","powergem"],"ability":"Sturdy","evs":{"hp":85,"atk":85,"def":85,"spa":85,"spd":85,"spe":85},"ivs":{"hp":31,"atk":31,"def":31,"spa":31,"spd":31,"spe":31},"item":"Light Clay","level":83,"shiny":false},{"name":"Chandelure","moves":["shadowball","trick","painsplit","energyball"],"ability":"Flash Fire","evs":{"hp":85,"atk":85,"def":85,"spa":85,"spd":85,"spe":85},"ivs":{"hp":31,"atk":31,"def":31,"spa":31,"spd":31,"spe":31},"item":"Choice Scarf","level":77,"shiny":false},{"name":"Sunflora","moves":["gigadrain","sunnyday","hiddenpowerfire","earthpower"],"ability":"Chlorophyll","evs":{"hp":85,"atk":85,"def":85,"spa":85,"spd":85,"spe":85},"ivs":{"hp":31,"atk":30,"def":31,"spa":30,"spd":31,"spe":30},"item":"Heat Rock","level":83,"shiny":false},{"name":"Wormadam-Trash","moves":["protect","stealthrock","toxic","gyroball"],"ability":"Overcoat","evs":{"hp":85,"atk":170,"def":85,"spa":85,"spd":85,"spe":0},"ivs":{"hp":31,"atk":31,"def":31,"spa":31,"spd":31,"spe":0},"item":"Leftovers","level":83,"shiny":false}],"p2team":[{"name":"Clefable","moves":["softboiled","thunderwave","calmmind","moonblast"],"ability":"Magic Guard","evs":{"hp":85,"atk":85,"def":85,"spa":85,"spd":85,"spe":85},"ivs":{"hp":31,"atk":31,"def":31,"spa":31,"spd":31,"spe":31},"item":"Life Orb","level":75,"shiny":false},{"name":"Rotom-Wash","moves":["voltswitch","painsplit","willowisp","hydropump"],"ability":"Levitate","evs":{"hp":85,"atk":85,"def":85,"spa":85,"spd":85,"spe":85},"ivs":{"hp":31,"atk":31,"def":31,"spa":31,"spd":31,"spe":31},"item":"Leftovers","level":75,"shiny":false},{"name":"Donphan","moves":["stoneedge","stealthrock","rapidspin","earthquake"],"ability":"Sturdy","evs":{"hp":85,"atk":85,"def":85,"spa":85,"spd":85,"spe":85},"ivs":{"hp":31,"atk":31,"def":31,"spa":31,"spd":31,"spe":31},"item":"Leftovers","level":77,"shiny":false},{"name":"Jumpluff","moves":["leechseed","encore","substitute","acrobatics"],"ability":"Infiltrator","evs":{"hp":81,"atk":89,"def":85,"spa":85,"spd":85,"spe":85},"ivs":{"hp":31,"atk":31,"def":31,"spa":31,"spd":31,"spe":31},"item":"Flying Gem","level":83,"shiny":false},{"name":"Salamence","moves":["fireblast","dracometeor","doubleedge","earthquake"],"ability":"Moxie","evs":{"hp":85,"atk":85,"def":85,"spa":85,"spd":85,"spe":85},"ivs":{"hp":31,"atk":31,"def":31,"spa":31,"spd":31,"spe":31},"item":"Salamencite","level":73,"shiny":false},{"name":"Reuniclus","moves":["psyshock","focusblast","calmmind","shadowball"],"ability":"Magic Guard","evs":{"hp":85,"atk":85,"def":85,"spa":85,"spd":85,"spe":85},"ivs":{"hp":31,"atk":31,"def":31,"spa":31,"spd":31,"spe":31},"item":"Life Orb","level":77,"shiny":false}],"log":["|player|p1|Purply|50","|player|p2|samuelwade223|290","|gametype|singles","|gen|6","|tier|Random Battle","|rated","|rule|Sleep Clause Mod: Limit one foe put to sleep","|rule|HP Percentage Mod: HP is shown in percentages","|","|start","|switch|p1a: Doublade|Doublade, L77, M|217/217","|switch|p2a: Clefable|Clefable, L75, M|266/266","|turn|1","|","|move|p2a: Clefable|Thunder Wave|p1a: Doublade","|-status|p1a: Doublade|par","|move|p1a: Doublade|Iron Head|p2a: Clefable","|-supereffective|p2a: Clefable","|-damage|p2a: Clefable|80/266","|","|turn|2","|","|switch|p2a: Salamence|Salamence, L73, M|259/259","|move|p1a: Doublade|Iron Head|p2a: Salamence","|-damage|p2a: Salamence|171/259","|","|turn|3","|","|switch|p1a: Gliscor|Gliscor, L75, M|236/236","|detailschange|p2a: Salamence|Salamence-Mega, L73, M","|-mega|p2a: Salamence|Salamence|Salamencite","|move|p2a: Salamence|Fire Blast|p1a: Gliscor","|-damage|p1a: Gliscor|154/236","|","|-status|p1a: Gliscor|tox|[from] item: Toxic Orb","|turn|4","|","|move|p1a: Gliscor|Protect|p1a: Gliscor","|-singleturn|p1a: Gliscor|Protect","|move|p2a: Salamence|Draco Meteor|p1a: Gliscor","|-activate|p1a: Gliscor|Protect","|","|-heal|p1a: Gliscor|183/236 tox|[from] ability: Poison Heal","|turn|5","|","|switch|p1a: Carbink|Carbink, L83|219/219","|move|p2a: Salamence|Draco Meteor|p1a: Carbink","|-immune|p1a: Carbink|[msg]","|","|turn|6","|","|move|p2a: Salamence|Earthquake|p1a: Carbink","|-supereffective|p1a: Carbink","|-damage|p1a: Carbink|123/219","|move|p1a: Carbink|Reflect|p1a: Carbink","|-sidestart|p1: Purply|Reflect","|","|turn|7","|","|move|p2a: Salamence|Earthquake|p1a: Carbink","|-supereffective|p1a: Carbink","|-damage|p1a: Carbink|76/219","|move|p1a: Carbink|Moonblast|p2a: Salamence","|-supereffective|p2a: Salamence","|-damage|p2a: Salamence|21/259","|","|turn|8","|","|move|p2a: Salamence|Earthquake|p1a: Carbink","|-supereffective|p1a: Carbink","|-damage|p1a: Carbink|29/219","|move|p1a: Carbink|Moonblast|p2a: Salamence","|-crit|p2a: Salamence","|-supereffective|p2a: Salamence","|-damage|p2a: Salamence|0 fnt","|faint|p2a: Salamence","|","|","|switch|p2a: Rotom-Wash|Rotom-Wash, L75|199/199","|turn|9","|","|switch|p1a: Sunflora|Sunflora, L83, M|260/260","|move|p2a: Rotom-Wash|Hydro Pump|p1a: Sunflora","|-resisted|p1a: Sunflora","|-damage|p1a: Sunflora|210/260","|","|turn|10","|","|move|p2a: Rotom-Wash|Will-O-Wisp|p1a: Sunflora","|-status|p1a: Sunflora|brn","|move|p1a: Sunflora|Sunny Day|p1a: Sunflora","|-weather|SunnyDay","|","|-weather|SunnyDay|[upkeep]","|-damage|p1a: Sunflora|178/260 brn|[from] brn","|turn|11","|","|move|p1a: Sunflora|Giga Drain|p2a: Rotom-Wash","|-supereffective|p2a: Rotom-Wash","|-damage|p2a: Rotom-Wash|31/199","|-heal|p1a: Sunflora|260/260 brn|[from] drain|[of] p2a: Rotom-Wash","|move|p2a: Rotom-Wash|Volt Switch|p1a: Sunflora","|-resisted|p1a: Sunflora","|-damage|p1a: Sunflora|224/260 brn","|","|switch|p2a: Jumpluff|Jumpluff, L83, F|259/259","|","|-weather|SunnyDay|[upkeep]","|-damage|p1a: Sunflora|192/260 brn|[from] brn","|turn|12","|","|switch|p1a: Carbink|Carbink, L83|29/219","|move|p2a: Jumpluff|Substitute|p2a: Jumpluff","|-start|p2a: Jumpluff|Substitute","|-damage|p2a: Jumpluff|195/259","|","|-weather|SunnyDay|[upkeep]","|turn|13","|","|move|p2a: Jumpluff|Leech Seed|p1a: Carbink","|-start|p1a: Carbink|move: Leech Seed","|move|p1a: Carbink|Power Gem|p2a: Jumpluff","|-supereffective|p2a: Jumpluff","|-end|p2a: Jumpluff|Substitute","|","|-weather|SunnyDay|[upkeep]","|-damage|p1a: Carbink|2/219|[from] Leech Seed|[of] p2a: Jumpluff","|-heal|p2a: Jumpluff|222/259|[silent]","|-sideend|p1: Purply|Reflect","|turn|14","|","|move|p2a: Jumpluff|Substitute|p2a: Jumpluff","|-start|p2a: Jumpluff|Substitute","|-damage|p2a: Jumpluff|158/259","|move|p1a: Carbink|Light Screen|p1a: Carbink","|-sidestart|p1: Purply|move: Light Screen","|","|-weather|SunnyDay|[upkeep]","|-damage|p1a: Carbink|0 fnt|[from] Leech Seed|[of] p2a: Jumpluff","|-heal|p2a: Jumpluff|160/259|[silent]","|faint|p1a: Carbink","|","|switch|p1a: Sunflora|Sunflora, L83, M|192/260 brn","|turn|15","|","|move|p2a: Jumpluff|Leech Seed|p1a: Sunflora","|-immune|p1a: Sunflora|[msg]","|move|p1a: Sunflora|Hidden Power|p2a: Jumpluff","|-supereffective|p2a: Jumpluff","|-end|p2a: Jumpluff|Substitute","|","|-weather|SunnyDay|[upkeep]","|-damage|p1a: Sunflora|160/260 brn|[from] brn","|turn|16","|","|move|p2a: Jumpluff|Acrobatics|p1a: Sunflora","|-enditem|p2a: Jumpluff|Flying Gem|[from] gem|[move] Acrobatics","|-supereffective|p1a: Sunflora","|-damage|p1a: Sunflora|0 fnt","|faint|p1a: Sunflora","|","|-weather|SunnyDay|[upkeep]","|","|switch|p1a: Chandelure|Chandelure, L77, F|219/219","|turn|17","|","|move|p1a: Chandelure|Trick|p2a: Jumpluff","|-activate|p1a: Chandelure|move: Trick|[of] p2a: Jumpluff","|-item|p2a: Jumpluff|Choice Scarf|[from] move: Trick","|move|p2a: Jumpluff|Leech Seed|p1a: Chandelure","|-start|p1a: Chandelure|move: Leech Seed","|","|-weather|none","|-damage|p1a: Chandelure|192/219|[from] Leech Seed|[of] p2a: Jumpluff","|-heal|p2a: Jumpluff|187/259|[silent]","|turn|18","|","|switch|p2a: Donphan|Donphan, L77, F|265/265","|move|p1a: Chandelure|Shadow Ball|p2a: Donphan","|-damage|p2a: Donphan|127/265","|","|-heal|p2a: Donphan|143/265|[from] item: Leftovers","|-damage|p1a: Chandelure|165/219|[from] Leech Seed|[of] p2a: Donphan","|-heal|p2a: Donphan|170/265|[silent]","|turn|19","|","|move|p1a: Chandelure|Energy Ball|p2a: Donphan","|-supereffective|p2a: Donphan","|-damage|p2a: Donphan|0 fnt","|faint|p2a: Donphan","|","|","|switch|p2a: Reuniclus|Reuniclus, L77, M|296/296","|turn|20","|","|switch|p1a: Wormadam-Trash|Wormadam-Trash, L83, F|235/235","|move|p2a: Reuniclus|Psyshock|p1a: Wormadam-Trash","|-resisted|p1a: Wormadam-Trash","|-damage|p1a: Wormadam-Trash|206/235","|","|-heal|p1a: Wormadam-Trash|220/235|[from] item: Leftovers","|turn|21","|","|move|p2a: Reuniclus|Shadow Ball|p1a: Wormadam-Trash","|-damage|p1a: Wormadam-Trash|184/235","|move|p1a: Wormadam-Trash|Stealth Rock|p2a: Reuniclus","|-sidestart|p2: samuelwade223|move: Stealth Rock","|","|-heal|p1a: Wormadam-Trash|198/235|[from] item: Leftovers","|-sideend|p1: Purply|move: Light Screen","|turn|22","|","|move|p2a: Reuniclus|Focus Blast|p1a: Wormadam-Trash|[miss]","|-miss|p2a: Reuniclus|p1a: Wormadam-Trash","|move|p1a: Wormadam-Trash|Gyro Ball|p2a: Reuniclus","|-damage|p2a: Reuniclus|259/296","|","|-heal|p1a: Wormadam-Trash|212/235|[from] item: Leftovers","|turn|23","|","|switch|p1a: Chandelure|Chandelure, L77, F|165/219","|move|p2a: Reuniclus|Focus Blast|p1a: Chandelure","|-immune|p1a: Chandelure|[msg]","|","|turn|24","|","|move|p1a: Chandelure|Shadow Ball|p2a: Reuniclus","|-supereffective|p2a: Reuniclus","|-damage|p2a: Reuniclus|55/296","|move|p2a: Reuniclus|Psyshock|p1a: Chandelure","|-damage|p1a: Chandelure|43/219","|","|turn|25","|","|switch|p2a: Clefable|Clefable, L75, M|80/266","|move|p1a: Chandelure|Shadow Ball|p2a: Clefable","|-damage|p2a: Clefable|0 fnt","|faint|p2a: Clefable","|","|","|win|Purply"],"p1rating":{"entryid":"7419786","serverid":"eos","formatid":"randombattle","userid":"purply","username":"Purply","w":1,"l":"1","t":"0","gxe":50,"r":"1500","rd":"130","sigma":"0","rptime":"1438765200","rpr":1500,"rprd":116.77753930647,"rpsigma":"0","acre":1040,"lacre":1040,"oldacre":"1000"},"p2rating":{"entryid":7419911,"formatid":"randombattle","userid":"samuelwade223","username":"samuelwade223","r":1500,"rd":130,"sigma":0,"rpr":1459.8393856612,"rprd":122.8583080769,"rpsigma":0,"rptime":1438765200,"w":0,"l":1,"t":0,"gxe":45,"acre":1000,"lacre":1000,"oldacre":1000},"endType":"forfeit"}