{"seed":[55935,7054,4026,37673],"turns":43,"p1":"IV Chompers","p2":"Carnie Bronykins","p1team":[{"name":"Delphox","moves":["grassknot","switcheroo","psyshock","shadowball"],"ability":"Magician","evs":{"hp":81,"atk":85,"def":85,"spa":89,"spd":85,"spe":85},"ivs":{"hp":31,"atk":31,"def":31,"spa":31,"spd":31,"spe":31},"item":"Choice Specs","level":79,"shiny":false},{"name":"Zoroark","moves":["darkpulse","flamethrower","nastyplot","focusblast"],"ability":"Illusion","evs":{"hp":85,"atk":85,"def":85,"spa":85,"spd":85,"spe":85},"ivs":{"hp":31,"atk":31,"def":31,"spa":31,"spd":31,"spe":31},"item":"Life Orb","level":78,"shiny":false},{"name":"Maractus","moves":["spikyshield","toxic","hiddenpowerfire","gigadrain"],"ability":"Storm Drain","evs":{"hp":85,"atk":85,"def":85,"spa":85,"spd":85,"spe":85},"ivs":{"hp":31,"atk":30,"def":31,"spa":30,"spd":31,"spe":30},"item":"Leftovers","level":83,"shiny":false},{"name":"Kecleon","moves":["fakeout","drainpunch","recover","stealthrock"],"ability":"Protean","evs":{"hp":85,"atk":85,"def":85,"spa":85,"spd":85,"spe":85},"ivs":{"hp":31,"atk":31,"def":31,"spa":31,"spd":31,"spe":31},"item":"Leftovers","level":81,"shiny":false},{"name":"Pinsir","moves":["swordsdance","closecombat","quickattack","return"],"ability":"Mold Breaker","evs":{"hp":81,"atk":89,"def":85,"spa":85,"spd":85,"spe":85},"ivs":{"hp":31,"atk":31,"def":31,"spa":31,"spd":31,"spe":31},"item":"Pinsirite","level":76,"shiny":false},{"name":"Jirachi","moves":["icepunch","bodyslam","wish","ironhead"],"ability":"Serene Grace","evs":{"hp":85,"atk":85,"def":85,"spa":85,"spd":85,"spe":85},"ivs":{"hp":31,"atk":31,"def":31,"spa":31,"spd":31,"spe":31},"item":"Leftovers","level":75,"shiny":false}],"p2team":[{"name":"Skarmory","moves":["defog","bravebird","whirlwind","roost"],"ability":"Sturdy","evs":{"hp":85,"atk":85,"def":85,"spa":85,"spd":85,"spe":85},"ivs":{"hp":31,"atk":31,"def":31,"spa":31,"spd":31,"spe":31},"item":"Leftovers","level":75,"shiny":false},{"name":"Dodrio","moves":["roost","doubleedge","knockoff","bravebird"],"ability":"Early Bird","evs":{"hp":85,"atk":85,"def":85,"spa":85,"spd":85,"spe":85},"ivs":{"hp":31,"atk":31,"def":31,"spa":31,"spd":31,"spe":31},"item":"Life Orb","level":83,"shiny":false},{"name":"Infernape","moves":["grassknot","nastyplot","fireblast","flareblitz"],"ability":"Blaze","evs":{"hp":85,"atk":85,"def":85,"spa":85,"spd":85,"spe":85},"ivs":{"hp":31,"atk":31,"def":31,"spa":31,"spd":31,"spe":31},"item":"Life Orb","level":77,"shiny":false},{"name":"Floette-Eternal-Flower","moves":["moonblast","hiddenpowerground","psychic","lightofruin"],"ability":"Flower Veil","evs":{"hp":85,"atk":85,"def":85,"spa":85,"spd":85,"spe":85},"ivs":{"hp":31,"atk":31,"def":31,"spa":30,"spd":30,"spe":31},"item":"Choice Scarf","level":75,"shiny":false},{"name":"Volbeat","moves":["thunderwave","bugbuzz","encore","tailwind"],"ability":"Prankster","evs":{"hp":81,"atk":85,"def":85,"spa":89,"spd":85,"spe":85},"ivs":{"hp":31,"atk":31,"def":31,"spa":31,"spd":31,"spe":31},"item":"Leftovers","level":83,"shiny":false},{"name":"Scrafty","moves":["rest","highjumpkick","dragondance","knockoff"],"ability":"Shed Skin","evs":{"hp":85,"atk":85,"def":85,"spa":85,"spd":85,"spe":85},"ivs":{"hp":31,"atk":31,"def":31,"spa":31,"spd":31,"spe":31},"item":"Leftovers","level":79,"shiny":false}],"log":["|player|p1|IV Chompers|265","|player|p2|Carnie Bronykins|80","|gametype|singles","|gen|6","|tier|Random Battle","|rated","|rule|Sleep Clause Mod: Limit one foe put to sleep","|rule|HP Percentage Mod: HP is shown in percentages","|","|start","|switch|p1a: Delphox|Delphox, L79, M|247/247","|switch|p2a: Skarmory|Skarmory, L75, F|221/221","|turn|1","|","|move|p1a: Delphox|Shadow Ball|p2a: Skarmory","|-damage|p2a: Skarmory|115/221","|move|p2a: Skarmory|Whirlwind|p1a: Delphox","|drag|p1a: Jirachi|Jirachi, L75|274/274","|","|-heal|p2a: Skarmory|128/221|[from] item: Leftovers","|turn|2","|","|move|p1a: Jirachi|Body Slam|p2a: Skarmory","|-resisted|p2a: Skarmory","|-damage|p2a: Skarmory|109/221","|-status|p2a: Skarmory|par","|move|p2a: Skarmory|Defog|p1a: Jirachi","|-unboost|p1a: Jirachi|evasion|1","|","|-heal|p2a: Skarmory|122/221 par|[from] item: Leftovers","|turn|3","|","|switch|p1a: Pinsir|Pinsir, L76, F|223/223","|-ability|p1a: Pinsir|Mold Breaker","|move|p2a: Skarmory|Roost|p2a: Skarmory","|-heal|p2a: Skarmory|221/221 par","|","|turn|4","|","|switch|p1a: Delphox|Delphox, L79, M|247/247","|move|p2a: Skarmory|Brave Bird|p1a: Delphox","|-damage|p1a: Delphox|126/247","|-damage|p2a: Skarmory|181/221 par|[from] recoil|[of] p1a: Delphox","|","|-heal|p2a: Skarmory|194/221 par|[from] item: Leftovers","|turn|5","|","|move|p1a: Delphox|Switcheroo|p2a: Skarmory","|-activate|p1a: Delphox|move: Trick|[of] p2a: Skarmory","|-item|p2a: Skarmory|Choice Specs|[from] Trick","|-item|p1a: Delphox|Leftovers|[from] Trick","|move|p2a: Skarmory|Whirlwind|p1a: Delphox","|drag|p1a: Pinsir|Pinsir, L76, F|223/223","|-ability|p1a: Pinsir|Mold Breaker","|","|turn|6","|","|switch|p2a: Infernape|Infernape, L77, F|244/244","|detailschange|p1a: Pinsir|Pinsir-Mega, L76, F","|-mega|p1a: Pinsir|Pinsir|Pinsirite","|move|p1a: Pinsir|Swords Dance|p1a: Pinsir","|-boost|p1a: Pinsir|atk|2","|","|turn|7","|","|move|p1a: Pinsir|Quick Attack|p2a: Infernape","|-supereffective|p2a: Infernape","|-damage|p2a: Infernape|0 fnt","|faint|p2a: Infernape","|","|","|switch|p2a: Skarmory|Skarmory, L75, F|194/221 par","|turn|8","|","|switch|p1a: Jirachi|Jirachi, L75|274/274","|move|p2a: Skarmory|Brave Bird|p1a: Jirachi","|-resisted|p1a: Jirachi","|-damage|p1a: Jirachi|229/274","|-damage|p2a: Skarmory|179/221 par|[from] recoil|[of] p1a: Jirachi","|","|-heal|p1a: Jirachi|246/274|[from] item: Leftovers","|turn|9","|","|switch|p2a: Scrafty|Scrafty, L79, F|232/232","|move|p1a: Jirachi|Wish|p1a: Jirachi","|","|-heal|p1a: Jirachi|263/274|[from] item: Leftovers","|turn|10","|","|move|p1a: Jirachi|Iron Head|p2a: Scrafty","|-damage|p2a: Scrafty|166/232","|cant|p2a: Scrafty|flinch","|","|-heal|p1a: Jirachi|274/274|[from] move: Wish|[wisher] Jirachi","|-heal|p2a: Scrafty|180/232|[from] item: Leftovers","|turn|11","|","|move|p1a: Jirachi|Iron Head|p2a: Scrafty","|-damage|p2a: Scrafty|114/232","|cant|p2a: Scrafty|flinch","|","|-heal|p2a: Scrafty|128/232|[from] item: Leftovers","|turn|12","|","|move|p1a: Jirachi|Iron Head|p2a: Scrafty","|-damage|p2a: Scrafty|62/232","|move|p2a: Scrafty|Knock Off|p1a: Jirachi","|-supereffective|p1a: Jirachi","|-damage|p1a: Jirachi|104/274","|-enditem|p1a: Jirachi|Leftovers|[from] move: Knock Off|[of] p2a: Scrafty","|","|-heal|p2a: Scrafty|76/232|[from] item: Leftovers","|turn|13","|","|move|p1a: Jirachi|Iron Head|p2a: Scrafty","|-damage|p2a: Scrafty|16/232","|cant|p2a: Scrafty|flinch","|","|-heal|p2a: Scrafty|30/232|[from] item: Leftovers","|turn|14","|","|switch|p2a: Skarmory|Skarmory, L75, F|179/221 par","|move|p1a: Jirachi|Body Slam|p2a: Skarmory","|-resisted|p2a: Skarmory","|-damage|p2a: Skarmory|159/221 par","|","|turn|15","|","|move|p1a: Jirachi|Wish|p1a: Jirachi","|move|p2a: Skarmory|Brave Bird|p1a: Jirachi","|-resisted|p1a: Jirachi","|-damage|p1a: Jirachi|56/274","|-damage|p2a: Skarmory|143/221 par|[from] recoil|[of] p1a: Jirachi","|","|turn|16","|","|switch|p2a: Dodrio|Dodrio, L83, F|235/235","|move|p1a: Jirachi|Ice Punch|p2a: Dodrio","|-supereffective|p2a: Dodrio","|-damage|p2a: Dodrio|135/235","|","|-heal|p1a: Jirachi|193/274|[from] move: Wish|[wisher] Jirachi","|turn|17","|","|move|p2a: Dodrio|Knock Off|p1a: Jirachi","|-supereffective|p1a: Jirachi","|-damage|p1a: Jirachi|58/274","|-damage|p2a: Dodrio|112/235|[from] item: Life Orb","|move|p1a: Jirachi|Body Slam|p2a: Dodrio","|-damage|p2a: Dodrio|54/235","|","|turn|18","|","|switch|p1a: Pinsir|Pinsir-Mega, L76, F|223/223","|move|p2a: Dodrio|Knock Off|p1a: Pinsir","|-damage|p1a: Pinsir|165/223","|-damage|p2a: Dodrio|31/235|[from] item: Life Orb","|","|turn|19","|","|move|p1a: Pinsir|Quick Attack|p2a: Dodrio","|-damage|p2a: Dodrio|0 fnt","|faint|p2a: Dodrio","|","|","|switch|p2a: Skarmory|Skarmory, L75, F|143/221 par","|turn|20","|","|switch|p1a: Jirachi|Jirachi, L75|58/274","|cant|p2a: Skarmory|par","|","|turn|21","|","|move|p1a: Jirachi|Wish|p1a: Jirachi","|cant|p2a: Skarmory|par","|","|turn|22","|","|switch|p2a: Volbeat|Volbeat, L83, M|243/243","|move|p1a: Jirachi|Ice Punch|p2a: Volbeat","|-damage|p2a: Volbeat|182/243","|","|-heal|p1a: Jirachi|195/274|[from] move: Wish|[wisher] Jirachi","|-heal|p2a: Volbeat|197/243|[from] item: Leftovers","|turn|23","|","|switch|p1a: Maractus|Maractus, L83, F|260/260","|move|p2a: Volbeat|Encore|p1a: Maractus","|-fail|p1a: Maractus","|","|-heal|p2a: Volbeat|212/243|[from] item: Leftovers","|turn|24","|","|move|p1a: Maractus|Spiky Shield|p1a: Maractus","|-singleturn|p1a: Maractus|move: Protect","|move|p2a: Volbeat|Thunder Wave|p1a: Maractus","|-activate|p1a: Maractus|Protect","|","|-heal|p2a: Volbeat|227/243|[from] item: Leftovers","|turn|25","|","|move|p2a: Volbeat|Encore|p1a: Maractus","|-start|p1a: Maractus|Encore","|move|p1a: Maractus|Spiky Shield|p1a: Maractus","|-fail|p1a: Maractus","|","|-heal|p2a: Volbeat|242/243|[from] item: Leftovers","|turn|26","|","|switch|p1a: Kecleon|Kecleon, L81, M|230/230","|move|p2a: Volbeat|Tailwind|p2a: Volbeat","|-sidestart|p2: Carnie Bronykins|move: Tailwind","|","|-heal|p2a: Volbeat|243/243|[from] item: Leftovers","|turn|27","|","|move|p2a: Volbeat|Thunder Wave|p1a: Kecleon","|-status|p1a: Kecleon|par","|move|p1a: Kecleon|Stealth Rock|p2a: Volbeat","|-start|p1a: Kecleon|typechange|Rock|[from] Protean","|-sidestart|p2: Carnie Bronykins|move: Stealth Rock","|","|turn|28","|","|switch|p1a: Pinsir|Pinsir-Mega, L76, F|165/223","|move|p2a: Volbeat|Encore|p1a: Pinsir","|-fail|p1a: Pinsir","|","|turn|29","|","|move|p1a: Pinsir|Quick Attack|p2a: Volbeat","|-supereffective|p2a: Volbeat","|-damage|p2a: Volbeat|51/243","|move|p2a: Volbeat|Bug Buzz|p1a: Pinsir","|-crit|p1a: Pinsir","|-resisted|p1a: Pinsir","|-damage|p1a: Pinsir|122/223","|","|-heal|p2a: Volbeat|66/243|[from] item: Leftovers","|-sideend|p2: Carnie Bronykins|move: Tailwind","|turn|30","|","|move|p1a: Pinsir|Quick Attack|p2a: Volbeat","|-supereffective|p2a: Volbeat","|-damage|p2a: Volbeat|0 fnt","|faint|p2a: Volbeat","|","|","|switch|p2a: Floette-Eternal-Flow|Floette-Eternal-Flower, L75, F|235/235","|-damage|p2a: Floette-Eternal-Flow|206/235|[from] Stealth Rock","|turn|31","|","|move|p2a: Floette-Eternal-Flow|Light of Ruin|p1a: Pinsir","|-damage|p1a: Pinsir|0 fnt","|-damage|p2a: Floette-Eternal-Flow|145/235|[from] recoil|[of] p1a: Pinsir","|faint|p1a: Pinsir","|","|","|switch|p1a: Jirachi|Jirachi, L75|195/274","|turn|32","|","|move|p2a: Floette-Eternal-Flow|Light of Ruin|p1a: Jirachi","|-resisted|p1a: Jirachi","|-damage|p1a: Jirachi|124/274","|-damage|p2a: Floette-Eternal-Flow|109/235|[from] recoil|[of] p1a: Jirachi","|move|p1a: Jirachi|Wish|p1a: Jirachi","|","|turn|33","|","|switch|p2a: Skarmory|Skarmory, L75, F|143/221 par","|-damage|p2a: Skarmory|116/221 par|[from] Stealth Rock","|move|p1a: Jirachi|Iron Head|p2a: Skarmory","|-resisted|p2a: Skarmory","|-damage|p2a: Skarmory|89/221 par","|","|-heal|p1a: Jirachi|261/274|[from] move: Wish|[wisher] Jirachi","|turn|34","|","|move|p1a: Jirachi|Iron Head|p2a: Skarmory","|-resisted|p2a: Skarmory","|-damage|p2a: Skarmory|62/221 par","|move|p2a: Skarmory|Roost|p2a: Skarmory","|-heal|p2a: Skarmory|173/221 par","|","|turn|35","|","|move|p1a: Jirachi|Iron Head|p2a: Skarmory","|-resisted|p2a: Skarmory","|-damage|p2a: Skarmory|147/221 par","|cant|p2a: Skarmory|par","|","|turn|36","|","|switch|p1a: Delphox|Delphox, L79, M|222/222","|move|p2a: Skarmory|Roost|p2a: Skarmory","|-heal|p2a: Skarmory|221/221 par","|","|turn|37","|","|switch|p2a: Floette-Eternal-Flow|Floette-Eternal-Flower, L75, F|109/235","|-damage|p2a: Floette-Eternal-Flow|80/235|[from] Stealth Rock","|move|p1a: Delphox|Flamethrower|p2a: Floette-Eternal-Flow","|-damage|p2a: Floette-Eternal-Flow|5/235","|-damage|p1a: Delphox|200/222|[from] item: Life Orb","|","|turn|38","|","|switch|p1a: Maractus|Maractus, L83, F|260/260","|move|p2a: Floette-Eternal-Flow|Hidden Power|p1a: Maractus","|-resisted|p1a: Maractus","|-damage|p1a: Maractus|236/260","|","|-heal|p1a: Maractus|252/260|[from] item: Leftovers","|turn|39","|","|switch|p2a: Skarmory|Skarmory, L75, F|221/221 par","|-damage|p2a: Skarmory|194/221 par|[from] Stealth Rock","|move|p1a: Maractus|Giga Drain|p2a: Skarmory","|-resisted|p2a: Skarmory","|-damage|p2a: Skarmory|167/221 par","|-heal|p1a: Maractus|260/260|[from] drain|[of] p2a: Skarmory","|","|turn|40","|","|move|p1a: Maractus|Spiky Shield|p1a: Maractus","|-singleturn|p1a: Maractus|move: Protect","|move|p2a: Skarmory|Defog|p1a: Maractus","|-activate|p1a: Maractus|Protect","|","|turn|41","|","|switch|p2a: Floette-Eternal-Flow|Floette-Eternal-Flower, L75, F|5/235","|-damage|p2a: Floette-Eternal-Flow|0 fnt|[from] Stealth Rock","|faint|p2a: Floette-Eternal-Flow","|move|p1a: Maractus|Hidden Power|p2: Floette-Eternal-Flow|[notarget]","|-notarget","|","|","|switch|p2a: Skarmory|Skarmory, L75, F|167/221 par","|-damage|p2a: Skarmory|140/221 par|[from] Stealth Rock","|turn|42","|","|move|p1a: Maractus|Hidden Power|p2a: Skarmory","|-supereffective|p2a: Skarmory","|-damage|p2a: Skarmory|14/221 par","|move|p2a: Skarmory|Brave Bird|p1a: Maractus","|-supereffective|p1a: Maractus","|-damage|p1a: Maractus|30/260","|-damage|p2a: Skarmory|0 fnt|[from] recoil|[of] p1a: Maractus","|faint|p2a: Skarmory","|","|-heal|p1a: Maractus|46/260|[from] item: Leftovers","|","|switch|p2a: Scrafty|Scrafty, L79, F|30/232","|-damage|p2a: Scrafty|16/232|[from] Stealth Rock","|turn|43","|","|move|p1a: Maractus|Giga Drain|p2a: Scrafty","|-damage|p2a: Scrafty|0 fnt","|-heal|p1a: Maractus|54/260|[from] drain|[of] p2a: Scrafty","|faint|p2a: Scrafty","|","|win|IV Chompers"],"p1rating":{"entryid":7413219,"formatid":"randombattle","userid":"ivchompers","username":"IV Chompers","r":1500,"rd":130,"sigma":0,"rpr":1540.1606143388,"rprd":122.8583080769,"rpsigma":0,"rptime":1438765200,"w":1,"l":0,"t":0,"gxe":55,"acre":1044.584930701,"lacre":1044.584930701,"oldacre":1000},"p2rating":{"entryid":"7314490","serverid":"eos","formatid":"randombattle","userid":"carniebronykins","username":"Carnie Bronykins","w":"1","l":1,"t":"0","gxe":50,"r":1540.1606143388,"rd":123.40150317887,"sigma":"0","rptime":1438765200,"rpr":1499.6488584894,"rprd":117.30840108011,"rpsigma":"0","acre":1022.1660277196,"lacre":1022.1660277196,"oldacre":"1040"},"endType":"normal"}