{"seed":[52985,39273,31102,9604],"turns":40,"p1":"alphacastor","p2":"Zodiac Moe Sedah","p1team":[{"name":"Glaceon","moves":["toxic","icebeam","hiddenpowerground","shadowball"],"ability":"Snow Cloak","evs":{"hp":81,"atk":85,"def":85,"spa":89,"spd":85,"spe":85},"ivs":{"hp":31,"atk":31,"def":31,"spa":30,"spd":30,"spe":31},"item":"Life Orb","level":83,"shiny":false},{"name":"Throh","moves":["circlethrow","stormthrow","icepunch","rest"],"ability":"Guts","evs":{"hp":85,"atk":85,"def":85,"spa":85,"spd":85,"spe":85},"ivs":{"hp":31,"atk":31,"def":31,"spa":31,"spd":31,"spe":31},"item":"Chesto Berry","level":82,"shiny":false},{"name":"Latios","moves":["defog","dracometeor","roost","hiddenpowerfire"],"ability":"Levitate","evs":{"hp":85,"atk":85,"def":85,"spa":85,"spd":85,"spe":85},"ivs":{"hp":31,"atk":30,"def":31,"spa":30,"spd":31,"spe":30},"item":"Latiosite","level":75,"shiny":false},{"name":"Jumpluff","moves":["sleeppowder","leechseed","encore","seedbomb"],"ability":"Infiltrator","evs":{"hp":81,"atk":89,"def":85,"spa":85,"spd":85,"spe":85},"ivs":{"hp":31,"atk":31,"def":31,"spa":31,"spd":31,"spe":31},"item":"Leftovers","level":83,"shiny":false},{"name":"Castform","moves":["icebeam","weatherball","solarbeam","sunnyday"],"ability":"Forecast","evs":{"hp":81,"atk":85,"def":85,"spa":89,"spd":85,"spe":85},"ivs":{"hp":31,"atk":31,"def":31,"spa":31,"spd":31,"spe":31},"item":"Heat Rock","level":83,"shiny":false},{"name":"Uxie","moves":["psychic","healbell","stealthrock","yawn"],"ability":"Levitate","evs":{"hp":85,"atk":85,"def":85,"spa":85,"spd":85,"spe":85},"ivs":{"hp":31,"atk":31,"def":31,"spa":31,"spd":31,"spe":31},"item":"Leftovers","level":79,"shiny":false}],"p2team":[{"name":"Whimsicott","moves":["stunspore","moonblast","encore","memento"],"ability":"Prankster","evs":{"hp":85,"atk":85,"def":85,"spa":85,"spd":85,"spe":85},"ivs":{"hp":31,"atk":31,"def":31,"spa":31,"spd":31,"spe":31},"item":"Focus Sash","level":77,"shiny":false},{"name":"Persian","moves":["return","taunt","knockoff","fakeout"],"ability":"Technician","evs":{"hp":85,"atk":85,"def":85,"spa":85,"spd":85,"spe":85},"ivs":{"hp":31,"atk":31,"def":31,"spa":31,"spd":31,"spe":31},"item":"Life Orb","level":83,"shiny":false},{"name":"Samurott","moves":["superpower","swordsdance","megahorn","aquajet"],"ability":"Torrent","evs":{"hp":85,"atk":85,"def":85,"spa":85,"spd":85,"spe":85},"ivs":{"hp":31,"atk":31,"def":31,"spa":31,"spd":31,"spe":31},"item":"Life Orb","level":81,"shiny":false},{"name":"Plusle","moves":["batonpass","hiddenpowerice","thunderbolt","nastyplot"],"ability":"Lightning Rod","evs":{"hp":85,"atk":85,"def":85,"spa":85,"spd":85,"spe":85},"ivs":{"hp":31,"atk":30,"def":30,"spa":31,"spd":31,"spe":31},"item":"Air Balloon","level":83,"shiny":false},{"name":"Dugtrio","moves":["substitute","stealthrock","stoneedge","earthquake"],"ability":"Arena Trap","evs":{"hp":85,"atk":85,"def":85,"spa":85,"spd":85,"spe":85},"ivs":{"hp":31,"atk":31,"def":31,"spa":31,"spd":31,"spe":31},"item":"Leftovers","level":79,"shiny":false},{"name":"Spiritomb","moves":["calmmind","sleeptalk","rest","darkpulse"],"ability":"Infiltrator","evs":{"hp":85,"atk":85,"def":85,"spa":85,"spd":85,"spe":85},"ivs":{"hp":31,"atk":31,"def":31,"spa":31,"spd":31,"spe":31},"item":"Leftovers","level":79,"shiny":false}],"log":["|player|p1|alphacastor|123","|player|p2|Zodiac Moe Sedah|248","|gametype|singles","|gen|6","|tier|Random Battle","|rated","|rule|Sleep Clause Mod: Limit one foe put to sleep","|rule|HP Percentage Mod: HP is shown in percentages","|","|start","|switch|p1a: Glaceon|Glaceon, L83, F|243/243","|switch|p2a: Whimsicott|Whimsicott, L77, F|219/219","|turn|1","|","|move|p2a: Whimsicott|Stun Spore|p1a: Glaceon","|-status|p1a: Glaceon|par","|move|p1a: Glaceon|Shadow Ball|p2a: Whimsicott","|-damage|p2a: Whimsicott|99/219","|-damage|p1a: Glaceon|219/243 par|[from] item: Life Orb","|","|turn|2","|","|switch|p2a: Spiritomb|Spiritomb, L79, M|209/209","|cant|p1a: Glaceon|par","|","|turn|3","|","|move|p2a: Spiritomb|Calm Mind|p2a: Spiritomb","|-boost|p2a: Spiritomb|spa|1","|-boost|p2a: Spiritomb|spd|1","|cant|p1a: Glaceon|par","|","|turn|4","|","|switch|p1a: Uxie|Uxie, L79|248/248","|move|p2a: Spiritomb|Calm Mind|p2a: Spiritomb","|-boost|p2a: Spiritomb|spa|1","|-boost|p2a: Spiritomb|spd|1","|","|turn|5","|","|move|p1a: Uxie|Stealth Rock|p2a: Spiritomb","|-sidestart|p2: Zodiac Moe Sedah|move: Stealth Rock","|move|p2a: Spiritomb|Dark Pulse|p1a: Uxie","|-supereffective|p1a: Uxie","|-damage|p1a: Uxie|14/248","|","|-heal|p1a: Uxie|29/248|[from] item: Leftovers","|turn|6","|","|switch|p1a: Castform|Castform, L83, F|251/251","|move|p2a: Spiritomb|Dark Pulse|p1a: Castform","|-damage|p1a: Castform|65/251","|","|turn|7","|","|move|p1a: Castform|Sunny Day|p1a: Castform","|-weather|SunnyDay","|-formechange|p1a: Castform|Castform-Sunny|[msg]","|move|p2a: Spiritomb|Dark Pulse|p1a: Castform","|-damage|p1a: Castform|0 fnt","|faint|p1a: Castform","|","|-weather|SunnyDay|[upkeep]","|","|switch|p1a: Latios|Latios, L75, M|244/244","|turn|8","|","|move|p1a: Latios|Hidden Power|p2a: Spiritomb","|-damage|p2a: Spiritomb|181/209","|move|p2a: Spiritomb|Dark Pulse|p1a: Latios","|-supereffective|p1a: Latios","|-damage|p1a: Latios|0 fnt","|faint|p1a: Latios","|","|-weather|SunnyDay|[upkeep]","|-heal|p2a: Spiritomb|194/209|[from] item: Leftovers","|","|switch|p1a: Jumpluff|Jumpluff, L83, M|259/259","|turn|9","|","|move|p1a: Jumpluff|Seed Bomb|p2a: Spiritomb","|-damage|p2a: Spiritomb|140/209","|move|p2a: Spiritomb|Dark Pulse|p1a: Jumpluff","|-crit|p1a: Jumpluff","|-damage|p1a: Jumpluff|69/259","|","|-weather|SunnyDay|[upkeep]","|-heal|p1a: Jumpluff|85/259|[from] item: Leftovers","|-heal|p2a: Spiritomb|153/209|[from] item: Leftovers","|turn|10","|","|move|p1a: Jumpluff|Leech Seed|p2a: Spiritomb","|-start|p2a: Spiritomb|move: Leech Seed","|move|p2a: Spiritomb|Dark Pulse|p1a: Jumpluff","|-damage|p1a: Jumpluff|0 fnt","|faint|p1a: Jumpluff","|","|-weather|SunnyDay|[upkeep]","|-heal|p2a: Spiritomb|166/209|[from] item: Leftovers","|","|switch|p1a: Glaceon|Glaceon, L83, F|219/243 par","|turn|11","|","|switch|p2a: Dugtrio|Dugtrio, L79, M|185/185","|-damage|p2a: Dugtrio|174/185|[from] Stealth Rock","|move|p1a: Glaceon|Ice Beam|p2a: Dugtrio","|-supereffective|p2a: Dugtrio","|-damage|p2a: Dugtrio|0 fnt","|-damage|p1a: Glaceon|195/243 par|[from] item: Life Orb","|faint|p2a: Dugtrio","|","|-weather|SunnyDay|[upkeep]","|","|switch|p2a: Samurott|Samurott, L81, M|287/287","|-damage|p2a: Samurott|252/287|[from] Stealth Rock","|turn|12","|","|move|p2a: Samurott|Swords Dance|p2a: Samurott","|-boost|p2a: Samurott|atk|2","|move|p1a: Glaceon|Hidden Power|p2a: Samurott","|-damage|p2a: Samurott|170/287","|-damage|p1a: Glaceon|171/243 par|[from] item: Life Orb","|","|-weather|SunnyDay|[upkeep]","|turn|13","|","|move|p2a: Samurott|Superpower|p1a: Glaceon","|-supereffective|p1a: Glaceon","|-damage|p1a: Glaceon|0 fnt","|-unboost|p2a: Samurott|atk|1","|-unboost|p2a: Samurott|def|1","|-damage|p2a: Samurott|142/287|[from] item: Life Orb","|faint|p1a: Glaceon","|","|-weather|SunnyDay|[upkeep]","|","|switch|p1a: Uxie|Uxie, L79|29/248","|turn|14","|","|move|p2a: Samurott|Aqua Jet|p1a: Uxie","|-damage|p1a: Uxie|0 fnt","|-damage|p2a: Samurott|114/287|[from] item: Life Orb","|faint|p1a: Uxie","|","|-weather|none","|","|switch|p1a: Throh|Throh, L82, M|331/331","|turn|15","|","|switch|p2a: Spiritomb|Spiritomb, L79, M|166/209","|-damage|p2a: Spiritomb|140/209|[from] Stealth Rock","|move|p1a: Throh|Storm Throw|p2a: Spiritomb","|-immune|p2a: Spiritomb|[msg]","|","|-heal|p2a: Spiritomb|153/209|[from] item: Leftovers","|turn|16","|","|move|p1a: Throh|Ice Punch|p2a: Spiritomb","|-damage|p2a: Spiritomb|106/209","|move|p2a: Spiritomb|Dark Pulse|p1a: Throh","|-resisted|p1a: Throh","|-damage|p1a: Throh|296/331","|","|-heal|p2a: Spiritomb|119/209|[from] item: Leftovers","|turn|17","|","|move|p1a: Throh|Ice Punch|p2a: Spiritomb","|-damage|p2a: Spiritomb|74/209","|move|p2a: Spiritomb|Rest|p2a: Spiritomb","|-status|p2a: Spiritomb|slp","|-heal|p2a: Spiritomb|209/209 slp|[silent]","|-status|p2a: Spiritomb|slp|[from] move: Rest","|","|turn|18","|","|move|p1a: Throh|Ice Punch|p2a: Spiritomb","|-damage|p2a: Spiritomb|162/209 slp","|cant|p2a: Spiritomb|slp","|move|p2a: Spiritomb|Sleep Talk|p2a: Spiritomb","|move|p2a: Spiritomb|Dark Pulse|p1a: Throh|[from]Sleep Talk","|-resisted|p1a: Throh","|-damage|p1a: Throh|259/331","|","|-heal|p2a: Spiritomb|175/209 slp|[from] item: Leftovers","|turn|19","|","|move|p1a: Throh|Ice Punch|p2a: Spiritomb","|-damage|p2a: Spiritomb|127/209 slp","|cant|p2a: Spiritomb|slp","|move|p2a: Spiritomb|Sleep Talk|p2a: Spiritomb","|move|p2a: Spiritomb|Dark Pulse|p1a: Throh|[from]Sleep Talk","|-resisted|p1a: Throh","|-damage|p1a: Throh|220/331","|","|-heal|p2a: Spiritomb|140/209 slp|[from] item: Leftovers","|turn|20","|","|move|p1a: Throh|Ice Punch|p2a: Spiritomb","|-damage|p2a: Spiritomb|90/209 slp","|-curestatus|p2a: Spiritomb|slp","|move|p2a: Spiritomb|Calm Mind|p2a: Spiritomb","|-boost|p2a: Spiritomb|spa|1","|-boost|p2a: Spiritomb|spd|1","|","|-heal|p2a: Spiritomb|103/209|[from] item: Leftovers","|turn|21","|","|move|p1a: Throh|Ice Punch|p2a: Spiritomb","|-crit|p2a: Spiritomb","|-damage|p2a: Spiritomb|31/209","|move|p2a: Spiritomb|Rest|p2a: Spiritomb","|-status|p2a: Spiritomb|slp","|-heal|p2a: Spiritomb|209/209 slp|[silent]","|-status|p2a: Spiritomb|slp|[from] move: Rest","|","|turn|22","|","|move|p1a: Throh|Ice Punch|p2a: Spiritomb","|-damage|p2a: Spiritomb|159/209 slp","|cant|p2a: Spiritomb|slp","|move|p2a: Spiritomb|Sleep Talk|p2a: Spiritomb","|move|p2a: Spiritomb|Calm Mind|p2a: Spiritomb|[from]Sleep Talk","|-boost|p2a: Spiritomb|spa|1","|-boost|p2a: Spiritomb|spd|1","|","|-heal|p2a: Spiritomb|172/209 slp|[from] item: Leftovers","|turn|23","|","|move|p1a: Throh|Ice Punch|p2a: Spiritomb","|-damage|p2a: Spiritomb|121/209 slp","|cant|p2a: Spiritomb|slp","|move|p2a: Spiritomb|Sleep Talk|p2a: Spiritomb","|move|p2a: Spiritomb|Rest|p2a: Spiritomb|[from]Sleep Talk","|-fail|p2a: Spiritomb","|","|-heal|p2a: Spiritomb|134/209 slp|[from] item: Leftovers","|turn|24","|","|move|p1a: Throh|Ice Punch|p2a: Spiritomb","|-damage|p2a: Spiritomb|89/209 slp","|-curestatus|p2a: Spiritomb|slp","|move|p2a: Spiritomb|Dark Pulse|p1a: Throh","|-resisted|p1a: Throh","|-damage|p1a: Throh|151/331","|","|-heal|p2a: Spiritomb|102/209|[from] item: Leftovers","|turn|25","|","|move|p1a: Throh|Ice Punch|p2a: Spiritomb","|-damage|p2a: Spiritomb|57/209","|move|p2a: Spiritomb|Dark Pulse|p1a: Throh","|-resisted|p1a: Throh","|-damage|p1a: Throh|78/331","|","|-heal|p2a: Spiritomb|70/209|[from] item: Leftovers","|turn|26","|","|move|p1a: Throh|Rest|p1a: Throh","|-status|p1a: Throh|slp","|-heal|p1a: Throh|331/331 slp|[silent]","|-status|p1a: Throh|slp|[from] move: Rest","|-enditem|p1a: Throh|Chesto Berry|[eat]","|-curestatus|p1a: Throh|slp","|move|p2a: Spiritomb|Rest|p2a: Spiritomb","|-status|p2a: Spiritomb|slp","|-heal|p2a: Spiritomb|209/209 slp|[silent]","|-status|p2a: Spiritomb|slp|[from] move: Rest","|","|turn|27","|","|move|p1a: Throh|Ice Punch|p2a: Spiritomb","|-damage|p2a: Spiritomb|161/209 slp","|cant|p2a: Spiritomb|slp","|move|p2a: Spiritomb|Sleep Talk|p2a: Spiritomb","|move|p2a: Spiritomb|Rest|p2a: Spiritomb|[from]Sleep Talk","|-fail|p2a: Spiritomb","|","|-heal|p2a: Spiritomb|174/209 slp|[from] item: Leftovers","|turn|28","|","|move|p1a: Throh|Ice Punch|p2a: Spiritomb","|-damage|p2a: Spiritomb|129/209 slp","|cant|p2a: Spiritomb|slp","|move|p2a: Spiritomb|Sleep Talk|p2a: Spiritomb","|move|p2a: Spiritomb|Dark Pulse|p1a: Throh|[from]Sleep Talk","|-resisted|p1a: Throh","|-damage|p1a: Throh|262/331","|","|-heal|p2a: Spiritomb|142/209 slp|[from] item: Leftovers","|turn|29","|","|move|p1a: Throh|Ice Punch|p2a: Spiritomb","|-damage|p2a: Spiritomb|96/209 slp","|-curestatus|p2a: Spiritomb|slp","|move|p2a: Spiritomb|Calm Mind|p2a: Spiritomb","|-boost|p2a: Spiritomb|spa|1","|-boost|p2a: Spiritomb|spd|1","|","|-heal|p2a: Spiritomb|109/209|[from] item: Leftovers","|turn|30","|","|move|p1a: Throh|Ice Punch|p2a: Spiritomb","|-damage|p2a: Spiritomb|61/209","|move|p2a: Spiritomb|Rest|p2a: Spiritomb","|-status|p2a: Spiritomb|slp","|-heal|p2a: Spiritomb|209/209 slp|[silent]","|-status|p2a: Spiritomb|slp|[from] move: Rest","|","|turn|31","|","|move|p1a: Throh|Ice Punch|p2a: Spiritomb","|-damage|p2a: Spiritomb|163/209 slp","|cant|p2a: Spiritomb|slp","|move|p2a: Spiritomb|Sleep Talk|p2a: Spiritomb","|move|p2a: Spiritomb|Dark Pulse|p1a: Throh|[from]Sleep Talk","|-resisted|p1a: Throh","|-damage|p1a: Throh|174/331","|","|-heal|p2a: Spiritomb|176/209 slp|[from] item: Leftovers","|turn|32","|","|cant|p2a: Spiritomb|slp","|move|p2a: Spiritomb|Sleep Talk|p2a: Spiritomb","|move|p2a: Spiritomb|Rest|p2a: Spiritomb|[from]Sleep Talk","|-fail|p2a: Spiritomb","|move|p1a: Throh|Circle Throw|p2a: Spiritomb","|-immune|p2a: Spiritomb|[msg]","|","|-heal|p2a: Spiritomb|189/209 slp|[from] item: Leftovers","|turn|33","|","|move|p1a: Throh|Rest|p1a: Throh","|-status|p1a: Throh|slp","|-heal|p1a: Throh|331/331 slp|[silent]","|-status|p1a: Throh|slp|[from] move: Rest","|-curestatus|p2a: Spiritomb|slp","|move|p2a: Spiritomb|Calm Mind|p2a: Spiritomb","|-boost|p2a: Spiritomb|spa|1","|-boost|p2a: Spiritomb|spd|1","|","|-heal|p2a: Spiritomb|202/209|[from] item: Leftovers","|turn|34","|","|cant|p1a: Throh|slp","|move|p2a: Spiritomb|Calm Mind|p2a: Spiritomb","|-boost|p2a: Spiritomb|spa|1","|-boost|p2a: Spiritomb|spd|1","|","|-heal|p2a: Spiritomb|209/209|[from] item: Leftovers","|turn|35","|","|cant|p1a: Throh|slp","|move|p2a: Spiritomb|Calm Mind|p2a: Spiritomb","|-boost|p2a: Spiritomb|spa|1","|-boost|p2a: Spiritomb|spd|1","|","|turn|36","|","|-curestatus|p1a: Throh|slp","|move|p1a: Throh|Rest|p1a: Throh","|-fail|p1a: Throh","|move|p2a: Spiritomb|Dark Pulse|p1a: Throh","|-resisted|p1a: Throh","|-damage|p1a: Throh|177/331","|","|turn|37","|","|move|p1a: Throh|Ice Punch|p2a: Spiritomb","|-damage|p2a: Spiritomb|162/209","|move|p2a: Spiritomb|Dark Pulse|p1a: Throh","|-resisted|p1a: Throh","|-damage|p1a: Throh|20/331","|","|-heal|p2a: Spiritomb|175/209|[from] item: Leftovers","|turn|38","|","|move|p1a: Throh|Rest|p1a: Throh","|-status|p1a: Throh|slp","|-heal|p1a: Throh|331/331 slp|[silent]","|-status|p1a: Throh|slp|[from] move: Rest","|move|p2a: Spiritomb|Dark Pulse|p1a: Throh","|-resisted|p1a: Throh","|-damage|p1a: Throh|172/331 slp","|","|-heal|p2a: Spiritomb|188/209|[from] item: Leftovers","|turn|39","|","|cant|p1a: Throh|slp","|move|p2a: Spiritomb|Dark Pulse|p1a: Throh","|-resisted|p1a: Throh","|-damage|p1a: Throh|18/331 slp","|","|-heal|p2a: Spiritomb|201/209|[from] item: Leftovers","|turn|40","|","|cant|p1a: Throh|slp","|move|p2a: Spiritomb|Dark Pulse|p1a: Throh","|-resisted|p1a: Throh","|-damage|p1a: Throh|0 fnt","|faint|p1a: Throh","|","|win|Zodiac Moe Sedah"],"p1rating":{"entryid":7422278,"formatid":"randombattle","userid":"alphacastor","username":"alphacastor","r":1500,"rd":130,"sigma":0,"rpr":1459.8393856612,"rprd":122.8583080769,"rpsigma":0,"rptime":1438765200,"w":0,"l":1,"t":0,"gxe":45,"acre":1000,"lacre":1000,"oldacre":1000},"p2rating":{"entryid":7422279,"formatid":"randombattle","userid":"zodiacmoesedah","username":"Zodiac Moe Sedah","r":1500,"rd":130,"sigma":0,"rpr":1540.1606143388,"rprd":122.8583080769,"rpsigma":0,"rptime":1438765200,"w":1,"l":0,"t":0,"gxe":55,"acre":1040,"lacre":1040,"oldacre":1000},"endType":"normal"}