{"seed":[9889,20595,27480,10950],"turns":24,"p1":"mordekay","p2":"xmaycolx","p1team":[{"name":"Delibird","moves":["rapidspin","destinybond","icepunch","iceshard"],"ability":"Hustle","evs":{"hp":81,"atk":89,"def":85,"spa":85,"spd":85,"spe":85},"ivs":{"hp":31,"atk":31,"def":31,"spa":31,"spd":31,"spe":31},"item":"Life Orb","level":83,"shiny":false},{"name":"Reshiram","moves":["dragonpulse","stoneedge","blueflare","toxic"],"ability":"Turboblaze","evs":{"hp":85,"atk":85,"def":85,"spa":85,"spd":85,"spe":85},"ivs":{"hp":31,"atk":31,"def":31,"spa":31,"spd":31,"spe":31},"item":"Leftovers","level":73,"shiny":false},{"name":"Volcarona","moves":["roost","gigadrain","fireblast","quiverdance"],"ability":"Flame Body","evs":{"hp":81,"atk":85,"def":85,"spa":89,"spd":85,"spe":85},"ivs":{"hp":31,"atk":31,"def":31,"spa":31,"spd":31,"spe":31},"item":"Leftovers","level":76,"shiny":false},{"name":"Hippowdon","moves":["whirlwind","toxic","slackoff","earthquake"],"ability":"Sand Stream","evs":{"hp":85,"atk":85,"def":85,"spa":85,"spd":85,"spe":85},"ivs":{"hp":31,"atk":31,"def":31,"spa":31,"spd":31,"spe":31},"item":"Leftovers","level":75,"shiny":false},{"name":"Heliolisk","moves":["darkpulse","surf","thunderbolt","raindance"],"ability":"Dry Skin","evs":{"hp":85,"atk":85,"def":85,"spa":85,"spd":85,"spe":85},"ivs":{"hp":31,"atk":31,"def":31,"spa":31,"spd":31,"spe":31},"item":"Damp Rock","level":77,"shiny":false},{"name":"Mawile","moves":["firefang","ironhead","knockoff","suckerpunch"],"ability":"Intimidate","evs":{"hp":85,"atk":85,"def":85,"spa":85,"spd":85,"spe":85},"ivs":{"hp":31,"atk":31,"def":31,"spa":31,"spd":31,"spe":31},"item":"Mawilite","level":74,"shiny":false}],"p2team":[{"name":"Cradily","moves":["curse","recover","rockslide","seedbomb"],"ability":"Storm Drain","evs":{"hp":85,"atk":85,"def":85,"spa":85,"spd":85,"spe":85},"ivs":{"hp":31,"atk":31,"def":31,"spa":31,"spd":31,"spe":31},"item":"Leftovers","level":81,"shiny":false},{"name":"Spinda","moves":["suckerpunch","return","trickroom","superpower"],"ability":"Contrary","evs":{"hp":170,"atk":85,"def":85,"spa":85,"spd":85,"spe":0},"ivs":{"hp":31,"atk":31,"def":31,"spa":31,"spd":31,"spe":0},"item":"Life Orb","level":83,"shiny":false},{"name":"Rotom-Frost","moves":["trick","blizzard","thunderbolt","voltswitch"],"ability":"Levitate","evs":{"hp":85,"atk":85,"def":85,"spa":85,"spd":85,"spe":85},"ivs":{"hp":31,"atk":31,"def":31,"spa":31,"spd":31,"spe":31},"item":"Choice Specs","level":83,"shiny":false},{"name":"Exeggutor","moves":["gigadrain","sleeppowder","leechseed","substitute"],"ability":"Harvest","evs":{"hp":85,"atk":85,"def":85,"spa":85,"spd":85,"spe":85},"ivs":{"hp":31,"atk":31,"def":31,"spa":31,"spd":31,"spe":31},"item":"Sitrus Berry","level":81,"shiny":false},{"name":"Latias","moves":["calmmind","dracometeor","surf","hiddenpowerfire"],"ability":"Levitate","evs":{"hp":85,"atk":85,"def":85,"spa":85,"spd":85,"spe":85},"ivs":{"hp":31,"atk":30,"def":31,"spa":30,"spd":31,"spe":30},"item":"Latiasite","level":75,"shiny":false},{"name":"Garbodor","moves":["gunkshot","toxic","toxicspikes","haze"],"ability":"Aftermath","evs":{"hp":85,"atk":85,"def":85,"spa":85,"spd":85,"spe":85},"ivs":{"hp":31,"atk":31,"def":31,"spa":31,"spd":31,"spe":31},"item":"Black Sludge","level":81,"shiny":false}],"log":["|player|p1|mordekay|102","|player|p2|xmaycolx|169","|gametype|singles","|gen|6","|tier|Random Battle","|rated","|rule|Sleep Clause Mod: Limit one foe put to sleep","|rule|HP Percentage Mod: HP is shown in percentages","|","|start","|switch|p1a: Delibird|Delibird, L83, M|210/210","|switch|p2a: Cradily|Cradily, L81, F|272/272","|turn|1","|","|move|p1a: Delibird|Ice Punch|p2a: Cradily","|-supereffective|p2a: Cradily","|-damage|p2a: Cradily|69/272","|-damage|p1a: Delibird|189/210|[from] item: Life Orb","|move|p2a: Cradily|Curse|p2a: Cradily","|-unboost|p2a: Cradily|spe|1","|-boost|p2a: Cradily|atk|1","|-boost|p2a: Cradily|def|1","|","|-heal|p2a: Cradily|86/272|[from] item: Leftovers","|turn|2","|","|switch|p2a: Rotom-Frost|Rotom-Frost, L83|219/219","|move|p1a: Delibird|Ice Punch|p2a: Rotom-Frost|[miss]","|-miss|p1a: Delibird|p2a: Rotom-Frost","|","|turn|3","|","|switch|p1a: Heliolisk|Heliolisk, L77, F|222/222","|move|p2a: Rotom-Frost|Trick|p1a: Heliolisk","|-activate|p2a: Rotom-Frost|move: Trick|[of] p1a: Heliolisk","|-item|p1a: Heliolisk|Choice Specs|[from] move: Trick","|-item|p2a: Rotom-Frost|Damp Rock|[from] move: Trick","|","|turn|4","|","|switch|p2a: Latias|Latias, L75, F|244/244","|move|p1a: Heliolisk|Dark Pulse|p2a: Latias","|-supereffective|p2a: Latias","|-damage|p2a: Latias|114/244","|","|turn|5","|","|switch|p2a: Garbodor|Garbodor, L81, M|262/262","|move|p1a: Heliolisk|Dark Pulse|p2a: Garbodor","|-damage|p2a: Garbodor|183/262","|","|-heal|p2a: Garbodor|199/262|[from] item: Black Sludge","|turn|6","|","|switch|p1a: Hippowdon|Hippowdon, L75, F|286/286","|-weather|Sandstorm","|move|p2a: Garbodor|Toxic|p1a: Hippowdon","|-status|p1a: Hippowdon|tox","|","|-weather|Sandstorm|[upkeep]","|-damage|p2a: Garbodor|183/262|[from] sandstorm","|-heal|p2a: Garbodor|199/262|[from] item: Black Sludge","|-damage|p1a: Hippowdon|269/286 tox|[from] psn","|turn|7","|","|move|p2a: Garbodor|Toxic Spikes|p1a: Hippowdon","|-sidestart|p1: mordekay|move: Toxic Spikes","|move|p1a: Hippowdon|Earthquake|p2a: Garbodor","|-supereffective|p2a: Garbodor","|-damage|p2a: Garbodor|0 fnt","|faint|p2a: Garbodor","|","|-weather|Sandstorm|[upkeep]","|-heal|p1a: Hippowdon|286/286 tox|[from] item: Leftovers","|-damage|p1a: Hippowdon|252/286 tox|[from] psn","|","|switch|p2a: Rotom-Frost|Rotom-Frost, L83|219/219","|turn|8","|","|move|p2a: Rotom-Frost|Trick|p1a: Hippowdon","|-activate|p2a: Rotom-Frost|move: Trick|[of] p1a: Hippowdon","|-item|p1a: Hippowdon|Damp Rock|[from] move: Trick","|-item|p2a: Rotom-Frost|Leftovers|[from] move: Trick","|move|p1a: Hippowdon|Whirlwind|p2a: Rotom-Frost","|drag|p2a: Exeggutor|Exeggutor, L81, F|287/287","|","|-weather|Sandstorm|[upkeep]","|-damage|p2a: Exeggutor|270/287|[from] sandstorm","|-damage|p1a: Hippowdon|201/286 tox|[from] psn","|turn|9","|","|move|p2a: Exeggutor|Leech Seed|p1a: Hippowdon","|-start|p1a: Hippowdon|move: Leech Seed","|move|p1a: Hippowdon|Toxic|p2a: Exeggutor|[miss]","|-miss|p1a: Hippowdon|p2a: Exeggutor","|","|-weather|Sandstorm|[upkeep]","|-damage|p2a: Exeggutor|253/287|[from] sandstorm","|-damage|p1a: Hippowdon|166/286 tox|[from] Leech Seed|[of] p2a: Exeggutor","|-heal|p2a: Exeggutor|287/287|[silent]","|-damage|p1a: Hippowdon|98/286 tox|[from] psn","|turn|10","|","|move|p2a: Exeggutor|Giga Drain|p1a: Hippowdon","|-supereffective|p1a: Hippowdon","|-damage|p1a: Hippowdon|0 fnt","|faint|p1a: Hippowdon","|","|-weather|none","|","|switch|p1a: Mawile|Mawile, L74, M|196/196","|-ability|p1a: Mawile|Intimidate","|-unboost|p2a: Exeggutor|atk|1","|turn|11","|","|switch|p2a: Cradily|Cradily, L81, F|86/272","|detailschange|p1a: Mawile|Mawile-Mega, L74, M","|-mega|p1a: Mawile|Mawile|Mawilite","|move|p1a: Mawile|Fire Fang|p2a: Cradily","|-damage|p2a: Cradily|16/272","|","|-heal|p2a: Cradily|33/272|[from] item: Leftovers","|turn|12","|","|move|p1a: Mawile|Sucker Punch|p2a: Cradily","|-fail|p1a: Mawile","|move|p2a: Cradily|Recover|p2a: Cradily","|-heal|p2a: Cradily|169/272","|","|-heal|p2a: Cradily|186/272|[from] item: Leftovers","|turn|13","|","|switch|p1a: Delibird|Delibird, L83, M|189/210","|move|p2a: Cradily|Recover|p2a: Cradily","|-heal|p2a: Cradily|272/272","|","|turn|14","|","|switch|p2a: Rotom-Frost|Rotom-Frost, L83|219/219","|move|p1a: Delibird|Ice Punch|p2a: Rotom-Frost","|-resisted|p2a: Rotom-Frost","|-damage|p2a: Rotom-Frost|176/219","|-damage|p1a: Delibird|168/210|[from] item: Life Orb","|","|-heal|p2a: Rotom-Frost|189/219|[from] item: Leftovers","|turn|15","|","|move|p2a: Rotom-Frost|Blizzard|p1a: Delibird","|-damage|p1a: Delibird|0 fnt","|faint|p1a: Delibird","|","|-heal|p2a: Rotom-Frost|202/219|[from] item: Leftovers","|","|switch|p1a: Mawile|Mawile-Mega, L74, M|196/196","|turn|16","|","|move|p2a: Rotom-Frost|Volt Switch|p1a: Mawile","|-damage|p1a: Mawile|118/196","|","|switch|p2a: Cradily|Cradily, L81, F|272/272","|move|p1a: Mawile|Iron Head|p2a: Cradily","|-supereffective|p2a: Cradily","|-damage|p2a: Cradily|0 fnt","|faint|p2a: Cradily","|","|","|switch|p2a: Spinda|Spinda, L83, M|253/253","|turn|17","|","|move|p1a: Mawile|Iron Head|p2a: Spinda","|-damage|p2a: Spinda|60/253","|move|p2a: Spinda|Superpower|p1a: Mawile","|-damage|p1a: Mawile|50/196","|-boost|p2a: Spinda|atk|1","|-boost|p2a: Spinda|def|1","|-damage|p2a: Spinda|35/253|[from] item: Life Orb","|","|turn|18","|","|move|p2a: Spinda|Sucker Punch|p1a: Mawile","|-resisted|p1a: Mawile","|-damage|p1a: Mawile|15/196","|-damage|p2a: Spinda|10/253|[from] item: Life Orb","|move|p1a: Mawile|Iron Head|p2a: Spinda","|-crit|p2a: Spinda","|-damage|p2a: Spinda|0 fnt","|faint|p2a: Spinda","|","|","|switch|p2a: Rotom-Frost|Rotom-Frost, L83|202/219","|turn|19","|","|move|p1a: Mawile|Sucker Punch|p2a: Rotom-Frost","|-crit|p2a: Rotom-Frost","|-damage|p2a: Rotom-Frost|73/219","|move|p2a: Rotom-Frost|Volt Switch|p1a: Mawile","|-damage|p1a: Mawile|0 fnt","|faint|p1a: Mawile","|","|switch|p2a: Exeggutor|Exeggutor, L81, F|287/287","|","|","|switch|p1a: Volcarona|Volcarona, L76, F|253/253","|-status|p1a: Volcarona|psn","|turn|20","|","|move|p1a: Volcarona|Quiver Dance|p1a: Volcarona","|-boost|p1a: Volcarona|spa|1","|-boost|p1a: Volcarona|spd|1","|-boost|p1a: Volcarona|spe|1","|move|p2a: Exeggutor|Leech Seed|p1a: Volcarona","|-start|p1a: Volcarona|move: Leech Seed","|","|-damage|p1a: Volcarona|222/253 psn|[from] Leech Seed|[of] p2a: Exeggutor","|-damage|p1a: Volcarona|191/253 psn|[from] psn","|turn|21","|","|switch|p2a: Latias|Latias, L75, F|114/244","|move|p1a: Volcarona|Fire Blast|p2a: Latias","|-resisted|p2a: Latias","|-damage|p2a: Latias|39/244","|","|-heal|p1a: Volcarona|206/253 psn|[from] item: Leftovers","|-damage|p1a: Volcarona|175/253 psn|[from] Leech Seed|[of] p2a: Latias","|-heal|p2a: Latias|70/244|[silent]","|-damage|p1a: Volcarona|144/253 psn|[from] psn","|turn|22","|","|detailschange|p2a: Latias|Latias-Mega, L75, F","|-mega|p2a: Latias|Latias|Latiasite","|move|p1a: Volcarona|Fire Blast|p2a: Latias","|-resisted|p2a: Latias","|-damage|p2a: Latias|0 fnt","|faint|p2a: Latias","|","|-heal|p1a: Volcarona|159/253 psn|[from] item: Leftovers","|-damage|p1a: Volcarona|128/253 psn|[from] psn","|","|switch|p2a: Rotom-Frost|Rotom-Frost, L83|73/219","|turn|23","|","|move|p1a: Volcarona|Fire Blast|p2a: Rotom-Frost","|-supereffective|p2a: Rotom-Frost","|-damage|p2a: Rotom-Frost|0 fnt","|faint|p2a: Rotom-Frost","|","|-heal|p1a: Volcarona|143/253 psn|[from] item: Leftovers","|-damage|p1a: Volcarona|112/253 psn|[from] psn","|","|switch|p2a: Exeggutor|Exeggutor, L81, F|287/287","|turn|24","|","|move|p1a: Volcarona|Fire Blast|p2a: Exeggutor","|-supereffective|p2a: Exeggutor","|-damage|p2a: Exeggutor|0 fnt","|faint|p2a: Exeggutor","|","|win|mordekay"],"p1rating":{"entryid":"7276475","serverid":"eos","formatid":"randombattle","userid":"mordekay","username":"mordekay","w":1,"l":"2","t":"0","gxe":47,"r":1432.9589731541,"rd":117.72414939411,"sigma":"0","rptime":1438765200,"rpr":1476.3270076695,"rprd":112.65064836287,"rpsigma":"0","acre":1045.2664964774,"lacre":1045.2664964774,"oldacre":"1000"},"p2rating":{"entryid":"7344946","serverid":"eos","formatid":"randombattle","userid":"xmaycolx","username":"xmaycolx","w":"1","l":1,"t":"0","gxe":49.2,"r":"1538.1065412015","rd":"123.04639931215","sigma":"0","rptime":"1438765200","rpr":1493.7408075484,"rprd":117.09804579258,"rpsigma":"0","acre":1026.8843004118,"lacre":1026.8843004118,"oldacre":"1046.011316069"},"endType":"normal"}