{"seed":[28481,25464,6013,44313],"turns":49,"p1":"InfernalxCrown","p2":"Sovereign♕Cactus","p1team":[{"name":"Aegislash","species":"Aegislash","item":"weaknesspolicy","ability":"Stance Change","moves":["shadowball","shadowsneak","kingsshield","sacredsword"],"nature":"Brave","evs":{"hp":252,"atk":76,"def":0,"spa":176,"spd":4,"spe":0},"ivs":{"hp":31,"atk":31,"def":31,"spa":31,"spd":31,"spe":0},"shiny":true},{"name":"Sableye","species":"Sableye","item":"leftovers","ability":"Prankster","moves":["willowisp","recover","taunt","knockoff"],"nature":"Careful","evs":{"hp":252,"atk":0,"def":84,"spa":0,"spd":168,"spe":4},"ivs":{"hp":31,"atk":0,"def":31,"spa":31,"spd":31,"spe":31}},{"name":"Golurk","species":"Golurk","item":"focussash","ability":"No Guard","moves":["stealthrock","curse","dynamicpunch","stoneedge"],"nature":"Adamant","evs":{"hp":4,"atk":252,"def":0,"spa":0,"spd":0,"spe":252},"shiny":true,"ivs":{"hp":31,"atk":31,"def":31,"spa":31,"spd":31,"spe":31}},{"name":"Jellicent","species":"Jellicent","item":"leftovers","ability":"Cursed Body","moves":["acidarmor","toxic","recover","scald"],"nature":"Calm","evs":{"hp":252,"atk":0,"def":4,"spa":0,"spd":252,"spe":0},"gender":"M","ivs":{"hp":31,"atk":0,"def":31,"spa":31,"spd":31,"spe":31}},{"name":"Chandelure","species":"Chandelure","item":"choicescarf","ability":"Infiltrator","moves":["flamethrower","shadowball","energyball","trick"],"nature":"Timid","evs":{"hp":0,"atk":0,"def":4,"spa":252,"spd":0,"spe":252},"ivs":{"hp":31,"atk":0,"def":31,"spa":31,"spd":31,"spe":31},"shiny":true},{"name":"Gengar","species":"Gengar","item":"choicespecs","ability":"Levitate","moves":["dazzlinggleam","shadowball","thunderbolt","sludgewave"],"nature":"Timid","evs":{"hp":4,"atk":0,"def":0,"spa":252,"spd":0,"spe":252},"ivs":{"hp":31,"atk":0,"def":31,"spa":31,"spd":31,"spe":31}}],"p2team":[{"name":"Finding Nemo","species":"lanturn","item":"leftovers","ability":"Volt Absorb","moves":["scald","voltswitch","icebeam","healbell"],"nature":"Modest","evs":{"hp":252,"atk":0,"def":0,"spa":252,"spd":4,"spe":0},"shiny":true,"ivs":{"hp":31,"atk":31,"def":31,"spa":31,"spd":31,"spe":31}},{"name":"Hot Pink Rocks","species":"swampert","item":"leftovers","ability":"Torrent","moves":["stealthrock","earthquake","protect","roar"],"nature":"Careful","evs":{"hp":252,"atk":4,"def":0,"spa":0,"spd":252,"spe":0},"gender":"M","shiny":true,"ivs":{"hp":31,"atk":31,"def":31,"spa":31,"spd":31,"spe":31}},{"name":"Mulan","species":"gyarados","item":"leftovers","ability":"Moxie","moves":["dragondance","waterfall","bounce","substitute"],"nature":"Adamant","evs":{"hp":0,"atk":252,"def":0,"spa":0,"spd":4,"spe":252},"gender":"M","shiny":true,"ivs":{"hp":31,"atk":31,"def":31,"spa":31,"spd":31,"spe":31}},{"name":"David","species":"slowbro","item":"leftovers","ability":"Regenerator","moves":["calmmind","slackoff","psychic","surf"],"nature":"Bold","evs":{"hp":252,"atk":0,"def":252,"spa":4,"spd":0,"spe":0},"ivs":{"hp":31,"atk":31,"def":31,"spa":31,"spd":31,"spe":31}},{"name":"My Little Ponyta","species":"keldeo","item":"choicescarf","ability":"Justified","moves":["stoneedge","hydropump","sacredsword","hiddenpowerice"],"nature":"Hasty","evs":{"hp":0,"atk":4,"def":0,"spa":252,"spd":0,"spe":252},"ivs":{"hp":31,"atk":30,"def":30,"spa":31,"spd":31,"spe":31}},{"name":"Tank-Zilla","species":"blastoise","item":"blastoisinite","ability":"Torrent","moves":["aurasphere","dragonpulse","rapidspin","waterpulse"],"nature":"Modest","evs":{"hp":248,"atk":0,"def":0,"spa":252,"spd":8,"spe":0},"shiny":true,"ivs":{"hp":31,"atk":31,"def":31,"spa":31,"spd":31,"spe":31}}],"log":["|player|p1|InfernalxCrown|infernalxcrown.png","|player|p2|Sovereign♕Cactus|251","|gametype|singles","|gen|6","|tier|Monotype","|rated","|rule|Baton Pass Clause: Limit one Baton Passer, can't pass Spe and other stats simultaneously","|rule|Swagger Clause: Swagger is banned","|rule|Same Type Clause: Pokémon in a team must share a type","|clearpoke","|poke|p1|Aegislash, F, shiny","|poke|p1|Sableye, F","|poke|p1|Golurk, shiny","|poke|p1|Jellicent, M","|poke|p1|Chandelure, M, shiny","|poke|p1|Gengar, M","|poke|p2|Lanturn, M, shiny","|poke|p2|Swampert, M, shiny","|poke|p2|Gyarados, M, shiny","|poke|p2|Slowbro, F","|poke|p2|Keldeo","|poke|p2|Blastoise, F, shiny","|rule|Sleep Clause Mod: Limit one foe put to sleep","|rule|Species Clause: Limit one of each Pokémon","|rule|OHKO Clause: OHKO moves are banned","|rule|Moody Clause: Moody is banned","|rule|Evasion Moves Clause: Evasion moves are banned","|rule|Endless Battle Clause: Forcing endless battles is banned","|rule|HP Percentage Mod: HP is shown in percentages","|teampreview","|","|start","|switch|p1a: Sableye|Sableye, F|304/304","|switch|p2a: Hot Pink Rocks|Swampert, M, shiny|404/404","|turn|1","|","|move|p2a: Hot Pink Rocks|Earthquake|p1a: Sableye","|-damage|p1a: Sableye|168/304","|move|p1a: Sableye|Knock Off|p2a: Hot Pink Rocks","|-damage|p2a: Hot Pink Rocks|326/404","|-enditem|p2a: Hot Pink Rocks|Leftovers|[from] move: Knock Off|[of] p1a: Sableye","|","|-heal|p1a: Sableye|187/304|[from] item: Leftovers","|turn|2","|","|move|p1a: Sableye|Taunt|p2a: Hot Pink Rocks","|-start|p2a: Hot Pink Rocks|move: Taunt","|cant|p2a: Hot Pink Rocks|move: Taunt|Stealth Rock","|","|-heal|p1a: Sableye|206/304|[from] item: Leftovers","|turn|3","|","|switch|p2a: Mulan|Gyarados, M, shiny|331/331","|move|p1a: Sableye|Will-O-Wisp|p2a: Mulan","|-status|p2a: Mulan|brn","|","|-heal|p1a: Sableye|225/304|[from] item: Leftovers","|-damage|p2a: Mulan|290/331 brn|[from] brn","|turn|4","|","|move|p1a: Sableye|Taunt|p2a: Mulan","|-start|p2a: Mulan|move: Taunt","|cant|p2a: Mulan|move: Taunt|Substitute","|","|-heal|p2a: Mulan|310/331 brn|[from] item: Leftovers","|-heal|p1a: Sableye|244/304|[from] item: Leftovers","|-damage|p2a: Mulan|269/331 brn|[from] brn","|turn|5","|","|switch|p2a: Hot Pink Rocks|Swampert, M, shiny|326/404","|move|p1a: Sableye|Knock Off|p2a: Hot Pink Rocks","|-damage|p2a: Hot Pink Rocks|272/404","|","|-heal|p1a: Sableye|263/304|[from] item: Leftovers","|turn|6","|","|move|p2a: Hot Pink Rocks|Protect|p2a: Hot Pink Rocks","|-singleturn|p2a: Hot Pink Rocks|Protect","|move|p1a: Sableye|Will-O-Wisp|p2a: Hot Pink Rocks","|-activate|p2a: Hot Pink Rocks|Protect","|","|-heal|p1a: Sableye|282/304|[from] item: Leftovers","|turn|7","|","|move|p1a: Sableye|Taunt|p2a: Hot Pink Rocks","|-start|p2a: Hot Pink Rocks|move: Taunt","|move|p2a: Hot Pink Rocks|Earthquake|p1a: Sableye","|-damage|p1a: Sableye|147/304","|","|-heal|p1a: Sableye|166/304|[from] item: Leftovers","|turn|8","|","|switch|p2a: Mulan|Gyarados, M, shiny|269/331 brn","|move|p1a: Sableye|Will-O-Wisp|p2a: Mulan","|-fail|p2a: Mulan|brn","|","|-heal|p2a: Mulan|289/331 brn|[from] item: Leftovers","|-heal|p1a: Sableye|185/304|[from] item: Leftovers","|-damage|p2a: Mulan|248/331 brn|[from] brn","|turn|9","|","|move|p1a: Sableye|Taunt|p2a: Mulan","|-start|p2a: Mulan|move: Taunt","|move|p2a: Mulan|Waterfall|p1a: Sableye","|-damage|p1a: Sableye|101/304","|","|-heal|p2a: Mulan|268/331 brn|[from] item: Leftovers","|-heal|p1a: Sableye|120/304|[from] item: Leftovers","|-damage|p2a: Mulan|227/331 brn|[from] brn","|turn|10","|","|switch|p2a: Hot Pink Rocks|Swampert, M, shiny|272/404","|move|p1a: Sableye|Recover|p1a: Sableye","|-heal|p1a: Sableye|272/304","|","|-heal|p1a: Sableye|291/304|[from] item: Leftovers","|turn|11","|","|move|p2a: Hot Pink Rocks|Protect|p2a: Hot Pink Rocks","|-singleturn|p2a: Hot Pink Rocks|Protect","|move|p1a: Sableye|Taunt|p2a: Hot Pink Rocks","|-activate|p2a: Hot Pink Rocks|Protect","|","|-heal|p1a: Sableye|304/304|[from] item: Leftovers","|turn|12","|","|switch|p2a: Finding Nemo|Lanturn, M, shiny|454/454","|move|p1a: Sableye|Will-O-Wisp|p2a: Finding Nemo","|-status|p2a: Finding Nemo|brn","|","|-damage|p2a: Finding Nemo|398/454 brn|[from] brn","|turn|13","|","|move|p1a: Sableye|Taunt|p2a: Finding Nemo","|-start|p2a: Finding Nemo|move: Taunt","|move|p2a: Finding Nemo|Volt Switch|p1a: Sableye","|-damage|p1a: Sableye|210/304","|","|switch|p2a: Hot Pink Rocks|Swampert, M, shiny|272/404","|","|-heal|p1a: Sableye|229/304|[from] item: Leftovers","|turn|14","|","|move|p1a: Sableye|Taunt|p2a: Hot Pink Rocks","|-start|p2a: Hot Pink Rocks|move: Taunt","|move|p2a: Hot Pink Rocks|Earthquake|p1a: Sableye","|-damage|p1a: Sableye|75/304","|","|-heal|p1a: Sableye|94/304|[from] item: Leftovers","|turn|15","|","|move|p1a: Sableye|Will-O-Wisp|p2a: Hot Pink Rocks","|-status|p2a: Hot Pink Rocks|brn","|move|p2a: Hot Pink Rocks|Earthquake|p1a: Sableye","|-damage|p1a: Sableye|25/304","|","|-heal|p1a: Sableye|44/304|[from] item: Leftovers","|-damage|p2a: Hot Pink Rocks|222/404 brn|[from] brn","|turn|16","|","|switch|p2a: Finding Nemo|Lanturn, M, shiny|398/454 brn","|move|p1a: Sableye|Recover|p1a: Sableye","|-heal|p1a: Sableye|196/304","|","|-heal|p2a: Finding Nemo|426/454 brn|[from] item: Leftovers","|-heal|p1a: Sableye|215/304|[from] item: Leftovers","|-damage|p2a: Finding Nemo|370/454 brn|[from] brn","|turn|17","|","|move|p1a: Sableye|Taunt|p2a: Finding Nemo","|-start|p2a: Finding Nemo|move: Taunt","|move|p2a: Finding Nemo|Volt Switch|p1a: Sableye","|-damage|p1a: Sableye|107/304","|","|switch|p2a: My Little Ponyta|Keldeo|323/323","|","|-heal|p1a: Sableye|126/304|[from] item: Leftovers","|turn|18","|","|switch|p1a: Jellicent|Jellicent, M|404/404","|move|p2a: My Little Ponyta|Hydro Pump|p1a: Jellicent","|-resisted|p1a: Jellicent","|-damage|p1a: Jellicent|339/404","|-start|p2a: My Little Ponyta|Disable|Hydro Pump","|","|-heal|p1a: Jellicent|364/404|[from] item: Leftovers","|turn|19","|","|switch|p2a: Finding Nemo|Lanturn, M, shiny|370/454 brn","|switch|p1a: Sableye|Sableye, F|126/304","|","|-heal|p2a: Finding Nemo|398/454 brn|[from] item: Leftovers","|-heal|p1a: Sableye|145/304|[from] item: Leftovers","|-damage|p2a: Finding Nemo|342/454 brn|[from] brn","|turn|20","|","|move|p1a: Sableye|Taunt|p2a: Finding Nemo","|-start|p2a: Finding Nemo|move: Taunt","|cant|p2a: Finding Nemo|move: Taunt|Heal Bell","|","|-heal|p2a: Finding Nemo|370/454 brn|[from] item: Leftovers","|-heal|p1a: Sableye|164/304|[from] item: Leftovers","|-damage|p2a: Finding Nemo|314/454 brn|[from] brn","|turn|21","|","|move|p1a: Sableye|Recover|p1a: Sableye","|-heal|p1a: Sableye|304/304","|move|p2a: Finding Nemo|Scald|p1a: Sableye","|-damage|p1a: Sableye|187/304","|","|-heal|p2a: Finding Nemo|342/454 brn|[from] item: Leftovers","|-heal|p1a: Sableye|206/304|[from] item: Leftovers","|-damage|p2a: Finding Nemo|286/454 brn|[from] brn","|turn|22","|","|move|p2a: Finding Nemo|Scald|p1a: Sableye","|-damage|p1a: Sableye|86/304","|-status|p1a: Sableye|brn","|move|p1a: Sableye|Knock Off|p2a: Finding Nemo","|-damage|p2a: Finding Nemo|229/454 brn","|-enditem|p2a: Finding Nemo|Leftovers|[from] move: Knock Off|[of] p1a: Sableye","|","|-heal|p1a: Sableye|105/304 brn|[from] item: Leftovers","|-damage|p2a: Finding Nemo|173/454 brn|[from] brn","|-damage|p1a: Sableye|67/304 brn|[from] brn","|-end|p2a: Finding Nemo|move: Taunt","|turn|23","|","|move|p1a: Sableye|Recover|p1a: Sableye","|-heal|p1a: Sableye|219/304 brn","|move|p2a: Finding Nemo|Heal Bell|p2a: Finding Nemo","|-cureteam|p2a: Finding Nemo|[from] move: HealBell","|","|-heal|p1a: Sableye|238/304 brn|[from] item: Leftovers","|-damage|p1a: Sableye|200/304 brn|[from] brn","|turn|24","|","|move|p1a: Sableye|Will-O-Wisp|p2a: Finding Nemo","|-status|p2a: Finding Nemo|brn","|move|p2a: Finding Nemo|Volt Switch|p1a: Sableye","|-damage|p1a: Sableye|97/304 brn","|","|switch|p2a: Tank-Zilla|Blastoise, F, shiny|361/361","|","|-heal|p1a: Sableye|116/304 brn|[from] item: Leftovers","|-damage|p1a: Sableye|78/304 brn|[from] brn","|turn|25","|","|switch|p1a: Aegislash|Aegislash, F, shiny|324/324","|detailschange|p2a: Tank-Zilla|Blastoise-Mega, F, shiny","|-mega|p2a: Tank-Zilla|Blastoise|Blastoisinite","|move|p2a: Tank-Zilla|Water Pulse|p1a: Aegislash","|-damage|p1a: Aegislash|197/324","|","|turn|26","|","|move|p2a: Tank-Zilla|Water Pulse|p1a: Aegislash","|-damage|p1a: Aegislash|61/324","|-formechange|p1a: Aegislash|Aegislash-Blade","|move|p1a: Aegislash|Shadow Ball|p2a: Tank-Zilla","|-damage|p2a: Tank-Zilla|237/361","|-unboost|p2a: Tank-Zilla|spd|1","|","|turn|27","|","|move|p1a: Aegislash|Shadow Sneak|p2a: Tank-Zilla","|-damage|p2a: Tank-Zilla|174/361","|move|p2a: Tank-Zilla|Water Pulse|p1a: Aegislash","|-damage|p1a: Aegislash|0 fnt","|faint|p1a: Aegislash","|","|","|switch|p1a: Gengar|Gengar, M|262/262","|turn|28","|","|switch|p2a: Hot Pink Rocks|Swampert, M, shiny|222/404","|move|p1a: Gengar|Shadow Ball|p2a: Hot Pink Rocks","|-damage|p2a: Hot Pink Rocks|57/404","|","|turn|29","|","|move|p1a: Gengar|Shadow Ball|p2a: Hot Pink Rocks","|-crit|p2a: Hot Pink Rocks","|-damage|p2a: Hot Pink Rocks|0 fnt","|faint|p2a: Hot Pink Rocks","|","|","|switch|p2a: Tank-Zilla|Blastoise-Mega, F, shiny|174/361","|turn|30","|","|switch|p1a: Jellicent|Jellicent, M|364/404","|move|p2a: Tank-Zilla|Water Pulse|p1a: Jellicent","|-resisted|p1a: Jellicent","|-damage|p1a: Jellicent|304/404","|","|-heal|p1a: Jellicent|329/404|[from] item: Leftovers","|turn|31","|","|move|p2a: Tank-Zilla|Dragon Pulse|p1a: Jellicent","|-damage|p1a: Jellicent|206/404","|-start|p2a: Tank-Zilla|Disable|Dragon Pulse","|move|p1a: Jellicent|Toxic|p2a: Tank-Zilla","|-status|p2a: Tank-Zilla|tox","|","|-heal|p1a: Jellicent|231/404|[from] item: Leftovers","|-damage|p2a: Tank-Zilla|152/361 tox|[from] psn","|turn|32","|","|switch|p2a: Finding Nemo|Lanturn, M, shiny|173/454 brn","|switch|p1a: Gengar|Gengar, M|262/262","|","|-damage|p2a: Finding Nemo|117/454 brn|[from] brn","|turn|33","|","|move|p1a: Gengar|Sludge Wave|p2a: Finding Nemo","|-damage|p2a: Finding Nemo|0 fnt","|faint|p2a: Finding Nemo","|","|","|switch|p2a: Tank-Zilla|Blastoise-Mega, F, shiny|152/361 tox","|turn|34","|","|move|p1a: Gengar|Sludge Wave|p2a: Tank-Zilla","|-crit|p2a: Tank-Zilla","|-damage|p2a: Tank-Zilla|0 fnt","|faint|p2a: Tank-Zilla","|","|","|switch|p2a: Mulan|Gyarados, M, shiny|227/331","|turn|35","|","|move|p1a: Gengar|Sludge Wave|p2a: Mulan","|-damage|p2a: Mulan|0 fnt","|faint|p2a: Mulan","|","|","|switch|p2a: David|Slowbro, F|394/394","|turn|36","|","|switch|p1a: Jellicent|Jellicent, M|231/404","|move|p2a: David|Psychic|p1a: Jellicent","|-damage|p1a: Jellicent|155/404","|","|-heal|p1a: Jellicent|180/404|[from] item: Leftovers","|turn|37","|","|switch|p2a: My Little Ponyta|Keldeo|323/323","|move|p1a: Jellicent|Recover|p1a: Jellicent","|-heal|p1a: Jellicent|382/404","|","|-heal|p1a: Jellicent|404/404|[from] item: Leftovers","|turn|38","|","|move|p2a: My Little Ponyta|Hydro Pump|p1a: Jellicent","|-resisted|p1a: Jellicent","|-damage|p1a: Jellicent|335/404","|-start|p2a: My Little Ponyta|Disable|Hydro Pump","|move|p1a: Jellicent|Toxic|p2a: My Little Ponyta","|-status|p2a: My Little Ponyta|tox","|","|-heal|p1a: Jellicent|360/404|[from] item: Leftovers","|-damage|p2a: My Little Ponyta|303/323 tox|[from] psn","|turn|39","|","|switch|p2a: David|Slowbro, F|394/394","|move|p1a: Jellicent|Toxic|p2a: David","|-status|p2a: David|tox","|","|-heal|p1a: Jellicent|385/404|[from] item: Leftovers","|-damage|p2a: David|370/394 tox|[from] psn","|turn|40","|","|move|p1a: Jellicent|Acid Armor|p1a: Jellicent","|-boost|p1a: Jellicent|def|2","|move|p2a: David|Calm Mind|p2a: David","|-boost|p2a: David|spa|1","|-boost|p2a: David|spd|1","|","|-heal|p1a: Jellicent|404/404|[from] item: Leftovers","|-heal|p2a: David|394/394 tox|[from] item: Leftovers","|-damage|p2a: David|346/394 tox|[from] psn","|turn|41","|","|move|p1a: Jellicent|Acid Armor|p1a: Jellicent","|-boost|p1a: Jellicent|def|2","|move|p2a: David|Calm Mind|p2a: David","|-boost|p2a: David|spa|1","|-boost|p2a: David|spd|1","|","|-heal|p2a: David|370/394 tox|[from] item: Leftovers","|-damage|p2a: David|298/394 tox|[from] psn","|turn|42","|","|move|p1a: Jellicent|Scald|p2a: David","|-resisted|p2a: David","|-damage|p2a: David|272/394 tox","|move|p2a: David|Calm Mind|p2a: David","|-boost|p2a: David|spa|1","|-boost|p2a: David|spd|1","|","|-heal|p2a: David|296/394 tox|[from] item: Leftovers","|-damage|p2a: David|200/394 tox|[from] psn","|turn|43","|","|move|p1a: Jellicent|Acid Armor|p1a: Jellicent","|-boost|p1a: Jellicent|def|2","|move|p2a: David|Psychic|p1a: Jellicent","|-damage|p1a: Jellicent|224/404","|-start|p2a: David|Disable|Psychic","|-unboost|p1a: Jellicent|spd|1","|","|-heal|p1a: Jellicent|249/404|[from] item: Leftovers","|-heal|p2a: David|224/394 tox|[from] item: Leftovers","|-damage|p2a: David|104/394 tox|[from] psn","|turn|44","|","|move|p1a: Jellicent|Recover|p1a: Jellicent","|-heal|p1a: Jellicent|404/404","|move|p2a: David|Surf|p1a: Jellicent","|-crit|p1a: Jellicent","|-resisted|p1a: Jellicent","|-damage|p1a: Jellicent|191/404","|","|-heal|p1a: Jellicent|216/404|[from] item: Leftovers","|-heal|p2a: David|128/394 tox|[from] item: Leftovers","|-damage|p2a: David|0 fnt|[from] psn","|faint|p2a: David","|","|switch|p2a: My Little Ponyta|Keldeo|303/323 tox","|turn|45","|","|move|p2a: My Little Ponyta|Hydro Pump|p1a: Jellicent","|-resisted|p1a: Jellicent","|-damage|p1a: Jellicent|108/404","|move|p1a: Jellicent|Recover|p1a: Jellicent","|-heal|p1a: Jellicent|310/404","|","|-heal|p1a: Jellicent|335/404|[from] item: Leftovers","|-damage|p2a: My Little Ponyta|283/323 tox|[from] psn","|turn|46","|","|move|p2a: My Little Ponyta|Hydro Pump|p1a: Jellicent","|-resisted|p1a: Jellicent","|-damage|p1a: Jellicent|240/404","|move|p1a: Jellicent|Recover|p1a: Jellicent","|-heal|p1a: Jellicent|404/404","|","|-damage|p2a: My Little Ponyta|243/323 tox|[from] psn","|turn|47","|","|move|p2a: My Little Ponyta|Hydro Pump|p1a: Jellicent","|-crit|p1a: Jellicent","|-resisted|p1a: Jellicent","|-damage|p1a: Jellicent|246/404","|move|p1a: Jellicent|Scald|p2a: My Little Ponyta","|-resisted|p2a: My Little Ponyta","|-damage|p2a: My Little Ponyta|194/323 tox","|","|-heal|p1a: Jellicent|271/404|[from] item: Leftovers","|-damage|p2a: My Little Ponyta|134/323 tox|[from] psn","|turn|48","|","|move|p2a: My Little Ponyta|Hydro Pump|p1a: Jellicent","|-resisted|p1a: Jellicent","|-damage|p1a: Jellicent|176/404","|-start|p2a: My Little Ponyta|Disable|Hydro Pump","|move|p1a: Jellicent|Recover|p1a: Jellicent","|-heal|p1a: Jellicent|378/404","|","|-heal|p1a: Jellicent|403/404|[from] item: Leftovers","|-damage|p2a: My Little Ponyta|54/323 tox|[from] psn","|turn|49","|","|-activate|p2a: My Little Ponyta|move: Struggle","|move|p2a: My Little Ponyta|Struggle|p1a: Jellicent","|-damage|p1a: Jellicent|392/404","|-damage|p2a: My Little Ponyta|0 fnt|[from] recoil","|faint|p2a: My Little Ponyta","|","|win|InfernalxCrown"],"p1rating":{"entryid":"5724468","serverid":"eos","formatid":"monotype","userid":"infernalxcrown","username":"InfernalxCrown","w":75,"l":"68","t":"0","gxe":54.5,"r":"1534.7668766607","rd":"40.791191496544","sigma":"0","rptime":"1438592400","rpr":1534.1648545692,"rprd":40.276670449758,"rpsigma":"0","acre":1191.5779693621,"lacre":1191.5779693621,"oldacre":"1165.4124750227"},"p2rating":{"entryid":"6867552","serverid":"eos","formatid":"monotype","userid":"sovereigncactus","username":"Sovereign♕Cactus","w":"78","l":90,"t":"0","gxe":46.1,"r":"1456.4259544297","rd":"30.025299364035","sigma":"0","rptime":"1438592400","rpr":1470.5026490577,"rprd":28.205210997672,"rpsigma":"0","acre":1155.4560988096,"lacre":1155.4560988096,"oldacre":"1181.621593149"},"endType":"normal"}