{"seed":[21555,4121,8179,33936],"turns":21,"p1":"Emg kess","p2":"Sovereign♕Blake","p1team":[{"name":"Gengar","species":"Gengar","item":"choicespecs","ability":"Levitate","moves":["shadowball","focusblast","sludgewave","trick"],"nature":"Timid","evs":{"hp":0,"atk":0,"def":0,"spa":252,"spd":4,"spe":252},"shiny":true,"ivs":{"hp":31,"atk":31,"def":31,"spa":31,"spd":31,"spe":31}},{"name":"Drifblim","species":"Drifblim","item":"chestoberry","ability":"Unburden","moves":["calmmind","rest","shadowball","thunderbolt"],"nature":"Modest","evs":{"hp":8,"atk":0,"def":32,"spa":252,"spd":40,"spe":1},"ivs":{"hp":31,"atk":31,"def":31,"spa":31,"spd":31,"spe":31}},{"name":"Chandelure","species":"Chandelure","item":"choicescarf","ability":"Infiltrator","moves":["fireblast","shadowball","energyball","trick"],"nature":"Timid","evs":{"hp":0,"atk":0,"def":0,"spa":252,"spd":4,"spe":252},"ivs":{"hp":31,"atk":31,"def":31,"spa":31,"spd":31,"spe":31}},{"name":"Banette","species":"Banette","item":"banettite","ability":"Insomnia","moves":["destinybond","shadowsneak","knockoff","taunt"],"nature":"Adamant","evs":{"hp":248,"atk":252,"def":0,"spa":0,"spd":8,"spe":0},"ivs":{"hp":31,"atk":31,"def":31,"spa":31,"spd":31,"spe":31}},{"name":"Aegislash","species":"Aegislash","item":"leftovers","ability":"Stance Change","moves":["kingsshield","gyroball","toxic","shadowsneak"],"nature":"Sassy","evs":{"hp":252,"atk":0,"def":4,"spa":0,"spd":252,"spe":0},"ivs":{"hp":31,"atk":31,"def":31,"spa":31,"spd":31,"spe":0}},{"name":"Gourgeist-Super","species":"Gourgeist-Super","item":"leftovers","ability":"Frisk","moves":["willowisp","leechseed","synthesis","foulplay"],"nature":"Bold","evs":{"hp":248,"atk":0,"def":200,"spa":0,"spd":60,"spe":0},"ivs":{"hp":31,"atk":31,"def":31,"spa":31,"spd":31,"spe":31}}],"p2team":[{"name":"Politoed","species":"Politoed","item":"choicespecs","ability":"Drizzle","moves":["hydropump","icebeam","psychic","focusblast"],"nature":"Modest","evs":{"hp":248,"atk":0,"def":0,"spa":252,"spd":8,"spe":0},"gender":"F","shiny":true,"ivs":{"hp":31,"atk":31,"def":31,"spa":31,"spd":31,"spe":31}},{"name":"Tentacruel","species":"Tentacruel","item":"blacksludge","ability":"Liquid Ooze","moves":["rapidspin","knockoff","acidspray","scald"],"nature":"Hasty","evs":{"hp":0,"atk":4,"def":0,"spa":252,"spd":0,"spe":252},"gender":"M","ivs":{"hp":31,"atk":31,"def":31,"spa":31,"spd":31,"spe":31}},{"name":"Azumarill","species":"Azumarill","item":"assaultvest","ability":"Sap Sipper","moves":["waterfall","knockoff","playrough","icepunch"],"nature":"Adamant","evs":{"hp":248,"atk":252,"def":0,"spa":0,"spd":8,"spe":0},"gender":"F","ivs":{"hp":31,"atk":31,"def":31,"spa":31,"spd":31,"spe":31}},{"name":"Lanturn","species":"Lanturn","item":"leftovers","ability":"Volt Absorb","moves":["thunderwave","confuseray","surf","voltswitch"],"nature":"Modest","evs":{"hp":252,"atk":0,"def":0,"spa":252,"spd":4,"spe":0},"gender":"M","ivs":{"hp":31,"atk":31,"def":31,"spa":31,"spd":31,"spe":31}},{"name":"Kingdra","species":"Kingdra","item":"choicespecs","ability":"Swift Swim","moves":["hydropump","dracometeor","icebeam","flashcannon"],"nature":"Modest","evs":{"hp":0,"atk":0,"def":0,"spa":252,"spd":4,"spe":252},"gender":"M","ivs":{"hp":31,"atk":31,"def":31,"spa":31,"spd":31,"spe":31}},{"name":"Swampert","species":"Swampert","item":"swampertite","ability":"Torrent","moves":["waterfall","earthquake","icepunch","protect"],"nature":"Adamant","evs":{"hp":0,"atk":252,"def":0,"spa":0,"spd":4,"spe":252},"gender":"M","ivs":{"hp":31,"atk":31,"def":31,"spa":31,"spd":31,"spe":31}}],"log":["|player|p1|Emg kess|94","|player|p2|Sovereign♕Blake|169","|gametype|singles","|gen|6","|tier|Monotype","|rated","|rule|Baton Pass Clause: Limit one Baton Passer, can't pass Spe and other stats simultaneously","|rule|Swagger Clause: Swagger is banned","|rule|Same Type Clause: Pokémon in a team must share a type","|clearpoke","|poke|p1|Gengar, M, shiny","|poke|p1|Drifblim, F","|poke|p1|Chandelure, F","|poke|p1|Banette, M","|poke|p1|Aegislash, F","|poke|p1|Gourgeist-*, M","|poke|p2|Politoed, F, shiny","|poke|p2|Tentacruel, M","|poke|p2|Azumarill, F","|poke|p2|Lanturn, M","|poke|p2|Kingdra, M","|poke|p2|Swampert, M","|rule|Sleep Clause Mod: Limit one foe put to sleep","|rule|Species Clause: Limit one of each Pokémon","|rule|OHKO Clause: OHKO moves are banned","|rule|Moody Clause: Moody is banned","|rule|Evasion Moves Clause: Evasion moves are banned","|rule|Endless Battle Clause: Forcing endless battles is banned","|rule|HP Percentage Mod: HP is shown in percentages","|teampreview","|","|start","|switch|p1a: Drifblim|Drifblim, F|443/443","|switch|p2a: Politoed|Politoed, F, shiny|383/383","|-weather|RainDance","|turn|1","|","|move|p1a: Drifblim|Calm Mind|p1a: Drifblim","|-boost|p1a: Drifblim|spa|1","|-boost|p1a: Drifblim|spd|1","|move|p2a: Politoed|Hydro Pump|p1a: Drifblim","|-damage|p1a: Drifblim|49/443","|","|-weather|RainDance|[upkeep]","|turn|2","|","|move|p1a: Drifblim|Thunderbolt|p2a: Politoed","|-supereffective|p2a: Politoed","|-damage|p2a: Politoed|113/383","|move|p2a: Politoed|Hydro Pump|p1a: Drifblim","|-damage|p1a: Drifblim|0 fnt","|faint|p1a: Drifblim","|","|-weather|RainDance|[upkeep]","|","|switch|p1a: Chandelure|Chandelure, F|261/261","|turn|3","|","|move|p1a: Chandelure|Energy Ball|p2a: Politoed","|-supereffective|p2a: Politoed","|-damage|p2a: Politoed|0 fnt","|faint|p2a: Politoed","|","|-weather|RainDance|[upkeep]","|","|switch|p2a: Azumarill|Azumarill, F|403/403","|turn|4","|","|switch|p1a: Gourgeist-Super|Gourgeist-Super, M|373/373","|-item|p2a: Azumarill|Assault Vest|[from] ability: Frisk|[of] p1a: Gourgeist-Super|[identify]","|move|p2a: Azumarill|Knock Off|p1a: Gourgeist-Super","|-crit|p1a: Gourgeist-Super","|-supereffective|p1a: Gourgeist-Super","|-damage|p1a: Gourgeist-Super|229/373","|-enditem|p1a: Gourgeist-Super|Leftovers|[from] move: Knock Off|[of] p2a: Azumarill","|","|-weather|RainDance|[upkeep]","|turn|5","|","|switch|p2a: Tentacruel|Tentacruel, M|301/301","|move|p1a: Gourgeist-Super|Will-O-Wisp|p2a: Tentacruel","|-status|p2a: Tentacruel|brn","|","|-weather|none","|-damage|p2a: Tentacruel|264/301 brn|[from] brn","|turn|6","|","|move|p2a: Tentacruel|Acid Spray|p1a: Gourgeist-Super","|-damage|p1a: Gourgeist-Super|166/373","|-unboost|p1a: Gourgeist-Super|spd|2","|move|p1a: Gourgeist-Super|Leech Seed|p2a: Tentacruel","|-start|p2a: Tentacruel|move: Leech Seed","|","|-heal|p2a: Tentacruel|282/301 brn|[from] item: Black Sludge","|-damage|p2a: Tentacruel|245/301 brn|[from] Leech Seed|[of] p1a: Gourgeist-Super","|-damage|p1a: Gourgeist-Super|129/373|[from] ability: Liquid Ooze|[of] p2a: Tentacruel","|-damage|p2a: Tentacruel|208/301 brn|[from] brn","|turn|7","|","|switch|p1a: Gengar|Gengar, M, shiny|261/261","|move|p2a: Tentacruel|Scald|p1a: Gengar","|-damage|p1a: Gengar|134/261","|","|-heal|p2a: Tentacruel|226/301 brn|[from] item: Black Sludge","|-damage|p2a: Tentacruel|189/301 brn|[from] Leech Seed|[of] p1a: Gengar","|-damage|p1a: Gengar|97/261|[from] ability: Liquid Ooze|[of] p2a: Tentacruel","|-damage|p2a: Tentacruel|152/301 brn|[from] brn","|turn|8","|","|switch|p2a: Lanturn|Lanturn, M|454/454","|move|p1a: Gengar|Shadow Ball|p2a: Lanturn","|-damage|p2a: Lanturn|201/454","|","|-heal|p2a: Lanturn|229/454|[from] item: Leftovers","|turn|9","|","|move|p1a: Gengar|Shadow Ball|p2a: Lanturn","|-damage|p2a: Lanturn|0 fnt","|faint|p2a: Lanturn","|","|","|switch|p2a: Azumarill|Azumarill, F|403/403","|turn|10","|","|switch|p1a: Gourgeist-Super|Gourgeist-Super, M|129/373","|-item|p2a: Azumarill|Assault Vest|[from] ability: Frisk|[of] p1a: Gourgeist-Super|[identify]","|move|p2a: Azumarill|Knock Off|p1a: Gourgeist-Super","|-supereffective|p1a: Gourgeist-Super","|-damage|p1a: Gourgeist-Super|69/373","|","|turn|11","|","|switch|p2a: Tentacruel|Tentacruel, M|152/301 brn","|move|p1a: Gourgeist-Super|Synthesis|p1a: Gourgeist-Super","|-heal|p1a: Gourgeist-Super|255/373","|","|-heal|p2a: Tentacruel|170/301 brn|[from] item: Black Sludge","|-damage|p2a: Tentacruel|133/301 brn|[from] brn","|turn|12","|","|move|p2a: Tentacruel|Acid Spray|p1a: Gourgeist-Super","|-damage|p1a: Gourgeist-Super|192/373","|-unboost|p1a: Gourgeist-Super|spd|2","|move|p1a: Gourgeist-Super|Foul Play|p2a: Tentacruel","|-damage|p2a: Tentacruel|46/301 brn","|","|-heal|p2a: Tentacruel|64/301 brn|[from] item: Black Sludge","|-damage|p2a: Tentacruel|27/301 brn|[from] brn","|turn|13","|","|move|p2a: Tentacruel|Scald|p1a: Gourgeist-Super","|-crit|p1a: Gourgeist-Super","|-resisted|p1a: Gourgeist-Super","|-damage|p1a: Gourgeist-Super|21/373","|move|p1a: Gourgeist-Super|Synthesis|p1a: Gourgeist-Super","|-heal|p1a: Gourgeist-Super|207/373","|","|-heal|p2a: Tentacruel|45/301 brn|[from] item: Black Sludge","|-damage|p2a: Tentacruel|8/301 brn|[from] brn","|turn|14","|","|move|p2a: Tentacruel|Acid Spray|p1a: Gourgeist-Super","|-damage|p1a: Gourgeist-Super|86/373","|-unboost|p1a: Gourgeist-Super|spd|2","|move|p1a: Gourgeist-Super|Synthesis|p1a: Gourgeist-Super","|-heal|p1a: Gourgeist-Super|272/373","|","|-heal|p2a: Tentacruel|26/301 brn|[from] item: Black Sludge","|-damage|p2a: Tentacruel|0 fnt|[from] brn","|faint|p2a: Tentacruel","|","|switch|p2a: Kingdra|Kingdra, M|291/291","|turn|15","|","|switch|p1a: Aegislash|Aegislash, F|324/324","|move|p2a: Kingdra|Ice Beam|p1a: Aegislash","|-resisted|p1a: Aegislash","|-damage|p1a: Aegislash|287/324","|","|-heal|p1a: Aegislash|307/324|[from] item: Leftovers","|turn|16","|","|switch|p2a: Swampert|Swampert, M|341/341","|move|p1a: Aegislash|Toxic|p2a: Swampert","|-status|p2a: Swampert|tox","|","|-heal|p1a: Aegislash|324/324|[from] item: Leftovers","|-damage|p2a: Swampert|320/341 tox|[from] psn","|turn|17","|","|detailschange|p2a: Swampert|Swampert-Mega, M","|-mega|p2a: Swampert|Swampert|Swampertite","|move|p1a: Aegislash|King's Shield|p1a: Aegislash","|-singleturn|p1a: Aegislash|Protect","|move|p2a: Swampert|Earthquake|p1a: Aegislash","|-activate|p1a: Aegislash|Protect","|","|-damage|p2a: Swampert|278/341 tox|[from] psn","|turn|18","|","|switch|p1a: Gourgeist-Super|Gourgeist-Super, M|272/373","|-item|p2a: Swampert|Swampertite|[from] ability: Frisk|[of] p1a: Gourgeist-Super|[identify]","|move|p2a: Swampert|Earthquake|p1a: Gourgeist-Super","|-resisted|p1a: Gourgeist-Super","|-damage|p1a: Gourgeist-Super|204/373","|","|-damage|p2a: Swampert|215/341 tox|[from] psn","|turn|19","|","|switch|p2a: Azumarill|Azumarill, F|403/403","|move|p1a: Gourgeist-Super|Synthesis|p1a: Gourgeist-Super","|-heal|p1a: Gourgeist-Super|373/373","|","|turn|20","|","|move|p1a: Gourgeist-Super|Will-O-Wisp|p2a: Azumarill","|-status|p2a: Azumarill|brn","|move|p2a: Azumarill|Ice Punch|p1a: Gourgeist-Super","|-supereffective|p1a: Gourgeist-Super","|-damage|p1a: Gourgeist-Super|339/373","|","|-damage|p2a: Azumarill|353/403 brn|[from] brn","|turn|21","|","|win|Emg kess"],"p1rating":{"entryid":"7322121","serverid":"eos","formatid":"monotype","userid":"emgkess","username":"Emg kess","w":4,"l":"1","t":"0","gxe":59.5,"r":1553.7368461771,"rd":106.80611136242,"sigma":"0","rptime":1438592400,"rpr":1575.3008099328,"rprd":102.60664142917,"rpsigma":"0","acre":1117.6076035129,"lacre":1117.6076035129,"oldacre":"1093.7493561132"},"p2rating":{"entryid":"7151294","serverid":"eos","formatid":"monotype","userid":"sovereignblake","username":"Sovereign♕Blake","w":"11","l":14,"t":"0","gxe":41.5,"r":1443.4184595138,"rd":65.349380319769,"sigma":"0","rptime":1438592400,"rpr":1434.6302521764,"rprd":64.392506220562,"rpsigma":"0","acre":1047.5543513481,"lacre":1047.5543513481,"oldacre":"1065.8364554241"},"endType":"forfeit"}