{"seed":[28897,26013,10998,40331],"turns":26,"p1":"Spettro_Filo","p2":"RektByAnAlt","p1team":[{"name":"Gengar","species":"Gengar","item":"choicespecs","ability":"Levitate","moves":["dazzlinggleam","energyball","darkpulse","shadowball"],"nature":"Timid","evs":{"hp":0,"atk":0,"def":0,"spa":252,"spd":4,"spe":252},"ivs":{"hp":31,"atk":31,"def":31,"spa":31,"spd":31,"spe":31}},{"name":"Spiritomb","species":"Spiritomb","item":"leftovers","ability":"Pressure","moves":["calmmind","darkpulse","rest","sleeptalk"],"nature":"Modest","evs":{"hp":252,"atk":0,"def":0,"spa":252,"spd":4,"spe":0},"ivs":{"hp":31,"atk":31,"def":31,"spa":31,"spd":31,"spe":31}},{"name":"Chandelure","species":"Chandelure","item":"leftovers","ability":"Flash Fire","moves":["calmmind","substitute","flamethrower","shadowball"],"nature":"Modest","evs":{"hp":248,"atk":0,"def":0,"spa":252,"spd":8,"spe":0},"ivs":{"hp":31,"atk":31,"def":31,"spa":31,"spd":31,"spe":31}},{"name":"Golurk","species":"Golurk","item":"assaultvest","ability":"No Guard","moves":["earthquake","dynamicpunch","icepunch","hammerarm"],"nature":"Adamant","evs":{"hp":248,"atk":252,"def":0,"spa":0,"spd":8,"spe":0},"ivs":{"hp":31,"atk":31,"def":31,"spa":31,"spd":31,"spe":31}},{"name":"Cofagrigus","species":"Cofagrigus","item":"leftovers","ability":"Mummy","moves":["toxicspikes","nastyplot","shadowball","trickroom"],"nature":"Quiet","evs":{"hp":248,"atk":0,"def":0,"spa":252,"spd":8,"spe":0},"ivs":{"hp":31,"atk":31,"def":31,"spa":31,"spd":31,"spe":0}},{"name":"Froslass","species":"Froslass","item":"focussash","ability":"Cursed Body","moves":["thunderbolt","destinybond","icebeam","shadowball"],"nature":"Timid","evs":{"hp":0,"atk":0,"def":0,"spa":252,"spd":4,"spe":252},"ivs":{"hp":31,"atk":31,"def":31,"spa":31,"spd":31,"spe":31}}],"p2team":[{"name":"Drapion","species":"Drapion","item":"scopelens","ability":"Sniper","moves":["crosspoison","knockoff","nightslash","earthquake"],"nature":"Adamant","evs":{"hp":0,"atk":252,"def":4,"spa":0,"spd":0,"spe":252},"ivs":{"hp":31,"atk":30,"def":31,"spa":30,"spd":31,"spe":31}},{"name":"Venusaur","species":"Venusaur","item":"venusaurite","ability":"Overgrow","moves":["sleeppowder","leechseed","gigadrain","sludgebomb"],"nature":"Timid","evs":{"hp":0,"atk":0,"def":128,"spa":0,"spd":128,"spe":252},"ivs":{"hp":31,"atk":31,"def":31,"spa":31,"spd":31,"spe":31}},{"name":"Tentacruel","species":"Tentacruel","item":"blacksludge","ability":"Liquid Ooze","moves":["toxicspikes","scald","icebeam","rapidspin"],"nature":"Bold","evs":{"hp":252,"atk":0,"def":240,"spa":0,"spd":0,"spe":16},"ivs":{"hp":31,"atk":31,"def":31,"spa":31,"spd":31,"spe":31}},{"name":"Nidoking","species":"Nidoking","item":"choicescarf","ability":"Sheer Force","moves":["firepunch","earthquake","brickbreak","rockslide"],"nature":"Jolly","evs":{"hp":4,"atk":252,"def":0,"spa":0,"spd":0,"spe":252},"ivs":{"hp":31,"atk":31,"def":31,"spa":31,"spd":31,"spe":31}},{"name":"Gengar","species":"Gengar","item":"focussash","ability":"Levitate","moves":["thunderbolt","psychic","dazzlinggleam","shadowball"],"nature":"Timid","evs":{"hp":4,"atk":0,"def":0,"spa":252,"spd":0,"spe":252},"ivs":{"hp":31,"atk":31,"def":31,"spa":31,"spd":31,"spe":31}},{"name":"Crobat","species":"Crobat","item":"choiceband","ability":"Infiltrator","moves":["zenheadbutt","bravebird","uturn","crosspoison"],"nature":"Adamant","evs":{"hp":252,"atk":252,"def":0,"spa":0,"spd":0,"spe":4},"ivs":{"hp":31,"atk":31,"def":31,"spa":31,"spd":31,"spe":31}}],"log":["|player|p1|Spettro_Filo|168","|player|p2|RektByAnAlt|265","|gametype|singles","|gen|6","|tier|Monotype","|rated","|rule|Baton Pass Clause: Limit one Baton Passer, can't pass Spe and other stats simultaneously","|rule|Swagger Clause: Swagger is banned","|rule|Same Type Clause: Pokémon in a team must share a type","|clearpoke","|poke|p1|Gengar, M","|poke|p1|Spiritomb, M","|poke|p1|Chandelure, F","|poke|p1|Golurk","|poke|p1|Cofagrigus, M","|poke|p1|Froslass, F","|poke|p2|Drapion, F","|poke|p2|Venusaur, M","|poke|p2|Tentacruel, M","|poke|p2|Nidoking, M","|poke|p2|Gengar, F","|poke|p2|Crobat, M","|rule|Sleep Clause Mod: Limit one foe put to sleep","|rule|Species Clause: Limit one of each Pokémon","|rule|OHKO Clause: OHKO moves are banned","|rule|Moody Clause: Moody is banned","|rule|Evasion Moves Clause: Evasion moves are banned","|rule|Endless Battle Clause: Forcing endless battles is banned","|rule|HP Percentage Mod: HP is shown in percentages","|teampreview","|","|start","|switch|p1a: Cofagrigus|Cofagrigus, M|319/319","|switch|p2a: Gengar|Gengar, F|262/262","|turn|1","|","|move|p2a: Gengar|Shadow Ball|p1a: Cofagrigus","|-crit|p1a: Cofagrigus","|-supereffective|p1a: Cofagrigus","|-damage|p1a: Cofagrigus|0 fnt","|faint|p1a: Cofagrigus","|","|","|switch|p1a: Froslass|Froslass, F|281/281","|turn|2","|","|move|p2a: Gengar|Shadow Ball|p1a: Froslass","|-supereffective|p1a: Froslass","|-enditem|p1a: Froslass|Focus Sash","|-damage|p1a: Froslass|1/281","|move|p1a: Froslass|Shadow Ball|p2a: Gengar","|-supereffective|p2a: Gengar","|-enditem|p2a: Gengar|Focus Sash","|-damage|p2a: Gengar|1/262","|","|turn|3","|","|move|p1a: Froslass|Destiny Bond|p1a: Froslass","|-singlemove|p1a: Froslass|Destiny Bond","|move|p2a: Gengar|Shadow Ball|p1a: Froslass","|-supereffective|p1a: Froslass","|-damage|p1a: Froslass|0 fnt","|faint|p1a: Froslass","|-activate|p1a: Froslass|Destiny Bond","|faint|p2a: Gengar","|","|","|switch|p2a: Drapion|Drapion, F|281/281","|switch|p1a: Golurk|Golurk|381/381","|turn|4","|","|switch|p2a: Venusaur|Venusaur, M|301/301","|move|p1a: Golurk|Dynamic Punch|p2a: Venusaur","|-resisted|p2a: Venusaur","|-damage|p2a: Venusaur|235/301","|-start|p2a: Venusaur|confusion","|","|turn|5","|","|detailschange|p2a: Venusaur|Venusaur-Mega, M","|-mega|p2a: Venusaur|Venusaur|Venusaurite","|-activate|p2a: Venusaur|confusion","|-damage|p2a: Venusaur|215/301|[from] confusion","|move|p1a: Golurk|Ice Punch|p2a: Venusaur","|-supereffective|p2a: Venusaur","|-damage|p2a: Venusaur|143/301","|","|turn|6","|","|-activate|p2a: Venusaur|confusion","|move|p2a: Venusaur|Giga Drain|p1a: Golurk","|-supereffective|p1a: Golurk","|-damage|p1a: Golurk|205/381","|-heal|p2a: Venusaur|231/301|[from] drain|[of] p1a: Golurk","|move|p1a: Golurk|Ice Punch|p2a: Venusaur","|-supereffective|p2a: Venusaur","|-damage|p2a: Venusaur|163/301","|","|turn|7","|","|-end|p2a: Venusaur|confusion","|move|p2a: Venusaur|Leech Seed|p1a: Golurk","|-start|p1a: Golurk|move: Leech Seed","|move|p1a: Golurk|Ice Punch|p2a: Venusaur","|-supereffective|p2a: Venusaur","|-damage|p2a: Venusaur|87/301","|","|-damage|p1a: Golurk|158/381|[from] Leech Seed|[of] p2a: Venusaur","|-heal|p2a: Venusaur|134/301|[silent]","|turn|8","|","|move|p2a: Venusaur|Sleep Powder|p1a: Golurk","|-status|p1a: Golurk|slp","|cant|p1a: Golurk|slp","|","|-damage|p1a: Golurk|111/381 slp|[from] Leech Seed|[of] p2a: Venusaur","|-heal|p2a: Venusaur|181/301|[silent]","|turn|9","|","|switch|p1a: Chandelure|Chandelure, F|323/323","|move|p2a: Venusaur|Giga Drain|p1a: Chandelure","|-resisted|p1a: Chandelure","|-damage|p1a: Chandelure|269/323","|-heal|p2a: Venusaur|208/301|[from] drain|[of] p1a: Chandelure","|","|-heal|p1a: Chandelure|289/323|[from] item: Leftovers","|turn|10","|","|switch|p2a: Tentacruel|Tentacruel, M|364/364","|move|p1a: Chandelure|Substitute|p1a: Chandelure","|-start|p1a: Chandelure|Substitute","|-damage|p1a: Chandelure|209/323","|","|-heal|p1a: Chandelure|229/323|[from] item: Leftovers","|turn|11","|","|move|p2a: Tentacruel|Scald|p1a: Chandelure","|-supereffective|p1a: Chandelure","|-end|p1a: Chandelure|Substitute","|move|p1a: Chandelure|Calm Mind|p1a: Chandelure","|-boost|p1a: Chandelure|spa|1","|-boost|p1a: Chandelure|spd|1","|","|-heal|p1a: Chandelure|249/323|[from] item: Leftovers","|turn|12","|","|move|p2a: Tentacruel|Scald|p1a: Chandelure","|-supereffective|p1a: Chandelure","|-damage|p1a: Chandelure|141/323","|move|p1a: Chandelure|Shadow Ball|p2a: Tentacruel","|-damage|p2a: Tentacruel|165/364","|","|-heal|p2a: Tentacruel|187/364|[from] item: Black Sludge","|-heal|p1a: Chandelure|161/323|[from] item: Leftovers","|turn|13","|","|move|p2a: Tentacruel|Scald|p1a: Chandelure","|-supereffective|p1a: Chandelure","|-damage|p1a: Chandelure|53/323","|move|p1a: Chandelure|Shadow Ball|p2a: Tentacruel","|-damage|p2a: Tentacruel|0 fnt","|faint|p2a: Tentacruel","|","|-heal|p1a: Chandelure|73/323|[from] item: Leftovers","|","|switch|p2a: Crobat|Crobat, M|374/374","|turn|14","|","|move|p2a: Crobat|Brave Bird|p1a: Chandelure","|-damage|p1a: Chandelure|0 fnt","|-damage|p2a: Crobat|350/374|[from] recoil|[of] p1a: Chandelure","|faint|p1a: Chandelure","|","|","|switch|p1a: Golurk|Golurk|111/381 slp","|turn|15","|","|move|p2a: Crobat|Brave Bird|p1a: Golurk","|-damage|p1a: Golurk|0 fnt","|-damage|p2a: Crobat|313/374|[from] recoil|[of] p1a: Golurk","|faint|p1a: Golurk","|","|","|switch|p1a: Gengar|Gengar, M|261/261","|turn|16","|","|move|p1a: Gengar|Shadow Ball|p2a: Crobat","|-damage|p2a: Crobat|75/374","|-unboost|p2a: Crobat|spd|1","|move|p2a: Crobat|Brave Bird|p1a: Gengar","|-damage|p1a: Gengar|0 fnt","|-damage|p2a: Crobat|0 fnt|[from] recoil|[of] p1a: Gengar","|faint|p1a: Gengar","|faint|p2a: Crobat","|","|","|switch|p2a: Venusaur|Venusaur-Mega, M|208/301","|switch|p1a: Spiritomb|Spiritomb, M|304/304","|-ability|p1a: Spiritomb|Pressure","|turn|17","|","|move|p2a: Venusaur|Sleep Powder|p1a: Spiritomb|[miss]","|-miss|p2a: Venusaur|p1a: Spiritomb","|move|p1a: Spiritomb|Calm Mind|p1a: Spiritomb","|-boost|p1a: Spiritomb|spa|1","|-boost|p1a: Spiritomb|spd|1","|","|turn|18","|","|move|p2a: Venusaur|Sleep Powder|p1a: Spiritomb|[miss]","|-miss|p2a: Venusaur|p1a: Spiritomb","|move|p1a: Spiritomb|Calm Mind|p1a: Spiritomb","|-boost|p1a: Spiritomb|spa|1","|-boost|p1a: Spiritomb|spd|1","|","|turn|19","|","|move|p2a: Venusaur|Sleep Powder|p1a: Spiritomb","|-status|p1a: Spiritomb|slp","|cant|p1a: Spiritomb|slp","|","|turn|20","|","|move|p2a: Venusaur|Leech Seed|p1a: Spiritomb","|-start|p1a: Spiritomb|move: Leech Seed","|cant|p1a: Spiritomb|slp","|move|p1a: Spiritomb|Sleep Talk|p1a: Spiritomb","|move|p1a: Spiritomb|Dark Pulse|p2a: Venusaur|[from]Sleep Talk","|-damage|p2a: Venusaur|16/301","|","|-damage|p1a: Spiritomb|266/304 slp|[from] Leech Seed|[of] p2a: Venusaur","|-heal|p2a: Venusaur|54/301|[silent]","|turn|21","|","|move|p2a: Venusaur|Giga Drain|p1a: Spiritomb","|-damage|p1a: Spiritomb|221/304 slp","|-heal|p2a: Venusaur|77/301|[from] drain|[of] p1a: Spiritomb","|-curestatus|p1a: Spiritomb|slp","|move|p1a: Spiritomb|Sleep Talk|p1a: Spiritomb","|-fail|p1a: Spiritomb","|","|-heal|p1a: Spiritomb|240/304|[from] item: Leftovers","|-damage|p1a: Spiritomb|202/304|[from] Leech Seed|[of] p2a: Venusaur","|-heal|p2a: Venusaur|115/301|[silent]","|turn|22","|","|move|p2a: Venusaur|Sleep Powder|p1a: Spiritomb","|-status|p1a: Spiritomb|slp","|cant|p1a: Spiritomb|slp","|","|-heal|p1a: Spiritomb|221/304 slp|[from] item: Leftovers","|-damage|p1a: Spiritomb|183/304 slp|[from] Leech Seed|[of] p2a: Venusaur","|-heal|p2a: Venusaur|153/301|[silent]","|turn|23","|","|switch|p2a: Drapion|Drapion, F|281/281","|-curestatus|p1a: Spiritomb|slp","|move|p1a: Spiritomb|Sleep Talk|p1a: Spiritomb","|-fail|p1a: Spiritomb","|","|-heal|p1a: Spiritomb|202/304|[from] item: Leftovers","|-damage|p1a: Spiritomb|164/304|[from] Leech Seed|[of] p2a: Drapion","|turn|24","|","|move|p2a: Drapion|Knock Off|p1a: Spiritomb","|-damage|p1a: Spiritomb|32/304","|-enditem|p1a: Spiritomb|Leftovers|[from] move: Knock Off|[of] p2a: Drapion","|move|p1a: Spiritomb|Rest|p1a: Spiritomb","|-status|p1a: Spiritomb|slp","|-heal|p1a: Spiritomb|304/304 slp|[silent]","|-status|p1a: Spiritomb|slp|[from] move: Rest","|","|-damage|p1a: Spiritomb|266/304 slp|[from] Leech Seed|[of] p2a: Drapion","|turn|25","|","|move|p2a: Drapion|Night Slash|p1a: Spiritomb","|-crit|p1a: Spiritomb","|-damage|p1a: Spiritomb|44/304 slp","|cant|p1a: Spiritomb|slp","|move|p1a: Spiritomb|Sleep Talk|p1a: Spiritomb","|move|p1a: Spiritomb|Dark Pulse|p2a: Drapion|[from]Sleep Talk","|-crit|p2a: Drapion","|-resisted|p2a: Drapion","|-damage|p2a: Drapion|58/281","|","|-damage|p1a: Spiritomb|6/304 slp|[from] Leech Seed|[of] p2a: Drapion","|-heal|p2a: Drapion|96/281|[silent]","|turn|26","|","|move|p2a: Drapion|Earthquake|p1a: Spiritomb","|-damage|p1a: Spiritomb|0 fnt","|faint|p1a: Spiritomb","|","|win|RektByAnAlt"],"p1rating":{"entryid":"7345280","serverid":"eos","formatid":"monotype","userid":"spettrofilo","username":"Spettro Filo","w":"2","l":8,"t":"0","gxe":30.2,"r":"1438.5479551848","rd":"123.43649464304","sigma":"0","rptime":"1438592400","rpr":1337.6505410281,"rprd":86.574473592982,"rpsigma":"0","acre":1027.569290364,"lacre":1027.569290364,"oldacre":"1046.8871598785"},"p2rating":{"entryid":7374874,"formatid":"monotype","userid":"rektbyanalt","username":"RektByAnAlt","r":1500,"rd":130,"sigma":0,"rpr":1533.8943026215,"rprd":122.94044142979,"rpsigma":0,"rptime":1438592400,"w":1,"l":0,"t":0,"gxe":54.2,"acre":1045.3655506579,"lacre":1045.3655506579,"oldacre":1000},"endType":"normal"}