{"seed":[18748,29455,54810,30190],"turns":30,"p1":"DJMadness","p2":"MrNyanNyanz","p1team":[{"name":"Venusaur","species":"Venusaur","item":"venusaurite","ability":"Chlorophyll","moves":["growth","synthesis","sludgebomb","hiddenpowerfire"],"nature":"Bold","evs":{"hp":252,"atk":0,"def":252,"spa":4,"spd":0,"spe":0},"gender":"F","ivs":{"hp":31,"atk":30,"def":31,"spa":30,"spd":31,"spe":30},"shiny":true},{"name":"Serperior","species":"Serperior","item":"assaultvest","ability":"Contrary","moves":["dragonpulse","leafstorm","hiddenpowerfire","dragontail"],"nature":"Hasty","evs":{"hp":0,"atk":4,"def":0,"spa":252,"spd":0,"spe":252},"gender":"F","ivs":{"hp":31,"atk":30,"def":31,"spa":30,"spd":31,"spe":30},"shiny":true},{"name":"Whimsicott","species":"Whimsicott","item":"heatrock","ability":"Prankster","moves":["sunnyday","leechseed","cottonguard","moonblast"],"nature":"Calm","evs":{"hp":248,"atk":0,"def":0,"spa":8,"spd":252,"spe":0},"gender":"F","shiny":true,"ivs":{"hp":31,"atk":31,"def":31,"spa":31,"spd":31,"spe":31}},{"name":"Ferrothorn","species":"Ferrothorn","item":"rockyhelmet","ability":"Iron Barbs","moves":["leechseed","thunderwave","protect","knockoff"],"nature":"Impish","evs":{"hp":248,"atk":8,"def":252,"spa":0,"spd":0,"spe":0},"gender":"M","shiny":true,"ivs":{"hp":31,"atk":31,"def":31,"spa":31,"spd":31,"spe":31}},{"name":"Cradily","species":"Cradily","item":"leftovers","ability":"Storm Drain","moves":["stealthrock","rockslide","recover","toxic"],"nature":"Careful","evs":{"hp":252,"atk":4,"def":0,"spa":0,"spd":252,"spe":0},"gender":"M","shiny":true,"ivs":{"hp":31,"atk":31,"def":31,"spa":31,"spd":31,"spe":31}},{"name":"Trevenant","species":"Trevenant","item":"sitrusberry","ability":"Harvest","moves":["willowisp","leechseed","hornleech","growth"],"nature":"Careful","evs":{"hp":248,"atk":8,"def":0,"spa":0,"spd":252,"spe":0},"gender":"M","shiny":true,"ivs":{"hp":31,"atk":31,"def":31,"spa":31,"spd":31,"spe":31}}],"p2team":[{"name":"Bisharp","species":"Bisharp","item":"focussash","ability":"Defiant","moves":["suckerpunch","swordsdance","knockoff","ironhead"],"nature":"","evs":{"hp":0,"atk":0,"def":0,"spa":0,"spd":0,"spe":0},"ivs":{"hp":31,"atk":31,"def":31,"spa":31,"spd":31,"spe":31}},{"name":"Magnezone","species":"Magnezone","item":"choicescarf","ability":"Magnet Pull","moves":["thunderbolt","hiddenpowerice","voltswitch","flashcannon"],"nature":"Timid","evs":{"hp":0,"atk":0,"def":0,"spa":252,"spd":4,"spe":252},"ivs":{"hp":31,"atk":30,"def":30,"spa":31,"spd":31,"spe":31}},{"name":"Doublade","species":"Doublade","item":"eviolite","ability":"No Guard","moves":["swordsdance","rockslide","sacredsword","shadowsneak"],"nature":"Adamant","evs":{"hp":248,"atk":252,"def":0,"spa":0,"spd":8,"spe":0},"ivs":{"hp":31,"atk":31,"def":31,"spa":31,"spd":31,"spe":31}},{"name":"Heatran","species":"Heatran","item":"airballoon","ability":"Flash Fire","moves":["lavaplume","earthpower","ancientpower","roar"],"nature":"Modest","evs":{"hp":248,"atk":0,"def":0,"spa":252,"spd":8,"spe":0},"ivs":{"hp":31,"atk":31,"def":31,"spa":31,"spd":31,"spe":31}},{"name":"Skarmory","species":"Skarmory","item":"rockyhelmet","ability":"Sturdy","moves":["bravebird","roost","defog","stealthrock"],"nature":"Impish","evs":{"hp":248,"atk":0,"def":236,"spa":0,"spd":0,"spe":24},"ivs":{"hp":31,"atk":31,"def":31,"spa":31,"spd":31,"spe":31}},{"name":"Scizor","species":"Scizor","item":"scizorite","ability":"Technician","moves":["swordsdance","aerialace","bulletpunch","bugbite"],"nature":"Adamant","evs":{"hp":248,"atk":252,"def":0,"spa":0,"spd":8,"spe":0},"ivs":{"hp":31,"atk":31,"def":31,"spa":31,"spd":31,"spe":31}}],"log":["|player|p1|DJMadness|92","|player|p2|MrNyanNyanz|mrnyannyanz.png","|gametype|singles","|gen|6","|tier|Monotype","|rated","|rule|Baton Pass Clause: Limit one Baton Passer, can't pass Spe and other stats simultaneously","|rule|Swagger Clause: Swagger is banned","|rule|Same Type Clause: Pokémon in a team must share a type","|clearpoke","|poke|p1|Venusaur, F, shiny","|poke|p1|Serperior, F, shiny","|poke|p1|Whimsicott, F, shiny","|poke|p1|Ferrothorn, M, shiny","|poke|p1|Cradily, M, shiny","|poke|p1|Trevenant, M, shiny","|poke|p2|Bisharp, F","|poke|p2|Magnezone","|poke|p2|Doublade, M","|poke|p2|Heatran, M","|poke|p2|Skarmory, M","|poke|p2|Scizor, M","|rule|Sleep Clause Mod: Limit one foe put to sleep","|rule|Species Clause: Limit one of each Pokémon","|rule|OHKO Clause: OHKO moves are banned","|rule|Moody Clause: Moody is banned","|rule|Evasion Moves Clause: Evasion moves are banned","|rule|Endless Battle Clause: Forcing endless battles is banned","|rule|HP Percentage Mod: HP is shown in percentages","|teampreview","|","|start","|switch|p1a: Cradily|Cradily, M, shiny|376/376","|switch|p2a: Magnezone|Magnezone|281/281","|turn|1","|","|move|p2a: Magnezone|Volt Switch|p1a: Cradily","|-resisted|p1a: Cradily","|-damage|p1a: Cradily|333/376","|","|switch|p2a: Skarmory|Skarmory, M|333/333","|move|p1a: Cradily|Stealth Rock|p2a: Skarmory","|-sidestart|p2: MrNyanNyanz|move: Stealth Rock","|","|-heal|p1a: Cradily|356/376|[from] item: Leftovers","|turn|2","|","|switch|p1a: Ferrothorn|Ferrothorn, M, shiny|351/351","|move|p2a: Skarmory|Defog|p1a: Ferrothorn","|-unboost|p1a: Ferrothorn|evasion|1","|-sideend|p2: MrNyanNyanz|Stealth Rock|[from] move: Defog|[of] p2a: Skarmory","|","|turn|3","|","|move|p2a: Skarmory|Stealth Rock|p1a: Ferrothorn","|-sidestart|p1: DJMadness|move: Stealth Rock","|move|p1a: Ferrothorn|Thunder Wave|p2a: Skarmory","|-status|p2a: Skarmory|par","|","|turn|4","|","|switch|p2a: Heatran|Heatran, M|385/385","|-item|p2a: Heatran|Air Balloon","|move|p1a: Ferrothorn|Knock Off|p2a: Heatran","|-damage|p2a: Heatran|321/385","|-enditem|p2a: Heatran|Air Balloon","|","|turn|5","|","|switch|p1a: Cradily|Cradily, M, shiny|356/376","|-damage|p1a: Cradily|309/376|[from] Stealth Rock","|move|p2a: Heatran|Lava Plume|p1a: Cradily","|-damage|p1a: Cradily|197/376","|-status|p1a: Cradily|brn","|","|-heal|p1a: Cradily|220/376 brn|[from] item: Leftovers","|-damage|p1a: Cradily|173/376 brn|[from] brn","|turn|6","|","|switch|p2a: Doublade|Doublade, M|321/321","|move|p1a: Cradily|Recover|p1a: Cradily","|-heal|p1a: Cradily|361/376 brn","|","|-heal|p1a: Cradily|376/376 brn|[from] item: Leftovers","|-damage|p1a: Cradily|329/376 brn|[from] brn","|turn|7","|","|switch|p1a: Ferrothorn|Ferrothorn, M, shiny|351/351","|-damage|p1a: Ferrothorn|330/351|[from] Stealth Rock","|move|p2a: Doublade|Sacred Sword|p1a: Ferrothorn","|-supereffective|p1a: Ferrothorn","|-damage|p1a: Ferrothorn|200/351","|-damage|p2a: Doublade|281/321|[from] ability: Iron Barbs|[of] p1a: Ferrothorn","|-damage|p2a: Doublade|228/321|[from] item: Rocky Helmet|[of] p1a: Ferrothorn","|","|turn|8","|","|switch|p2a: Skarmory|Skarmory, M|333/333 par","|move|p1a: Ferrothorn|Thunder Wave|p2a: Skarmory","|-fail|p2a: Skarmory|par","|","|turn|9","|","|switch|p2a: Heatran|Heatran, M|321/385","|move|p1a: Ferrothorn|Leech Seed|p2a: Heatran|[miss]","|-miss|p1a: Ferrothorn|p2a: Heatran","|","|turn|10","|","|switch|p1a: Cradily|Cradily, M, shiny|329/376 brn","|-damage|p1a: Cradily|282/376 brn|[from] Stealth Rock","|move|p2a: Heatran|Lava Plume|p1a: Cradily","|-damage|p1a: Cradily|167/376 brn","|","|-heal|p1a: Cradily|190/376 brn|[from] item: Leftovers","|-damage|p1a: Cradily|143/376 brn|[from] brn","|turn|11","|","|switch|p2a: Doublade|Doublade, M|228/321","|move|p1a: Cradily|Recover|p1a: Cradily","|-heal|p1a: Cradily|331/376 brn","|","|-heal|p1a: Cradily|354/376 brn|[from] item: Leftovers","|-damage|p1a: Cradily|307/376 brn|[from] brn","|turn|12","|","|move|p1a: Cradily|Rock Slide|p2a: Doublade","|-resisted|p2a: Doublade","|-damage|p2a: Doublade|220/321","|move|p2a: Doublade|Swords Dance|p2a: Doublade","|-boost|p2a: Doublade|atk|2","|","|-heal|p1a: Cradily|330/376 brn|[from] item: Leftovers","|-damage|p1a: Cradily|283/376 brn|[from] brn","|turn|13","|","|switch|p1a: Ferrothorn|Ferrothorn, M, shiny|200/351","|-damage|p1a: Ferrothorn|179/351|[from] Stealth Rock","|move|p2a: Doublade|Sacred Sword|p1a: Ferrothorn","|-crit|p1a: Ferrothorn","|-supereffective|p1a: Ferrothorn","|-damage|p1a: Ferrothorn|0 fnt","|-damage|p2a: Doublade|180/321|[from] ability: Iron Barbs|[of] p1a: Ferrothorn","|-damage|p2a: Doublade|127/321|[from] item: Rocky Helmet|[of] p1a: Ferrothorn","|faint|p1a: Ferrothorn","|","|","|switch|p1a: Serperior|Serperior, F, shiny|291/291","|-damage|p1a: Serperior|255/291|[from] Stealth Rock","|turn|14","|","|move|p2a: Doublade|Shadow Sneak|p1a: Serperior","|-damage|p1a: Serperior|80/291","|move|p1a: Serperior|Leaf Storm|p2a: Doublade","|-resisted|p2a: Doublade","|-damage|p2a: Doublade|43/321","|-boost|p1a: Serperior|spa|2","|","|turn|15","|","|move|p2a: Doublade|Shadow Sneak|p1a: Serperior","|-damage|p1a: Serperior|0 fnt","|faint|p1a: Serperior","|","|","|switch|p1a: Venusaur|Venusaur, F, shiny|364/364","|-damage|p1a: Venusaur|319/364|[from] Stealth Rock","|turn|16","|","|detailschange|p1a: Venusaur|Venusaur-Mega, F, shiny","|-mega|p1a: Venusaur|Venusaur|Venusaurite","|move|p2a: Doublade|Shadow Sneak|p1a: Venusaur","|-damage|p1a: Venusaur|235/364","|move|p1a: Venusaur|Hidden Power|p2a: Doublade","|-supereffective|p2a: Doublade","|-damage|p2a: Doublade|0 fnt","|faint|p2a: Doublade","|","|","|switch|p2a: Skarmory|Skarmory, M|333/333 par","|turn|17","|","|switch|p1a: Cradily|Cradily, M, shiny|283/376 brn","|-damage|p1a: Cradily|236/376 brn|[from] Stealth Rock","|move|p2a: Skarmory|Brave Bird|p1a: Cradily","|-damage|p1a: Cradily|122/376 brn","|-damage|p2a: Skarmory|295/333 par|[from] recoil|[of] p1a: Cradily","|","|-heal|p1a: Cradily|145/376 brn|[from] item: Leftovers","|-damage|p1a: Cradily|98/376 brn|[from] brn","|turn|18","|","|move|p1a: Cradily|Recover|p1a: Cradily","|-heal|p1a: Cradily|286/376 brn","|cant|p2a: Skarmory|par","|","|-heal|p1a: Cradily|309/376 brn|[from] item: Leftovers","|-damage|p1a: Cradily|262/376 brn|[from] brn","|turn|19","|","|move|p1a: Cradily|Stealth Rock|p2a: Skarmory","|-sidestart|p2: MrNyanNyanz|move: Stealth Rock","|move|p2a: Skarmory|Roost|p2a: Skarmory","|-heal|p2a: Skarmory|333/333 par","|","|-heal|p1a: Cradily|285/376 brn|[from] item: Leftovers","|-damage|p1a: Cradily|238/376 brn|[from] brn","|turn|20","|","|move|p1a: Cradily|Rock Slide|p2a: Skarmory","|-damage|p2a: Skarmory|310/333 par","|move|p2a: Skarmory|Defog|p1a: Cradily","|-unboost|p1a: Cradily|evasion|1","|-sideend|p1: DJMadness|Stealth Rock|[from] move: Defog|[of] p1a: Cradily","|-sideend|p2: MrNyanNyanz|Stealth Rock|[from] move: Defog|[of] p2a: Skarmory","|","|-heal|p1a: Cradily|261/376 brn|[from] item: Leftovers","|-damage|p1a: Cradily|214/376 brn|[from] brn","|turn|21","|","|switch|p1a: Whimsicott|Whimsicott, F, shiny|323/323","|switch|p2a: Bisharp|Bisharp, F|271/271","|","|turn|22","|","|move|p1a: Whimsicott|Cotton Guard|p1a: Whimsicott","|-boost|p1a: Whimsicott|def|3","|move|p2a: Bisharp|Iron Head|p1a: Whimsicott","|-supereffective|p1a: Whimsicott","|-damage|p1a: Whimsicott|221/323","|","|turn|23","|","|move|p1a: Whimsicott|Moonblast|p2a: Bisharp","|-damage|p2a: Bisharp|153/271","|-unboost|p2a: Bisharp|spa|1","|-boost|p2a: Bisharp|atk|2|[from] ability: Defiant","|move|p2a: Bisharp|Swords Dance|p2a: Bisharp","|-boost|p2a: Bisharp|atk|2","|","|turn|24","|","|move|p1a: Whimsicott|Cotton Guard|p1a: Whimsicott","|-boost|p1a: Whimsicott|def|3","|move|p2a: Bisharp|Iron Head|p1a: Whimsicott","|-supereffective|p1a: Whimsicott","|-damage|p1a: Whimsicott|29/323","|","|turn|25","|","|move|p1a: Whimsicott|Sunny Day|p1a: Whimsicott","|-weather|SunnyDay","|move|p2a: Bisharp|Sucker Punch|p1a: Whimsicott","|-fail|p2a: Bisharp","|","|-weather|SunnyDay|[upkeep]","|turn|26","|","|move|p1a: Whimsicott|Leech Seed|p2a: Bisharp","|-start|p2a: Bisharp|move: Leech Seed","|move|p2a: Bisharp|Iron Head|p1a: Whimsicott","|-supereffective|p1a: Whimsicott","|-damage|p1a: Whimsicott|0 fnt","|faint|p1a: Whimsicott","|","|-weather|SunnyDay|[upkeep]","|","|switch|p1a: Venusaur|Venusaur-Mega, F, shiny|235/364","|turn|27","|","|move|p2a: Bisharp|Sucker Punch|p1a: Venusaur","|-fail|p2a: Bisharp","|move|p1a: Venusaur|Synthesis|p1a: Venusaur","|-heal|p1a: Venusaur|364/364","|","|-weather|SunnyDay|[upkeep]","|-damage|p2a: Bisharp|120/271|[from] Leech Seed|[of] p1a: Venusaur","|turn|28","|","|move|p2a: Bisharp|Sucker Punch|p1a: Venusaur","|-fail|p2a: Bisharp","|move|p1a: Venusaur|Growth|p1a: Venusaur","|-boost|p1a: Venusaur|atk|2","|-boost|p1a: Venusaur|spa|2","|","|-weather|SunnyDay|[upkeep]","|-damage|p2a: Bisharp|87/271|[from] Leech Seed|[of] p1a: Venusaur","|turn|29","|","|switch|p2a: Heatran|Heatran, M|321/385","|move|p1a: Venusaur|Hidden Power|p2a: Heatran","|-start|p2a: Heatran|ability: Flash Fire","|","|-weather|SunnyDay|[upkeep]","|turn|30","|","|win|MrNyanNyanz"],"p1rating":{"entryid":"7355209","serverid":"eos","formatid":"monotype","userid":"djmadness","username":"DJMadness","w":"2","l":9,"t":"0","gxe":30.9,"r":"1303.5258224739","rd":"99.460287779891","sigma":"0","rptime":"1438592400","rpr":1344.0194674362,"rprd":88.375044745558,"rpsigma":"0","acre":1076.4047591435,"lacre":1076.4047591435,"oldacre":"1093.0825645069"},"p2rating":{"entryid":"6703862","serverid":"eos","formatid":"monotype","userid":"mrnyannyanz","username":"MrNyanNyanz","w":34,"l":"24","t":"0","gxe":56.1,"r":"1538.8037937295","rd":"47.610146032348","sigma":"0","rptime":"1438592400","rpr":1546.68090714,"rprd":46.97035098595,"rpsigma":"0","acre":1219.5501198157,"lacre":1219.5501198157,"oldacre":"1202.1501348092"},"endType":"forfeit"}