{"seed":[46866,38357,3008,56711],"turns":19,"p1":"Sage.13","p2":"noah9280","p1team":[{"name":"Ludicolo","species":"Ludicolo","item":"leftovers","ability":"Swift Swim","moves":["teeterdance","scald","icebeam","gigadrain"],"nature":"Modest","evs":{"hp":0,"atk":0,"def":0,"spa":252,"spd":4,"spe":252},"shiny":true,"ivs":{"hp":31,"atk":31,"def":31,"spa":31,"spd":31,"spe":31}},{"name":"Azumarill","species":"Azumarill","item":"sitrusberry","ability":"Huge Power","moves":["aquajet","playrough","bellydrum","knockoff"],"nature":"Adamant","evs":{"hp":252,"atk":252,"def":0,"spa":0,"spd":4,"spe":0},"ivs":{"hp":31,"atk":31,"def":31,"spa":31,"spd":31,"spe":31}},{"name":"Swampert","species":"Swampert","item":"swampertite","ability":"Damp","moves":["superpower","waterfall","earthquake","icepunch"],"nature":"Adamant","evs":{"hp":248,"atk":252,"def":0,"spa":0,"spd":8,"spe":0},"ivs":{"hp":31,"atk":31,"def":31,"spa":31,"spd":31,"spe":31}},{"name":"Milotic","species":"Milotic","item":"leftovers","ability":"Competitive","moves":["scald","icebeam","raindance","toxic"],"nature":"Bold","evs":{"hp":252,"atk":0,"def":252,"spa":4,"spd":0,"spe":0},"shiny":true,"ivs":{"hp":31,"atk":31,"def":31,"spa":31,"spd":31,"spe":31}},{"name":"Politoed","species":"Politoed","item":"widelens","ability":"Drizzle","moves":["icebeam","surf","hypnosis","perishsong"],"nature":"Modest","evs":{"hp":248,"atk":0,"def":0,"spa":252,"spd":8,"spe":0},"shiny":true,"ivs":{"hp":31,"atk":31,"def":31,"spa":31,"spd":31,"spe":31}},{"name":"Floatzel","species":"Floatzel","item":"lifeorb","ability":"Swift Swim","moves":["brickbreak","aquajet","waterfall","icepunch"],"nature":"Adamant","evs":{"hp":0,"atk":252,"def":0,"spa":0,"spd":4,"spe":252},"ivs":{"hp":31,"atk":31,"def":31,"spa":31,"spd":31,"spe":31}}],"p2team":[{"name":"Hoopa-Unbound","species":"Hoopa-Unbound","item":"lifeorb","ability":"Magician","moves":["drainpunch","firepunch","hyperspacefury","gunkshot"],"nature":"Jolly","evs":{"hp":0,"atk":252,"def":0,"spa":0,"spd":4,"spe":252},"ivs":{"hp":31,"atk":31,"def":31,"spa":31,"spd":31,"spe":31}},{"name":"Weavile","species":"Weavile","item":"lifeorb","ability":"Pressure","moves":["icepunch","iceshard","nightslash","lowkick"],"nature":"Jolly","evs":{"hp":0,"atk":252,"def":0,"spa":0,"spd":4,"spe":252},"gender":"M","ivs":{"hp":31,"atk":31,"def":31,"spa":31,"spd":31,"spe":31}},{"name":"Umbreon","species":"Umbreon","item":"leftovers","ability":"Synchronize","moves":["wish","toxic","protect","foulplay"],"nature":"Calm","evs":{"hp":252,"atk":0,"def":4,"spa":0,"spd":252,"spe":0},"gender":"F","shiny":true,"ivs":{"hp":31,"atk":31,"def":31,"spa":31,"spd":31,"spe":31}},{"name":"Sableye","species":"Sableye","item":"sablenite","ability":"Prankster","moves":["willowisp","calmmind","recover","shadowball"],"nature":"Calm","evs":{"hp":248,"atk":0,"def":0,"spa":8,"spd":252,"spe":0},"gender":"M","ivs":{"hp":31,"atk":31,"def":31,"spa":31,"spd":31,"spe":31}},{"name":"Zoroark","species":"Zoroark","item":"lifeorb","ability":"Illusion","moves":["nightdaze","extrasensory","flamethrower","focusblast"],"nature":"Timid","evs":{"hp":0,"atk":0,"def":0,"spa":252,"spd":4,"spe":252},"gender":"M","ivs":{"hp":31,"atk":31,"def":31,"spa":31,"spd":31,"spe":31}},{"name":"Tyranitar","species":"Tyranitar","item":"choicescarf","ability":"Sand Stream","moves":["fireblast","earthquake","stoneedge","crunch"],"nature":"Naive","evs":{"hp":0,"atk":252,"def":0,"spa":4,"spd":0,"spe":252},"ivs":{"hp":31,"atk":31,"def":31,"spa":31,"spd":31,"spe":31}}],"log":["|player|p1|Sage.13|154","|player|p2|noah9280|68","|gametype|singles","|gen|6","|tier|Monotype","|rated","|rule|Baton Pass Clause: Limit one Baton Passer, can't pass Spe and other stats simultaneously","|rule|Swagger Clause: Swagger is banned","|rule|Same Type Clause: Pokémon in a team must share a type","|clearpoke","|poke|p1|Ludicolo, M, shiny","|poke|p1|Azumarill, F","|poke|p1|Swampert, F","|poke|p1|Milotic, F, shiny","|poke|p1|Politoed, M, shiny","|poke|p1|Floatzel, M","|poke|p2|Hoopa-Unbound","|poke|p2|Weavile, M","|poke|p2|Umbreon, F, shiny","|poke|p2|Sableye, M","|poke|p2|Zoroark, M","|poke|p2|Tyranitar, F","|rule|Sleep Clause Mod: Limit one foe put to sleep","|rule|Species Clause: Limit one of each Pokémon","|rule|OHKO Clause: OHKO moves are banned","|rule|Moody Clause: Moody is banned","|rule|Evasion Moves Clause: Evasion moves are banned","|rule|Endless Battle Clause: Forcing endless battles is banned","|rule|HP Percentage Mod: HP is shown in percentages","|teampreview","|","|start","|switch|p1a: Milotic|Milotic, F, shiny|394/394","|switch|p2a: Hoopa-Unbound|Hoopa-Unbound|261/261","|turn|1","|","|move|p2a: Hoopa-Unbound|Night Daze|p1a: Milotic","|-damage|p1a: Milotic|246/394","|-damage|p2a: Hoopa-Unbound|235/261|[from] item: Life Orb","|move|p1a: Milotic|Scald|p2a: Hoopa-Unbound","|replace|p2a: Zoroark|Zoroark, M|235/261","|-damage|p2a: Zoroark|105/261","|","|-heal|p1a: Milotic|270/394|[from] item: Leftovers","|turn|2","|","|switch|p1a: Politoed|Politoed, M, shiny|383/383","|-weather|RainDance","|move|p2a: Zoroark|Night Daze|p1a: Politoed","|-damage|p1a: Politoed|210/383","|-damage|p2a: Zoroark|79/261|[from] item: Life Orb","|","|-weather|RainDance|[upkeep]","|turn|3","|","|switch|p1a: Azumarill|Azumarill, F|404/404","|move|p2a: Zoroark|Night Daze|p1a: Azumarill","|-resisted|p1a: Azumarill","|-damage|p1a: Azumarill|287/404","|-unboost|p1a: Azumarill|accuracy|1","|-damage|p2a: Zoroark|53/261|[from] item: Life Orb","|","|-weather|RainDance|[upkeep]","|turn|4","|","|move|p1a: Azumarill|Aqua Jet|p2a: Zoroark","|-damage|p2a: Zoroark|0 fnt","|faint|p2a: Zoroark","|","|-weather|RainDance|[upkeep]","|","|switch|p2a: Sableye|Sableye, M|303/303","|turn|5","|","|detailschange|p2a: Sableye|Sableye-Mega, M","|-mega|p2a: Sableye|Sableye|Sablenite","|move|p2a: Sableye|Will-O-Wisp|p1a: Azumarill","|-status|p1a: Azumarill|brn","|move|p1a: Azumarill|Play Rough|p2a: Sableye","|-supereffective|p2a: Sableye","|-damage|p2a: Sableye|147/303","|-unboost|p2a: Sableye|atk|1","|","|-weather|RainDance|[upkeep]","|-damage|p1a: Azumarill|237/404 brn|[from] brn","|turn|6","|","|switch|p2a: Umbreon|Umbreon, F, shiny|394/394","|move|p1a: Azumarill|Belly Drum|p1a: Azumarill","|-damage|p1a: Azumarill|35/404 brn","|-setboost|p1a: Azumarill|atk|6|[from] move: Belly Drum","|-enditem|p1a: Azumarill|Sitrus Berry|[eat]","|-heal|p1a: Azumarill|136/404 brn|[from] item: Sitrus Berry","|","|-weather|none","|-damage|p1a: Azumarill|86/404 brn|[from] brn","|turn|7","|","|move|p2a: Umbreon|Protect|p2a: Umbreon","|-singleturn|p2a: Umbreon|Protect","|move|p1a: Azumarill|Play Rough|p2a: Umbreon","|-activate|p2a: Umbreon|Protect","|","|-damage|p1a: Azumarill|36/404 brn|[from] brn","|turn|8","|","|move|p2a: Umbreon|Protect|p2a: Umbreon","|-fail|p2a: Umbreon","|move|p1a: Azumarill|Play Rough|p2a: Umbreon|[miss]","|-miss|p1a: Azumarill|p2a: Umbreon","|","|-damage|p1a: Azumarill|0 fnt|[from] brn","|faint|p1a: Azumarill","|","|switch|p1a: Swampert|Swampert, F|403/403","|turn|9","|","|detailschange|p1a: Swampert|Swampert-Mega, F","|-mega|p1a: Swampert|Swampert|Swampertite","|move|p2a: Umbreon|Toxic|p1a: Swampert","|-status|p1a: Swampert|tox","|move|p1a: Swampert|Waterfall|p2a: Umbreon","|-crit|p2a: Umbreon","|-damage|p2a: Umbreon|144/394","|","|-heal|p2a: Umbreon|168/394|[from] item: Leftovers","|-damage|p1a: Swampert|378/403 tox|[from] psn","|turn|10","|","|move|p2a: Umbreon|Protect|p2a: Umbreon","|-singleturn|p2a: Umbreon|Protect","|move|p1a: Swampert|Earthquake|p2a: Umbreon","|-activate|p2a: Umbreon|Protect","|","|-heal|p2a: Umbreon|192/394|[from] item: Leftovers","|-damage|p1a: Swampert|328/403 tox|[from] psn","|turn|11","|","|move|p1a: Swampert|Earthquake|p2a: Umbreon","|-damage|p2a: Umbreon|0 fnt","|faint|p2a: Umbreon","|","|-damage|p1a: Swampert|253/403 tox|[from] psn","|","|switch|p2a: Weavile|Weavile, M|281/281","|-ability|p2a: Weavile|Pressure","|turn|12","|","|switch|p1a: Politoed|Politoed, M, shiny|210/383","|-weather|RainDance","|move|p2a: Weavile|Ice Punch|p1a: Politoed","|-resisted|p1a: Politoed","|-damage|p1a: Politoed|115/383","|-damage|p2a: Weavile|253/281|[from] item: Life Orb","|","|-weather|RainDance|[upkeep]","|turn|13","|","|move|p2a: Weavile|Night Slash|p1a: Politoed","|-crit|p1a: Politoed","|-damage|p1a: Politoed|0 fnt","|-damage|p2a: Weavile|225/281|[from] item: Life Orb","|faint|p1a: Politoed","|","|-weather|RainDance|[upkeep]","|","|switch|p1a: Swampert|Swampert-Mega, F|253/403 tox","|turn|14","|","|switch|p2a: Tyranitar|Tyranitar, F|341/341","|-weather|Sandstorm","|move|p1a: Swampert|Earthquake|p2a: Tyranitar","|-supereffective|p2a: Tyranitar","|-damage|p2a: Tyranitar|0 fnt","|faint|p2a: Tyranitar","|","|-weather|Sandstorm|[upkeep]","|-damage|p1a: Swampert|228/403 tox|[from] psn","|","|switch|p2a: Weavile|Weavile, M|225/281","|-ability|p2a: Weavile|Pressure","|turn|15","|","|switch|p1a: Milotic|Milotic, F, shiny|270/394","|move|p2a: Weavile|Night Slash|p1a: Milotic","|-damage|p1a: Milotic|145/394","|-damage|p2a: Weavile|197/281|[from] item: Life Orb","|","|-weather|Sandstorm|[upkeep]","|-damage|p2a: Weavile|180/281|[from] sandstorm","|-damage|p1a: Milotic|121/394|[from] sandstorm","|-heal|p1a: Milotic|145/394|[from] item: Leftovers","|turn|16","|","|move|p2a: Weavile|Night Slash|p1a: Milotic","|-damage|p1a: Milotic|24/394","|-damage|p2a: Weavile|152/281|[from] item: Life Orb","|move|p1a: Milotic|Scald|p2a: Weavile","|-damage|p2a: Weavile|43/281","|-status|p2a: Weavile|brn","|","|-weather|Sandstorm|[upkeep]","|-damage|p2a: Weavile|26/281 brn|[from] sandstorm","|-damage|p1a: Milotic|0 fnt|[from] sandstorm","|-damage|p2a: Weavile|0 fnt|[from] brn","|faint|p1a: Milotic","|faint|p2a: Weavile","|","|switch|p2a: Hoopa-Unbound|Hoopa-Unbound|301/301","|switch|p1a: Ludicolo|Ludicolo, M, shiny|301/301","|turn|17","|","|move|p2a: Hoopa-Unbound|Gunk Shot|p1a: Ludicolo","|-supereffective|p1a: Ludicolo","|-damage|p1a: Ludicolo|0 fnt","|-damage|p2a: Hoopa-Unbound|271/301|[from] item: Life Orb","|faint|p1a: Ludicolo","|","|-weather|Sandstorm|[upkeep]","|-damage|p2a: Hoopa-Unbound|253/301|[from] sandstorm","|","|switch|p1a: Floatzel|Floatzel, M|311/311","|turn|18","|","|move|p1a: Floatzel|Waterfall|p2a: Hoopa-Unbound","|-damage|p2a: Hoopa-Unbound|0 fnt","|-damage|p1a: Floatzel|280/311|[from] item: Life Orb","|faint|p2a: Hoopa-Unbound","|","|-weather|none","|","|switch|p2a: Sableye|Sableye-Mega, M|147/303","|turn|19","|","|move|p1a: Floatzel|Waterfall|p2a: Sableye","|-damage|p2a: Sableye|0 fnt","|-damage|p1a: Floatzel|249/311|[from] item: Life Orb","|faint|p2a: Sableye","|","|win|Sage.13"],"p1rating":{"entryid":"7365108","serverid":"eos","formatid":"monotype","userid":"sage13","username":"Sage.13","w":6,"l":"3","t":"0","gxe":58.6,"r":"1500","rd":"130","sigma":"0","rptime":"1438592400","rpr":1567.2208619019,"rprd":89.211928062729,"rpsigma":"0","acre":1162.3438249179,"lacre":1162.3438249179,"oldacre":"1135.2665088806"},"p2rating":{"entryid":"7319634","serverid":"eos","formatid":"monotype","userid":"noah9280","username":"noah9280","w":"5","l":2,"t":"0","gxe":60,"r":"1611.4584434083","rd":"99.781131556728","sigma":"0","rptime":"1438592400","rpr":1579.4062280106,"rprd":96.705042497004,"rpsigma":"0","acre":1137.1252517012,"lacre":1137.1252517012,"oldacre":"1164.2025677385"},"endType":"normal"}