{"seed":[43650,55839,28233,17786],"turns":92,"p1":"Trill Nye","p2":"noah9280","p1team":[{"name":"Clefable","species":"Clefable","item":"leftovers","ability":"Magic Guard","moves":["cosmicpower","storedpower","flamethrower","softboiled"],"nature":"Bold","evs":{"hp":252,"atk":0,"def":252,"spa":4,"spd":0,"spe":0},"ivs":{"hp":31,"atk":31,"def":31,"spa":31,"spd":31,"spe":31}},{"name":"Azumarill","species":"Azumarill","item":"sitrusberry","ability":"Huge Power","moves":["aquajet","playrough","bellydrum","waterfall"],"nature":"Adamant","evs":{"hp":252,"atk":252,"def":0,"spa":0,"spd":0,"spe":4},"ivs":{"hp":31,"atk":31,"def":31,"spa":31,"spd":31,"spe":31}},{"name":"Klefki","species":"Klefki","item":"lightclay","ability":"Prankster","moves":["spikes","lightscreen","reflect","toxic"],"nature":"Careful","evs":{"hp":252,"atk":0,"def":0,"spa":0,"spd":252,"spe":4},"ivs":{"hp":31,"atk":31,"def":31,"spa":31,"spd":31,"spe":31}},{"name":"Gardevoir","species":"Gardevoir","item":"gardevoirite","ability":"Synchronize","moves":["calmmind","hypervoice","shadowball","psyshock"],"nature":"Modest","evs":{"hp":248,"atk":0,"def":0,"spa":252,"spd":8,"spe":0},"ivs":{"hp":31,"atk":31,"def":31,"spa":31,"spd":31,"spe":31}},{"name":"Togekiss","species":"Togekiss","item":"leftovers","ability":"Serene Grace","moves":["roost","thunderwave","airslash","defog"],"nature":"Bold","evs":{"hp":252,"atk":0,"def":252,"spa":4,"spd":0,"spe":0},"ivs":{"hp":31,"atk":31,"def":31,"spa":31,"spd":31,"spe":31}},{"name":"Sylveon","species":"Sylveon","item":"leftovers","ability":"Pixilate","moves":["calmmind","substitute","hypervoice","psyshock"],"nature":"Modest","evs":{"hp":4,"atk":0,"def":252,"spa":252,"spd":0,"spe":0},"ivs":{"hp":31,"atk":31,"def":31,"spa":31,"spd":31,"spe":31}}],"p2team":[{"name":"Hoopa-Unbound","species":"Hoopa-Unbound","item":"lifeorb","ability":"Magician","moves":["drainpunch","firepunch","hyperspacefury","gunkshot"],"nature":"Jolly","evs":{"hp":0,"atk":252,"def":0,"spa":0,"spd":4,"spe":252},"ivs":{"hp":31,"atk":31,"def":31,"spa":31,"spd":31,"spe":31}},{"name":"Weavile","species":"Weavile","item":"lifeorb","ability":"Pressure","moves":["icepunch","iceshard","nightslash","lowkick"],"nature":"Jolly","evs":{"hp":0,"atk":252,"def":0,"spa":0,"spd":4,"spe":252},"gender":"M","ivs":{"hp":31,"atk":31,"def":31,"spa":31,"spd":31,"spe":31}},{"name":"Umbreon","species":"Umbreon","item":"leftovers","ability":"Synchronize","moves":["wish","toxic","protect","foulplay"],"nature":"Calm","evs":{"hp":252,"atk":0,"def":4,"spa":0,"spd":252,"spe":0},"gender":"F","shiny":true,"ivs":{"hp":31,"atk":31,"def":31,"spa":31,"spd":31,"spe":31}},{"name":"Sableye","species":"Sableye","item":"sablenite","ability":"Prankster","moves":["willowisp","calmmind","recover","shadowball"],"nature":"Calm","evs":{"hp":248,"atk":0,"def":0,"spa":8,"spd":252,"spe":0},"gender":"M","ivs":{"hp":31,"atk":31,"def":31,"spa":31,"spd":31,"spe":31}},{"name":"Hydreigon","species":"Hydreigon","item":"choicespecs","ability":"Levitate","moves":["dracometeor","fireblast","focusblast","darkpulse"],"nature":"Timid","evs":{"hp":0,"atk":0,"def":0,"spa":252,"spd":4,"spe":252},"ivs":{"hp":31,"atk":31,"def":31,"spa":31,"spd":31,"spe":31}},{"name":"Tyranitar","species":"Tyranitar","item":"choicescarf","ability":"Sand Stream","moves":["fireblast","earthquake","stoneedge","crunch"],"nature":"Naive","evs":{"hp":0,"atk":252,"def":0,"spa":4,"spd":0,"spe":252},"ivs":{"hp":31,"atk":31,"def":31,"spa":31,"spd":31,"spe":31}}],"log":["|player|p1|Trill Nye|293","|player|p2|noah9280|68","|gametype|singles","|gen|6","|tier|Monotype","|rated","|rule|Baton Pass Clause: Limit one Baton Passer, can't pass Spe and other stats simultaneously","|rule|Swagger Clause: Swagger is banned","|rule|Same Type Clause: Pokémon in a team must share a type","|clearpoke","|poke|p1|Clefable, M","|poke|p1|Azumarill, F","|poke|p1|Klefki, M","|poke|p1|Gardevoir, M","|poke|p1|Togekiss, M","|poke|p1|Sylveon, M","|poke|p2|Hoopa-Unbound","|poke|p2|Weavile, M","|poke|p2|Umbreon, F, shiny","|poke|p2|Sableye, M","|poke|p2|Hydreigon, F","|poke|p2|Tyranitar, F","|rule|Sleep Clause Mod: Limit one foe put to sleep","|rule|Species Clause: Limit one of each Pokémon","|rule|OHKO Clause: OHKO moves are banned","|rule|Moody Clause: Moody is banned","|rule|Evasion Moves Clause: Evasion moves are banned","|rule|Endless Battle Clause: Forcing endless battles is banned","|rule|HP Percentage Mod: HP is shown in percentages","|teampreview","|","|start","|switch|p1a: Klefki|Klefki, M|318/318","|switch|p2a: Sableye|Sableye, M|303/303","|turn|1","|","|detailschange|p2a: Sableye|Sableye-Mega, M","|-mega|p2a: Sableye|Sableye|Sablenite","|move|p1a: Klefki|Toxic|p2a: Sableye","|move|p2a: Sableye|Toxic|p1a: Klefki|[from]Magic Bounce","|-immune|p1a: Klefki|[msg]","|move|p2a: Sableye|Will-O-Wisp|p1a: Klefki","|-status|p1a: Klefki|brn","|","|-damage|p1a: Klefki|279/318 brn|[from] brn","|turn|2","|","|move|p1a: Klefki|Spikes|p2a: Sableye","|move|p2a: Sableye|Spikes|p1a: Klefki|[from]Magic Bounce","|-sidestart|p1: Trill Nye|Spikes","|move|p2a: Sableye|Calm Mind|p2a: Sableye","|-boost|p2a: Sableye|spa|1","|-boost|p2a: Sableye|spd|1","|","|-damage|p1a: Klefki|240/318 brn|[from] brn","|turn|3","|","|move|p1a: Klefki|Light Screen|p1a: Klefki","|-sidestart|p1: Trill Nye|move: Light Screen","|move|p2a: Sableye|Calm Mind|p2a: Sableye","|-boost|p2a: Sableye|spa|1","|-boost|p2a: Sableye|spd|1","|","|-damage|p1a: Klefki|201/318 brn|[from] brn","|turn|4","|","|move|p1a: Klefki|Reflect|p1a: Klefki","|-sidestart|p1: Trill Nye|Reflect","|move|p2a: Sableye|Calm Mind|p2a: Sableye","|-boost|p2a: Sableye|spa|1","|-boost|p2a: Sableye|spd|1","|","|-damage|p1a: Klefki|162/318 brn|[from] brn","|turn|5","|","|switch|p1a: Sylveon|Sylveon, M|332/332","|-damage|p1a: Sylveon|291/332|[from] Spikes","|move|p2a: Sableye|Calm Mind|p2a: Sableye","|-boost|p2a: Sableye|spa|1","|-boost|p2a: Sableye|spd|1","|","|-heal|p1a: Sylveon|311/332|[from] item: Leftovers","|turn|6","|","|move|p1a: Sylveon|Substitute|p1a: Sylveon","|-start|p1a: Sylveon|Substitute","|-damage|p1a: Sylveon|228/332","|move|p2a: Sableye|Calm Mind|p2a: Sableye","|-boost|p2a: Sableye|spa|1","|-boost|p2a: Sableye|spd|1","|","|-heal|p1a: Sylveon|248/332|[from] item: Leftovers","|turn|7","|","|move|p1a: Sylveon|Calm Mind|p1a: Sylveon","|-boost|p1a: Sylveon|spa|1","|-boost|p1a: Sylveon|spd|1","|move|p2a: Sableye|Calm Mind|p2a: Sableye","|-boost|p2a: Sableye|spa|1","|-boost|p2a: Sableye|spd|1","|","|-heal|p1a: Sylveon|268/332|[from] item: Leftovers","|turn|8","|","|move|p1a: Sylveon|Calm Mind|p1a: Sylveon","|-boost|p1a: Sylveon|spa|1","|-boost|p1a: Sylveon|spd|1","|move|p2a: Sableye|Shadow Ball|p1a: Sylveon","|-activate|p1a: Sylveon|Substitute|[damage]","|","|-heal|p1a: Sylveon|288/332|[from] item: Leftovers","|turn|9","|","|move|p1a: Sylveon|Calm Mind|p1a: Sylveon","|-boost|p1a: Sylveon|spa|1","|-boost|p1a: Sylveon|spd|1","|move|p2a: Sableye|Shadow Ball|p1a: Sylveon","|-end|p1a: Sylveon|Substitute","|","|-heal|p1a: Sylveon|308/332|[from] item: Leftovers","|turn|10","|","|move|p1a: Sylveon|Substitute|p1a: Sylveon","|-start|p1a: Sylveon|Substitute","|-damage|p1a: Sylveon|225/332","|move|p2a: Sableye|Shadow Ball|p1a: Sylveon","|-crit|p1a: Sylveon","|-end|p1a: Sylveon|Substitute","|","|-heal|p1a: Sylveon|245/332|[from] item: Leftovers","|-sideend|p1: Trill Nye|move: Light Screen","|turn|11","|","|move|p1a: Sylveon|Calm Mind|p1a: Sylveon","|-boost|p1a: Sylveon|spa|1","|-boost|p1a: Sylveon|spd|1","|move|p2a: Sableye|Shadow Ball|p1a: Sylveon","|-damage|p1a: Sylveon|154/332","|","|-heal|p1a: Sylveon|174/332|[from] item: Leftovers","|-sideend|p1: Trill Nye|Reflect","|turn|12","|","|move|p1a: Sylveon|Hyper Voice|p2a: Sableye","|-supereffective|p2a: Sableye","|-damage|p2a: Sableye|103/303","|move|p2a: Sableye|Shadow Ball|p1a: Sylveon","|-damage|p1a: Sylveon|78/332","|","|-heal|p1a: Sylveon|98/332|[from] item: Leftovers","|turn|13","|","|switch|p2a: Umbreon|Umbreon, F, shiny|394/394","|move|p1a: Sylveon|Hyper Voice|p2a: Umbreon","|-supereffective|p2a: Umbreon","|-damage|p2a: Umbreon|0 fnt","|faint|p2a: Umbreon","|","|-heal|p1a: Sylveon|118/332|[from] item: Leftovers","|","|switch|p2a: Tyranitar|Tyranitar, F|341/341","|-weather|Sandstorm","|turn|14","|","|move|p2a: Tyranitar|Earthquake|p1a: Sylveon","|-damage|p1a: Sylveon|0 fnt","|faint|p1a: Sylveon","|","|-weather|Sandstorm|[upkeep]","|","|switch|p1a: Azumarill|Azumarill, F|404/404","|-damage|p1a: Azumarill|354/404|[from] Spikes","|turn|15","|","|move|p2a: Tyranitar|Earthquake|p1a: Azumarill","|-damage|p1a: Azumarill|219/404","|move|p1a: Azumarill|Belly Drum|p1a: Azumarill","|-damage|p1a: Azumarill|17/404","|-setboost|p1a: Azumarill|atk|6|[from] move: Belly Drum","|-enditem|p1a: Azumarill|Sitrus Berry|[eat]","|-heal|p1a: Azumarill|118/404|[from] item: Sitrus Berry","|","|-weather|Sandstorm|[upkeep]","|-damage|p1a: Azumarill|93/404|[from] sandstorm","|turn|16","|","|move|p1a: Azumarill|Aqua Jet|p2a: Tyranitar","|-supereffective|p2a: Tyranitar","|-damage|p2a: Tyranitar|0 fnt","|faint|p2a: Tyranitar","|","|-weather|Sandstorm|[upkeep]","|-damage|p1a: Azumarill|68/404|[from] sandstorm","|","|switch|p2a: Weavile|Weavile, M|281/281","|-ability|p2a: Weavile|Pressure","|turn|17","|","|move|p2a: Weavile|Ice Shard|p1a: Azumarill","|-resisted|p1a: Azumarill","|-damage|p1a: Azumarill|16/404","|-damage|p2a: Weavile|253/281|[from] item: Life Orb","|move|p1a: Azumarill|Aqua Jet|p2a: Weavile","|-damage|p2a: Weavile|0 fnt","|faint|p2a: Weavile","|","|-weather|Sandstorm|[upkeep]","|-damage|p1a: Azumarill|0 fnt|[from] sandstorm","|faint|p1a: Azumarill","|","|switch|p2a: Hydreigon|Hydreigon, F|325/325","|switch|p1a: Klefki|Klefki, M|162/318 brn","|-damage|p1a: Klefki|123/318 brn|[from] Spikes","|turn|18","|","|move|p1a: Klefki|Light Screen|p1a: Klefki","|-sidestart|p1: Trill Nye|move: Light Screen","|move|p2a: Hydreigon|Fire Blast|p1a: Klefki","|-supereffective|p1a: Klefki","|-damage|p1a: Klefki|0 fnt","|faint|p1a: Klefki","|","|-weather|none","|","|switch|p1a: Gardevoir|Gardevoir, M|339/339","|-damage|p1a: Gardevoir|297/339|[from] Spikes","|turn|19","|","|detailschange|p1a: Gardevoir|Gardevoir-Mega, M","|-mega|p1a: Gardevoir|Gardevoir|Gardevoirite","|move|p2a: Hydreigon|Fire Blast|p1a: Gardevoir","|-damage|p1a: Gardevoir|220/339","|move|p1a: Gardevoir|Hyper Voice|p2a: Hydreigon","|-supereffective|p2a: Hydreigon","|-damage|p2a: Hydreigon|0 fnt","|faint|p2a: Hydreigon","|","|","|switch|p2a: Hoopa-Unbound|Hoopa-Unbound|301/301","|turn|20","|","|move|p2a: Hoopa-Unbound|Gunk Shot|p1a: Gardevoir","|-crit|p1a: Gardevoir","|-supereffective|p1a: Gardevoir","|-damage|p1a: Gardevoir|0 fnt","|-damage|p2a: Hoopa-Unbound|271/301|[from] item: Life Orb","|faint|p1a: Gardevoir","|","|","|switch|p1a: Togekiss|Togekiss, M|374/374","|turn|21","|","|move|p2a: Hoopa-Unbound|Gunk Shot|p1a: Togekiss","|-supereffective|p1a: Togekiss","|-damage|p1a: Togekiss|57/374","|-damage|p2a: Hoopa-Unbound|241/301|[from] item: Life Orb","|move|p1a: Togekiss|Thunder Wave|p2a: Hoopa-Unbound","|-status|p2a: Hoopa-Unbound|par","|","|-heal|p1a: Togekiss|80/374|[from] item: Leftovers","|turn|22","|","|move|p1a: Togekiss|Air Slash|p2a: Hoopa-Unbound","|-damage|p2a: Hoopa-Unbound|153/301 par","|cant|p2a: Hoopa-Unbound|par","|","|-heal|p1a: Togekiss|103/374|[from] item: Leftovers","|turn|23","|","|move|p1a: Togekiss|Air Slash|p2a: Hoopa-Unbound|[miss]","|-miss|p1a: Togekiss|p2a: Hoopa-Unbound","|move|p2a: Hoopa-Unbound|Gunk Shot|p1a: Togekiss","|-supereffective|p1a: Togekiss","|-damage|p1a: Togekiss|0 fnt","|-damage|p2a: Hoopa-Unbound|123/301 par|[from] item: Life Orb","|faint|p1a: Togekiss","|","|","|switch|p1a: Clefable|Clefable, M|394/394","|turn|24","|","|move|p1a: Clefable|Cosmic Power|p1a: Clefable","|-boost|p1a: Clefable|def|1","|-boost|p1a: Clefable|spd|1","|move|p2a: Hoopa-Unbound|Gunk Shot|p1a: Clefable","|-supereffective|p1a: Clefable","|-damage|p1a: Clefable|144/394","|-damage|p2a: Hoopa-Unbound|93/301 par|[from] item: Life Orb","|","|-heal|p1a: Clefable|168/394|[from] item: Leftovers","|turn|25","|","|move|p1a: Clefable|Soft-Boiled|p1a: Clefable","|-heal|p1a: Clefable|365/394","|cant|p2a: Hoopa-Unbound|par","|","|-heal|p1a: Clefable|389/394|[from] item: Leftovers","|-sideend|p1: Trill Nye|move: Light Screen","|turn|26","|","|move|p1a: Clefable|Cosmic Power|p1a: Clefable","|-boost|p1a: Clefable|def|1","|-boost|p1a: Clefable|spd|1","|move|p2a: Hoopa-Unbound|Gunk Shot|p1a: Clefable","|-supereffective|p1a: Clefable","|-damage|p1a: Clefable|184/394","|-status|p1a: Clefable|psn","|-damage|p2a: Hoopa-Unbound|63/301 par|[from] item: Life Orb","|","|-heal|p1a: Clefable|208/394 psn|[from] item: Leftovers","|turn|27","|","|move|p1a: Clefable|Soft-Boiled|p1a: Clefable","|-heal|p1a: Clefable|394/394 psn","|cant|p2a: Hoopa-Unbound|par","|","|turn|28","|","|move|p1a: Clefable|Cosmic Power|p1a: Clefable","|-boost|p1a: Clefable|def|1","|-boost|p1a: Clefable|spd|1","|cant|p2a: Hoopa-Unbound|par","|","|turn|29","|","|move|p1a: Clefable|Cosmic Power|p1a: Clefable","|-boost|p1a: Clefable|def|1","|-boost|p1a: Clefable|spd|1","|move|p2a: Hoopa-Unbound|Gunk Shot|p1a: Clefable","|-supereffective|p1a: Clefable","|-damage|p1a: Clefable|267/394 psn","|-damage|p2a: Hoopa-Unbound|33/301 par|[from] item: Life Orb","|","|-heal|p1a: Clefable|291/394 psn|[from] item: Leftovers","|turn|30","|","|move|p1a: Clefable|Soft-Boiled|p1a: Clefable","|-heal|p1a: Clefable|394/394 psn","|move|p2a: Hoopa-Unbound|Gunk Shot|p1a: Clefable","|-supereffective|p1a: Clefable","|-damage|p1a: Clefable|274/394 psn","|-damage|p2a: Hoopa-Unbound|3/301 par|[from] item: Life Orb","|","|-heal|p1a: Clefable|298/394 psn|[from] item: Leftovers","|turn|31","|","|move|p1a: Clefable|Flamethrower|p2a: Hoopa-Unbound","|-damage|p2a: Hoopa-Unbound|0 fnt","|faint|p2a: Hoopa-Unbound","|","|-heal|p1a: Clefable|322/394 psn|[from] item: Leftovers","|","|switch|p2a: Sableye|Sableye-Mega, M|103/303","|turn|32","|","|move|p1a: Clefable|Flamethrower|p2a: Sableye","|-damage|p2a: Sableye|56/303","|move|p2a: Sableye|Recover|p2a: Sableye","|-heal|p2a: Sableye|208/303","|","|-heal|p1a: Clefable|346/394 psn|[from] item: Leftovers","|turn|33","|","|move|p1a: Clefable|Cosmic Power|p1a: Clefable","|-boost|p1a: Clefable|def|1","|-boost|p1a: Clefable|spd|1","|move|p2a: Sableye|Recover|p2a: Sableye","|-heal|p2a: Sableye|303/303","|","|-heal|p1a: Clefable|370/394 psn|[from] item: Leftovers","|turn|34","|","|move|p1a: Clefable|Flamethrower|p2a: Sableye","|-damage|p2a: Sableye|262/303","|move|p2a: Sableye|Calm Mind|p2a: Sableye","|-boost|p2a: Sableye|spa|1","|-boost|p2a: Sableye|spd|1","|","|-heal|p1a: Clefable|394/394 psn|[from] item: Leftovers","|turn|35","|","|move|p1a: Clefable|Flamethrower|p2a: Sableye","|-damage|p2a: Sableye|230/303","|move|p2a: Sableye|Calm Mind|p2a: Sableye","|-boost|p2a: Sableye|spa|1","|-boost|p2a: Sableye|spd|1","|","|turn|36","|","|move|p1a: Clefable|Flamethrower|p2a: Sableye","|-damage|p2a: Sableye|207/303","|-status|p2a: Sableye|brn","|move|p2a: Sableye|Shadow Ball|p1a: Clefable","|-damage|p1a: Clefable|343/394 psn","|","|-heal|p1a: Clefable|367/394 psn|[from] item: Leftovers","|-damage|p2a: Sableye|170/303 brn|[from] brn","|turn|37","|","|move|p1a: Clefable|Flamethrower|p2a: Sableye","|-damage|p2a: Sableye|149/303 brn","|move|p2a: Sableye|Recover|p2a: Sableye","|-heal|p2a: Sableye|301/303 brn","|","|-heal|p1a: Clefable|391/394 psn|[from] item: Leftovers","|-damage|p2a: Sableye|264/303 brn|[from] brn","|turn|38","|","|move|p1a: Clefable|Cosmic Power|p1a: Clefable","|-boost|p1a: Clefable|def|1","|-boost|p1a: Clefable|spd|1","|move|p2a: Sableye|Calm Mind|p2a: Sableye","|-boost|p2a: Sableye|spa|1","|-boost|p2a: Sableye|spd|1","|","|-heal|p1a: Clefable|394/394 psn|[from] item: Leftovers","|-damage|p2a: Sableye|227/303 brn|[from] brn","|turn|39","|","|move|p1a: Clefable|Stored Power|p2a: Sableye","|-immune|p2a: Sableye|[msg]","|move|p2a: Sableye|Calm Mind|p2a: Sableye","|-boost|p2a: Sableye|spa|1","|-boost|p2a: Sableye|spd|1","|","|-damage|p2a: Sableye|190/303 brn|[from] brn","|turn|40","|","|move|p1a: Clefable|Stored Power|p2a: Sableye","|-immune|p2a: Sableye|[msg]","|move|p2a: Sableye|Calm Mind|p2a: Sableye","|-boost|p2a: Sableye|spa|1","|-boost|p2a: Sableye|spd|1","|","|-damage|p2a: Sableye|153/303 brn|[from] brn","|turn|41","|","|move|p1a: Clefable|Flamethrower|p2a: Sableye","|-damage|p2a: Sableye|141/303 brn","|move|p2a: Sableye|Calm Mind|p2a: Sableye","|-boost|p2a: Sableye|spa|1","|-boost|p2a: Sableye|spd|1","|","|-damage|p2a: Sableye|104/303 brn|[from] brn","|turn|42","|","|move|p1a: Clefable|Flamethrower|p2a: Sableye","|-damage|p2a: Sableye|93/303 brn","|move|p2a: Sableye|Recover|p2a: Sableye","|-heal|p2a: Sableye|245/303 brn","|","|-damage|p2a: Sableye|208/303 brn|[from] brn","|turn|43","|","|move|p1a: Clefable|Flamethrower|p2a: Sableye","|-damage|p2a: Sableye|196/303 brn","|move|p2a: Sableye|Shadow Ball|p1a: Clefable","|-damage|p1a: Clefable|301/394 psn","|","|-heal|p1a: Clefable|325/394 psn|[from] item: Leftovers","|-damage|p2a: Sableye|159/303 brn|[from] brn","|turn|44","|","|move|p1a: Clefable|Flamethrower|p2a: Sableye","|-damage|p2a: Sableye|147/303 brn","|move|p2a: Sableye|Shadow Ball|p1a: Clefable","|-damage|p1a: Clefable|238/394 psn","|","|-heal|p1a: Clefable|262/394 psn|[from] item: Leftovers","|-damage|p2a: Sableye|110/303 brn|[from] brn","|turn|45","|","|move|p1a: Clefable|Flamethrower|p2a: Sableye","|-damage|p2a: Sableye|99/303 brn","|move|p2a: Sableye|Shadow Ball|p1a: Clefable","|-damage|p1a: Clefable|169/394 psn","|","|-heal|p1a: Clefable|193/394 psn|[from] item: Leftovers","|-damage|p2a: Sableye|62/303 brn|[from] brn","|turn|46","|","|move|p1a: Clefable|Soft-Boiled|p1a: Clefable","|-heal|p1a: Clefable|390/394 psn","|move|p2a: Sableye|Recover|p2a: Sableye","|-heal|p2a: Sableye|214/303 brn","|","|-heal|p1a: Clefable|394/394 psn|[from] item: Leftovers","|-damage|p2a: Sableye|177/303 brn|[from] brn","|turn|47","|","|move|p1a: Clefable|Stored Power|p2a: Sableye","|-immune|p2a: Sableye|[msg]","|move|p2a: Sableye|Recover|p2a: Sableye","|-heal|p2a: Sableye|303/303 brn","|","|-damage|p2a: Sableye|266/303 brn|[from] brn","|turn|48","|","|move|p1a: Clefable|Stored Power|p2a: Sableye","|-immune|p2a: Sableye|[msg]","|move|p2a: Sableye|Will-O-Wisp|p1a: Clefable","|-fail|p1a: Clefable","|","|-damage|p2a: Sableye|229/303 brn|[from] brn","|turn|49","|","|move|p1a: Clefable|Flamethrower|p2a: Sableye","|-damage|p2a: Sableye|218/303 brn","|move|p2a: Sableye|Shadow Ball|p1a: Clefable","|-damage|p1a: Clefable|306/394 psn","|-unboost|p1a: Clefable|spd|1","|","|-heal|p1a: Clefable|330/394 psn|[from] item: Leftovers","|-damage|p2a: Sableye|181/303 brn|[from] brn","|turn|50","|","|move|p1a: Clefable|Cosmic Power|p1a: Clefable","|-boost|p1a: Clefable|spd|1","|move|p2a: Sableye|Shadow Ball|p1a: Clefable","|-damage|p1a: Clefable|242/394 psn","|-unboost|p1a: Clefable|spd|1","|","|-heal|p1a: Clefable|266/394 psn|[from] item: Leftovers","|-damage|p2a: Sableye|144/303 brn|[from] brn","|turn|51","|","|move|p1a: Clefable|Cosmic Power|p1a: Clefable","|-boost|p1a: Clefable|spd|1","|move|p2a: Sableye|Shadow Ball|p1a: Clefable","|-damage|p1a: Clefable|173/394 psn","|","|-heal|p1a: Clefable|197/394 psn|[from] item: Leftovers","|-damage|p2a: Sableye|107/303 brn|[from] brn","|turn|52","|","|move|p1a: Clefable|Soft-Boiled|p1a: Clefable","|-heal|p1a: Clefable|394/394 psn","|move|p2a: Sableye|Shadow Ball|p1a: Clefable","|-damage|p1a: Clefable|310/394 psn","|-unboost|p1a: Clefable|spd|1","|","|-heal|p1a: Clefable|334/394 psn|[from] item: Leftovers","|-damage|p2a: Sableye|70/303 brn|[from] brn","|turn|53","|","|move|p1a: Clefable|Flamethrower|p2a: Sableye","|-damage|p2a: Sableye|58/303 brn","|move|p2a: Sableye|Recover|p2a: Sableye","|-heal|p2a: Sableye|210/303 brn","|","|-heal|p1a: Clefable|358/394 psn|[from] item: Leftovers","|-damage|p2a: Sableye|173/303 brn|[from] brn","|turn|54","|","|move|p1a: Clefable|Stored Power|p2a: Sableye","|-immune|p2a: Sableye|[msg]","|move|p2a: Sableye|Will-O-Wisp|p1a: Clefable","|-fail|p1a: Clefable","|","|-heal|p1a: Clefable|382/394 psn|[from] item: Leftovers","|-damage|p2a: Sableye|136/303 brn|[from] brn","|turn|55","|","|move|p1a: Clefable|Stored Power|p2a: Sableye","|-immune|p2a: Sableye|[msg]","|move|p2a: Sableye|Will-O-Wisp|p1a: Clefable","|-fail|p1a: Clefable","|","|-heal|p1a: Clefable|394/394 psn|[from] item: Leftovers","|-damage|p2a: Sableye|99/303 brn|[from] brn","|turn|56","|","|move|p1a: Clefable|Stored Power|p2a: Sableye","|-immune|p2a: Sableye|[msg]","|move|p2a: Sableye|Will-O-Wisp|p1a: Clefable|[miss]","|-miss|p2a: Sableye|p1a: Clefable","|","|-damage|p2a: Sableye|62/303 brn|[from] brn","|turn|57","|","|move|p1a: Clefable|Stored Power|p2a: Sableye","|-immune|p2a: Sableye|[msg]","|move|p2a: Sableye|Recover|p2a: Sableye","|-heal|p2a: Sableye|214/303 brn","|","|-damage|p2a: Sableye|177/303 brn|[from] brn","|turn|58","|","|move|p1a: Clefable|Cosmic Power|p1a: Clefable","|-boost|p1a: Clefable|spd|1","|move|p2a: Sableye|Shadow Ball|p1a: Clefable","|-damage|p1a: Clefable|310/394 psn","|","|-heal|p1a: Clefable|334/394 psn|[from] item: Leftovers","|-damage|p2a: Sableye|140/303 brn|[from] brn","|turn|59","|","|move|p1a: Clefable|Stored Power|p2a: Sableye","|-immune|p2a: Sableye|[msg]","|move|p2a: Sableye|Will-O-Wisp|p1a: Clefable","|-fail|p1a: Clefable","|","|-heal|p1a: Clefable|358/394 psn|[from] item: Leftovers","|-damage|p2a: Sableye|103/303 brn|[from] brn","|turn|60","|","|move|p1a: Clefable|Flamethrower|p2a: Sableye","|-damage|p2a: Sableye|92/303 brn","|move|p2a: Sableye|Will-O-Wisp|p1a: Clefable","|-fail|p1a: Clefable","|","|-heal|p1a: Clefable|382/394 psn|[from] item: Leftovers","|-damage|p2a: Sableye|55/303 brn|[from] brn","|turn|61","|","|move|p1a: Clefable|Flamethrower|p2a: Sableye","|-damage|p2a: Sableye|43/303 brn","|move|p2a: Sableye|Recover|p2a: Sableye","|-heal|p2a: Sableye|195/303 brn","|","|-heal|p1a: Clefable|394/394 psn|[from] item: Leftovers","|-damage|p2a: Sableye|158/303 brn|[from] brn","|turn|62","|","|move|p1a: Clefable|Stored Power|p2a: Sableye","|-immune|p2a: Sableye|[msg]","|move|p2a: Sableye|Shadow Ball|p1a: Clefable","|-damage|p1a: Clefable|298/394 psn","|","|-heal|p1a: Clefable|322/394 psn|[from] item: Leftovers","|-damage|p2a: Sableye|121/303 brn|[from] brn","|turn|63","|","|move|p1a: Clefable|Stored Power|p2a: Sableye","|-immune|p2a: Sableye|[msg]","|move|p2a: Sableye|Will-O-Wisp|p1a: Clefable|[miss]","|-miss|p2a: Sableye|p1a: Clefable","|","|-heal|p1a: Clefable|346/394 psn|[from] item: Leftovers","|-damage|p2a: Sableye|84/303 brn|[from] brn","|turn|64","|","|move|p1a: Clefable|Stored Power|p2a: Sableye","|-immune|p2a: Sableye|[msg]","|move|p2a: Sableye|Will-O-Wisp|p1a: Clefable","|-fail|p1a: Clefable","|","|-heal|p1a: Clefable|370/394 psn|[from] item: Leftovers","|-damage|p2a: Sableye|47/303 brn|[from] brn","|turn|65","|","|move|p1a: Clefable|Flamethrower|p2a: Sableye","|-damage|p2a: Sableye|36/303 brn","|move|p2a: Sableye|Recover|p2a: Sableye","|-heal|p2a: Sableye|188/303 brn","|","|-heal|p1a: Clefable|394/394 psn|[from] item: Leftovers","|-damage|p2a: Sableye|151/303 brn|[from] brn","|turn|66","|","|move|p1a: Clefable|Stored Power|p2a: Sableye","|-immune|p2a: Sableye|[msg]","|move|p2a: Sableye|Recover|p2a: Sableye","|-heal|p2a: Sableye|303/303 brn","|","|-damage|p2a: Sableye|266/303 brn|[from] brn","|turn|67","|","|move|p1a: Clefable|Stored Power|p2a: Sableye","|-immune|p2a: Sableye|[msg]","|move|p2a: Sableye|Will-O-Wisp|p1a: Clefable","|-fail|p1a: Clefable","|","|-damage|p2a: Sableye|229/303 brn|[from] brn","|turn|68","|","|move|p1a: Clefable|Stored Power|p2a: Sableye","|-immune|p2a: Sableye|[msg]","|move|p2a: Sableye|Will-O-Wisp|p1a: Clefable","|-fail|p1a: Clefable","|","|-damage|p2a: Sableye|192/303 brn|[from] brn","|turn|69","|","|move|p1a: Clefable|Stored Power|p2a: Sableye","|-immune|p2a: Sableye|[msg]","|move|p2a: Sableye|Will-O-Wisp|p1a: Clefable","|-fail|p1a: Clefable","|","|-damage|p2a: Sableye|155/303 brn|[from] brn","|turn|70","|","|move|p1a: Clefable|Cosmic Power|p1a: Clefable","|-fail|p1a: Clefable","|move|p2a: Sableye|Will-O-Wisp|p1a: Clefable|[miss]","|-miss|p2a: Sableye|p1a: Clefable","|","|-damage|p2a: Sableye|118/303 brn|[from] brn","|turn|71","|","|move|p1a: Clefable|Cosmic Power|p1a: Clefable","|-fail|p1a: Clefable","|move|p2a: Sableye|Will-O-Wisp|p1a: Clefable","|-fail|p1a: Clefable","|","|-damage|p2a: Sableye|81/303 brn|[from] brn","|turn|72","|","|move|p1a: Clefable|Cosmic Power|p1a: Clefable","|-fail|p1a: Clefable","|move|p2a: Sableye|Will-O-Wisp|p1a: Clefable","|-fail|p1a: Clefable","|","|-damage|p2a: Sableye|44/303 brn|[from] brn","|turn|73","|","|move|p1a: Clefable|Flamethrower|p2a: Sableye","|-damage|p2a: Sableye|33/303 brn","|move|p2a: Sableye|Recover|p2a: Sableye","|-heal|p2a: Sableye|185/303 brn","|","|-damage|p2a: Sableye|148/303 brn|[from] brn","|turn|74","|","|move|p1a: Clefable|Cosmic Power|p1a: Clefable","|-fail|p1a: Clefable","|move|p2a: Sableye|Will-O-Wisp|p1a: Clefable|[miss]","|-miss|p2a: Sableye|p1a: Clefable","|","|-damage|p2a: Sableye|111/303 brn|[from] brn","|turn|75","|","|move|p1a: Clefable|Cosmic Power|p1a: Clefable","|-fail|p1a: Clefable","|move|p2a: Sableye|Will-O-Wisp|p1a: Clefable|[miss]","|-miss|p2a: Sableye|p1a: Clefable","|","|-damage|p2a: Sableye|74/303 brn|[from] brn","|turn|76","|","|move|p1a: Clefable|Flamethrower|p2a: Sableye","|-damage|p2a: Sableye|63/303 brn","|move|p2a: Sableye|Will-O-Wisp|p1a: Clefable","|-fail|p1a: Clefable","|","|-damage|p2a: Sableye|26/303 brn|[from] brn","|turn|77","|","|move|p1a: Clefable|Flamethrower|p2a: Sableye","|-damage|p2a: Sableye|15/303 brn","|move|p2a: Sableye|Recover|p2a: Sableye","|-heal|p2a: Sableye|167/303 brn","|","|-damage|p2a: Sableye|130/303 brn|[from] brn","|turn|78","|","|move|p1a: Clefable|Cosmic Power|p1a: Clefable","|-fail|p1a: Clefable","|move|p2a: Sableye|Recover|p2a: Sableye","|-heal|p2a: Sableye|282/303 brn","|","|-damage|p2a: Sableye|245/303 brn|[from] brn","|turn|79","|","|move|p1a: Clefable|Cosmic Power|p1a: Clefable","|-fail|p1a: Clefable","|move|p2a: Sableye|Will-O-Wisp|p1a: Clefable","|-fail|p1a: Clefable","|","|-damage|p2a: Sableye|208/303 brn|[from] brn","|turn|80","|","|move|p1a: Clefable|Cosmic Power|p1a: Clefable","|-fail|p1a: Clefable","|move|p2a: Sableye|Shadow Ball|p1a: Clefable","|-damage|p1a: Clefable|295/394 psn","|","|-heal|p1a: Clefable|319/394 psn|[from] item: Leftovers","|-damage|p2a: Sableye|171/303 brn|[from] brn","|turn|81","|","|move|p1a: Clefable|Cosmic Power|p1a: Clefable","|-fail|p1a: Clefable","|move|p2a: Sableye|Shadow Ball|p1a: Clefable","|-damage|p1a: Clefable|235/394 psn","|","|-heal|p1a: Clefable|259/394 psn|[from] item: Leftovers","|-damage|p2a: Sableye|134/303 brn|[from] brn","|turn|82","|","|move|p1a: Clefable|Soft-Boiled|p1a: Clefable","|-heal|p1a: Clefable|394/394 psn","|move|p2a: Sableye|Shadow Ball|p1a: Clefable","|-damage|p1a: Clefable|298/394 psn","|","|-heal|p1a: Clefable|322/394 psn|[from] item: Leftovers","|-damage|p2a: Sableye|97/303 brn|[from] brn","|turn|83","|","|move|p1a: Clefable|Cosmic Power|p1a: Clefable","|-fail|p1a: Clefable","|move|p2a: Sableye|Shadow Ball|p1a: Clefable","|-damage|p1a: Clefable|235/394 psn","|","|-heal|p1a: Clefable|259/394 psn|[from] item: Leftovers","|-damage|p2a: Sableye|60/303 brn|[from] brn","|turn|84","|","|move|p1a: Clefable|Soft-Boiled|p1a: Clefable","|-heal|p1a: Clefable|394/394 psn","|move|p2a: Sableye|Shadow Ball|p1a: Clefable","|-damage|p1a: Clefable|304/394 psn","|-unboost|p1a: Clefable|spd|1","|","|-heal|p1a: Clefable|328/394 psn|[from] item: Leftovers","|-damage|p2a: Sableye|23/303 brn|[from] brn","|turn|85","|","|move|p1a: Clefable|Cosmic Power|p1a: Clefable","|-boost|p1a: Clefable|spd|1","|move|p2a: Sableye|Recover|p2a: Sableye","|-heal|p2a: Sableye|175/303 brn","|","|-heal|p1a: Clefable|352/394 psn|[from] item: Leftovers","|-damage|p2a: Sableye|138/303 brn|[from] brn","|turn|86","|","|move|p1a: Clefable|Cosmic Power|p1a: Clefable","|-fail|p1a: Clefable","|move|p2a: Sableye|Shadow Ball|p1a: Clefable","|-damage|p1a: Clefable|261/394 psn","|-unboost|p1a: Clefable|spd|1","|","|-heal|p1a: Clefable|285/394 psn|[from] item: Leftovers","|-damage|p2a: Sableye|101/303 brn|[from] brn","|turn|87","|","|move|p1a: Clefable|Cosmic Power|p1a: Clefable","|-boost|p1a: Clefable|spd|1","|move|p2a: Sableye|Shadow Ball|p1a: Clefable","|-damage|p1a: Clefable|186/394 psn","|","|-heal|p1a: Clefable|210/394 psn|[from] item: Leftovers","|-damage|p2a: Sableye|64/303 brn|[from] brn","|turn|88","|","|move|p1a: Clefable|Soft-Boiled|p1a: Clefable","|-heal|p1a: Clefable|394/394 psn","|move|p2a: Sableye|Shadow Ball|p1a: Clefable","|-damage|p1a: Clefable|300/394 psn","|","|-heal|p1a: Clefable|324/394 psn|[from] item: Leftovers","|-damage|p2a: Sableye|27/303 brn|[from] brn","|turn|89","|","|move|p1a: Clefable|Cosmic Power|p1a: Clefable","|-fail|p1a: Clefable","|move|p2a: Sableye|Recover|p2a: Sableye","|-heal|p2a: Sableye|179/303 brn","|","|-heal|p1a: Clefable|348/394 psn|[from] item: Leftovers","|-damage|p2a: Sableye|142/303 brn|[from] brn","|turn|90","|","|move|p1a: Clefable|Flamethrower|p2a: Sableye","|-damage|p2a: Sableye|131/303 brn","|move|p2a: Sableye|Will-O-Wisp|p1a: Clefable","|-fail|p1a: Clefable","|","|-heal|p1a: Clefable|372/394 psn|[from] item: Leftovers","|-damage|p2a: Sableye|94/303 brn|[from] brn","|turn|91","|","|move|p1a: Clefable|Flamethrower|p2a: Sableye","|-damage|p2a: Sableye|83/303 brn","|move|p2a: Sableye|Will-O-Wisp|p1a: Clefable","|-fail|p1a: Clefable","|","|-heal|p1a: Clefable|394/394 psn|[from] item: Leftovers","|-damage|p2a: Sableye|46/303 brn|[from] brn","|turn|92","|","|move|p1a: Clefable|Flamethrower|p2a: Sableye","|-damage|p2a: Sableye|34/303 brn","|move|p2a: Sableye|Shadow Ball|p1a: Clefable","|-damage|p1a: Clefable|295/394 psn","|","|-heal|p1a: Clefable|319/394 psn|[from] item: Leftovers","|-damage|p2a: Sableye|0 fnt|[from] brn","|faint|p2a: Sableye","|","|win|Trill Nye"],"p1rating":{"entryid":"7374609","serverid":"eos","formatid":"monotype","userid":"trillnye","username":"Trill Nye","w":2,"l":"0","t":"0","gxe":59.9,"r":"1500","rd":"130","sigma":"0","rptime":"1438592400","rpr":1579.4264224576,"rprd":117.01798550985,"rpsigma":"0","acre":1084.8449695366,"lacre":1084.8449695366,"oldacre":"1040"},"p2rating":{"entryid":"7319634","serverid":"eos","formatid":"monotype","userid":"noah9280","username":"noah9280","w":"7","l":4,"t":"0","gxe":56.5,"r":"1611.4584434083","rd":"99.781131556728","sigma":"0","rptime":"1438592400","rpr":1550.3723100771,"rprd":87.176863950114,"rpsigma":"0","acre":1121.8531083469,"lacre":1121.8531083469,"oldacre":"1154.8273506532"},"endType":"normal"}