{"seed":[5027,46537,42402,58129],"turns":32,"p1":"Seven Swell","p2":"Guard wulf - ⓛⓞⓛ","p1team":[{"name":"Mew","species":"Mew","item":"leftovers","ability":"Synchronize","moves":["roost","toxic","healbell","aurasphere"],"nature":"Calm","evs":{"hp":252,"atk":0,"def":0,"spa":4,"spd":252,"spe":0},"ivs":{"hp":31,"atk":31,"def":31,"spa":31,"spd":31,"spe":31}},{"name":"Slowbro","species":"Slowbro","item":"rockyhelmet","ability":"Regenerator","moves":["scald","yawn","flamethrower","slackoff"],"nature":"Bold","evs":{"hp":252,"atk":0,"def":252,"spa":4,"spd":0,"spe":0},"ivs":{"hp":31,"atk":31,"def":31,"spa":31,"spd":31,"spe":31}},{"name":"Deoxys-Speed","species":"Deoxys-Speed","item":"focussash","ability":"Pressure","moves":["stealthrock","spikes","thunderwave","icebeam"],"nature":"Timid","evs":{"hp":252,"atk":0,"def":44,"spa":0,"spd":0,"spe":212},"ivs":{"hp":31,"atk":31,"def":31,"spa":31,"spd":31,"spe":31}},{"name":"Gardevoir","species":"Gardevoir","item":"gardevoirite","ability":"Trace","moves":["hypervoice","psyshock","destinybond","thunderbolt"],"nature":"Timid","evs":{"hp":0,"atk":0,"def":4,"spa":252,"spd":0,"spe":252},"ivs":{"hp":31,"atk":0,"def":31,"spa":31,"spd":31,"spe":31}},{"name":"Latias","species":"Latias","item":"leftovers","ability":"Levitate","moves":["dracometeor","psyshock","roost","defog"],"nature":"Timid","evs":{"hp":252,"atk":0,"def":0,"spa":4,"spd":0,"spe":252},"ivs":{"hp":31,"atk":31,"def":31,"spa":31,"spd":31,"spe":31}},{"name":"Hoopa-Unbound","species":"Hoopa-Unbound","item":"focussash","ability":"Magician","moves":["hyperspacefury","drainpunch","firepunch","gunkshot"],"nature":"Adamant","evs":{"hp":0,"atk":252,"def":0,"spa":0,"spd":4,"spe":252},"ivs":{"hp":31,"atk":31,"def":31,"spa":31,"spd":31,"spe":31}}],"p2team":[{"name":"Hard body X","species":"charizard","item":"charizarditey","ability":"Blaze","moves":["overheat","airslash","solarbeam","roost"],"nature":"Timid","evs":{"hp":0,"atk":0,"def":0,"spa":252,"spd":4,"spe":252},"ivs":{"hp":31,"atk":31,"def":31,"spa":31,"spd":31,"spe":31}},{"name":"Wall among Men","species":"skarmory","item":"leftovers","ability":"Sturdy","moves":["roost","whirlwind","stealthrock","ironhead"],"nature":"Impish","evs":{"hp":252,"atk":0,"def":232,"spa":0,"spd":0,"spe":24},"ivs":{"hp":31,"atk":31,"def":31,"spa":31,"spd":31,"spe":31}},{"name":"SUCK IT","species":"togekiss","item":"leftovers","ability":"Serene Grace","moves":["thunderwave","airslash","defog","roost"],"nature":"Calm","evs":{"hp":252,"atk":0,"def":0,"spa":4,"spd":252,"spe":0},"ivs":{"hp":31,"atk":31,"def":31,"spa":31,"spd":31,"spe":31}},{"name":"d dance or nah","species":"dragonite","item":"weaknesspolicy","ability":"Multiscale","moves":["extremespeed","earthquake","dragonclaw","dragondance"],"nature":"Jolly","evs":{"hp":0,"atk":252,"def":0,"spa":0,"spd":4,"spe":252},"ivs":{"hp":31,"atk":31,"def":31,"spa":31,"spd":31,"spe":31}},{"name":"Fast Nigga","species":"landorustherian","item":"choicescarf","ability":"Intimidate","moves":["earthquake","stoneedge","uturn","knockoff"],"nature":"Jolly","evs":{"hp":0,"atk":252,"def":0,"spa":0,"spd":4,"spe":252},"ivs":{"hp":31,"atk":31,"def":31,"spa":31,"spd":31,"spe":31}},{"name":"Ocho Cinco","species":"thundurus","item":"leftovers","ability":"Prankster","moves":["nastyplot","substitute","thunderbolt","hiddenpowerice"],"nature":"Timid","evs":{"hp":0,"atk":0,"def":0,"spa":252,"spd":4,"spe":252},"ivs":{"hp":31,"atk":30,"def":30,"spa":31,"spd":31,"spe":31}}],"log":["|player|p1|Seven Swell|sevenswell.png","|player|p2|Guard wulf - ⓛⓞⓛ|143","|gametype|singles","|gen|6","|tier|Monotype","|rated","|rule|Baton Pass Clause: Limit one Baton Passer, can't pass Spe and other stats simultaneously","|rule|Swagger Clause: Swagger is banned","|rule|Same Type Clause: Pokémon in a team must share a type","|clearpoke","|poke|p1|Mew","|poke|p1|Slowbro, F","|poke|p1|Deoxys-Speed","|poke|p1|Gardevoir, F","|poke|p1|Latias, F","|poke|p1|Hoopa-Unbound","|poke|p2|Charizard, M","|poke|p2|Skarmory, M","|poke|p2|Togekiss, M","|poke|p2|Dragonite, F","|poke|p2|Landorus-Therian, M","|poke|p2|Thundurus, M","|rule|Sleep Clause Mod: Limit one foe put to sleep","|rule|Species Clause: Limit one of each Pokémon","|rule|OHKO Clause: OHKO moves are banned","|rule|Moody Clause: Moody is banned","|rule|Evasion Moves Clause: Evasion moves are banned","|rule|Endless Battle Clause: Forcing endless battles is banned","|rule|HP Percentage Mod: HP is shown in percentages","|teampreview","|","|start","|switch|p1a: Slowbro|Slowbro, F|394/394","|switch|p2a: Fast Nigga|Landorus-Therian, M|319/319","|-ability|p2a: Fast Nigga|Intimidate","|-unboost|p1a: Slowbro|atk|1","|turn|1","|","|move|p2a: Fast Nigga|U-turn|p1a: Slowbro","|-supereffective|p1a: Slowbro","|-damage|p1a: Slowbro|278/394","|-damage|p2a: Fast Nigga|266/319|[from] item: Rocky Helmet|[of] p1a: Slowbro","|","|switch|p2a: Ocho Cinco|Thundurus, M|299/299","|move|p1a: Slowbro|Scald|p2a: Ocho Cinco","|-damage|p2a: Ocho Cinco|187/299","|","|-heal|p2a: Ocho Cinco|205/299|[from] item: Leftovers","|turn|2","|","|switch|p1a: Mew|Mew|404/404","|move|p2a: Ocho Cinco|Nasty Plot|p2a: Ocho Cinco","|-boost|p2a: Ocho Cinco|spa|2","|","|-heal|p2a: Ocho Cinco|223/299|[from] item: Leftovers","|turn|3","|","|move|p2a: Ocho Cinco|Substitute|p2a: Ocho Cinco","|-start|p2a: Ocho Cinco|Substitute","|-damage|p2a: Ocho Cinco|149/299","|move|p1a: Mew|Toxic|p2a: Ocho Cinco","|-fail|p2a: Ocho Cinco","|","|-heal|p2a: Ocho Cinco|167/299|[from] item: Leftovers","|turn|4","|","|switch|p1a: Latias|Latias, F|364/364","|move|p2a: Ocho Cinco|Nasty Plot|p2a: Ocho Cinco","|-boost|p2a: Ocho Cinco|spa|2","|","|-heal|p2a: Ocho Cinco|185/299|[from] item: Leftovers","|turn|5","|","|move|p2a: Ocho Cinco|Hidden Power|p1a: Latias","|-supereffective|p1a: Latias","|-damage|p1a: Latias|48/364","|move|p1a: Latias|Psyshock|p2a: Ocho Cinco","|-end|p2a: Ocho Cinco|Substitute","|","|-heal|p2a: Ocho Cinco|203/299|[from] item: Leftovers","|-heal|p1a: Latias|70/364|[from] item: Leftovers","|turn|6","|","|move|p2a: Ocho Cinco|Hidden Power|p1a: Latias","|-supereffective|p1a: Latias","|-damage|p1a: Latias|0 fnt","|faint|p1a: Latias","|","|-heal|p2a: Ocho Cinco|221/299|[from] item: Leftovers","|","|switch|p1a: Deoxys-Speed|Deoxys-Speed|304/304","|-ability|p1a: Deoxys-Speed|Pressure","|turn|7","|","|move|p1a: Deoxys-Speed|Ice Beam|p2a: Ocho Cinco","|-supereffective|p2a: Ocho Cinco","|-damage|p2a: Ocho Cinco|53/299","|move|p2a: Ocho Cinco|Thunderbolt|p1a: Deoxys-Speed","|-enditem|p1a: Deoxys-Speed|Focus Sash","|-damage|p1a: Deoxys-Speed|1/304","|","|-heal|p2a: Ocho Cinco|71/299|[from] item: Leftovers","|turn|8","|","|move|p1a: Deoxys-Speed|Ice Beam|p2a: Ocho Cinco","|-crit|p2a: Ocho Cinco","|-supereffective|p2a: Ocho Cinco","|-damage|p2a: Ocho Cinco|0 fnt","|faint|p2a: Ocho Cinco","|","|","|switch|p2a: SUCK IT|Togekiss, M|374/374","|turn|9","|","|move|p1a: Deoxys-Speed|Thunder Wave|p2a: SUCK IT","|-status|p2a: SUCK IT|par","|move|p2a: SUCK IT|Air Slash|p1a: Deoxys-Speed","|-damage|p1a: Deoxys-Speed|0 fnt","|faint|p1a: Deoxys-Speed","|","|","|switch|p1a: Gardevoir|Gardevoir, F|277/277","|-ability|p1a: Gardevoir|Serene Grace|[from] ability: Trace|[of] p2a: SUCK IT","|turn|10","|","|detailschange|p1a: Gardevoir|Gardevoir-Mega, F","|-mega|p1a: Gardevoir|Gardevoir|Gardevoirite","|move|p1a: Gardevoir|Hyper Voice|p2a: SUCK IT","|-damage|p2a: SUCK IT|214/374 par","|cant|p2a: SUCK IT|par","|","|-heal|p2a: SUCK IT|237/374 par|[from] item: Leftovers","|turn|11","|","|move|p1a: Gardevoir|Hyper Voice|p2a: SUCK IT","|-damage|p2a: SUCK IT|83/374 par","|move|p2a: SUCK IT|Thunder Wave|p1a: Gardevoir","|-status|p1a: Gardevoir|par","|","|-heal|p2a: SUCK IT|106/374 par|[from] item: Leftovers","|turn|12","|","|move|p1a: Gardevoir|Hyper Voice|p2a: SUCK IT","|-damage|p2a: SUCK IT|0 fnt","|faint|p2a: SUCK IT","|","|","|switch|p2a: Fast Nigga|Landorus-Therian, M|266/319","|-ability|p2a: Fast Nigga|Intimidate","|-unboost|p1a: Gardevoir|atk|1","|turn|13","|","|switch|p1a: Slowbro|Slowbro, F|394/394","|move|p2a: Fast Nigga|Earthquake|p1a: Slowbro","|-damage|p1a: Slowbro|252/394","|","|turn|14","|","|switch|p2a: Wall among Men|Skarmory, M|334/334","|move|p1a: Slowbro|Scald|p2a: Wall among Men","|-damage|p2a: Wall among Men|211/334","|","|-heal|p2a: Wall among Men|231/334|[from] item: Leftovers","|turn|15","|","|switch|p1a: Mew|Mew|404/404","|move|p2a: Wall among Men|Stealth Rock|p1a: Mew","|-sidestart|p1: Seven Swell|move: Stealth Rock","|","|-heal|p2a: Wall among Men|251/334|[from] item: Leftovers","|turn|16","|","|move|p1a: Mew|Heal Bell|p1a: Mew","|-cureteam|p1a: Mew|[from] move: HealBell","|move|p2a: Wall among Men|Roost|p2a: Wall among Men","|-heal|p2a: Wall among Men|334/334","|","|turn|17","|","|move|p1a: Mew|Aura Sphere|p2a: Wall among Men","|-damage|p2a: Wall among Men|254/334","|move|p2a: Wall among Men|Whirlwind|p1a: Mew","|drag|p1a: Slowbro|Slowbro, F|383/394","|-damage|p1a: Slowbro|334/394|[from] Stealth Rock","|","|-heal|p2a: Wall among Men|274/334|[from] item: Leftovers","|turn|18","|","|move|p1a: Slowbro|Flamethrower|p2a: Wall among Men","|-supereffective|p2a: Wall among Men","|-damage|p2a: Wall among Men|78/334","|move|p2a: Wall among Men|Whirlwind|p1a: Slowbro","|drag|p1a: Gardevoir|Gardevoir-Mega, F|277/277","|-damage|p1a: Gardevoir|243/277|[from] Stealth Rock","|","|-heal|p2a: Wall among Men|98/334|[from] item: Leftovers","|turn|19","|","|move|p1a: Gardevoir|Thunderbolt|p2a: Wall among Men","|-supereffective|p2a: Wall among Men","|-damage|p2a: Wall among Men|0 fnt","|faint|p2a: Wall among Men","|","|","|switch|p2a: Fast Nigga|Landorus-Therian, M|266/319","|-ability|p2a: Fast Nigga|Intimidate","|-unboost|p1a: Gardevoir|atk|1","|turn|20","|","|switch|p1a: Slowbro|Slowbro, F|394/394","|-damage|p1a: Slowbro|345/394|[from] Stealth Rock","|move|p2a: Fast Nigga|U-turn|p1a: Slowbro","|-supereffective|p1a: Slowbro","|-damage|p1a: Slowbro|213/394","|-damage|p2a: Fast Nigga|213/319|[from] item: Rocky Helmet|[of] p1a: Slowbro","|","|switch|p2a: Hard body X|Charizard, M|297/297","|","|turn|21","|","|detailschange|p2a: Hard body X|Charizard-Mega-Y, M","|-mega|p2a: Hard body X|Charizard|Charizardite Y","|-weather|SunnyDay","|move|p2a: Hard body X|Solar Beam|p1a: Slowbro|[still]","|-prepare|p2a: Hard body X|Solar Beam|p1a: Slowbro","|-anim|p2a: Hard body X|Solar Beam|p1a: Slowbro","|-supereffective|p1a: Slowbro","|-damage|p1a: Slowbro|0 fnt","|faint|p1a: Slowbro","|","|-weather|SunnyDay|[upkeep]","|","|switch|p1a: Mew|Mew|404/404","|-damage|p1a: Mew|354/404|[from] Stealth Rock","|turn|22","|","|move|p2a: Hard body X|Overheat|p1a: Mew","|-damage|p1a: Mew|84/404","|-unboost|p2a: Hard body X|spa|2","|move|p1a: Mew|Toxic|p2a: Hard body X","|-status|p2a: Hard body X|tox","|","|-weather|SunnyDay|[upkeep]","|-heal|p1a: Mew|109/404|[from] item: Leftovers","|-damage|p2a: Hard body X|279/297 tox|[from] psn","|turn|23","|","|move|p2a: Hard body X|Air Slash|p1a: Mew","|-damage|p1a: Mew|54/404","|move|p1a: Mew|Roost|p1a: Mew","|-heal|p1a: Mew|256/404","|","|-weather|SunnyDay|[upkeep]","|-heal|p1a: Mew|281/404|[from] item: Leftovers","|-damage|p2a: Hard body X|243/297 tox|[from] psn","|turn|24","|","|switch|p2a: d dance or nah|Dragonite, F|323/323","|move|p1a: Mew|Roost|p1a: Mew","|-heal|p1a: Mew|404/404","|","|-weather|SunnyDay|[upkeep]","|turn|25","|","|move|p2a: d dance or nah|Dragon Dance|p2a: d dance or nah","|-boost|p2a: d dance or nah|atk|1","|-boost|p2a: d dance or nah|spe|1","|move|p1a: Mew|Toxic|p2a: d dance or nah","|-status|p2a: d dance or nah|tox","|","|-weather|none","|-damage|p2a: d dance or nah|303/323 tox|[from] psn","|turn|26","|","|move|p2a: d dance or nah|Dragon Dance|p2a: d dance or nah","|-boost|p2a: d dance or nah|atk|1","|-boost|p2a: d dance or nah|spe|1","|move|p1a: Mew|Aura Sphere|p2a: d dance or nah","|-crit|p2a: d dance or nah","|-resisted|p2a: d dance or nah","|-damage|p2a: d dance or nah|257/323 tox","|","|-damage|p2a: d dance or nah|217/323 tox|[from] psn","|turn|27","|","|move|p2a: d dance or nah|Dragon Claw|p1a: Mew","|-damage|p1a: Mew|92/404","|move|p1a: Mew|Roost|p1a: Mew","|-heal|p1a: Mew|294/404","|","|-heal|p1a: Mew|319/404|[from] item: Leftovers","|-damage|p2a: d dance or nah|157/323 tox|[from] psn","|turn|28","|","|move|p2a: d dance or nah|Dragon Claw|p1a: Mew","|-damage|p1a: Mew|10/404","|move|p1a: Mew|Aura Sphere|p2a: d dance or nah","|-resisted|p2a: d dance or nah","|-damage|p2a: d dance or nah|127/323 tox","|","|-heal|p1a: Mew|35/404|[from] item: Leftovers","|-damage|p2a: d dance or nah|47/323 tox|[from] psn","|turn|29","|","|move|p2a: d dance or nah|Dragon Claw|p1a: Mew","|-damage|p1a: Mew|0 fnt","|faint|p1a: Mew","|","|-damage|p2a: d dance or nah|0 fnt|[from] psn","|faint|p2a: d dance or nah","|","|switch|p1a: Gardevoir|Gardevoir-Mega, F|243/277","|switch|p2a: Fast Nigga|Landorus-Therian, M|213/319","|-ability|p2a: Fast Nigga|Intimidate","|-unboost|p1a: Gardevoir|atk|1","|-damage|p1a: Gardevoir|209/277|[from] Stealth Rock","|turn|30","|","|move|p2a: Fast Nigga|Earthquake|p1a: Gardevoir","|-damage|p1a: Gardevoir|0 fnt","|faint|p1a: Gardevoir","|","|","|switch|p1a: Hoopa-Unbound|Hoopa-Unbound|301/301","|-damage|p1a: Hoopa-Unbound|264/301|[from] Stealth Rock","|turn|31","|","|switch|p2a: Hard body X|Charizard-Mega-Y, M|243/297 tox","|-weather|SunnyDay","|move|p1a: Hoopa-Unbound|Hyperspace Fury|p2a: Hard body X","|-damage|p2a: Hard body X|0 fnt","|-unboost|p1a: Hoopa-Unbound|def|1","|faint|p2a: Hard body X","|","|-weather|SunnyDay|[upkeep]","|","|switch|p2a: Fast Nigga|Landorus-Therian, M|213/319","|-ability|p2a: Fast Nigga|Intimidate","|-unboost|p1a: Hoopa-Unbound|atk|1","|turn|32","|","|move|p2a: Fast Nigga|U-turn|p1a: Hoopa-Unbound","|-supereffective|p1a: Hoopa-Unbound","|-damage|p1a: Hoopa-Unbound|0 fnt","|faint|p1a: Hoopa-Unbound","|","|win|Guard wulf - ⓛⓞⓛ"],"p1rating":{"entryid":"7267988","serverid":"eos","formatid":"monotype","userid":"sevenswell","username":"Seven Swell","w":"25","l":18,"t":"0","gxe":59.2,"r":"1572.309210045","rd":"54.856714065649","sigma":"0","rptime":"1438592400","rpr":1570.59103821,"rprd":52.484131143839,"rpsigma":"0","acre":1154.8898994567,"lacre":1154.8898994567,"oldacre":"1174.317856822"},"p2rating":{"entryid":"7326062","serverid":"eos","formatid":"monotype","userid":"guardwulf","username":"Guard Wulf","w":17,"l":"6","t":"0","gxe":65.4,"r":"1556.4129881256","rd":"89.09129900381","sigma":"0","rptime":"1438592400","rpr":1622.2550475616,"rprd":66.063213406287,"rpsigma":"0","acre":1272.5047401174,"lacre":1272.5047401174,"oldacre":"1253.0767827521"},"endType":"normal"}