{"seed":[13941,19479,17638,64093],"turns":34,"p1":"DJMadness","p2":"Void Wiley","p1team":[{"name":"Venusaur","species":"Venusaur","item":"venusaurite","ability":"Chlorophyll","moves":["growth","synthesis","sludgebomb","hiddenpowerfire"],"nature":"Bold","evs":{"hp":252,"atk":0,"def":252,"spa":4,"spd":0,"spe":0},"gender":"F","ivs":{"hp":31,"atk":30,"def":31,"spa":30,"spd":31,"spe":30},"shiny":true},{"name":"Serperior","species":"Serperior","item":"assaultvest","ability":"Contrary","moves":["dragonpulse","leafstorm","hiddenpowerfire","dragontail"],"nature":"Hasty","evs":{"hp":0,"atk":4,"def":0,"spa":252,"spd":0,"spe":252},"gender":"F","ivs":{"hp":31,"atk":30,"def":31,"spa":30,"spd":31,"spe":30},"shiny":true},{"name":"Whimsicott","species":"Whimsicott","item":"heatrock","ability":"Prankster","moves":["sunnyday","leechseed","cottonguard","moonblast"],"nature":"Calm","evs":{"hp":248,"atk":0,"def":0,"spa":8,"spd":252,"spe":0},"gender":"F","shiny":true,"ivs":{"hp":31,"atk":31,"def":31,"spa":31,"spd":31,"spe":31}},{"name":"Ferrothorn","species":"Ferrothorn","item":"rockyhelmet","ability":"Iron Barbs","moves":["leechseed","thunderwave","protect","knockoff"],"nature":"Impish","evs":{"hp":248,"atk":8,"def":252,"spa":0,"spd":0,"spe":0},"gender":"M","shiny":true,"ivs":{"hp":31,"atk":31,"def":31,"spa":31,"spd":31,"spe":31}},{"name":"Cradily","species":"Cradily","item":"leftovers","ability":"Storm Drain","moves":["stealthrock","rockslide","recover","toxic"],"nature":"Careful","evs":{"hp":252,"atk":4,"def":0,"spa":0,"spd":252,"spe":0},"gender":"M","shiny":true,"ivs":{"hp":31,"atk":31,"def":31,"spa":31,"spd":31,"spe":31}},{"name":"Trevenant","species":"Trevenant","item":"sitrusberry","ability":"Harvest","moves":["willowisp","leechseed","hornleech","growth"],"nature":"Careful","evs":{"hp":248,"atk":8,"def":0,"spa":0,"spd":252,"spe":0},"gender":"M","shiny":true,"ivs":{"hp":31,"atk":31,"def":31,"spa":31,"spd":31,"spe":31}}],"p2team":[{"name":"Tuba","species":"slurpuff","item":"sitrusberry","ability":"Unburden","moves":["bellydrum","drainpunch","playrough","aromatherapy"],"nature":"Jolly","evs":{"hp":4,"atk":252,"def":0,"spa":0,"spd":0,"spe":252},"ivs":{"hp":31,"atk":31,"def":31,"spa":31,"spd":31,"spe":31}},{"name":"Clarinet","species":"azumarill","item":"sitrusberry","ability":"Huge Power","moves":["bellydrum","aquajet","brickbreak","playrough"],"nature":"Adamant","evs":{"hp":252,"atk":252,"def":0,"spa":0,"spd":4,"spe":0},"ivs":{"hp":31,"atk":31,"def":31,"spa":31,"spd":31,"spe":31}},{"name":"Flute","species":"gardevoir","item":"gardevoirite","ability":"Synchronize","moves":["psyshock","hypervoice","energyball","focusblast"],"nature":"Modest","evs":{"hp":248,"atk":0,"def":0,"spa":252,"spd":8,"spe":0},"ivs":{"hp":31,"atk":31,"def":31,"spa":31,"spd":31,"spe":31}},{"name":"Alto","species":"togekiss","item":"choicescarf","ability":"Serene Grace","moves":["airslash","flamethrower","aurasphere","dazzlinggleam"],"nature":"Timid","evs":{"hp":0,"atk":0,"def":0,"spa":252,"spd":4,"spe":252},"ivs":{"hp":31,"atk":31,"def":31,"spa":31,"spd":31,"spe":31}},{"name":"Sax","species":"klefki","item":"lightclay","ability":"Prankster","moves":["thunderwave","lightscreen","reflect","foulplay"],"nature":"Bold","evs":{"hp":248,"atk":0,"def":252,"spa":0,"spd":8,"spe":0},"ivs":{"hp":31,"atk":31,"def":31,"spa":31,"spd":31,"spe":31}},{"name":"Trumpet","species":"sylveon","item":"leftovers","ability":"Pixilate","moves":["hypervoice","wish","protect","calmmind"],"nature":"Calm","evs":{"hp":252,"atk":0,"def":0,"spa":4,"spd":252,"spe":0},"ivs":{"hp":31,"atk":31,"def":31,"spa":31,"spd":31,"spe":31}}],"log":["|player|p1|DJMadness|92","|player|p2|Void Wiley|voidwiley.png","|gametype|singles","|gen|6","|tier|Monotype","|rated","|rule|Baton Pass Clause: Limit one Baton Passer, can't pass Spe and other stats simultaneously","|rule|Swagger Clause: Swagger is banned","|rule|Same Type Clause: Pokémon in a team must share a type","|clearpoke","|poke|p1|Venusaur, F, shiny","|poke|p1|Serperior, F, shiny","|poke|p1|Whimsicott, F, shiny","|poke|p1|Ferrothorn, M, shiny","|poke|p1|Cradily, M, shiny","|poke|p1|Trevenant, M, shiny","|poke|p2|Slurpuff, F","|poke|p2|Azumarill, F","|poke|p2|Gardevoir, F","|poke|p2|Togekiss, M","|poke|p2|Klefki, M","|poke|p2|Sylveon, M","|rule|Sleep Clause Mod: Limit one foe put to sleep","|rule|Species Clause: Limit one of each Pokémon","|rule|OHKO Clause: OHKO moves are banned","|rule|Moody Clause: Moody is banned","|rule|Evasion Moves Clause: Evasion moves are banned","|rule|Endless Battle Clause: Forcing endless battles is banned","|rule|HP Percentage Mod: HP is shown in percentages","|teampreview","|","|start","|switch|p1a: Ferrothorn|Ferrothorn, M, shiny|351/351","|switch|p2a: Tuba|Slurpuff, F|306/306","|turn|1","|","|move|p2a: Tuba|Belly Drum|p2a: Tuba","|-damage|p2a: Tuba|153/306","|-setboost|p2a: Tuba|atk|6|[from] move: Belly Drum","|-enditem|p2a: Tuba|Sitrus Berry|[eat]","|-heal|p2a: Tuba|229/306|[from] item: Sitrus Berry","|move|p1a: Ferrothorn|Thunder Wave|p2a: Tuba","|-status|p2a: Tuba|par","|","|turn|2","|","|switch|p1a: Trevenant|Trevenant, M, shiny|373/373","|cant|p2a: Tuba|par","|","|turn|3","|","|move|p1a: Trevenant|Leech Seed|p2a: Tuba","|-start|p2a: Tuba|move: Leech Seed","|move|p2a: Tuba|Aromatherapy|p2a: Tuba","|-cureteam|p2a: Tuba|[from] move: Aromatherapy","|","|-damage|p2a: Tuba|191/306|[from] Leech Seed|[of] p1a: Trevenant","|turn|4","|","|move|p2a: Tuba|Play Rough|p1a: Trevenant|[miss]","|-miss|p2a: Tuba|p1a: Trevenant","|move|p1a: Trevenant|Will-O-Wisp|p2a: Tuba","|-status|p2a: Tuba|brn","|","|-damage|p2a: Tuba|153/306 brn|[from] Leech Seed|[of] p1a: Trevenant","|-damage|p2a: Tuba|115/306 brn|[from] brn","|turn|5","|","|move|p2a: Tuba|Play Rough|p1a: Trevenant","|-damage|p1a: Trevenant|70/373","|-enditem|p1a: Trevenant|Sitrus Berry|[eat]","|-heal|p1a: Trevenant|163/373|[from] item: Sitrus Berry","|move|p1a: Trevenant|Will-O-Wisp|p2a: Tuba|[miss]","|-miss|p1a: Trevenant|p2a: Tuba","|","|-damage|p2a: Tuba|77/306 brn|[from] Leech Seed|[of] p1a: Trevenant","|-heal|p1a: Trevenant|201/373|[silent]","|-damage|p2a: Tuba|39/306 brn|[from] brn","|turn|6","|","|switch|p1a: Ferrothorn|Ferrothorn, M, shiny|351/351","|move|p2a: Tuba|Play Rough|p1a: Ferrothorn","|-resisted|p1a: Ferrothorn","|-damage|p1a: Ferrothorn|279/351","|-damage|p2a: Tuba|1/306 brn|[from] ability: Iron Barbs|[of] p1a: Ferrothorn","|-damage|p2a: Tuba|0 fnt|[from] item: Rocky Helmet|[of] p1a: Ferrothorn","|faint|p2a: Tuba","|","|","|switch|p2a: Alto|Togekiss, M|311/311","|turn|7","|","|move|p1a: Ferrothorn|Protect|p1a: Ferrothorn","|-singleturn|p1a: Ferrothorn|Protect","|move|p2a: Alto|Flamethrower|p1a: Ferrothorn","|-activate|p1a: Ferrothorn|Protect","|","|turn|8","|","|switch|p2a: Clarinet|Azumarill, F|404/404","|switch|p1a: Cradily|Cradily, M, shiny|376/376","|","|turn|9","|","|move|p2a: Clarinet|Belly Drum|p2a: Clarinet","|-damage|p2a: Clarinet|202/404","|-setboost|p2a: Clarinet|atk|6|[from] move: Belly Drum","|-enditem|p2a: Clarinet|Sitrus Berry|[eat]","|-heal|p2a: Clarinet|303/404|[from] item: Sitrus Berry","|move|p1a: Cradily|Toxic|p2a: Clarinet","|-status|p2a: Clarinet|tox","|","|-damage|p2a: Clarinet|278/404 tox|[from] psn","|turn|10","|","|switch|p1a: Trevenant|Trevenant, M, shiny|201/373","|move|p2a: Clarinet|Brick Break|p1a: Trevenant","|-immune|p1a: Trevenant|[msg]","|","|-damage|p2a: Clarinet|228/404 tox|[from] psn","|-item|p1a: Trevenant|Sitrus Berry|[from] ability: Harvest","|turn|11","|","|move|p1a: Trevenant|Leech Seed|p2a: Clarinet","|-start|p2a: Clarinet|move: Leech Seed","|move|p2a: Clarinet|Play Rough|p1a: Trevenant","|-damage|p1a: Trevenant|0 fnt","|faint|p1a: Trevenant","|","|-damage|p2a: Clarinet|153/404 tox|[from] psn","|","|switch|p1a: Ferrothorn|Ferrothorn, M, shiny|279/351","|turn|12","|","|move|p1a: Ferrothorn|Protect|p1a: Ferrothorn","|-singleturn|p1a: Ferrothorn|Protect","|move|p2a: Clarinet|Brick Break|p1a: Ferrothorn","|-activate|p1a: Ferrothorn|Protect","|","|-damage|p2a: Clarinet|103/404 tox|[from] Leech Seed|[of] p1a: Ferrothorn","|-heal|p1a: Ferrothorn|329/351|[silent]","|-damage|p2a: Clarinet|3/404 tox|[from] psn","|turn|13","|","|move|p1a: Ferrothorn|Protect|p1a: Ferrothorn","|-fail|p1a: Ferrothorn","|move|p2a: Clarinet|Brick Break|p1a: Ferrothorn","|-supereffective|p1a: Ferrothorn","|-damage|p1a: Ferrothorn|0 fnt","|-damage|p2a: Clarinet|0 fnt|[from] ability: Iron Barbs|[of] p1a: Ferrothorn","|faint|p2a: Clarinet","|faint|p1a: Ferrothorn","|","|","|switch|p2a: Sax|Klefki, M|317/317","|switch|p1a: Cradily|Cradily, M, shiny|376/376","|turn|14","|","|move|p2a: Sax|Thunder Wave|p1a: Cradily","|-status|p1a: Cradily|par","|move|p1a: Cradily|Stealth Rock|p2a: Sax","|-sidestart|p2: Void Wiley|move: Stealth Rock","|","|turn|15","|","|switch|p2a: Flute|Gardevoir, F|339/339","|-damage|p2a: Flute|297/339|[from] Stealth Rock","|move|p1a: Cradily|Rock Slide|p2a: Flute","|-damage|p2a: Flute|192/339","|","|turn|16","|","|detailschange|p2a: Flute|Gardevoir-Mega, F","|-mega|p2a: Flute|Gardevoir|Gardevoirite","|move|p2a: Flute|Focus Blast|p1a: Cradily","|-supereffective|p1a: Cradily","|-damage|p1a: Cradily|116/376 par","|move|p1a: Cradily|Toxic|p2a: Flute","|-status|p2a: Flute|tox","|","|-heal|p1a: Cradily|139/376 par|[from] item: Leftovers","|-damage|p2a: Flute|171/339 tox|[from] psn","|turn|17","|","|move|p2a: Flute|Hyper Voice|p1a: Cradily","|-damage|p1a: Cradily|0 fnt","|faint|p1a: Cradily","|","|-damage|p2a: Flute|129/339 tox|[from] psn","|","|switch|p1a: Serperior|Serperior, F, shiny|291/291","|turn|18","|","|move|p1a: Serperior|Leaf Storm|p2a: Flute","|-damage|p2a: Flute|15/339 tox","|-boost|p1a: Serperior|spa|2","|move|p2a: Flute|Psyshock|p1a: Serperior","|-crit|p1a: Serperior","|-damage|p1a: Serperior|0 fnt","|faint|p1a: Serperior","|","|-damage|p2a: Flute|0 fnt|[from] psn","|faint|p2a: Flute","|","|switch|p1a: Whimsicott|Whimsicott, F, shiny|323/323","|switch|p2a: Sax|Klefki, M|317/317","|-damage|p2a: Sax|298/317|[from] Stealth Rock","|turn|19","|","|move|p1a: Whimsicott|Leech Seed|p2a: Sax","|-start|p2a: Sax|move: Leech Seed","|move|p2a: Sax|Thunder Wave|p1a: Whimsicott","|-status|p1a: Whimsicott|par","|","|-damage|p2a: Sax|259/317|[from] Leech Seed|[of] p1a: Whimsicott","|turn|20","|","|switch|p2a: Trumpet|Sylveon, M|394/394","|-damage|p2a: Trumpet|345/394|[from] Stealth Rock","|move|p1a: Whimsicott|Moonblast|p2a: Trumpet","|-damage|p2a: Trumpet|285/394","|","|-heal|p2a: Trumpet|309/394|[from] item: Leftovers","|turn|21","|","|cant|p1a: Whimsicott|par","|move|p2a: Trumpet|Calm Mind|p2a: Trumpet","|-boost|p2a: Trumpet|spa|1","|-boost|p2a: Trumpet|spd|1","|","|-heal|p2a: Trumpet|333/394|[from] item: Leftovers","|turn|22","|","|move|p1a: Whimsicott|Leech Seed|p2a: Trumpet","|-start|p2a: Trumpet|move: Leech Seed","|move|p2a: Trumpet|Calm Mind|p2a: Trumpet","|-boost|p2a: Trumpet|spa|1","|-boost|p2a: Trumpet|spd|1","|","|-heal|p2a: Trumpet|357/394|[from] item: Leftovers","|-damage|p2a: Trumpet|308/394|[from] Leech Seed|[of] p1a: Whimsicott","|turn|23","|","|cant|p1a: Whimsicott|par","|move|p2a: Trumpet|Hyper Voice|p1a: Whimsicott","|-damage|p1a: Whimsicott|58/323 par","|","|-heal|p2a: Trumpet|332/394|[from] item: Leftovers","|-damage|p2a: Trumpet|283/394|[from] Leech Seed|[of] p1a: Whimsicott","|-heal|p1a: Whimsicott|107/323 par|[silent]","|turn|24","|","|move|p1a: Whimsicott|Sunny Day|p1a: Whimsicott","|-weather|SunnyDay","|move|p2a: Trumpet|Hyper Voice|p1a: Whimsicott","|-damage|p1a: Whimsicott|0 fnt","|faint|p1a: Whimsicott","|","|-weather|SunnyDay|[upkeep]","|-heal|p2a: Trumpet|307/394|[from] item: Leftovers","|","|switch|p1a: Venusaur|Venusaur, F, shiny|364/364","|turn|25","|","|detailschange|p1a: Venusaur|Venusaur-Mega, F, shiny","|-mega|p1a: Venusaur|Venusaur|Venusaurite","|move|p1a: Venusaur|Growth|p1a: Venusaur","|-boost|p1a: Venusaur|atk|2","|-boost|p1a: Venusaur|spa|2","|move|p2a: Trumpet|Hyper Voice|p1a: Venusaur","|-resisted|p1a: Venusaur","|-damage|p1a: Venusaur|230/364","|","|-weather|SunnyDay|[upkeep]","|-heal|p2a: Trumpet|331/394|[from] item: Leftovers","|-damage|p2a: Trumpet|282/394|[from] Leech Seed|[of] p1a: Venusaur","|-heal|p1a: Venusaur|279/364|[silent]","|turn|26","|","|move|p1a: Venusaur|Growth|p1a: Venusaur","|-boost|p1a: Venusaur|atk|2","|-boost|p1a: Venusaur|spa|2","|move|p2a: Trumpet|Hyper Voice|p1a: Venusaur","|-resisted|p1a: Venusaur","|-damage|p1a: Venusaur|145/364","|","|-weather|SunnyDay|[upkeep]","|-heal|p2a: Trumpet|306/394|[from] item: Leftovers","|-damage|p2a: Trumpet|257/394|[from] Leech Seed|[of] p1a: Venusaur","|-heal|p1a: Venusaur|194/364|[silent]","|turn|27","|","|move|p1a: Venusaur|Synthesis|p1a: Venusaur","|-heal|p1a: Venusaur|364/364","|move|p2a: Trumpet|Hyper Voice|p1a: Venusaur","|-resisted|p1a: Venusaur","|-damage|p1a: Venusaur|230/364","|","|-weather|SunnyDay|[upkeep]","|-heal|p2a: Trumpet|281/394|[from] item: Leftovers","|-damage|p2a: Trumpet|232/394|[from] Leech Seed|[of] p1a: Venusaur","|-heal|p1a: Venusaur|279/364|[silent]","|turn|28","|","|switch|p2a: Sax|Klefki, M|259/317","|-damage|p2a: Sax|240/317|[from] Stealth Rock","|move|p1a: Venusaur|Sludge Bomb|p2a: Sax","|-immune|p2a: Sax|[msg]","|","|-weather|SunnyDay|[upkeep]","|turn|29","|","|move|p2a: Sax|Thunder Wave|p1a: Venusaur","|-status|p1a: Venusaur|par","|move|p1a: Venusaur|Hidden Power|p2a: Sax","|-supereffective|p2a: Sax","|-damage|p2a: Sax|0 fnt","|faint|p2a: Sax","|","|-weather|SunnyDay|[upkeep]","|","|switch|p2a: Alto|Togekiss, M|311/311","|-damage|p2a: Alto|234/311|[from] Stealth Rock","|turn|30","|","|move|p2a: Alto|Air Slash|p1a: Venusaur|[miss]","|-miss|p2a: Alto|p1a: Venusaur","|move|p1a: Venusaur|Sludge Bomb|p2a: Alto","|-supereffective|p2a: Alto","|-damage|p2a: Alto|0 fnt","|faint|p2a: Alto","|","|-weather|SunnyDay|[upkeep]","|","|switch|p2a: Trumpet|Sylveon, M|232/394","|-damage|p2a: Trumpet|183/394|[from] Stealth Rock","|turn|31","|","|move|p2a: Trumpet|Wish|p2a: Trumpet","|cant|p1a: Venusaur|par","|","|-weather|none","|-heal|p2a: Trumpet|207/394|[from] item: Leftovers","|turn|32","|","|move|p2a: Trumpet|Protect|p2a: Trumpet","|-singleturn|p2a: Trumpet|Protect","|move|p1a: Venusaur|Sludge Bomb|p2a: Trumpet","|-activate|p2a: Trumpet|Protect","|","|-heal|p2a: Trumpet|394/394|[from] move: Wish|[wisher] Trumpet","|turn|33","|","|move|p2a: Trumpet|Calm Mind|p2a: Trumpet","|-boost|p2a: Trumpet|spa|1","|-boost|p2a: Trumpet|spd|1","|move|p1a: Venusaur|Sludge Bomb|p2a: Trumpet","|-supereffective|p2a: Trumpet","|-damage|p2a: Trumpet|88/394","|-status|p2a: Trumpet|psn","|","|-heal|p2a: Trumpet|112/394 psn|[from] item: Leftovers","|-damage|p2a: Trumpet|63/394 psn|[from] psn","|turn|34","|","|move|p2a: Trumpet|Wish|p2a: Trumpet","|move|p1a: Venusaur|Sludge Bomb|p2a: Trumpet","|-supereffective|p2a: Trumpet","|-damage|p2a: Trumpet|0 fnt","|faint|p2a: Trumpet","|","|win|DJMadness"],"p1rating":{"entryid":"7355209","serverid":"eos","formatid":"monotype","userid":"djmadness","username":"DJMadness","w":2,"l":"8","t":"0","gxe":32.2,"r":"1303.5258224739","rd":"99.460287779891","sigma":"0","rptime":"1438592400","rpr":1355.4102214448,"rprd":90.274094442372,"rpsigma":"0","acre":1093.0825645069,"lacre":1093.0825645069,"oldacre":"1044.205438293"},"p2rating":{"entryid":"5697050","serverid":"eos","formatid":"monotype","userid":"voidwiley","username":"Void Wiley","w":"154","l":136,"t":"0","gxe":55.1,"r":"1536.7228521162","rd":"28.343538317993","sigma":"0","rptime":"1438592400","rpr":1538.2561495457,"rprd":28.067716084331,"rpsigma":"0","acre":1182.4645782709,"lacre":1182.4645782709,"oldacre":"1219.0830387634"},"endType":"normal"}