{"seed":[49550,54496,65239,27601],"turns":31,"p1":"MachoSalad","p2":"Sovereign♕Cactus","p1team":[{"name":"Skarmory","species":"Skarmory","item":"rockyhelmet","ability":"Sturdy","moves":["roost","stealthrock","defog","whirlwind"],"nature":"Bold","evs":{"hp":248,"atk":0,"def":252,"spa":0,"spd":0,"spe":8},"ivs":{"hp":31,"atk":0,"def":31,"spa":31,"spd":31,"spe":31}},{"name":"Charizard","species":"Charizard","item":"charizarditex","ability":"Blaze","moves":["flareblitz","dragonclaw","dragondance","earthquake"],"nature":"Adamant","evs":{"hp":0,"atk":252,"def":0,"spa":0,"spd":4,"spe":252},"ivs":{"hp":31,"atk":31,"def":31,"spa":31,"spd":31,"spe":31}},{"name":"Hawlucha","species":"Hawlucha","item":"sitrusberry","ability":"Unburden","moves":["swordsdance","highjumpkick","substitute","acrobatics"],"nature":"Adamant","evs":{"hp":0,"atk":252,"def":4,"spa":0,"spd":0,"spe":252},"ivs":{"hp":31,"atk":31,"def":31,"spa":31,"spd":31,"spe":31}},{"name":"Dragonite","species":"Dragonite","item":"weaknesspolicy","ability":"Multiscale","moves":["dragondance","extremespeed","firepunch","dragonclaw"],"nature":"Adamant","evs":{"hp":0,"atk":252,"def":4,"spa":0,"spd":0,"spe":252},"ivs":{"hp":31,"atk":31,"def":31,"spa":31,"spd":31,"spe":31}},{"name":"Landorus","species":"Landorus","item":"lifeorb","ability":"Sheer Force","moves":["sludgebomb","hiddenpowerice","earthpower","psychic"],"nature":"Timid","evs":{"hp":0,"atk":0,"def":4,"spa":252,"spd":0,"spe":252},"ivs":{"hp":31,"atk":0,"def":30,"spa":31,"spd":31,"spe":31}},{"name":"Mandibuzz","species":"Mandibuzz","item":"leftovers","ability":"Overcoat","moves":["bravebird","foulplay","roost","knockoff"],"nature":"Careful","evs":{"hp":248,"atk":0,"def":4,"spa":0,"spd":252,"spe":4},"ivs":{"hp":31,"atk":31,"def":31,"spa":31,"spd":31,"spe":31}}],"p2team":[{"name":"My Little Ponyta","species":"keldeo","item":"leftovers","ability":"Justified","moves":["calmmind","secretsword","scald","substitute"],"nature":"Timid","evs":{"hp":0,"atk":0,"def":0,"spa":252,"spd":4,"spe":252},"ivs":{"hp":31,"atk":31,"def":31,"spa":31,"spd":31,"spe":31}},{"name":"StarOnStarAction","species":"starmie","item":"lifeorb","ability":"Natural Cure","moves":["hydropump","icebeam","psychic","recover"],"nature":"Timid","evs":{"hp":0,"atk":0,"def":0,"spa":252,"spd":4,"spe":252},"shiny":true,"ivs":{"hp":31,"atk":31,"def":31,"spa":31,"spd":31,"spe":31}},{"name":"Pistachios","species":"jellicent","item":"leftovers","ability":"Cursed Body","moves":["shadowball","recover","willowisp","scald"],"nature":"Calm","evs":{"hp":252,"atk":0,"def":0,"spa":4,"spd":252,"spe":0},"gender":"M","shiny":true,"ivs":{"hp":31,"atk":31,"def":31,"spa":31,"spd":31,"spe":31}},{"name":"Saucey","species":"feraligatr","item":"lifeorb","ability":"Sheer Force","moves":["dragondance","waterfall","icepunch","crunch"],"nature":"Adamant","evs":{"hp":0,"atk":252,"def":0,"spa":0,"spd":4,"spe":252},"gender":"M","shiny":true,"ivs":{"hp":31,"atk":31,"def":31,"spa":31,"spd":31,"spe":31}},{"name":"Mulan","species":"gyarados","item":"gyaradosite","ability":"Intimidate","moves":["dragondance","crunch","earthquake","waterfall"],"nature":"Jolly","evs":{"hp":88,"atk":252,"def":0,"spa":0,"spd":0,"spe":168},"gender":"M","shiny":true,"ivs":{"hp":31,"atk":31,"def":31,"spa":31,"spd":31,"spe":31}},{"name":"Butters","species":"azumarill","item":"choiceband","ability":"Sap Sipper","moves":["playrough","waterfall","knockoff","icepunch"],"nature":"Adamant","evs":{"hp":92,"atk":252,"def":0,"spa":0,"spd":0,"spe":164},"gender":"M","shiny":true,"ivs":{"hp":31,"atk":31,"def":31,"spa":31,"spd":31,"spe":31}}],"log":["|player|p1|MachoSalad|224","|player|p2|Sovereign♕Cactus|251","|gametype|singles","|gen|6","|tier|Monotype","|rated","|rule|Baton Pass Clause: Limit one Baton Passer, can't pass Spe and other stats simultaneously","|rule|Swagger Clause: Swagger is banned","|rule|Same Type Clause: Pokémon in a team must share a type","|clearpoke","|poke|p1|Skarmory, M","|poke|p1|Charizard, F","|poke|p1|Hawlucha, F","|poke|p1|Dragonite, M","|poke|p1|Landorus, M","|poke|p1|Mandibuzz, F","|poke|p2|Keldeo","|poke|p2|Starmie, shiny","|poke|p2|Jellicent, M, shiny","|poke|p2|Feraligatr, M, shiny","|poke|p2|Gyarados, M, shiny","|poke|p2|Azumarill, M, shiny","|rule|Sleep Clause Mod: Limit one foe put to sleep","|rule|Species Clause: Limit one of each Pokémon","|rule|OHKO Clause: OHKO moves are banned","|rule|Moody Clause: Moody is banned","|rule|Evasion Moves Clause: Evasion moves are banned","|rule|Endless Battle Clause: Forcing endless battles is banned","|rule|HP Percentage Mod: HP is shown in percentages","|teampreview","|","|start","|switch|p1a: Mandibuzz|Mandibuzz, F|423/423","|switch|p2a: Pistachios|Jellicent, M, shiny|404/404","|turn|1","|","|switch|p1a: Charizard|Charizard, F|297/297","|move|p2a: Pistachios|Will-O-Wisp|p1a: Charizard","|-immune|p1a: Charizard|[msg]","|","|turn|2","|","|detailschange|p1a: Charizard|Charizard-Mega-X, F","|-mega|p1a: Charizard|Charizard|Charizardite X","|move|p1a: Charizard|Dragon Claw|p2a: Pistachios","|-damage|p2a: Pistachios|124/404","|move|p2a: Pistachios|Scald|p1a: Charizard","|-damage|p1a: Charizard|207/297","|","|-heal|p2a: Pistachios|149/404|[from] item: Leftovers","|turn|3","|","|switch|p2a: Butters|Azumarill, M, shiny|364/364","|move|p1a: Charizard|Earthquake|p2a: Butters","|-damage|p2a: Butters|213/364","|","|turn|4","|","|switch|p1a: Skarmory|Skarmory, M|333/333","|move|p2a: Butters|Play Rough|p1a: Skarmory","|-resisted|p1a: Skarmory","|-damage|p1a: Skarmory|292/333","|-damage|p2a: Butters|153/364|[from] item: Rocky Helmet|[of] p1a: Skarmory","|-unboost|p1a: Skarmory|atk|1","|","|turn|5","|","|switch|p2a: Mulan|Gyarados, M, shiny|353/353","|-ability|p2a: Mulan|Intimidate","|-unboost|p1a: Skarmory|atk|1","|move|p1a: Skarmory|Stealth Rock|p2a: Mulan","|-sidestart|p2: Sovereign♕Cactus|move: Stealth Rock","|","|turn|6","|","|move|p2a: Mulan|Dragon Dance|p2a: Mulan","|-boost|p2a: Mulan|atk|1","|-boost|p2a: Mulan|spe|1","|move|p1a: Skarmory|Whirlwind|p2a: Mulan","|drag|p2a: Saucey|Feraligatr, M, shiny|311/311","|-damage|p2a: Saucey|273/311|[from] Stealth Rock","|","|turn|7","|","|move|p2a: Saucey|Dragon Dance|p2a: Saucey","|-boost|p2a: Saucey|atk|1","|-boost|p2a: Saucey|spe|1","|move|p1a: Skarmory|Roost|p1a: Skarmory","|-heal|p1a: Skarmory|333/333","|","|turn|8","|","|move|p2a: Saucey|Waterfall|p1a: Skarmory","|-damage|p1a: Skarmory|129/333","|-damage|p2a: Saucey|222/311|[from] item: Rocky Helmet|[of] p1a: Skarmory","|move|p1a: Skarmory|Whirlwind|p2a: Saucey","|drag|p2a: Pistachios|Jellicent, M, shiny|149/404","|-damage|p2a: Pistachios|99/404|[from] Stealth Rock","|","|-heal|p2a: Pistachios|124/404|[from] item: Leftovers","|turn|9","|","|switch|p1a: Charizard|Charizard-Mega-X, F|207/297","|move|p2a: Pistachios|Will-O-Wisp|p1a: Charizard","|-immune|p1a: Charizard|[msg]","|","|-heal|p2a: Pistachios|149/404|[from] item: Leftovers","|turn|10","|","|move|p1a: Charizard|Earthquake|p2a: Pistachios","|-damage|p2a: Pistachios|0 fnt","|faint|p2a: Pistachios","|","|","|switch|p2a: StarOnStarAction|Starmie, shiny|261/261","|-damage|p2a: StarOnStarAction|229/261|[from] Stealth Rock","|turn|11","|","|switch|p1a: Mandibuzz|Mandibuzz, F|423/423","|move|p2a: StarOnStarAction|Hydro Pump|p1a: Mandibuzz|[miss]","|-miss|p2a: StarOnStarAction|p1a: Mandibuzz","|","|turn|12","|","|move|p2a: StarOnStarAction|Ice Beam|p1a: Mandibuzz","|-supereffective|p1a: Mandibuzz","|-damage|p1a: Mandibuzz|241/423","|-damage|p2a: StarOnStarAction|203/261|[from] item: Life Orb","|move|p1a: Mandibuzz|Knock Off|p2a: StarOnStarAction","|-supereffective|p2a: StarOnStarAction","|-damage|p2a: StarOnStarAction|23/261","|-enditem|p2a: StarOnStarAction|Life Orb|[from] move: Knock Off|[of] p1a: Mandibuzz","|","|-heal|p1a: Mandibuzz|267/423|[from] item: Leftovers","|turn|13","|","|move|p2a: StarOnStarAction|Hydro Pump|p1a: Mandibuzz","|-damage|p1a: Mandibuzz|141/423","|move|p1a: Mandibuzz|Roost|p1a: Mandibuzz","|-heal|p1a: Mandibuzz|353/423","|","|-heal|p1a: Mandibuzz|379/423|[from] item: Leftovers","|turn|14","|","|move|p2a: StarOnStarAction|Ice Beam|p1a: Mandibuzz","|-crit|p1a: Mandibuzz","|-supereffective|p1a: Mandibuzz","|-damage|p1a: Mandibuzz|173/423","|move|p1a: Mandibuzz|Brave Bird|p2a: StarOnStarAction","|-damage|p2a: StarOnStarAction|0 fnt","|-damage|p1a: Mandibuzz|165/423|[from] recoil|[of] p2a: StarOnStarAction","|faint|p2a: StarOnStarAction","|","|-heal|p1a: Mandibuzz|191/423|[from] item: Leftovers","|","|switch|p2a: My Little Ponyta|Keldeo|323/323","|-damage|p2a: My Little Ponyta|303/323|[from] Stealth Rock","|turn|15","|","|move|p2a: My Little Ponyta|Substitute|p2a: My Little Ponyta","|-start|p2a: My Little Ponyta|Substitute","|-damage|p2a: My Little Ponyta|223/323","|move|p1a: Mandibuzz|Roost|p1a: Mandibuzz","|-heal|p1a: Mandibuzz|403/423","|","|-heal|p2a: My Little Ponyta|243/323|[from] item: Leftovers","|-heal|p1a: Mandibuzz|423/423|[from] item: Leftovers","|turn|16","|","|move|p2a: My Little Ponyta|Calm Mind|p2a: My Little Ponyta","|-boost|p2a: My Little Ponyta|spa|1","|-boost|p2a: My Little Ponyta|spd|1","|move|p1a: Mandibuzz|Brave Bird|p2a: My Little Ponyta","|-supereffective|p2a: My Little Ponyta","|-end|p2a: My Little Ponyta|Substitute","|-damage|p1a: Mandibuzz|397/423|[from] recoil|[of] p2a: My Little Ponyta","|","|-heal|p2a: My Little Ponyta|263/323|[from] item: Leftovers","|-heal|p1a: Mandibuzz|423/423|[from] item: Leftovers","|turn|17","|","|move|p2a: My Little Ponyta|Scald|p1a: Mandibuzz","|-damage|p1a: Mandibuzz|255/423","|-status|p1a: Mandibuzz|brn","|move|p1a: Mandibuzz|Brave Bird|p2a: My Little Ponyta","|-supereffective|p2a: My Little Ponyta","|-damage|p2a: My Little Ponyta|160/323","|-damage|p1a: Mandibuzz|221/423 brn|[from] recoil|[of] p2a: My Little Ponyta","|","|-heal|p2a: My Little Ponyta|180/323|[from] item: Leftovers","|-heal|p1a: Mandibuzz|247/423 brn|[from] item: Leftovers","|-damage|p1a: Mandibuzz|195/423 brn|[from] brn","|turn|18","|","|move|p2a: My Little Ponyta|Calm Mind|p2a: My Little Ponyta","|-boost|p2a: My Little Ponyta|spa|1","|-boost|p2a: My Little Ponyta|spd|1","|move|p1a: Mandibuzz|Brave Bird|p2a: My Little Ponyta","|-supereffective|p2a: My Little Ponyta","|-damage|p2a: My Little Ponyta|78/323","|-damage|p1a: Mandibuzz|161/423 brn|[from] recoil|[of] p2a: My Little Ponyta","|","|-heal|p2a: My Little Ponyta|98/323|[from] item: Leftovers","|-heal|p1a: Mandibuzz|187/423 brn|[from] item: Leftovers","|-damage|p1a: Mandibuzz|135/423 brn|[from] brn","|turn|19","|","|move|p2a: My Little Ponyta|Scald|p1a: Mandibuzz","|-crit|p1a: Mandibuzz","|-damage|p1a: Mandibuzz|0 fnt","|faint|p1a: Mandibuzz","|","|-heal|p2a: My Little Ponyta|118/323|[from] item: Leftovers","|","|switch|p1a: Dragonite|Dragonite, M|323/323","|turn|20","|","|move|p1a: Dragonite|Extreme Speed|p2a: My Little Ponyta","|-damage|p2a: My Little Ponyta|4/323","|move|p2a: My Little Ponyta|Scald|p1a: Dragonite","|-resisted|p1a: Dragonite","|-damage|p1a: Dragonite|250/323","|-status|p1a: Dragonite|brn","|","|-heal|p2a: My Little Ponyta|24/323|[from] item: Leftovers","|-damage|p1a: Dragonite|210/323 brn|[from] brn","|turn|21","|","|move|p1a: Dragonite|Extreme Speed|p2a: My Little Ponyta","|-damage|p2a: My Little Ponyta|0 fnt","|faint|p2a: My Little Ponyta","|","|-damage|p1a: Dragonite|170/323 brn|[from] brn","|","|switch|p2a: Butters|Azumarill, M, shiny|153/364","|-damage|p2a: Butters|108/364|[from] Stealth Rock","|turn|22","|","|switch|p1a: Skarmory|Skarmory, M|129/333","|move|p2a: Butters|Ice Punch|p1a: Skarmory","|-damage|p1a: Skarmory|81/333","|-damage|p2a: Butters|48/364|[from] item: Rocky Helmet|[of] p1a: Skarmory","|","|turn|23","|","|move|p1a: Skarmory|Roost|p1a: Skarmory","|-heal|p1a: Skarmory|248/333","|move|p2a: Butters|Ice Punch|p1a: Skarmory","|-resisted|p1a: Skarmory","|-damage|p1a: Skarmory|226/333","|-damage|p2a: Butters|0 fnt|[from] item: Rocky Helmet|[of] p1a: Skarmory","|faint|p2a: Butters","|","|","|switch|p2a: Saucey|Feraligatr, M, shiny|222/311","|-damage|p2a: Saucey|184/311|[from] Stealth Rock","|turn|24","|","|move|p2a: Saucey|Waterfall|p1a: Skarmory","|-damage|p1a: Skarmory|92/333","|-damage|p2a: Saucey|133/311|[from] item: Rocky Helmet|[of] p1a: Skarmory","|move|p1a: Skarmory|Whirlwind|p2a: Saucey","|drag|p2a: Mulan|Gyarados, M, shiny|353/353","|-damage|p2a: Mulan|265/353|[from] Stealth Rock","|-ability|p2a: Mulan|Intimidate","|-unboost|p1a: Skarmory|atk|1","|","|turn|25","|","|detailschange|p2a: Mulan|Gyarados-Mega, M, shiny","|-mega|p2a: Mulan|Gyarados|Gyaradosite","|-ability|p2a: Mulan|Mold Breaker","|move|p2a: Mulan|Waterfall|p1a: Skarmory","|-damage|p1a: Skarmory|0 fnt","|-damage|p2a: Mulan|207/353|[from] item: Rocky Helmet|[of] p1a: Skarmory","|faint|p1a: Skarmory","|","|","|switch|p1a: Landorus|Landorus, M|319/319","|turn|26","|","|move|p1a: Landorus|Earth Power|p2a: Mulan","|-damage|p2a: Mulan|15/353","|move|p2a: Mulan|Waterfall|p1a: Landorus","|-crit|p1a: Landorus","|-supereffective|p1a: Landorus","|-damage|p1a: Landorus|0 fnt","|faint|p1a: Landorus","|","|","|switch|p1a: Hawlucha|Hawlucha, F|297/297","|turn|27","|","|move|p1a: Hawlucha|Substitute|p1a: Hawlucha","|-start|p1a: Hawlucha|Substitute","|-damage|p1a: Hawlucha|223/297","|move|p2a: Mulan|Waterfall|p1a: Hawlucha","|-end|p1a: Hawlucha|Substitute","|","|turn|28","|","|move|p1a: Hawlucha|Substitute|p1a: Hawlucha","|-start|p1a: Hawlucha|Substitute","|-damage|p1a: Hawlucha|149/297","|move|p2a: Mulan|Waterfall|p1a: Hawlucha","|-end|p1a: Hawlucha|Substitute","|","|turn|29","|","|move|p1a: Hawlucha|Substitute|p1a: Hawlucha","|-start|p1a: Hawlucha|Substitute","|-damage|p1a: Hawlucha|75/297","|-enditem|p1a: Hawlucha|Sitrus Berry|[eat]","|-heal|p1a: Hawlucha|149/297|[from] item: Sitrus Berry","|move|p2a: Mulan|Waterfall|p1a: Hawlucha","|-end|p1a: Hawlucha|Substitute","|","|turn|30","|","|move|p1a: Hawlucha|Acrobatics|p2a: Mulan","|-damage|p2a: Mulan|0 fnt","|faint|p2a: Mulan","|","|","|switch|p2a: Saucey|Feraligatr, M, shiny|133/311","|-damage|p2a: Saucey|95/311|[from] Stealth Rock","|turn|31","|","|move|p1a: Hawlucha|Acrobatics|p2a: Saucey","|-damage|p2a: Saucey|0 fnt","|faint|p2a: Saucey","|","|win|MachoSalad"],"p1rating":{"entryid":"7206348","serverid":"eos","formatid":"monotype","userid":"machosalad","username":"MachoSalad","w":29,"l":"15","t":"0","gxe":63.1,"r":"1597.0372948325","rd":"53.842335622348","sigma":"0","rptime":"1438592400","rpr":1602.065005245,"rprd":53.303514810936,"rpsigma":"0","acre":1214.6619692337,"lacre":1214.6619692337,"oldacre":"1191.726400247"},"p2rating":{"entryid":"6867552","serverid":"eos","formatid":"monotype","userid":"sovereigncactus","username":"Sovereign♕Cactus","w":"74","l":87,"t":"0","gxe":45.6,"r":"1456.4259544297","rd":"30.025299364035","sigma":"0","rptime":"1438592400","rpr":1466.5206923011,"rprd":28.794149918577,"rpsigma":"0","acre":1140.0350782313,"lacre":1140.0350782313,"oldacre":"1162.970647218"},"endType":"normal"}