{"seed":[50237,28631,14382,10909],"turns":32,"p1":"Traine✘greNINJA16","p2":"Guard Darkrai","p1team":[{"name":"Altaria","species":"Altaria","item":"altarianite","ability":"Cloud Nine","moves":["healbell","hypervoice","roost","fireblast"],"nature":"Modest","evs":{"hp":100,"atk":0,"def":0,"spa":252,"spd":0,"spe":156},"ivs":{"hp":31,"atk":31,"def":31,"spa":31,"spd":31,"spe":31}},{"name":"Togekiss","species":"Togekiss","item":"leftovers","ability":"Serene Grace","moves":["thunderwave","nastyplot","airslash","dazzlinggleam"],"nature":"Modest","evs":{"hp":252,"atk":0,"def":0,"spa":252,"spd":4,"spe":0},"ivs":{"hp":31,"atk":31,"def":31,"spa":31,"spd":31,"spe":31}},{"name":"Gliscor","species":"Gliscor","item":"toxicorb","ability":"Poison Heal","moves":["fling","earthquake","acrobatics","protect"],"nature":"Adamant","evs":{"hp":76,"atk":252,"def":0,"spa":0,"spd":0,"spe":180},"ivs":{"hp":31,"atk":31,"def":31,"spa":31,"spd":31,"spe":31}},{"name":"Landorus","species":"Landorus","item":"lifeorb","ability":"Sheer Force","moves":["sludgewave","earthpower","calmmind","focusblast"],"nature":"Timid","evs":{"hp":0,"atk":0,"def":0,"spa":252,"spd":4,"spe":252},"ivs":{"hp":31,"atk":31,"def":31,"spa":31,"spd":31,"spe":31}},{"name":"Noivern","species":"Noivern","item":"choicespecs","ability":"Infiltrator","moves":["boomburst","flamethrower","hurricane","dracometeor"],"nature":"Timid","evs":{"hp":0,"atk":0,"def":0,"spa":252,"spd":4,"spe":128},"ivs":{"hp":31,"atk":31,"def":31,"spa":31,"spd":31,"spe":31}},{"name":"Delibird","species":"Delibird","item":"choicescarf","ability":"Hustle","moves":["rapidspin","icepunch","brickbreak","aerialace"],"nature":"Adamant","evs":{"hp":0,"atk":252,"def":0,"spa":0,"spd":4,"spe":252},"ivs":{"hp":31,"atk":31,"def":31,"spa":31,"spd":31,"spe":31}}],"p2team":[{"name":"Beedrill","species":"Beedrill","item":"beedrillite","ability":"Sniper","moves":["fellstinger","poisonjab","uturn","protect"],"nature":"Jolly","evs":{"hp":0,"atk":252,"def":0,"spa":0,"spd":4,"spe":252},"shiny":true,"ivs":{"hp":31,"atk":31,"def":31,"spa":31,"spd":31,"spe":31}},{"name":"Durant","species":"Durant","item":"lifeorb","ability":"Hustle","moves":["ironhead","xscissor","superpower","honeclaws"],"nature":"Jolly","evs":{"hp":0,"atk":252,"def":0,"spa":0,"spd":4,"spe":252},"shiny":true,"ivs":{"hp":31,"atk":31,"def":31,"spa":31,"spd":31,"spe":31}},{"name":"Venomoth","species":"Venomoth","item":"focussash","ability":"Wonder Skin","moves":["quiverdance","bugbuzz","sludgebomb","sleeppowder"],"nature":"Modest","evs":{"hp":0,"atk":0,"def":0,"spa":252,"spd":4,"spe":252},"shiny":true,"ivs":{"hp":31,"atk":31,"def":31,"spa":31,"spd":31,"spe":31}},{"name":"Shuckle","species":"Shuckle","item":"leftovers","ability":"Contrary","moves":["shellsmash","stickyweb","infestation","stealthrock"],"nature":"Modest","evs":{"hp":0,"atk":0,"def":0,"spa":252,"spd":4,"spe":252},"shiny":true,"ivs":{"hp":31,"atk":31,"def":31,"spa":31,"spd":31,"spe":31}},{"name":"Heracross","species":"Heracross","item":"choicescarf","ability":"Moxie","moves":["closecombat","stoneedge","megahorn","knockoff"],"nature":"Jolly","evs":{"hp":0,"atk":252,"def":0,"spa":0,"spd":4,"spe":252},"shiny":true,"ivs":{"hp":31,"atk":31,"def":31,"spa":31,"spd":31,"spe":31}},{"name":"Illumise","species":"Illumise","item":"leftovers","ability":"Prankster","moves":["thunderwave","encore","uturn","tailwind"],"nature":"Careful","evs":{"hp":252,"atk":0,"def":4,"spa":0,"spd":252,"spe":0},"shiny":true,"ivs":{"hp":31,"atk":31,"def":31,"spa":31,"spd":31,"spe":31}}],"log":["|player|p1|Traine✘greNINJA16|trainegreninja16.png","|player|p2|Guard Darkrai|guarddarkrai.png","|gametype|singles","|gen|6","|tier|Monotype","|rated","|rule|Baton Pass Clause: Limit one Baton Passer, can't pass Spe and other stats simultaneously","|rule|Swagger Clause: Swagger is banned","|rule|Same Type Clause: Pokémon in a team must share a type","|clearpoke","|poke|p1|Altaria, F","|poke|p1|Togekiss, F","|poke|p1|Gliscor, F","|poke|p1|Landorus, M","|poke|p1|Noivern, M","|poke|p1|Delibird, M","|poke|p2|Beedrill, M, shiny","|poke|p2|Durant, F, shiny","|poke|p2|Venomoth, F, shiny","|poke|p2|Shuckle, M, shiny","|poke|p2|Heracross, M, shiny","|poke|p2|Illumise, F, shiny","|rule|Sleep Clause Mod: Limit one foe put to sleep","|rule|Species Clause: Limit one of each Pokémon","|rule|OHKO Clause: OHKO moves are banned","|rule|Moody Clause: Moody is banned","|rule|Evasion Moves Clause: Evasion moves are banned","|rule|Endless Battle Clause: Forcing endless battles is banned","|rule|HP Percentage Mod: HP is shown in percentages","|teampreview","|","|start","|switch|p1a: Togekiss|Togekiss, F|374/374","|switch|p2a: Shuckle|Shuckle, M, shiny|181/181","|turn|1","|","|move|p1a: Togekiss|Thunder Wave|p2a: Shuckle","|-status|p2a: Shuckle|par","|cant|p2a: Shuckle|par","|","|turn|2","|","|move|p1a: Togekiss|Nasty Plot|p1a: Togekiss","|-boost|p1a: Togekiss|spa|2","|cant|p2a: Shuckle|par","|","|turn|3","|","|move|p1a: Togekiss|Air Slash|p2a: Shuckle|[miss]","|-miss|p1a: Togekiss|p2a: Shuckle","|cant|p2a: Shuckle|par","|","|turn|4","|","|move|p1a: Togekiss|Nasty Plot|p1a: Togekiss","|-boost|p1a: Togekiss|spa|2","|move|p2a: Shuckle|Stealth Rock|p1a: Togekiss","|-sidestart|p1: Traine✘greNINJA16|move: Stealth Rock","|","|turn|5","|","|move|p1a: Togekiss|Nasty Plot|p1a: Togekiss","|-boost|p1a: Togekiss|spa|2","|move|p2a: Shuckle|Sticky Web|p1a: Togekiss","|-sidestart|p1: Traine✘greNINJA16|move: Sticky Web","|","|turn|6","|","|move|p1a: Togekiss|Air Slash|p2a: Shuckle","|-crit|p2a: Shuckle","|-damage|p2a: Shuckle|0 fnt","|faint|p2a: Shuckle","|","|","|switch|p2a: Beedrill|Beedrill, M, shiny|271/271","|turn|7","|","|detailschange|p2a: Beedrill|Beedrill-Mega, M, shiny","|-mega|p2a: Beedrill|Beedrill|Beedrillite","|move|p2a: Beedrill|Protect|p2a: Beedrill","|-singleturn|p2a: Beedrill|Protect","|move|p1a: Togekiss|Air Slash|p2a: Beedrill","|-activate|p2a: Beedrill|Protect","|","|turn|8","|","|move|p2a: Beedrill|Poison Jab|p1a: Togekiss","|-supereffective|p1a: Togekiss","|-damage|p1a: Togekiss|0 fnt","|faint|p1a: Togekiss","|","|","|switch|p1a: Gliscor|Gliscor, F|310/310","|-damage|p1a: Gliscor|272/310|[from] Stealth Rock","|turn|9","|","|move|p1a: Gliscor|Protect|p1a: Gliscor","|-singleturn|p1a: Gliscor|Protect","|move|p2a: Beedrill|U-turn|p1a: Gliscor","|-activate|p1a: Gliscor|Protect","|","|-status|p1a: Gliscor|tox|[from] item: Toxic Orb","|turn|10","|","|move|p2a: Beedrill|U-turn|p1a: Gliscor","|-resisted|p1a: Gliscor","|-damage|p1a: Gliscor|190/310 tox","|","|switch|p2a: Durant|Durant, F, shiny|257/257","|move|p1a: Gliscor|Fling|p2a: Durant","|-enditem|p1a: Gliscor|Toxic Orb|[from] move: Fling","|-damage|p2a: Durant|226/257","|","|-heal|p1a: Gliscor|228/310 tox|[from] ability: Poison Heal","|turn|11","|","|move|p2a: Durant|Iron Head|p1a: Gliscor","|-damage|p1a: Gliscor|24/310 tox","|-damage|p2a: Durant|201/257|[from] item: Life Orb","|cant|p1a: Gliscor|flinch","|","|-heal|p1a: Gliscor|62/310 tox|[from] ability: Poison Heal","|turn|12","|","|move|p1a: Gliscor|Protect|p1a: Gliscor","|-singleturn|p1a: Gliscor|Protect","|move|p2a: Durant|Iron Head|p1a: Gliscor","|-activate|p1a: Gliscor|Protect","|","|-heal|p1a: Gliscor|100/310 tox|[from] ability: Poison Heal","|turn|13","|","|switch|p1a: Landorus|Landorus, M|319/319","|-damage|p1a: Landorus|280/319|[from] Stealth Rock","|move|p2a: Durant|Iron Head|p1a: Landorus|[miss]","|-miss|p2a: Durant|p1a: Landorus","|","|turn|14","|","|move|p2a: Durant|Iron Head|p1a: Landorus|[miss]","|-miss|p2a: Durant|p1a: Landorus","|move|p1a: Landorus|Earth Power|p2a: Durant","|-damage|p2a: Durant|0 fnt","|faint|p2a: Durant","|","|","|switch|p2a: Venomoth|Venomoth, F, shiny|281/281","|turn|15","|","|move|p1a: Landorus|Earth Power|p2a: Venomoth","|-enditem|p2a: Venomoth|Focus Sash","|-damage|p2a: Venomoth|1/281","|move|p2a: Venomoth|Sleep Powder|p1a: Landorus","|-status|p1a: Landorus|slp","|","|turn|16","|","|cant|p1a: Landorus|slp","|move|p2a: Venomoth|Quiver Dance|p2a: Venomoth","|-boost|p2a: Venomoth|spa|1","|-boost|p2a: Venomoth|spd|1","|-boost|p2a: Venomoth|spe|1","|","|turn|17","|","|move|p2a: Venomoth|Bug Buzz|p1a: Landorus","|-resisted|p1a: Landorus","|-damage|p1a: Landorus|148/319 slp","|cant|p1a: Landorus|slp","|","|turn|18","|","|move|p2a: Venomoth|Bug Buzz|p1a: Landorus","|-resisted|p1a: Landorus","|-damage|p1a: Landorus|35/319 slp","|cant|p1a: Landorus|slp","|","|turn|19","|","|move|p2a: Venomoth|Bug Buzz|p1a: Landorus","|-resisted|p1a: Landorus","|-damage|p1a: Landorus|0 fnt","|faint|p1a: Landorus","|","|","|switch|p1a: Noivern|Noivern, M|311/311","|-damage|p1a: Noivern|234/311|[from] Stealth Rock","|turn|20","|","|move|p2a: Venomoth|Sludge Bomb|p1a: Noivern","|-damage|p1a: Noivern|0 fnt","|faint|p1a: Noivern","|","|","|switch|p1a: Altaria|Altaria, F|316/316","|-damage|p1a: Altaria|237/316|[from] Stealth Rock","|-ability|p1a: Altaria|Cloud Nine","|turn|21","|","|move|p2a: Venomoth|Sludge Bomb|p1a: Altaria","|-damage|p1a: Altaria|42/316","|move|p1a: Altaria|Hyper Voice|p2a: Venomoth","|-damage|p2a: Venomoth|0 fnt","|faint|p2a: Venomoth","|","|","|switch|p2a: Beedrill|Beedrill-Mega, M, shiny|271/271","|turn|22","|","|move|p2a: Beedrill|Fell Stinger|p1a: Altaria","|-resisted|p1a: Altaria","|-damage|p1a: Altaria|0 fnt","|-boost|p2a: Beedrill|atk|2","|faint|p1a: Altaria","|","|","|switch|p1a: Gliscor|Gliscor, F|100/310 tox","|-damage|p1a: Gliscor|62/310 tox|[from] Stealth Rock","|turn|23","|","|move|p1a: Gliscor|Protect|p1a: Gliscor","|-singleturn|p1a: Gliscor|Protect","|move|p2a: Beedrill|Fell Stinger|p1a: Gliscor","|-activate|p1a: Gliscor|Protect","|","|-heal|p1a: Gliscor|100/310 tox|[from] ability: Poison Heal","|turn|24","|","|move|p1a: Gliscor|Protect|p1a: Gliscor","|-singleturn|p1a: Gliscor|Protect","|move|p2a: Beedrill|Fell Stinger|p1a: Gliscor","|-activate|p1a: Gliscor|Protect","|","|-heal|p1a: Gliscor|138/310 tox|[from] ability: Poison Heal","|turn|25","|","|move|p2a: Beedrill|Fell Stinger|p1a: Gliscor","|-resisted|p1a: Gliscor","|-damage|p1a: Gliscor|69/310 tox","|move|p1a: Gliscor|Acrobatics|p2a: Beedrill","|-supereffective|p2a: Beedrill","|-damage|p2a: Beedrill|0 fnt","|faint|p2a: Beedrill","|","|-heal|p1a: Gliscor|107/310 tox|[from] ability: Poison Heal","|","|switch|p2a: Heracross|Heracross, M, shiny|301/301","|turn|26","|","|move|p1a: Gliscor|Protect|p1a: Gliscor","|-singleturn|p1a: Gliscor|Protect","|move|p2a: Heracross|Stone Edge|p1a: Gliscor","|-activate|p1a: Gliscor|Protect","|","|-heal|p1a: Gliscor|145/310 tox|[from] ability: Poison Heal","|turn|27","|","|move|p2a: Heracross|Stone Edge|p1a: Gliscor","|-damage|p1a: Gliscor|54/310 tox","|move|p1a: Gliscor|Acrobatics|p2a: Heracross","|-supereffective|p2a: Heracross","|-damage|p2a: Heracross|0 fnt","|faint|p2a: Heracross","|","|-heal|p1a: Gliscor|92/310 tox|[from] ability: Poison Heal","|","|switch|p2a: Illumise|Illumise, F, shiny|334/334","|turn|28","|","|move|p1a: Gliscor|Protect|p1a: Gliscor","|-singleturn|p1a: Gliscor|Protect","|move|p2a: Illumise|U-turn|p1a: Gliscor","|-activate|p1a: Gliscor|Protect","|","|-heal|p1a: Gliscor|130/310 tox|[from] ability: Poison Heal","|turn|29","|","|switch|p1a: Delibird|Delibird, M|231/231","|-damage|p1a: Delibird|116/231|[from] Stealth Rock","|move|p2a: Illumise|Encore|p1a: Delibird","|-fail|p1a: Delibird","|","|turn|30","|","|move|p2a: Illumise|Thunder Wave|p1a: Delibird","|-status|p1a: Delibird|par","|move|p1a: Delibird|Aerial Ace|p2a: Illumise","|-supereffective|p2a: Illumise","|-damage|p2a: Illumise|8/334","|","|-heal|p2a: Illumise|28/334|[from] item: Leftovers","|turn|31","|","|move|p2a: Illumise|U-turn|p1a: Delibird","|-resisted|p1a: Delibird","|-damage|p1a: Delibird|73/231 par","|cant|p1a: Delibird|par","|","|-heal|p2a: Illumise|48/334|[from] item: Leftovers","|turn|32","|","|move|p2a: Illumise|U-turn|p1a: Delibird","|-resisted|p1a: Delibird","|-damage|p1a: Delibird|34/231 par","|move|p1a: Delibird|Aerial Ace|p2a: Illumise","|-supereffective|p2a: Illumise","|-damage|p2a: Illumise|0 fnt","|faint|p2a: Illumise","|","|win|Traine✘greNINJA16"],"p1rating":{"entryid":"6891028","serverid":"eos","formatid":"monotype","userid":"trainegreninja16","username":"Traine✘greNINJA16","w":17,"l":"40","t":"0","gxe":31.9,"r":"1363.3763008631","rd":"50.509209785723","sigma":"0","rptime":"1438592400","rpr":1355.7485543279,"rprd":48.505611257125,"rpsigma":"0","acre":1074.3146361028,"lacre":1074.3146361028,"oldacre":"1031.4380067159"},"p2rating":{"entryid":"6034648","serverid":"eos","formatid":"monotype","userid":"guarddarkrai","username":"Guard Darkrai","w":"57","l":62,"t":"0","gxe":48.2,"r":"1488.6159366829","rd":"39.621397946879","sigma":"0","rptime":"1438592400","rpr":1486.106996614,"rprd":35.8662932143,"rpsigma":"0","acre":1077.0053322364,"lacre":1077.0053322364,"oldacre":"1107.3847294549"},"endType":"normal"}