{"seed":[41096,47282,34356,31027],"turns":26,"p1":"Sovereign♕Cactus","p2":"Sage.13","p1team":[{"name":"My Little Ponyta","species":"keldeo","item":"leftovers","ability":"Justified","moves":["calmmind","secretsword","scald","substitute"],"nature":"Timid","evs":{"hp":0,"atk":0,"def":0,"spa":252,"spd":4,"spe":252},"ivs":{"hp":31,"atk":31,"def":31,"spa":31,"spd":31,"spe":31}},{"name":"StarOnStarAction","species":"starmie","item":"lifeorb","ability":"Natural Cure","moves":["hydropump","icebeam","psychic","recover"],"nature":"Timid","evs":{"hp":0,"atk":0,"def":0,"spa":252,"spd":4,"spe":252},"shiny":true,"ivs":{"hp":31,"atk":31,"def":31,"spa":31,"spd":31,"spe":31}},{"name":"YouAlreadyKnow","species":"cloyster","item":"focussash","ability":"Skill Link","moves":["iciclespear","rockblast","shellsmash","surf"],"nature":"Naughty","evs":{"hp":0,"atk":252,"def":0,"spa":4,"spd":0,"spe":252},"shiny":true,"ivs":{"hp":31,"atk":31,"def":31,"spa":31,"spd":31,"spe":31}},{"name":"Pink Lover","species":"swampert","item":"leftovers","ability":"Torrent","moves":["earthquake","icepunch","scald","stealthrock"],"nature":"Relaxed","evs":{"hp":252,"atk":4,"def":252,"spa":0,"spd":0,"spe":0},"gender":"M","shiny":true,"ivs":{"hp":31,"atk":31,"def":31,"spa":31,"spd":31,"spe":31}},{"name":"Mulan","species":"gyarados","item":"gyaradosite","ability":"Intimidate","moves":["dragondance","crunch","earthquake","waterfall"],"nature":"Jolly","evs":{"hp":88,"atk":252,"def":0,"spa":0,"spd":0,"spe":168},"gender":"M","shiny":true,"ivs":{"hp":31,"atk":31,"def":31,"spa":31,"spd":31,"spe":31}},{"name":"Butters","species":"azumarill","item":"choiceband","ability":"Sap Sipper","moves":["playrough","waterfall","knockoff","aquajet"],"nature":"Adamant","evs":{"hp":92,"atk":252,"def":0,"spa":0,"spd":0,"spe":164},"shiny":true,"ivs":{"hp":31,"atk":31,"def":31,"spa":31,"spd":31,"spe":31}}],"p2team":[{"name":"Ludicolo","species":"Ludicolo","item":"leftovers","ability":"Swift Swim","moves":["teeterdance","scald","icebeam","gigadrain"],"nature":"Modest","evs":{"hp":0,"atk":0,"def":0,"spa":252,"spd":4,"spe":252},"shiny":true,"ivs":{"hp":31,"atk":31,"def":31,"spa":31,"spd":31,"spe":31}},{"name":"Azumarill","species":"Azumarill","item":"sitrusberry","ability":"Huge Power","moves":["aquajet","playrough","bellydrum","knockoff"],"nature":"Adamant","evs":{"hp":252,"atk":252,"def":0,"spa":0,"spd":4,"spe":0},"ivs":{"hp":31,"atk":31,"def":31,"spa":31,"spd":31,"spe":31}},{"name":"Swampert","species":"Swampert","item":"swampertite","ability":"Damp","moves":["superpower","waterfall","earthquake","icepunch"],"nature":"Adamant","evs":{"hp":248,"atk":252,"def":0,"spa":0,"spd":8,"spe":0},"ivs":{"hp":31,"atk":31,"def":31,"spa":31,"spd":31,"spe":31}},{"name":"Milotic","species":"Milotic","item":"leftovers","ability":"Competitive","moves":["scald","icebeam","raindance","toxic"],"nature":"Bold","evs":{"hp":252,"atk":0,"def":252,"spa":4,"spd":0,"spe":0},"shiny":true,"ivs":{"hp":31,"atk":31,"def":31,"spa":31,"spd":31,"spe":31}},{"name":"Politoed","species":"Politoed","item":"widelens","ability":"Drizzle","moves":["icebeam","surf","hypnosis","perishsong"],"nature":"Modest","evs":{"hp":248,"atk":0,"def":0,"spa":252,"spd":8,"spe":0},"shiny":true,"ivs":{"hp":31,"atk":31,"def":31,"spa":31,"spd":31,"spe":31}},{"name":"Floatzel","species":"Floatzel","item":"lifeorb","ability":"Swift Swim","moves":["brickbreak","aquajet","waterfall","icepunch"],"nature":"Adamant","evs":{"hp":0,"atk":252,"def":0,"spa":0,"spd":4,"spe":252},"ivs":{"hp":31,"atk":31,"def":31,"spa":31,"spd":31,"spe":31}}],"log":["|player|p1|Sovereign♕Cactus|251","|player|p2|Sage.13|154","|gametype|singles","|gen|6","|tier|Monotype","|rated","|rule|Baton Pass Clause: Limit one Baton Passer, can't pass Spe and other stats simultaneously","|rule|Swagger Clause: Swagger is banned","|rule|Same Type Clause: Pokémon in a team must share a type","|clearpoke","|poke|p1|Keldeo","|poke|p1|Starmie, shiny","|poke|p1|Cloyster, M, shiny","|poke|p1|Swampert, M, shiny","|poke|p1|Gyarados, M, shiny","|poke|p1|Azumarill, F, shiny","|poke|p2|Ludicolo, M, shiny","|poke|p2|Azumarill, M","|poke|p2|Swampert, M","|poke|p2|Milotic, M, shiny","|poke|p2|Politoed, F, shiny","|poke|p2|Floatzel, M","|rule|Sleep Clause Mod: Limit one foe put to sleep","|rule|Species Clause: Limit one of each Pokémon","|rule|OHKO Clause: OHKO moves are banned","|rule|Moody Clause: Moody is banned","|rule|Evasion Moves Clause: Evasion moves are banned","|rule|Endless Battle Clause: Forcing endless battles is banned","|rule|HP Percentage Mod: HP is shown in percentages","|teampreview","|","|start","|switch|p1a: Pink Lover|Swampert, M, shiny|404/404","|switch|p2a: Milotic|Milotic, M, shiny|394/394","|turn|1","|","|move|p2a: Milotic|Toxic|p1a: Pink Lover","|-status|p1a: Pink Lover|tox","|move|p1a: Pink Lover|Stealth Rock|p2a: Milotic","|-sidestart|p2: Sage.13|move: Stealth Rock","|","|-damage|p1a: Pink Lover|379/404 tox|[from] psn","|turn|2","|","|move|p2a: Milotic|Scald|p1a: Pink Lover","|-damage|p1a: Pink Lover|282/404 tox","|move|p1a: Pink Lover|Scald|p2a: Milotic","|-resisted|p2a: Milotic","|-damage|p2a: Milotic|361/394","|","|-heal|p2a: Milotic|385/394|[from] item: Leftovers","|-heal|p1a: Pink Lover|307/404 tox|[from] item: Leftovers","|-damage|p1a: Pink Lover|257/404 tox|[from] psn","|turn|3","|","|switch|p2a: Ludicolo|Ludicolo, M, shiny|301/301","|-damage|p2a: Ludicolo|264/301|[from] Stealth Rock","|move|p1a: Pink Lover|Scald|p2a: Ludicolo","|-resisted|p2a: Ludicolo","|-damage|p2a: Ludicolo|242/301","|","|-heal|p2a: Ludicolo|260/301|[from] item: Leftovers","|-heal|p1a: Pink Lover|282/404 tox|[from] item: Leftovers","|-damage|p1a: Pink Lover|207/404 tox|[from] psn","|turn|4","|","|switch|p1a: Butters|Azumarill, F, shiny|364/364","|move|p2a: Ludicolo|Giga Drain|p1a: Butters","|-boost|p1a: Butters|atk|1|[from] ability: Sap Sipper","|","|-heal|p2a: Ludicolo|278/301|[from] item: Leftovers","|turn|5","|","|move|p2a: Ludicolo|Teeter Dance|p1a: Butters","|-start|p1a: Butters|confusion","|-activate|p1a: Butters|confusion","|move|p1a: Butters|Play Rough|p2a: Ludicolo|[miss]","|-miss|p1a: Butters|p2a: Ludicolo","|","|-heal|p2a: Ludicolo|296/301|[from] item: Leftovers","|turn|6","|","|switch|p2a: Politoed|Politoed, F, shiny|383/383","|-damage|p2a: Politoed|336/383|[from] Stealth Rock","|-weather|RainDance","|-activate|p1a: Butters|confusion","|-damage|p1a: Butters|281/364|[from] confusion","|","|-weather|RainDance|[upkeep]","|turn|7","|","|-activate|p1a: Butters|confusion","|move|p1a: Butters|Play Rough|p2a: Politoed|[miss]","|-miss|p1a: Butters|p2a: Politoed","|move|p2a: Politoed|Hypnosis|p1a: Butters|[miss]","|-miss|p2a: Politoed|p1a: Butters","|","|-weather|RainDance|[upkeep]","|turn|8","|","|switch|p1a: Pink Lover|Swampert, M, shiny|207/404 tox","|move|p2a: Politoed|Hypnosis|p1a: Pink Lover","|-fail|p1a: Pink Lover","|","|-weather|RainDance|[upkeep]","|-heal|p1a: Pink Lover|232/404 tox|[from] item: Leftovers","|-damage|p1a: Pink Lover|207/404 tox|[from] psn","|turn|9","|","|move|p2a: Politoed|Surf|p1a: Pink Lover","|-damage|p1a: Pink Lover|0 fnt","|faint|p1a: Pink Lover","|","|-weather|RainDance|[upkeep]","|","|switch|p1a: Mulan|Gyarados, M, shiny|353/353","|-ability|p1a: Mulan|Intimidate","|-unboost|p2a: Politoed|atk|1","|turn|10","|","|detailschange|p1a: Mulan|Gyarados-Mega, M, shiny","|-mega|p1a: Mulan|Gyarados|Gyaradosite","|-ability|p1a: Mulan|Mold Breaker","|move|p1a: Mulan|Dragon Dance|p1a: Mulan","|-boost|p1a: Mulan|atk|1","|-boost|p1a: Mulan|spe|1","|move|p2a: Politoed|Perish Song|p2a: Politoed","|-start|p1a: Mulan|perish3|[silent]","|-start|p2a: Politoed|perish3|[silent]","|-fieldactivate|move: Perish Song","|","|-start|p1a: Mulan|perish3","|-start|p2a: Politoed|perish3","|-weather|none","|turn|11","|","|move|p1a: Mulan|Crunch|p2a: Politoed","|-damage|p2a: Politoed|2/383","|move|p2a: Politoed|Hypnosis|p1a: Mulan|[miss]","|-miss|p2a: Politoed|p1a: Mulan","|","|-start|p1a: Mulan|perish2","|-start|p2a: Politoed|perish2","|turn|12","|","|switch|p2a: Azumarill|Azumarill, M|404/404","|-damage|p2a: Azumarill|354/404|[from] Stealth Rock","|move|p1a: Mulan|Crunch|p2a: Azumarill","|-resisted|p2a: Azumarill","|-damage|p2a: Azumarill|210/404","|","|-start|p1a: Mulan|perish1","|turn|13","|","|switch|p1a: Butters|Azumarill, F, shiny|281/364","|move|p2a: Azumarill|Play Rough|p1a: Butters|[miss]","|-miss|p2a: Azumarill|p1a: Butters","|","|turn|14","|","|move|p1a: Butters|Knock Off|p2a: Azumarill","|-resisted|p2a: Azumarill","|-damage|p2a: Azumarill|149/404","|-enditem|p2a: Azumarill|Sitrus Berry|[from] move: Knock Off|[of] p1a: Butters","|move|p2a: Azumarill|Knock Off|p1a: Butters","|-resisted|p1a: Butters","|-damage|p1a: Butters|196/364","|-enditem|p1a: Butters|Choice Band|[from] move: Knock Off|[of] p2a: Azumarill","|","|turn|15","|","|move|p1a: Butters|Play Rough|p2a: Azumarill","|-damage|p2a: Azumarill|35/404","|move|p2a: Azumarill|Play Rough|p1a: Butters","|-damage|p1a: Butters|0 fnt","|faint|p1a: Butters","|","|","|switch|p1a: YouAlreadyKnow|Cloyster, M, shiny|241/241","|turn|16","|","|move|p1a: YouAlreadyKnow|Shell Smash|p1a: YouAlreadyKnow","|-unboost|p1a: YouAlreadyKnow|def|1","|-unboost|p1a: YouAlreadyKnow|spd|1","|-boost|p1a: YouAlreadyKnow|atk|2","|-boost|p1a: YouAlreadyKnow|spa|2","|-boost|p1a: YouAlreadyKnow|spe|2","|move|p2a: Azumarill|Knock Off|p1a: YouAlreadyKnow","|-damage|p1a: YouAlreadyKnow|120/241","|-enditem|p1a: YouAlreadyKnow|Focus Sash|[from] move: Knock Off|[of] p2a: Azumarill","|","|turn|17","|","|move|p2a: Azumarill|Aqua Jet|p1a: YouAlreadyKnow","|-resisted|p1a: YouAlreadyKnow","|-damage|p1a: YouAlreadyKnow|80/241","|move|p1a: YouAlreadyKnow|Icicle Spear|p2a: Azumarill","|-resisted|p2a: Azumarill","|-damage|p2a: Azumarill|0 fnt","|-hitcount|p2a: Azumarill|1","|faint|p2a: Azumarill","|","|","|switch|p2a: Floatzel|Floatzel, M|311/311","|-damage|p2a: Floatzel|273/311|[from] Stealth Rock","|turn|18","|","|move|p1a: YouAlreadyKnow|Rock Blast|p2a: Floatzel","|-damage|p2a: Floatzel|184/311","|-damage|p2a: Floatzel|104/311","|-damage|p2a: Floatzel|25/311","|-damage|p2a: Floatzel|0 fnt","|-hitcount|p2a: Floatzel|4","|faint|p2a: Floatzel","|","|","|switch|p2a: Politoed|Politoed, F, shiny|2/383","|-damage|p2a: Politoed|0 fnt|[from] Stealth Rock","|faint|p2a: Politoed","|","|switch|p2a: Swampert|Swampert, M|403/403","|-damage|p2a: Swampert|378/403|[from] Stealth Rock","|turn|19","|","|detailschange|p2a: Swampert|Swampert-Mega, M","|-mega|p2a: Swampert|Swampert|Swampertite","|move|p1a: YouAlreadyKnow|Icicle Spear|p2a: Swampert","|-damage|p2a: Swampert|297/403","|-damage|p2a: Swampert|222/403","|-damage|p2a: Swampert|152/403","|-damage|p2a: Swampert|80/403","|-damage|p2a: Swampert|8/403","|-hitcount|p2a: Swampert|5","|move|p2a: Swampert|Earthquake|p1a: YouAlreadyKnow","|-damage|p1a: YouAlreadyKnow|0 fnt","|faint|p1a: YouAlreadyKnow","|","|","|switch|p1a: StarOnStarAction|Starmie, shiny|261/261","|turn|20","|","|move|p1a: StarOnStarAction|Psychic|p2a: Swampert","|-damage|p2a: Swampert|0 fnt","|-damage|p1a: StarOnStarAction|235/261|[from] item: Life Orb","|faint|p2a: Swampert","|","|","|switch|p2a: Milotic|Milotic, M, shiny|385/394","|-damage|p2a: Milotic|336/394|[from] Stealth Rock","|turn|21","|","|move|p1a: StarOnStarAction|Psychic|p2a: Milotic","|-damage|p2a: Milotic|187/394","|-damage|p1a: StarOnStarAction|209/261|[from] item: Life Orb","|move|p2a: Milotic|Rain Dance|p2a: Milotic","|-weather|RainDance","|","|-weather|RainDance|[upkeep]","|-heal|p2a: Milotic|211/394|[from] item: Leftovers","|turn|22","|","|move|p1a: StarOnStarAction|Hydro Pump|p2a: Milotic","|-resisted|p2a: Milotic","|-damage|p2a: Milotic|75/394","|-damage|p1a: StarOnStarAction|183/261|[from] item: Life Orb","|move|p2a: Milotic|Toxic|p1a: StarOnStarAction","|-status|p1a: StarOnStarAction|tox","|","|-weather|RainDance|[upkeep]","|-heal|p2a: Milotic|99/394|[from] item: Leftovers","|-damage|p1a: StarOnStarAction|167/261 tox|[from] psn","|turn|23","|","|move|p1a: StarOnStarAction|Psychic|p2a: Milotic","|-damage|p2a: Milotic|0 fnt","|-damage|p1a: StarOnStarAction|141/261 tox|[from] item: Life Orb","|faint|p2a: Milotic","|","|-weather|RainDance|[upkeep]","|-damage|p1a: StarOnStarAction|109/261 tox|[from] psn","|","|switch|p2a: Ludicolo|Ludicolo, M, shiny|296/301","|-damage|p2a: Ludicolo|259/301|[from] Stealth Rock","|turn|24","|","|move|p2a: Ludicolo|Giga Drain|p1a: StarOnStarAction","|-supereffective|p1a: StarOnStarAction","|-damage|p1a: StarOnStarAction|0 fnt","|-heal|p2a: Ludicolo|301/301|[from] drain|[of] p1a: StarOnStarAction","|faint|p1a: StarOnStarAction","|","|-weather|RainDance|[upkeep]","|","|switch|p1a: My Little Ponyta|Keldeo|323/323","|turn|25","|","|move|p2a: Ludicolo|Giga Drain|p1a: My Little Ponyta","|-supereffective|p1a: My Little Ponyta","|-damage|p1a: My Little Ponyta|65/323","|move|p1a: My Little Ponyta|Secret Sword|p2a: Ludicolo","|-damage|p2a: Ludicolo|91/301","|","|-weather|none","|-heal|p2a: Ludicolo|109/301|[from] item: Leftovers","|-heal|p1a: My Little Ponyta|85/323|[from] item: Leftovers","|turn|26","|","|move|p1a: My Little Ponyta|Secret Sword|p2a: Ludicolo","|-damage|p2a: Ludicolo|0 fnt","|faint|p2a: Ludicolo","|","|win|Sovereign♕Cactus"],"p1rating":{"entryid":"6867552","serverid":"eos","formatid":"monotype","userid":"sovereigncactus","username":"Sovereign♕Cactus","w":67,"l":"82","t":"0","gxe":44.6,"r":1456.4259544297,"rd":30.025299364035,"sigma":"0","rptime":1438592400,"rpr":1459.0847078714,"rprd":29.931209023504,"rpsigma":"0","acre":1134.4524659019,"lacre":1134.4524659019,"oldacre":"1109.4135149495"},"p2rating":{"entryid":"7365108","serverid":"eos","formatid":"monotype","userid":"sage13","username":"Sage.13","w":"3","l":3,"t":"0","gxe":48.8,"r":"1500","rd":"130","sigma":"0","rptime":"1438592400","rpr":1490.8792899964,"rprd":98.057190131034,"rpsigma":"0","acre":1084.9158823132,"lacre":1084.9158823132,"oldacre":"1109.9548332656"},"endType":"normal"}