{"seed":[13200,35228,30332,28506],"turns":32,"p1":"Inferno Ace","p2":"MrNyanNyanz","p1team":[{"name":"ガブリアス","species":"garchomp","item":"rockyhelmet","ability":"Rough Skin","moves":["stealthrock","earthquake","dragontail","endure"],"nature":"Impish","evs":{"hp":252,"atk":0,"def":232,"spa":0,"spd":24,"spe":0},"ivs":{"hp":31,"atk":31,"def":31,"spa":31,"spd":31,"spe":31}},{"name":"オンバーン","species":"noivern","item":"choicescarf","ability":"Infiltrator","moves":["flamethrower","hurricane","dracometeor","darkpulse"],"nature":"Timid","evs":{"hp":0,"atk":0,"def":4,"spa":252,"spd":0,"spe":252},"ivs":{"hp":31,"atk":31,"def":31,"spa":31,"spd":31,"spe":31}},{"name":"チルタリス","species":"altaria","item":"altarianite","ability":"Natural Cure","moves":["dragondance","frustration","earthquake","roost"],"nature":"Adamant","evs":{"hp":188,"atk":68,"def":0,"spa":0,"spd":0,"spe":252},"happiness":0,"ivs":{"hp":31,"atk":31,"def":31,"spa":31,"spd":31,"spe":31}},{"name":"ラティオス","species":"latios","item":"choicescarf","ability":"Levitate","moves":["hiddenpowerfire","dragonpulse","psyshock","trick"],"nature":"Timid","evs":{"hp":0,"atk":0,"def":4,"spa":252,"spd":0,"spe":252},"ivs":{"hp":31,"atk":30,"def":31,"spa":30,"spd":31,"spe":30}},{"name":"キュレム","species":"kyuremblack","item":"lifeorb","ability":"Teravolt","moves":["icebeam","outrage","fusionbolt","ironhead"],"nature":"Naive","evs":{"hp":0,"atk":100,"def":0,"spa":180,"spd":0,"spe":228},"shiny":true,"ivs":{"hp":31,"atk":31,"def":31,"spa":31,"spd":31,"spe":31}},{"name":"ボーマンダ","species":"salamence","item":"choicescarf","ability":"Moxie","moves":["outrage","aerialace","steelwing","earthquake"],"nature":"Jolly","evs":{"hp":0,"atk":252,"def":4,"spa":0,"spd":0,"spe":252},"ivs":{"hp":31,"atk":31,"def":31,"spa":31,"spd":31,"spe":31}}],"p2team":[{"name":"Nyxia","species":"liepard","item":"ironball","ability":"Prankster","moves":["thunderwave","taunt","trick","assist"],"nature":"Naive","evs":{"hp":0,"atk":128,"def":0,"spa":128,"spd":0,"spe":252},"ivs":{"hp":31,"atk":31,"def":31,"spa":31,"spd":31,"spe":31}},{"name":"Houndoom","species":"Houndoom","item":"houndoominite","ability":"Flash Fire","moves":["nastyplot","protect","darkpulse","flamethrower"],"nature":"Timid","evs":{"hp":0,"atk":0,"def":0,"spa":252,"spd":4,"spe":252},"ivs":{"hp":31,"atk":31,"def":31,"spa":31,"spd":31,"spe":31}},{"name":"2Sharp","species":"bisharp","item":"choicescarf","ability":"Defiant","moves":["suckerpunch","ironhead","knockoff","stoneedge"],"nature":"Jolly","evs":{"hp":0,"atk":252,"def":0,"spa":0,"spd":4,"spe":252},"shiny":true,"ivs":{"hp":31,"atk":31,"def":31,"spa":31,"spd":31,"spe":31}},{"name":"Stall","species":"sableye","item":"leftovers","ability":"Prankster","moves":["recover","willowisp","toxic","shadowball"],"nature":"Calm","evs":{"hp":252,"atk":0,"def":0,"spa":4,"spd":252,"spe":0},"shiny":true,"ivs":{"hp":31,"atk":31,"def":31,"spa":31,"spd":31,"spe":31}},{"name":"Drago","species":"hydreigon","item":"choicescarf","ability":"Levitate","moves":["earthpower","darkpulse","dracometeor","flashcannon"],"nature":"Timid","evs":{"hp":0,"atk":0,"def":0,"spa":252,"spd":4,"spe":252},"shiny":true,"ivs":{"hp":31,"atk":31,"def":31,"spa":31,"spd":31,"spe":31}},{"name":"Mandibuzz","species":"Mandibuzz","item":"rockyhelmet","ability":"Overcoat","moves":["bravebird","roost","defog","knockoff"],"nature":"Impish","evs":{"hp":248,"atk":8,"def":252,"spa":0,"spd":0,"spe":0},"ivs":{"hp":31,"atk":31,"def":31,"spa":31,"spd":31,"spe":31}}],"log":["|player|p1|Inferno Ace|alliancewutang.png","|player|p2|MrNyanNyanz|mrnyannyanz.png","|gametype|singles","|gen|6","|tier|Monotype","|rated","|rule|Baton Pass Clause: Limit one Baton Passer, can't pass Spe and other stats simultaneously","|rule|Swagger Clause: Swagger is banned","|rule|Same Type Clause: Pokémon in a team must share a type","|clearpoke","|poke|p1|Garchomp, M","|poke|p1|Noivern, M","|poke|p1|Altaria, F","|poke|p1|Latios, M","|poke|p1|Kyurem-Black, shiny","|poke|p1|Salamence, F","|poke|p2|Liepard, M","|poke|p2|Houndoom, F","|poke|p2|Bisharp, F, shiny","|poke|p2|Sableye, F, shiny","|poke|p2|Hydreigon, M, shiny","|poke|p2|Mandibuzz, F","|rule|Sleep Clause Mod: Limit one foe put to sleep","|rule|Species Clause: Limit one of each Pokémon","|rule|OHKO Clause: OHKO moves are banned","|rule|Moody Clause: Moody is banned","|rule|Evasion Moves Clause: Evasion moves are banned","|rule|Endless Battle Clause: Forcing endless battles is banned","|rule|HP Percentage Mod: HP is shown in percentages","|teampreview","|","|start","|switch|p1a: オンバーン|Noivern, M|311/311","|switch|p2a: Drago|Hydreigon, M, shiny|325/325","|turn|1","|","|move|p1a: オンバーン|Draco Meteor|p2a: Drago","|-crit|p2a: Drago","|-supereffective|p2a: Drago","|-damage|p2a: Drago|0 fnt","|-unboost|p1a: オンバーン|spa|2","|faint|p2a: Drago","|","|","|switch|p2a: Houndoom|Houndoom, F|291/291","|turn|2","|","|switch|p1a: ラティオス|Latios, M|301/301","|detailschange|p2a: Houndoom|Houndoom-Mega, F","|-mega|p2a: Houndoom|Houndoom|Houndoominite","|move|p2a: Houndoom|Dark Pulse|p1a: ラティオス","|-supereffective|p1a: ラティオス","|-damage|p1a: ラティオス|43/301","|","|turn|3","|","|move|p2a: Houndoom|Protect|p2a: Houndoom","|-singleturn|p2a: Houndoom|Protect","|move|p1a: ラティオス|Dragon Pulse|p2a: Houndoom","|-activate|p2a: Houndoom|Protect","|","|turn|4","|","|move|p1a: ラティオス|Dragon Pulse|p2a: Houndoom","|-damage|p2a: Houndoom|128/291","|move|p2a: Houndoom|Dark Pulse|p1a: ラティオス","|-supereffective|p1a: ラティオス","|-damage|p1a: ラティオス|0 fnt","|faint|p1a: ラティオス","|","|","|switch|p1a: オンバーン|Noivern, M|311/311","|turn|5","|","|move|p2a: Houndoom|Protect|p2a: Houndoom","|-singleturn|p2a: Houndoom|Protect","|move|p1a: オンバーン|Hurricane|p2a: Houndoom","|-activate|p2a: Houndoom|Protect","|","|turn|6","|","|switch|p2a: 2Sharp|Bisharp, F, shiny|271/271","|move|p1a: オンバーン|Hurricane|p2a: 2Sharp","|-resisted|p2a: 2Sharp","|-damage|p2a: 2Sharp|161/271","|","|turn|7","|","|switch|p1a: ガブリアス|Garchomp, M|420/420","|move|p2a: 2Sharp|Knock Off|p1a: ガブリアス","|-damage|p1a: ガブリアス|282/420","|-damage|p2a: 2Sharp|128/271|[from] ability: Rough Skin|[of] p1a: ガブリアス","|-damage|p2a: 2Sharp|83/271|[from] item: Rocky Helmet|[of] p1a: ガブリアス","|-enditem|p1a: ガブリアス|Rocky Helmet|[from] move: Knock Off|[of] p2a: 2Sharp","|","|turn|8","|","|switch|p2a: Stall|Sableye, F, shiny|304/304","|move|p1a: ガブリアス|Stealth Rock|p2a: Stall","|-sidestart|p2: MrNyanNyanz|move: Stealth Rock","|","|turn|9","|","|move|p2a: Stall|Will-O-Wisp|p1a: ガブリアス","|-status|p1a: ガブリアス|brn","|move|p1a: ガブリアス|Dragon Tail|p2a: Stall","|-damage|p2a: Stall|248/304","|drag|p2a: Houndoom|Houndoom-Mega, F|128/291","|-damage|p2a: Houndoom|56/291|[from] Stealth Rock","|","|-damage|p1a: ガブリアス|230/420 brn|[from] brn","|turn|10","|","|move|p2a: Houndoom|Protect|p2a: Houndoom","|-singleturn|p2a: Houndoom|Protect","|move|p1a: ガブリアス|Dragon Tail|p2a: Houndoom","|-activate|p2a: Houndoom|Protect","|","|-damage|p1a: ガブリアス|178/420 brn|[from] brn","|turn|11","|","|move|p2a: Houndoom|Dark Pulse|p1a: ガブリアス","|-damage|p1a: ガブリアス|16/420 brn","|move|p1a: ガブリアス|Dragon Tail|p2a: Houndoom","|-damage|p2a: Houndoom|10/291","|drag|p2a: Mandibuzz|Mandibuzz, F|423/423","|-damage|p2a: Mandibuzz|318/423|[from] Stealth Rock","|","|-damage|p1a: ガブリアス|0 fnt|[from] brn","|faint|p1a: ガブリアス","|","|switch|p1a: キュレム|Kyurem-Black, shiny|391/391","|-ability|p1a: キュレム|Teravolt","|turn|12","|","|switch|p2a: Houndoom|Houndoom-Mega, F|10/291","|-damage|p2a: Houndoom|0 fnt|[from] Stealth Rock","|faint|p2a: Houndoom","|move|p1a: キュレム|Ice Beam|p2: Houndoom|[notarget]","|-notarget","|","|","|switch|p2a: 2Sharp|Bisharp, F, shiny|83/271","|-damage|p2a: 2Sharp|67/271|[from] Stealth Rock","|turn|13","|","|switch|p1a: ボーマンダ|Salamence, F|331/331","|move|p2a: 2Sharp|Iron Head|p1a: ボーマンダ","|-damage|p1a: ボーマンダ|160/331","|","|turn|14","|","|switch|p2a: Mandibuzz|Mandibuzz, F|318/423","|-damage|p2a: Mandibuzz|213/423|[from] Stealth Rock","|move|p1a: ボーマンダ|Outrage|p2a: Mandibuzz","|-damage|p2a: Mandibuzz|66/423","|-damage|p1a: ボーマンダ|105/331|[from] item: Rocky Helmet|[of] p2a: Mandibuzz","|","|turn|15","|","|move|p1a: ボーマンダ|Outrage|p2a: Mandibuzz|[from]lockedmove","|-damage|p2a: Mandibuzz|0 fnt","|-damage|p1a: ボーマンダ|50/331|[from] item: Rocky Helmet|[of] p2a: Mandibuzz","|faint|p2a: Mandibuzz","|-boost|p1a: ボーマンダ|atk|1|[from] ability: Moxie","|","|","|switch|p2a: Stall|Sableye, F, shiny|248/304","|-damage|p2a: Stall|210/304|[from] Stealth Rock","|turn|16","|","|move|p2a: Stall|Will-O-Wisp|p1a: ボーマンダ","|-status|p1a: ボーマンダ|brn","|move|p1a: ボーマンダ|Outrage|p2a: Stall|[from]lockedmove","|-damage|p2a: Stall|17/304","|-start|p1a: ボーマンダ|confusion|[fatigue]","|","|-heal|p2a: Stall|36/304|[from] item: Leftovers","|-damage|p1a: ボーマンダ|9/331 brn|[from] brn","|turn|17","|","|move|p2a: Stall|Recover|p2a: Stall","|-heal|p2a: Stall|188/304","|-activate|p1a: ボーマンダ|confusion","|-damage|p1a: ボーマンダ|0 fnt|[from] confusion","|faint|p1a: ボーマンダ","|","|-heal|p2a: Stall|207/304|[from] item: Leftovers","|","|switch|p1a: キュレム|Kyurem-Black, shiny|391/391","|-ability|p1a: キュレム|Teravolt","|turn|18","|","|move|p2a: Stall|Will-O-Wisp|p1a: キュレム","|-status|p1a: キュレム|brn","|move|p1a: キュレム|Ice Beam|p2a: Stall","|-damage|p2a: Stall|19/304","|-damage|p1a: キュレム|352/391 brn|[from] item: Life Orb","|","|-heal|p2a: Stall|38/304|[from] item: Leftovers","|-damage|p1a: キュレム|304/391 brn|[from] brn","|turn|19","|","|move|p2a: Stall|Recover|p2a: Stall","|-heal|p2a: Stall|190/304","|move|p1a: キュレム|Ice Beam|p2a: Stall","|-damage|p2a: Stall|2/304","|-damage|p1a: キュレム|265/391 brn|[from] item: Life Orb","|","|-heal|p2a: Stall|21/304|[from] item: Leftovers","|-damage|p1a: キュレム|217/391 brn|[from] brn","|turn|20","|","|move|p2a: Stall|Recover|p2a: Stall","|-heal|p2a: Stall|173/304","|move|p1a: キュレム|Ice Beam|p2a: Stall","|-damage|p2a: Stall|1/304","|-status|p2a: Stall|frz","|-damage|p1a: キュレム|178/391 brn|[from] item: Life Orb","|","|-heal|p2a: Stall|20/304 frz|[from] item: Leftovers","|-damage|p1a: キュレム|130/391 brn|[from] brn","|turn|21","|","|switch|p1a: チルタリス|Altaria, F|338/338","|-curestatus|p2a: Stall|frz","|move|p2a: Stall|Recover|p2a: Stall","|-heal|p2a: Stall|172/304","|","|-heal|p2a: Stall|191/304|[from] item: Leftovers","|turn|22","|","|switch|p1a: キュレム|Kyurem-Black, shiny|130/391 brn","|-ability|p1a: キュレム|Teravolt","|move|p2a: Stall|Will-O-Wisp|p1a: キュレム","|-fail|p1a: キュレム|brn","|","|-heal|p2a: Stall|210/304|[from] item: Leftovers","|-damage|p1a: キュレム|82/391 brn|[from] brn","|turn|23","|","|move|p2a: Stall|Recover|p2a: Stall","|-heal|p2a: Stall|304/304","|move|p1a: キュレム|Ice Beam|p2a: Stall","|-damage|p2a: Stall|139/304","|-damage|p1a: キュレム|43/391 brn|[from] item: Life Orb","|","|-heal|p2a: Stall|158/304|[from] item: Leftovers","|-damage|p1a: キュレム|0 fnt|[from] brn","|faint|p1a: キュレム","|","|switch|p1a: オンバーン|Noivern, M|311/311","|turn|24","|","|move|p2a: Stall|Toxic|p1a: オンバーン","|-status|p1a: オンバーン|tox","|move|p1a: オンバーン|Hurricane|p2a: Stall","|-damage|p2a: Stall|13/304","|","|-heal|p2a: Stall|32/304|[from] item: Leftovers","|-damage|p1a: オンバーン|292/311 tox|[from] psn","|turn|25","|","|move|p2a: Stall|Recover|p2a: Stall","|-heal|p2a: Stall|184/304","|move|p1a: オンバーン|Hurricane|p2a: Stall|[miss]","|-miss|p1a: オンバーン|p2a: Stall","|","|-heal|p2a: Stall|203/304|[from] item: Leftovers","|-damage|p1a: オンバーン|254/311 tox|[from] psn","|turn|26","|","|move|p2a: Stall|Recover|p2a: Stall","|-heal|p2a: Stall|304/304","|move|p1a: オンバーン|Hurricane|p2a: Stall","|-damage|p2a: Stall|157/304","|-start|p2a: Stall|confusion","|","|-heal|p2a: Stall|176/304|[from] item: Leftovers","|-damage|p1a: オンバーン|197/311 tox|[from] psn","|turn|27","|","|switch|p1a: チルタリス|Altaria, F|338/338","|-activate|p2a: Stall|confusion","|move|p2a: Stall|Recover|p2a: Stall","|-heal|p2a: Stall|304/304","|","|turn|28","|","|-activate|p2a: Stall|confusion","|-damage|p2a: Stall|274/304|[from] confusion","|move|p1a: チルタリス|Dragon Dance|p1a: チルタリス","|-boost|p1a: チルタリス|atk|1","|-boost|p1a: チルタリス|spe|1","|","|-heal|p2a: Stall|293/304|[from] item: Leftovers","|turn|29","|","|detailschange|p1a: チルタリス|Altaria-Mega, F","|-mega|p1a: チルタリス|Altaria|Altarianite","|-activate|p2a: Stall|confusion","|move|p2a: Stall|Will-O-Wisp|p1a: チルタリス","|-status|p1a: チルタリス|brn","|move|p1a: チルタリス|Frustration|p2a: Stall","|-supereffective|p2a: Stall","|-damage|p2a: Stall|0 fnt","|faint|p2a: Stall","|","|-damage|p1a: チルタリス|296/338 brn|[from] brn","|","|switch|p2a: Nyxia|Liepard, M|269/269","|-damage|p2a: Nyxia|236/269|[from] Stealth Rock","|turn|30","|","|move|p2a: Nyxia|Assist|p2a: Nyxia","|move|p2a: Nyxia|Iron Head|p1a: チルタリス|[from]Assist","|-supereffective|p1a: チルタリス","|-damage|p1a: チルタリス|184/338 brn","|move|p1a: チルタリス|Frustration|p2a: Nyxia","|-supereffective|p2a: Nyxia","|-damage|p2a: Nyxia|0 fnt","|faint|p2a: Nyxia","|","|-damage|p1a: チルタリス|142/338 brn|[from] brn","|","|switch|p2a: 2Sharp|Bisharp, F, shiny|67/271","|-damage|p2a: 2Sharp|51/271|[from] Stealth Rock","|turn|31","|","|move|p2a: 2Sharp|Sucker Punch|p1a: チルタリス","|-fail|p2a: 2Sharp","|move|p1a: チルタリス|Roost|p1a: チルタリス","|-heal|p1a: チルタリス|311/338 brn","|","|-damage|p1a: チルタリス|269/338 brn|[from] brn","|turn|32","|","|move|p2a: 2Sharp|Sucker Punch|p1a: チルタリス","|-resisted|p1a: チルタリス","|-damage|p1a: チルタリス|210/338 brn","|move|p1a: チルタリス|Earthquake|p2a: 2Sharp","|-crit|p2a: 2Sharp","|-supereffective|p2a: 2Sharp","|-damage|p2a: 2Sharp|0 fnt","|faint|p2a: 2Sharp","|","|win|Inferno Ace"],"p1rating":{"entryid":"7316925","serverid":"eos","formatid":"monotype","userid":"infernoace","username":"Inferno Ace","w":8,"l":"3","t":"0","gxe":62,"r":"1635.126201012","rd":"102.35984437234","sigma":"0","rptime":"1438592400","rpr":1595.0360755949,"rprd":85.499409401305,"rpsigma":"0","acre":1147.6881080269,"lacre":1147.6881080269,"oldacre":"1122.7593672851"},"p2rating":{"entryid":"6703862","serverid":"eos","formatid":"monotype","userid":"mrnyannyanz","username":"MrNyanNyanz","w":"37","l":30,"t":"0","gxe":53.7,"r":"1538.8037937295","rd":"47.610146032348","sigma":"0","rptime":"1438592400","rpr":1528.377484211,"rprd":43.915844871455,"rpsigma":"0","acre":1096.8403037773,"lacre":1096.8403037773,"oldacre":"1121.7690445191"},"endType":"normal"}