{"seed":[58469,40269,13531,61399],"turns":18,"p1":"Doctor Glumanda","p2":"Guard Darkrai","p1team":[{"name":"Torkoal","species":"Torkoal","item":"leftovers","ability":"Shell Armor","moves":["stealthrock","rapidspin","yawn","lavaplume"],"nature":"Bold","evs":{"hp":252,"atk":0,"def":252,"spa":0,"spd":4,"spe":0},"ivs":{"hp":31,"atk":0,"def":31,"spa":31,"spd":31,"spe":31}},{"name":"Entei","species":"Entei","item":"lifeorb","ability":"Pressure","moves":["sacredfire","extremespeed","stoneedge","ironhead"],"nature":"Adamant","evs":{"hp":0,"atk":252,"def":0,"spa":0,"spd":4,"spe":252},"shiny":true,"ivs":{"hp":31,"atk":31,"def":31,"spa":31,"spd":31,"spe":31}},{"name":"Charizard","species":"Charizard","item":"charizarditey","ability":"Blaze","moves":["fireblast","airslash","roost","solarbeam"],"nature":"Timid","evs":{"hp":0,"atk":0,"def":0,"spa":252,"spd":4,"spe":252},"ivs":{"hp":31,"atk":0,"def":31,"spa":31,"spd":31,"spe":31},"shiny":true},{"name":"Darmanitan","species":"Darmanitan","item":"choicescarf","ability":"Sheer Force","moves":["flareblitz","superpower","rockslide","uturn"],"nature":"Jolly","evs":{"hp":0,"atk":252,"def":0,"spa":0,"spd":4,"spe":252},"ivs":{"hp":31,"atk":31,"def":31,"spa":31,"spd":31,"spe":31}},{"name":"Heatran","species":"Heatran","item":"airballoon","ability":"Flash Fire","moves":["lavaplume","earthpower","toxic","flashcannon"],"nature":"Calm","evs":{"hp":248,"atk":0,"def":0,"spa":8,"spd":252,"spe":0},"ivs":{"hp":31,"atk":0,"def":31,"spa":31,"spd":31,"spe":31}},{"name":"Rotom-Heat","species":"Rotom-Heat","item":"choicescarf","ability":"Levitate","moves":["voltswitch","thunderbolt","overheat","hiddenpowerice"],"nature":"Timid","evs":{"hp":0,"atk":0,"def":0,"spa":252,"spd":4,"spe":252},"ivs":{"hp":31,"atk":0,"def":30,"spa":31,"spd":31,"spe":31}}],"p2team":[{"name":"Beedrill","species":"Beedrill","item":"beedrillite","ability":"Sniper","moves":["fellstinger","poisonjab","uturn","protect"],"nature":"Jolly","evs":{"hp":0,"atk":252,"def":0,"spa":0,"spd":4,"spe":252},"shiny":true,"ivs":{"hp":31,"atk":31,"def":31,"spa":31,"spd":31,"spe":31}},{"name":"Durant","species":"Durant","item":"lifeorb","ability":"Hustle","moves":["ironhead","xscissor","superpower","honeclaws"],"nature":"Jolly","evs":{"hp":0,"atk":252,"def":0,"spa":0,"spd":4,"spe":252},"shiny":true,"ivs":{"hp":31,"atk":31,"def":31,"spa":31,"spd":31,"spe":31}},{"name":"Venomoth","species":"Venomoth","item":"focussash","ability":"Wonder Skin","moves":["quiverdance","bugbuzz","sludgebomb","sleeppowder"],"nature":"Modest","evs":{"hp":0,"atk":0,"def":0,"spa":252,"spd":4,"spe":252},"shiny":true,"ivs":{"hp":31,"atk":31,"def":31,"spa":31,"spd":31,"spe":31}},{"name":"Shuckle","species":"Shuckle","item":"leftovers","ability":"Contrary","moves":["shellsmash","stickyweb","infestation","stealthrock"],"nature":"Modest","evs":{"hp":0,"atk":0,"def":0,"spa":252,"spd":4,"spe":252},"shiny":true,"ivs":{"hp":31,"atk":31,"def":31,"spa":31,"spd":31,"spe":31}},{"name":"Heracross","species":"Heracross","item":"choicescarf","ability":"Moxie","moves":["closecombat","stoneedge","megahorn","knockoff"],"nature":"Jolly","evs":{"hp":0,"atk":252,"def":0,"spa":0,"spd":4,"spe":252},"shiny":true,"ivs":{"hp":31,"atk":31,"def":31,"spa":31,"spd":31,"spe":31}},{"name":"Illumise","species":"Illumise","item":"leftovers","ability":"Prankster","moves":["thunderwave","encore","uturn","tailwind"],"nature":"Careful","evs":{"hp":252,"atk":0,"def":4,"spa":0,"spd":252,"spe":0},"shiny":true,"ivs":{"hp":31,"atk":31,"def":31,"spa":31,"spd":31,"spe":31}}],"log":["|player|p1|Doctor Glumanda|doctorglumanda.gif","|player|p2|Guard Darkrai|guarddarkrai.png","|gametype|singles","|gen|6","|tier|Monotype","|rated","|rule|Baton Pass Clause: Limit one Baton Passer, can't pass Spe and other stats simultaneously","|rule|Swagger Clause: Swagger is banned","|rule|Same Type Clause: Pokémon in a team must share a type","|clearpoke","|poke|p1|Torkoal, F","|poke|p1|Entei, shiny","|poke|p1|Charizard, M, shiny","|poke|p1|Darmanitan, M","|poke|p1|Heatran, F","|poke|p1|Rotom-Heat","|poke|p2|Beedrill, M, shiny","|poke|p2|Durant, F, shiny","|poke|p2|Venomoth, M, shiny","|poke|p2|Shuckle, F, shiny","|poke|p2|Heracross, M, shiny","|poke|p2|Illumise, F, shiny","|rule|Sleep Clause Mod: Limit one foe put to sleep","|rule|Species Clause: Limit one of each Pokémon","|rule|OHKO Clause: OHKO moves are banned","|rule|Moody Clause: Moody is banned","|rule|Evasion Moves Clause: Evasion moves are banned","|rule|Endless Battle Clause: Forcing endless battles is banned","|rule|HP Percentage Mod: HP is shown in percentages","|teampreview","|","|start","|switch|p1a: Rotom-Heat|Rotom-Heat|241/241","|switch|p2a: Shuckle|Shuckle, F, shiny|181/181","|turn|1","|","|move|p1a: Rotom-Heat|Volt Switch|p2a: Shuckle","|-damage|p2a: Shuckle|126/181","|","|switch|p1a: Torkoal|Torkoal, F|344/344","|move|p2a: Shuckle|Stealth Rock|p1a: Torkoal","|-sidestart|p1: Doctor Glumanda|move: Stealth Rock","|","|-heal|p2a: Shuckle|137/181|[from] item: Leftovers","|turn|2","|","|move|p2a: Shuckle|Sticky Web|p1a: Torkoal","|-sidestart|p1: Doctor Glumanda|move: Sticky Web","|move|p1a: Torkoal|Yawn|p2a: Shuckle","|-start|p2a: Shuckle|move: Yawn|[of] p1a: Torkoal","|","|-heal|p2a: Shuckle|148/181|[from] item: Leftovers","|turn|3","|","|move|p2a: Shuckle|Infestation|p1a: Torkoal","|-resisted|p1a: Torkoal","|-damage|p1a: Torkoal|335/344","|-activate|p1a: Torkoal|move: Infestation|[of] p2a: Shuckle","|move|p1a: Torkoal|Rapid Spin|p2a: Shuckle","|-resisted|p2a: Shuckle","|-damage|p2a: Shuckle|145/181","|-sideend|p1: Doctor Glumanda|Stealth Rock|[from] move: Rapid Spin|[of] p1a: Torkoal","|-sideend|p1: Doctor Glumanda|Sticky Web|[from] move: Rapid Spin|[of] p1a: Torkoal","|-end|p1a: Torkoal|Infestation|[partiallytrapped]","|","|-end|p2a: Shuckle|move: Yawn|[silent]","|-status|p2a: Shuckle|slp","|-heal|p2a: Shuckle|156/181 slp|[from] item: Leftovers","|-heal|p1a: Torkoal|344/344|[from] item: Leftovers","|turn|4","|","|cant|p2a: Shuckle|slp","|move|p1a: Torkoal|Stealth Rock|p2a: Shuckle","|-sidestart|p2: Guard Darkrai|move: Stealth Rock","|","|-heal|p2a: Shuckle|167/181 slp|[from] item: Leftovers","|turn|5","|","|switch|p2a: Illumise|Illumise, F, shiny|334/334","|-damage|p2a: Illumise|251/334|[from] Stealth Rock","|move|p1a: Torkoal|Yawn|p2a: Illumise","|-start|p2a: Illumise|move: Yawn|[of] p1a: Torkoal","|","|-heal|p2a: Illumise|271/334|[from] item: Leftovers","|turn|6","|","|move|p2a: Illumise|Encore|p1a: Torkoal","|-start|p1a: Torkoal|Encore","|move|p1a: Torkoal|Yawn|p2a: Illumise","|-fail|p2a: Illumise","|","|-end|p2a: Illumise|move: Yawn|[silent]","|-message|Sleep Clause Mod activated.","|-heal|p2a: Illumise|291/334|[from] item: Leftovers","|turn|7","|","|switch|p1a: Charizard|Charizard, M, shiny|297/297","|move|p2a: Illumise|Thunder Wave|p1a: Charizard","|-status|p1a: Charizard|par","|","|-heal|p2a: Illumise|311/334|[from] item: Leftovers","|turn|8","|","|detailschange|p1a: Charizard|Charizard-Mega-Y, M, shiny","|-mega|p1a: Charizard|Charizard|Charizardite Y","|-weather|SunnyDay","|move|p2a: Illumise|U-turn|p1a: Charizard","|-resisted|p1a: Charizard","|-damage|p1a: Charizard|285/297 par","|","|switch|p2a: Shuckle|Shuckle, F, shiny|167/181 slp","|-damage|p2a: Shuckle|122/181 slp|[from] Stealth Rock","|move|p1a: Charizard|Fire Blast|p2a: Shuckle","|-damage|p2a: Shuckle|0 fnt","|faint|p2a: Shuckle","|","|-weather|SunnyDay|[upkeep]","|","|switch|p2a: Heracross|Heracross, M, shiny|301/301","|-damage|p2a: Heracross|264/301|[from] Stealth Rock","|turn|9","|","|move|p2a: Heracross|Stone Edge|p1a: Charizard|[miss]","|-miss|p2a: Heracross|p1a: Charizard","|move|p1a: Charizard|Air Slash|p2a: Heracross","|-supereffective|p2a: Heracross","|-damage|p2a: Heracross|0 fnt","|faint|p2a: Heracross","|","|-weather|SunnyDay|[upkeep]","|","|switch|p2a: Durant|Durant, F, shiny|257/257","|-damage|p2a: Durant|225/257|[from] Stealth Rock","|turn|10","|","|switch|p1a: Torkoal|Torkoal, F|344/344","|move|p2a: Durant|Iron Head|p1a: Torkoal","|-resisted|p1a: Torkoal","|-damage|p1a: Torkoal|279/344","|-damage|p2a: Durant|200/257|[from] item: Life Orb","|","|-weather|SunnyDay|[upkeep]","|-heal|p1a: Torkoal|300/344|[from] item: Leftovers","|turn|11","|","|move|p2a: Durant|Hone Claws|p2a: Durant","|-boost|p2a: Durant|atk|1","|-boost|p2a: Durant|accuracy|1","|move|p1a: Torkoal|Lava Plume|p2a: Durant","|-supereffective|p2a: Durant","|-damage|p2a: Durant|0 fnt","|faint|p2a: Durant","|","|-weather|SunnyDay|[upkeep]","|-heal|p1a: Torkoal|321/344|[from] item: Leftovers","|","|switch|p2a: Venomoth|Venomoth, M, shiny|281/281","|-damage|p2a: Venomoth|211/281|[from] Stealth Rock","|turn|12","|","|move|p2a: Venomoth|Sleep Powder|p1a: Torkoal","|-status|p1a: Torkoal|slp","|cant|p1a: Torkoal|slp","|","|-weather|none","|-heal|p1a: Torkoal|342/344 slp|[from] item: Leftovers","|turn|13","|","|switch|p1a: Rotom-Heat|Rotom-Heat|241/241","|move|p2a: Venomoth|Quiver Dance|p2a: Venomoth","|-boost|p2a: Venomoth|spa|1","|-boost|p2a: Venomoth|spd|1","|-boost|p2a: Venomoth|spe|1","|","|turn|14","|","|move|p1a: Rotom-Heat|Overheat|p2a: Venomoth|[miss]","|-miss|p1a: Rotom-Heat|p2a: Venomoth","|move|p2a: Venomoth|Sludge Bomb|p1a: Rotom-Heat","|-damage|p1a: Rotom-Heat|45/241","|-status|p1a: Rotom-Heat|psn","|","|-damage|p1a: Rotom-Heat|15/241 psn|[from] psn","|turn|15","|","|move|p1a: Rotom-Heat|Overheat|p2a: Venomoth","|-supereffective|p2a: Venomoth","|-damage|p2a: Venomoth|0 fnt","|-unboost|p1a: Rotom-Heat|spa|2","|faint|p2a: Venomoth","|","|-damage|p1a: Rotom-Heat|0 fnt|[from] psn","|faint|p1a: Rotom-Heat","|","|switch|p1a: Darmanitan|Darmanitan, M|351/351","|switch|p2a: Beedrill|Beedrill, M, shiny|271/271","|-damage|p2a: Beedrill|204/271|[from] Stealth Rock","|turn|16","|","|detailschange|p2a: Beedrill|Beedrill-Mega, M, shiny","|-mega|p2a: Beedrill|Beedrill|Beedrillite","|move|p2a: Beedrill|Protect|p2a: Beedrill","|-singleturn|p2a: Beedrill|Protect","|move|p1a: Darmanitan|Rock Slide|p2a: Beedrill","|-activate|p2a: Beedrill|Protect","|","|turn|17","|","|move|p1a: Darmanitan|Rock Slide|p2a: Beedrill","|-supereffective|p2a: Beedrill","|-damage|p2a: Beedrill|0 fnt","|faint|p2a: Beedrill","|","|","|switch|p2a: Illumise|Illumise, F, shiny|311/334","|-damage|p2a: Illumise|228/334|[from] Stealth Rock","|turn|18","|","|move|p2a: Illumise|Thunder Wave|p1a: Darmanitan","|-status|p1a: Darmanitan|par","|move|p1a: Darmanitan|Rock Slide|p2a: Illumise","|-supereffective|p2a: Illumise","|-damage|p2a: Illumise|0 fnt","|faint|p2a: Illumise","|","|win|Doctor Glumanda"],"p1rating":{"entryid":"6022760","serverid":"eos","formatid":"monotype","userid":"doctorglumanda","username":"Doctor Glumanda","w":2,"l":"0","t":"0","gxe":58.6,"r":"1530.469160598","rd":132.73268090877,"sigma":"0","rptime":1438592400,"rpr":1569.2967840365,"rprd":124.22589582357,"rpsigma":"0","acre":1083.4652745752,"lacre":1083.4652745752,"oldacre":"1040"},"p2rating":{"entryid":"6034648","serverid":"eos","formatid":"monotype","userid":"guarddarkrai","username":"Guard Darkrai","w":"57","l":61,"t":"0","gxe":48.8,"r":"1488.6159366829","rd":"39.621397946879","sigma":"0","rptime":"1438592400","rpr":1491.0339563061,"rprd":36.032011436088,"rpsigma":"0","acre":1107.3847294549,"lacre":1107.3847294549,"oldacre":"1139.344490172"},"endType":"normal"}