{"seed":[8064,30299,7747,11619],"turns":26,"p1":"Traine✘ Chief","p2":"Sovereign♕Cactus","p1team":[{"name":"Ninetales","species":"Ninetales","item":"heatrock","ability":"Drought","moves":["solarbeam","fireblast","psyshock","darkpulse"],"nature":"Timid","evs":{"hp":0,"atk":0,"def":0,"spa":252,"spd":4,"spe":252},"ivs":{"hp":31,"atk":31,"def":31,"spa":31,"spd":31,"spe":31}},{"name":"Charizard","species":"Charizard","item":"charizarditex","ability":"Solar Power","moves":["fireblast","flamecharge","airslash","focusblast"],"nature":"Timid","evs":{"hp":4,"atk":0,"def":0,"spa":252,"spd":0,"spe":252},"ivs":{"hp":31,"atk":31,"def":31,"spa":31,"spd":31,"spe":31}},{"name":"Rotom-Heat","species":"Rotom-Heat","item":"leftovers","ability":"Levitate","moves":["thunderbolt","willowisp","voltswitch","thunderwave"],"nature":"Calm","evs":{"hp":248,"atk":0,"def":0,"spa":8,"spd":252,"spe":0},"ivs":{"hp":31,"atk":31,"def":31,"spa":31,"spd":31,"spe":31}},{"name":"Chandelure","species":"Chandelure","item":"choicescarf","ability":"Infiltrator","moves":["energyball","flamethrower","shadowball","trick"],"nature":"Timid","evs":{"hp":0,"atk":0,"def":0,"spa":252,"spd":4,"spe":252},"ivs":{"hp":31,"atk":31,"def":31,"spa":31,"spd":31,"spe":31}},{"name":"Heatran","species":"Heatran","item":"leftovers","ability":"Flash Fire","moves":["solarbeam","flamecharge","eruption","flashcannon"],"nature":"Quiet","evs":{"hp":252,"atk":4,"def":0,"spa":252,"spd":0,"spe":0},"ivs":{"hp":31,"atk":31,"def":31,"spa":31,"spd":31,"spe":31}},{"name":"Darmanitan","species":"Darmanitan","item":"lifeorb","ability":"Zen Mode","moves":["zenheadbutt","flamecharge","earthquake","flareblitz"],"nature":"Adamant","evs":{"hp":0,"atk":252,"def":0,"spa":0,"spd":4,"spe":252},"ivs":{"hp":31,"atk":31,"def":31,"spa":31,"spd":31,"spe":31}}],"p2team":[{"name":"My Little Ponyta","species":"keldeo","item":"leftovers","ability":"Justified","moves":["calmmind","secretsword","scald","substitute"],"nature":"Timid","evs":{"hp":0,"atk":0,"def":0,"spa":252,"spd":4,"spe":252},"ivs":{"hp":31,"atk":31,"def":31,"spa":31,"spd":31,"spe":31}},{"name":"StarOnStarAction","species":"starmie","item":"lifeorb","ability":"Natural Cure","moves":["hydropump","icebeam","psychic","recover"],"nature":"Timid","evs":{"hp":0,"atk":0,"def":0,"spa":252,"spd":4,"spe":252},"shiny":true,"ivs":{"hp":31,"atk":31,"def":31,"spa":31,"spd":31,"spe":31}},{"name":"Pistachios","species":"jellicent","item":"leftovers","ability":"Cursed Body","moves":["nightshade","recover","toxic","taunt"],"nature":"Calm","evs":{"hp":252,"atk":0,"def":4,"spa":0,"spd":252,"spe":0},"gender":"M","shiny":true,"ivs":{"hp":31,"atk":31,"def":31,"spa":31,"spd":31,"spe":31}},{"name":"Pink Lover","species":"swampert","item":"leftovers","ability":"Torrent","moves":["earthquake","icepunch","scald","stealthrock"],"nature":"Relaxed","evs":{"hp":252,"atk":4,"def":252,"spa":0,"spd":0,"spe":0},"gender":"F","shiny":true,"ivs":{"hp":31,"atk":31,"def":31,"spa":31,"spd":31,"spe":31}},{"name":"Mulan","species":"gyarados","item":"gyaradosite","ability":"Intimidate","moves":["dragondance","crunch","earthquake","waterfall"],"nature":"Jolly","evs":{"hp":88,"atk":252,"def":0,"spa":0,"spd":0,"spe":168},"gender":"M","shiny":true,"ivs":{"hp":31,"atk":31,"def":31,"spa":31,"spd":31,"spe":31}},{"name":"Butters","species":"azumarill","item":"choiceband","ability":"Sap Sipper","moves":["playrough","waterfall","knockoff","aquajet"],"nature":"Adamant","evs":{"hp":92,"atk":252,"def":0,"spa":0,"spd":0,"spe":164},"shiny":true,"ivs":{"hp":31,"atk":31,"def":31,"spa":31,"spd":31,"spe":31}}],"log":["|player|p1|Traine✘ Chief|127","|player|p2|Sovereign♕Cactus|251","|gametype|singles","|gen|6","|tier|Monotype","|rated","|rule|Baton Pass Clause: Limit one Baton Passer, can't pass Spe and other stats simultaneously","|rule|Swagger Clause: Swagger is banned","|rule|Same Type Clause: Pokémon in a team must share a type","|clearpoke","|poke|p1|Ninetales, F","|poke|p1|Charizard, M","|poke|p1|Rotom-Heat","|poke|p1|Chandelure, F","|poke|p1|Heatran, M","|poke|p1|Darmanitan, M","|poke|p2|Keldeo","|poke|p2|Starmie, shiny","|poke|p2|Jellicent, M, shiny","|poke|p2|Swampert, F, shiny","|poke|p2|Gyarados, M, shiny","|poke|p2|Azumarill, M, shiny","|rule|Sleep Clause Mod: Limit one foe put to sleep","|rule|Species Clause: Limit one of each Pokémon","|rule|OHKO Clause: OHKO moves are banned","|rule|Moody Clause: Moody is banned","|rule|Evasion Moves Clause: Evasion moves are banned","|rule|Endless Battle Clause: Forcing endless battles is banned","|rule|HP Percentage Mod: HP is shown in percentages","|teampreview","|","|start","|switch|p1a: Ninetales|Ninetales, F|287/287","|switch|p2a: Pink Lover|Swampert, F, shiny|404/404","|-weather|SunnyDay","|turn|1","|","|move|p1a: Ninetales|Solar Beam|p2a: Pink Lover|[still]","|-prepare|p1a: Ninetales|Solar Beam|p2a: Pink Lover","|-anim|p1a: Ninetales|Solar Beam|p2a: Pink Lover","|-supereffective|p2a: Pink Lover","|-damage|p2a: Pink Lover|0 fnt","|faint|p2a: Pink Lover","|","|-weather|SunnyDay|[upkeep]","|","|switch|p2a: Butters|Azumarill, M, shiny|364/364","|turn|2","|","|move|p1a: Ninetales|Psyshock|p2a: Butters","|-damage|p2a: Butters|278/364","|move|p2a: Butters|Knock Off|p1a: Ninetales","|-damage|p1a: Ninetales|164/287","|-enditem|p1a: Ninetales|Heat Rock|[from] move: Knock Off|[of] p2a: Butters","|","|-weather|SunnyDay|[upkeep]","|turn|3","|","|switch|p2a: StarOnStarAction|Starmie, shiny|261/261","|move|p1a: Ninetales|Fire Blast|p2a: StarOnStarAction","|-resisted|p2a: StarOnStarAction","|-damage|p2a: StarOnStarAction|148/261","|","|-weather|SunnyDay|[upkeep]","|turn|4","|","|move|p2a: StarOnStarAction|Psychic|p1a: Ninetales","|-damage|p1a: Ninetales|0 fnt","|-damage|p2a: StarOnStarAction|122/261|[from] item: Life Orb","|faint|p1a: Ninetales","|","|-weather|SunnyDay|[upkeep]","|","|switch|p1a: Chandelure|Chandelure, F|261/261","|turn|5","|","|switch|p2a: Mulan|Gyarados, M, shiny|353/353","|-ability|p2a: Mulan|Intimidate","|-unboost|p1a: Chandelure|atk|1","|move|p1a: Chandelure|Shadow Ball|p2a: Mulan","|-damage|p2a: Mulan|202/353","|","|-weather|SunnyDay|[upkeep]","|turn|6","|","|switch|p1a: Darmanitan|Darmanitan, M|351/351","|detailschange|p2a: Mulan|Gyarados-Mega, M, shiny","|-mega|p2a: Mulan|Gyarados|Gyaradosite","|-ability|p2a: Mulan|Mold Breaker","|move|p2a: Mulan|Crunch|p1a: Darmanitan","|-damage|p1a: Darmanitan|98/351","|","|-weather|SunnyDay|[upkeep]","|-formechange|p1a: Darmanitan|Darmanitan-Zen","|turn|7","|","|move|p2a: Mulan|Crunch|p1a: Darmanitan","|-supereffective|p1a: Darmanitan","|-damage|p1a: Darmanitan|0 fnt","|faint|p1a: Darmanitan","|","|-weather|SunnyDay|[upkeep]","|","|switch|p1a: Chandelure|Chandelure, F|261/261","|turn|8","|","|move|p1a: Chandelure|Energy Ball|p2a: Mulan","|-supereffective|p2a: Mulan","|-damage|p2a: Mulan|16/353","|move|p2a: Mulan|Crunch|p1a: Chandelure","|-supereffective|p1a: Chandelure","|-damage|p1a: Chandelure|0 fnt","|faint|p1a: Chandelure","|","|-weather|none","|","|switch|p1a: Charizard|Charizard, M|298/298","|turn|9","|","|detailschange|p1a: Charizard|Charizard-Mega-X, M","|-mega|p1a: Charizard|Charizard|Charizardite X","|move|p1a: Charizard|Flame Charge|p2a: Mulan","|-resisted|p2a: Mulan","|-damage|p2a: Mulan|0 fnt","|-boost|p1a: Charizard|spe|1","|faint|p2a: Mulan","|","|","|switch|p2a: Butters|Azumarill, M, shiny|278/364","|turn|10","|","|move|p2a: Butters|Aqua Jet|p1a: Charizard","|-damage|p1a: Charizard|241/298","|move|p1a: Charizard|Air Slash|p2a: Butters","|-damage|p2a: Butters|174/364","|","|turn|11","|","|move|p2a: Butters|Aqua Jet|p1a: Charizard","|-damage|p1a: Charizard|181/298","|move|p1a: Charizard|Air Slash|p2a: Butters","|-damage|p2a: Butters|72/364","|","|turn|12","|","|move|p2a: Butters|Aqua Jet|p1a: Charizard","|-damage|p1a: Charizard|117/298","|move|p1a: Charizard|Air Slash|p2a: Butters","|-damage|p2a: Butters|0 fnt","|faint|p2a: Butters","|","|","|switch|p2a: Pistachios|Jellicent, M, shiny|404/404","|turn|13","|","|move|p1a: Charizard|Air Slash|p2a: Pistachios","|-damage|p2a: Pistachios|339/404","|cant|p2a: Pistachios|flinch","|","|-heal|p2a: Pistachios|364/404|[from] item: Leftovers","|turn|14","|","|move|p1a: Charizard|Air Slash|p2a: Pistachios","|-damage|p2a: Pistachios|299/404","|-start|p1a: Charizard|Disable|Air Slash","|move|p2a: Pistachios|Toxic|p1a: Charizard","|-status|p1a: Charizard|tox","|","|-heal|p2a: Pistachios|324/404|[from] item: Leftovers","|-damage|p1a: Charizard|99/298 tox|[from] psn","|turn|15","|","|move|p1a: Charizard|Fire Blast|p2a: Pistachios","|-resisted|p2a: Pistachios","|-damage|p2a: Pistachios|255/404","|move|p2a: Pistachios|Recover|p2a: Pistachios","|-heal|p2a: Pistachios|404/404","|","|-damage|p1a: Charizard|63/298 tox|[from] psn","|turn|16","|","|move|p1a: Charizard|Fire Blast|p2a: Pistachios","|-resisted|p2a: Pistachios","|-damage|p2a: Pistachios|335/404","|move|p2a: Pistachios|Night Shade|p1a: Charizard","|-damage|p1a: Charizard|0 fnt","|faint|p1a: Charizard","|","|-heal|p2a: Pistachios|360/404|[from] item: Leftovers","|","|switch|p1a: Rotom-Heat|Rotom-Heat|303/303","|turn|17","|","|move|p1a: Rotom-Heat|Thunderbolt|p2a: Pistachios","|-supereffective|p2a: Pistachios","|-damage|p2a: Pistachios|198/404","|move|p2a: Pistachios|Toxic|p1a: Rotom-Heat","|-status|p1a: Rotom-Heat|tox","|","|-heal|p2a: Pistachios|223/404|[from] item: Leftovers","|-damage|p1a: Rotom-Heat|285/303 tox|[from] psn","|turn|18","|","|move|p1a: Rotom-Heat|Thunder Wave|p2a: Pistachios","|-status|p2a: Pistachios|par","|move|p2a: Pistachios|Night Shade|p1a: Rotom-Heat","|-damage|p1a: Rotom-Heat|185/303 tox","|","|-heal|p1a: Rotom-Heat|203/303 tox|[from] item: Leftovers","|-heal|p2a: Pistachios|248/404 par|[from] item: Leftovers","|-damage|p1a: Rotom-Heat|167/303 tox|[from] psn","|turn|19","|","|move|p1a: Rotom-Heat|Volt Switch|p2a: Pistachios","|-supereffective|p2a: Pistachios","|-damage|p2a: Pistachios|120/404 par","|","|switch|p1a: Heatran|Heatran, M|386/386","|move|p2a: Pistachios|Night Shade|p1a: Heatran","|-damage|p1a: Heatran|286/386","|","|-heal|p1a: Heatran|310/386|[from] item: Leftovers","|-heal|p2a: Pistachios|145/404 par|[from] item: Leftovers","|turn|20","|","|move|p1a: Heatran|Flame Charge|p2a: Pistachios","|-resisted|p2a: Pistachios","|-damage|p2a: Pistachios|112/404 par","|-start|p1a: Heatran|Disable|Flame Charge","|-boost|p1a: Heatran|spe|1","|cant|p2a: Pistachios|par","|","|-heal|p1a: Heatran|334/386|[from] item: Leftovers","|-heal|p2a: Pistachios|137/404 par|[from] item: Leftovers","|turn|21","|","|move|p1a: Heatran|Eruption|p2a: Pistachios","|-resisted|p2a: Pistachios","|-damage|p2a: Pistachios|57/404 par","|move|p2a: Pistachios|Night Shade|p1a: Heatran","|-damage|p1a: Heatran|234/386","|","|-heal|p1a: Heatran|258/386|[from] item: Leftovers","|-heal|p2a: Pistachios|82/404 par|[from] item: Leftovers","|turn|22","|","|move|p1a: Heatran|Eruption|p2a: Pistachios","|-resisted|p2a: Pistachios","|-damage|p2a: Pistachios|10/404 par","|move|p2a: Pistachios|Night Shade|p1a: Heatran","|-damage|p1a: Heatran|158/386","|","|-heal|p1a: Heatran|182/386|[from] item: Leftovers","|-heal|p2a: Pistachios|35/404 par|[from] item: Leftovers","|turn|23","|","|move|p1a: Heatran|Eruption|p2a: Pistachios","|-resisted|p2a: Pistachios","|-damage|p2a: Pistachios|0 fnt","|faint|p2a: Pistachios","|","|-heal|p1a: Heatran|206/386|[from] item: Leftovers","|","|switch|p2a: StarOnStarAction|Starmie, shiny|122/261","|turn|24","|","|move|p2a: StarOnStarAction|Hydro Pump|p1a: Heatran","|-supereffective|p1a: Heatran","|-damage|p1a: Heatran|0 fnt","|-damage|p2a: StarOnStarAction|96/261|[from] item: Life Orb","|faint|p1a: Heatran","|","|","|switch|p1a: Rotom-Heat|Rotom-Heat|167/303 tox","|turn|25","|","|move|p2a: StarOnStarAction|Hydro Pump|p1a: Rotom-Heat|[miss]","|-miss|p2a: StarOnStarAction|p1a: Rotom-Heat","|move|p1a: Rotom-Heat|Thunderbolt|p2a: StarOnStarAction","|-supereffective|p2a: StarOnStarAction","|-damage|p2a: StarOnStarAction|0 fnt","|faint|p2a: StarOnStarAction","|","|-heal|p1a: Rotom-Heat|185/303 tox|[from] item: Leftovers","|-damage|p1a: Rotom-Heat|167/303 tox|[from] psn","|","|switch|p2a: My Little Ponyta|Keldeo|323/323","|turn|26","|","|move|p2a: My Little Ponyta|Scald|p1a: Rotom-Heat","|-supereffective|p1a: Rotom-Heat","|-damage|p1a: Rotom-Heat|0 fnt","|faint|p1a: Rotom-Heat","|","|win|Sovereign♕Cactus"],"p1rating":{"entryid":"7268014","serverid":"eos","formatid":"monotype","userid":"trainechief","username":"Traine✘ Chief","w":"20","l":13,"t":"0","gxe":57.2,"r":"1552.7531386711","rd":"64.45599173542","sigma":"0","rptime":"1438592400","rpr":1555.6087430171,"rprd":58.340998652185,"rpsigma":"0","acre":1185.0008792472,"lacre":1185.0008792472,"oldacre":"1217.8372545095"},"p2rating":{"entryid":"6867552","serverid":"eos","formatid":"monotype","userid":"sovereigncactus","username":"Sovereign♕Cactus","w":70,"l":"84","t":"0","gxe":45.1,"r":"1456.4259544297","rd":"30.025299364035","sigma":"0","rptime":"1438592400","rpr":1462.9566629149,"rprd":29.429610162183,"rpsigma":"0","acre":1137.9751499246,"lacre":1137.9751499246,"oldacre":"1105.1387746623"},"endType":"normal"}