{"seed":[39870,60740,60976,53847],"turns":25,"p1":"Guard Wulf","p2":"CaneParadox","p1team":[{"name":"Camerupt","species":"Camerupt","item":"cameruptite","ability":"Solid Rock","moves":["ancientpower","fireblast","earthpower","protect"],"nature":"Modest","evs":{"hp":248,"atk":0,"def":0,"spa":252,"spd":8,"spe":0},"ivs":{"hp":31,"atk":31,"def":31,"spa":31,"spd":31,"spe":31}},{"name":"Seismitoad","species":"Seismitoad","item":"leftovers","ability":"Water Absorb","moves":["scald","knockoff","icepunch","drainpunch"],"nature":"Sassy","evs":{"hp":232,"atk":16,"def":0,"spa":8,"spd":252,"spe":0},"ivs":{"hp":31,"atk":31,"def":31,"spa":31,"spd":31,"spe":31}},{"name":"Landorus","species":"Landorus","item":"lifeorb","ability":"Sheer Force","moves":["earthpower","grassknot","psychic","sludgewave"],"nature":"Timid","evs":{"hp":0,"atk":0,"def":0,"spa":252,"spd":4,"spe":252},"ivs":{"hp":31,"atk":31,"def":31,"spa":31,"spd":31,"spe":31}},{"name":"Mamoswine","species":"Mamoswine","item":"focussash","ability":"Thick Fat","moves":["stealthrock","endeavor","iciclecrash","iceshard"],"nature":"Impish","evs":{"hp":0,"atk":32,"def":252,"spa":0,"spd":0,"spe":224},"ivs":{"hp":31,"atk":31,"def":31,"spa":31,"spd":31,"spe":31}},{"name":"Garchomp","species":"Garchomp","item":"choicescarf","ability":"Rough Skin","moves":["outrage","fireblast","earthquake","stoneedge"],"nature":"Naive","evs":{"hp":0,"atk":220,"def":0,"spa":36,"spd":0,"spe":252},"ivs":{"hp":31,"atk":31,"def":31,"spa":31,"spd":31,"spe":31}},{"name":"Gliscor","species":"Gliscor","item":"toxicorb","ability":"Poison Heal","moves":["swordsdance","earthquake","facade","roost"],"nature":"Careful","evs":{"hp":244,"atk":0,"def":8,"spa":0,"spd":200,"spe":56},"ivs":{"hp":31,"atk":31,"def":31,"spa":31,"spd":31,"spe":31}}],"p2team":[{"name":"Venusaur","species":"Venusaur","item":"venusaurite","ability":"Overgrow","moves":["leechseed","earthquake","sludgebomb","synthesis"],"nature":"Gentle","evs":{"hp":248,"atk":8,"def":0,"spa":0,"spd":252,"spe":0},"ivs":{"hp":31,"atk":31,"def":31,"spa":31,"spd":31,"spe":31}},{"name":"Toxicroak","species":"Toxicroak","item":"assaultvest","ability":"Dry Skin","moves":["bulletpunch","drainpunch","fakeout","suckerpunch"],"nature":"Adamant","evs":{"hp":0,"atk":252,"def":0,"spa":0,"spd":8,"spe":0},"ivs":{"hp":31,"atk":31,"def":31,"spa":31,"spd":31,"spe":31}},{"name":"Skuntank","species":"Skuntank","item":"airballoon","ability":"Stench","moves":["flamethrower","crunch","playrough","poisonjab"],"nature":"Naughty","evs":{"hp":248,"atk":252,"def":0,"spa":8,"spd":0,"spe":0},"ivs":{"hp":31,"atk":31,"def":31,"spa":31,"spd":31,"spe":31}},{"name":"Nidoqueen","species":"Nidoqueen","item":"choicescarf","ability":"Sheer Force","moves":["earthpower","icebeam","stealthrock","sludgewave"],"nature":"Modest","evs":{"hp":40,"atk":0,"def":0,"spa":252,"spd":0,"spe":216},"shiny":true,"ivs":{"hp":31,"atk":31,"def":31,"spa":31,"spd":31,"spe":31}},{"name":"Muk","species":"Muk","item":"assaultvest","ability":"Poison Touch","moves":["poisonjab","shadowsneak","gigadrain","firepunch"],"nature":"Brave","evs":{"hp":252,"atk":252,"def":4,"spa":0,"spd":0,"spe":0},"ivs":{"hp":31,"atk":31,"def":31,"spa":31,"spd":31,"spe":31}},{"name":"Gengar","species":"Gengar","item":"choicescarf","ability":"Levitate","moves":["dazzlinggleam","sludgebomb","thunderbolt","willowisp"],"nature":"Timid","evs":{"hp":0,"atk":0,"def":0,"spa":252,"spd":4,"spe":252},"ivs":{"hp":31,"atk":31,"def":31,"spa":31,"spd":31,"spe":31}}],"log":["|player|p1|Guard Wulf|143","|player|p2|CaneParadox|247","|gametype|singles","|gen|6","|tier|Monotype","|rated","|rule|Baton Pass Clause: Limit one Baton Passer, can't pass Spe and other stats simultaneously","|rule|Swagger Clause: Swagger is banned","|rule|Same Type Clause: Pokémon in a team must share a type","|clearpoke","|poke|p1|Camerupt, M","|poke|p1|Seismitoad, M","|poke|p1|Landorus, M","|poke|p1|Mamoswine, F","|poke|p1|Garchomp, M","|poke|p1|Gliscor, F","|poke|p2|Venusaur, F","|poke|p2|Toxicroak, M","|poke|p2|Skuntank, F","|poke|p2|Nidoqueen, F, shiny","|poke|p2|Muk, M","|poke|p2|Gengar, M","|rule|Sleep Clause Mod: Limit one foe put to sleep","|rule|Species Clause: Limit one of each Pokémon","|rule|OHKO Clause: OHKO moves are banned","|rule|Moody Clause: Moody is banned","|rule|Evasion Moves Clause: Evasion moves are banned","|rule|Endless Battle Clause: Forcing endless battles is banned","|rule|HP Percentage Mod: HP is shown in percentages","|teampreview","|","|start","|switch|p1a: Camerupt|Camerupt, M|343/343","|switch|p2a: Nidoqueen|Nidoqueen, F, shiny|331/331","|turn|1","|","|switch|p1a: Seismitoad|Seismitoad, M|409/409","|move|p2a: Nidoqueen|Earth Power|p1a: Seismitoad","|-damage|p1a: Seismitoad|264/409","|","|-heal|p1a: Seismitoad|289/409|[from] item: Leftovers","|turn|2","|","|switch|p2a: Venusaur|Venusaur, F|363/363","|move|p1a: Seismitoad|Ice Punch|p2a: Venusaur","|-crit|p2a: Venusaur","|-supereffective|p2a: Venusaur","|-damage|p2a: Venusaur|143/363","|","|-heal|p1a: Seismitoad|314/409|[from] item: Leftovers","|turn|3","|","|switch|p1a: Landorus|Landorus, M|319/319","|detailschange|p2a: Venusaur|Venusaur-Mega, F","|-mega|p2a: Venusaur|Venusaur|Venusaurite","|move|p2a: Venusaur|Synthesis|p2a: Venusaur","|-heal|p2a: Venusaur|324/363","|","|turn|4","|","|switch|p2a: Toxicroak|Toxicroak, M|307/307","|move|p1a: Landorus|Psychic|p2a: Toxicroak","|-supereffective|p2a: Toxicroak","|-damage|p2a: Toxicroak|0 fnt","|faint|p2a: Toxicroak","|","|","|switch|p2a: Muk|Muk, M|414/414","|turn|5","|","|switch|p2a: Skuntank|Skuntank, F|409/409","|-item|p2a: Skuntank|Air Balloon","|move|p1a: Landorus|Earth Power|p2a: Skuntank","|-immune|p2a: Skuntank|[msg]","|","|turn|6","|","|switch|p1a: Seismitoad|Seismitoad, M|314/409","|move|p2a: Skuntank|Crunch|p1a: Seismitoad","|-damage|p1a: Seismitoad|160/409","|","|-heal|p1a: Seismitoad|185/409|[from] item: Leftovers","|turn|7","|","|move|p2a: Skuntank|Play Rough|p1a: Seismitoad","|-damage|p1a: Seismitoad|76/409","|move|p1a: Seismitoad|Drain Punch|p2a: Skuntank","|-damage|p2a: Skuntank|336/409","|-heal|p1a: Seismitoad|113/409|[from] drain|[of] p2a: Skuntank","|-enditem|p2a: Skuntank|Air Balloon","|","|-heal|p1a: Seismitoad|138/409|[from] item: Leftovers","|turn|8","|","|move|p2a: Skuntank|Crunch|p1a: Seismitoad","|-damage|p1a: Seismitoad|0 fnt","|faint|p1a: Seismitoad","|","|","|switch|p1a: Gliscor|Gliscor, F|352/352","|turn|9","|","|move|p1a: Gliscor|Earthquake|p2a: Skuntank","|-supereffective|p2a: Skuntank","|-damage|p2a: Skuntank|30/409","|move|p2a: Skuntank|Flamethrower|p1a: Gliscor","|-damage|p1a: Gliscor|298/352","|","|-status|p1a: Gliscor|tox|[from] item: Toxic Orb","|turn|10","|","|move|p1a: Gliscor|Facade|p2a: Skuntank","|-damage|p2a: Skuntank|0 fnt","|faint|p2a: Skuntank","|","|-heal|p1a: Gliscor|342/352 tox|[from] ability: Poison Heal","|","|switch|p2a: Nidoqueen|Nidoqueen, F, shiny|331/331","|turn|11","|","|move|p2a: Nidoqueen|Ice Beam|p1a: Gliscor","|-supereffective|p1a: Gliscor","|-damage|p1a: Gliscor|0 fnt","|faint|p1a: Gliscor","|","|","|switch|p1a: Mamoswine|Mamoswine, F|361/361","|turn|12","|","|switch|p2a: Muk|Muk, M|414/414","|move|p1a: Mamoswine|Icicle Crash|p2a: Muk","|-damage|p2a: Muk|249/414","|","|turn|13","|","|move|p1a: Mamoswine|Stealth Rock|p2a: Muk","|-sidestart|p2: CaneParadox|move: Stealth Rock","|move|p2a: Muk|Giga Drain|p1a: Mamoswine","|-supereffective|p1a: Mamoswine","|-damage|p1a: Mamoswine|241/361","|-heal|p2a: Muk|309/414|[from] drain|[of] p1a: Mamoswine","|","|turn|14","|","|move|p1a: Mamoswine|Icicle Crash|p2a: Muk","|-damage|p2a: Muk|149/414","|move|p2a: Muk|Fire Punch|p1a: Mamoswine","|-supereffective|p1a: Mamoswine","|-damage|p1a: Mamoswine|169/361","|-status|p1a: Mamoswine|brn","|","|-damage|p1a: Mamoswine|124/361 brn|[from] brn","|turn|15","|","|move|p1a: Mamoswine|Icicle Crash|p2a: Muk","|-damage|p2a: Muk|68/414","|move|p2a: Muk|Giga Drain|p1a: Mamoswine","|-supereffective|p1a: Mamoswine","|-damage|p1a: Mamoswine|0 fnt","|-heal|p2a: Muk|130/414|[from] drain|[of] p1a: Mamoswine","|faint|p1a: Mamoswine","|","|","|switch|p1a: Garchomp|Garchomp, M|357/357","|turn|16","|","|move|p1a: Garchomp|Outrage|p2a: Muk","|-damage|p2a: Muk|0 fnt","|faint|p2a: Muk","|","|","|switch|p2a: Nidoqueen|Nidoqueen, F, shiny|331/331","|-damage|p2a: Nidoqueen|311/331|[from] Stealth Rock","|turn|17","|","|move|p1a: Garchomp|Outrage|p2a: Nidoqueen|[from]lockedmove","|-damage|p2a: Nidoqueen|65/331","|move|p2a: Nidoqueen|Ice Beam|p1a: Garchomp","|-supereffective|p1a: Garchomp","|-damage|p1a: Garchomp|0 fnt","|faint|p1a: Garchomp","|","|","|switch|p1a: Camerupt|Camerupt, M|343/343","|turn|18","|","|switch|p2a: Venusaur|Venusaur-Mega, F|324/363","|-damage|p2a: Venusaur|279/363|[from] Stealth Rock","|detailschange|p1a: Camerupt|Camerupt-Mega, M","|-mega|p1a: Camerupt|Camerupt|Cameruptite","|move|p1a: Camerupt|Protect|p1a: Camerupt","|-fail|p1a: Camerupt","|","|turn|19","|","|move|p2a: Venusaur|Earthquake|p1a: Camerupt","|-supereffective|p1a: Camerupt","|-damage|p1a: Camerupt|189/343","|move|p1a: Camerupt|Earth Power|p2a: Venusaur","|-damage|p2a: Venusaur|108/363","|","|turn|20","|","|move|p2a: Venusaur|Synthesis|p2a: Venusaur","|-heal|p2a: Venusaur|289/363","|move|p1a: Camerupt|Fire Blast|p2a: Venusaur","|-supereffective|p2a: Venusaur","|-damage|p2a: Venusaur|95/363","|","|turn|21","|","|move|p2a: Venusaur|Earthquake|p1a: Camerupt","|-supereffective|p1a: Camerupt","|-damage|p1a: Camerupt|41/343","|move|p1a: Camerupt|Earth Power|p2a: Venusaur","|-damage|p2a: Venusaur|0 fnt","|faint|p2a: Venusaur","|","|","|switch|p2a: Gengar|Gengar, M|261/261","|-damage|p2a: Gengar|229/261|[from] Stealth Rock","|turn|22","|","|move|p1a: Camerupt|Protect|p1a: Camerupt","|-singleturn|p1a: Camerupt|Protect","|move|p2a: Gengar|Dazzling Gleam|p1a: Camerupt","|-activate|p1a: Camerupt|Protect","|","|turn|23","|","|move|p2a: Gengar|Dazzling Gleam|p1a: Camerupt","|-resisted|p1a: Camerupt","|-damage|p1a: Camerupt|0 fnt","|faint|p1a: Camerupt","|","|","|switch|p1a: Landorus|Landorus, M|319/319","|turn|24","|","|move|p2a: Gengar|Dazzling Gleam|p1a: Landorus","|-damage|p1a: Landorus|203/319","|move|p1a: Landorus|Psychic|p2a: Gengar","|-supereffective|p2a: Gengar","|-damage|p2a: Gengar|0 fnt","|faint|p2a: Gengar","|","|","|switch|p2a: Nidoqueen|Nidoqueen, F, shiny|65/331","|-damage|p2a: Nidoqueen|45/331|[from] Stealth Rock","|turn|25","|","|move|p2a: Nidoqueen|Ice Beam|p1a: Landorus","|-supereffective|p1a: Landorus","|-damage|p1a: Landorus|0 fnt","|faint|p1a: Landorus","|","|win|CaneParadox"],"p1rating":{"entryid":"7326062","serverid":"eos","formatid":"monotype","userid":"guardwulf","username":"Guard Wulf","w":"9","l":6,"t":"0","gxe":55,"r":"1556.4129881256","rd":"89.09129900381","sigma":"0","rptime":"1438592400","rpr":1539.0357027012,"rprd":76.787300699058,"rpsigma":"0","acre":1119.4190093913,"lacre":1119.4190093913,"oldacre":"1151.6662721677"},"p2rating":{"entryid":"7371929","serverid":"eos","formatid":"monotype","userid":"caneparadox","username":"CaneParadox","w":2,"l":"0","t":"0","gxe":60.6,"r":"1500","rd":"130","sigma":"0","rptime":"1438592400","rpr":1585.5012837703,"rprd":116.301438341,"rpsigma":"0","acre":1090.2884550648,"lacre":1090.2884550648,"oldacre":"1047.975259403"},"endType":"normal"}