{"seed":[27659,9904,38608,57241],"turns":20,"p1":"KGBeast","p2":"V IceyFire","p1team":[{"name":"Garchomp","species":"Garchomp","item":"rockyhelmet","ability":"Rough Skin","moves":["stealthrock","fireblast","dragontail","rest"],"nature":"Relaxed","evs":{"hp":252,"atk":4,"def":252,"spa":0,"spd":0,"spe":0},"ivs":{"hp":31,"atk":31,"def":31,"spa":31,"spd":31,"spe":31}},{"name":"Hippowdon","species":"Hippowdon","item":"leftovers","ability":"Sand Stream","moves":["stockpile","earthquake","stoneedge","slackoff"],"nature":"Impish","evs":{"hp":248,"atk":8,"def":252,"spa":0,"spd":0,"spe":0},"ivs":{"hp":31,"atk":31,"def":31,"spa":31,"spd":31,"spe":31}},{"name":"Nidoqueen","species":"Nidoqueen","item":"assaultvest","ability":"Sheer Force","moves":["flamethrower","sludgewave","earthpower","icebeam"],"nature":"Modest","evs":{"hp":252,"atk":0,"def":0,"spa":252,"spd":0,"spe":4},"ivs":{"hp":31,"atk":0,"def":31,"spa":31,"spd":31,"spe":31}},{"name":"Landorus-Therian","species":"Landorus-Therian","item":"choicescarf","ability":"Intimidate","moves":["earthquake","uturn","knockoff","stoneedge"],"nature":"Adamant","evs":{"hp":0,"atk":252,"def":4,"spa":0,"spd":0,"spe":252},"ivs":{"hp":31,"atk":31,"def":31,"spa":31,"spd":31,"spe":31}},{"name":"Gastrodon","species":"Gastrodon","item":"leftovers","ability":"Storm Drain","moves":["scald","earthquake","toxic","recover"],"nature":"Sassy","evs":{"hp":252,"atk":4,"def":0,"spa":0,"spd":252,"spe":0},"ivs":{"hp":31,"atk":31,"def":31,"spa":31,"spd":31,"spe":31}},{"name":"Diggersby","species":"Diggersby","item":"choiceband","ability":"Huge Power","moves":["frustration","earthquake","knockoff","quickattack"],"nature":"Adamant","evs":{"hp":0,"atk":252,"def":4,"spa":0,"spd":0,"spe":252},"happiness":0,"ivs":{"hp":31,"atk":31,"def":31,"spa":31,"spd":31,"spe":31}}],"p2team":[{"name":"Torkoal","species":"Torkoal","item":"leftovers","ability":"Shell Armor","moves":["stealthrock","rapidspin","yawn","lavaplume"],"nature":"Bold","evs":{"hp":252,"atk":0,"def":252,"spa":0,"spd":4,"spe":0},"ivs":{"hp":31,"atk":0,"def":31,"spa":31,"spd":31,"spe":31}},{"name":"Entei","species":"Entei","item":"lifeorb","ability":"Pressure","moves":["sacredfire","extremespeed","ironhead","bulldoze"],"nature":"Adamant","evs":{"hp":0,"atk":252,"def":0,"spa":0,"spd":4,"spe":252},"shiny":true,"ivs":{"hp":31,"atk":31,"def":31,"spa":31,"spd":31,"spe":31}},{"name":"Charizard","species":"Charizard","item":"charizarditey","ability":"Blaze","moves":["fireblast","airslash","focusblast","solarbeam"],"nature":"Timid","evs":{"hp":0,"atk":0,"def":0,"spa":252,"spd":4,"spe":252},"ivs":{"hp":31,"atk":0,"def":31,"spa":31,"spd":31,"spe":31},"shiny":true},{"name":"Darmanitan","species":"Darmanitan","item":"choicescarf","ability":"Sheer Force","moves":["flareblitz","superpower","rockslide","uturn"],"nature":"Jolly","evs":{"hp":0,"atk":252,"def":0,"spa":0,"spd":4,"spe":252},"ivs":{"hp":31,"atk":31,"def":31,"spa":31,"spd":31,"spe":31}},{"name":"Heatran","species":"Heatran","item":"airballoon","ability":"Flash Fire","moves":["lavaplume","earthpower","toxic","flashcannon"],"nature":"Calm","evs":{"hp":248,"atk":0,"def":0,"spa":8,"spd":252,"spe":0},"ivs":{"hp":31,"atk":0,"def":31,"spa":31,"spd":31,"spe":31}},{"name":"Rotom-Heat","species":"Rotom-Heat","item":"choicescarf","ability":"Levitate","moves":["voltswitch","thunderbolt","overheat","hiddenpowerice"],"nature":"Timid","evs":{"hp":0,"atk":0,"def":0,"spa":252,"spd":4,"spe":252},"ivs":{"hp":31,"atk":30,"def":30,"spa":31,"spd":31,"spe":31}}],"log":["|player|p1|KGBeast|kgbeast.png","|player|p2|V IceyFire|viceyfire.png","|gametype|singles","|gen|6","|tier|Monotype","|rated","|rule|Baton Pass Clause: Limit one Baton Passer, can't pass Spe and other stats simultaneously","|rule|Swagger Clause: Swagger is banned","|rule|Same Type Clause: Pokémon in a team must share a type","|clearpoke","|poke|p1|Garchomp, M","|poke|p1|Hippowdon, F","|poke|p1|Nidoqueen, F","|poke|p1|Landorus-Therian, M","|poke|p1|Gastrodon, F","|poke|p1|Diggersby, F","|poke|p2|Torkoal, M","|poke|p2|Entei, shiny","|poke|p2|Charizard, M, shiny","|poke|p2|Darmanitan, F","|poke|p2|Heatran, M","|poke|p2|Rotom-Heat","|rule|Sleep Clause Mod: Limit one foe put to sleep","|rule|Species Clause: Limit one of each Pokémon","|rule|OHKO Clause: OHKO moves are banned","|rule|Moody Clause: Moody is banned","|rule|Evasion Moves Clause: Evasion moves are banned","|rule|Endless Battle Clause: Forcing endless battles is banned","|rule|HP Percentage Mod: HP is shown in percentages","|teampreview","|","|start","|switch|p1a: Garchomp|Garchomp, M|420/420","|switch|p2a: Rotom-Heat|Rotom-Heat|241/241","|turn|1","|","|move|p2a: Rotom-Heat|Hidden Power|p1a: Garchomp","|-supereffective|p1a: Garchomp","|-damage|p1a: Garchomp|160/420","|move|p1a: Garchomp|Stealth Rock|p2a: Rotom-Heat","|-sidestart|p2: V IceyFire|move: Stealth Rock","|","|turn|2","|","|switch|p1a: Nidoqueen|Nidoqueen, F|384/384","|move|p2a: Rotom-Heat|Hidden Power|p1a: Nidoqueen","|-supereffective|p1a: Nidoqueen","|-damage|p1a: Nidoqueen|280/384","|","|turn|3","|","|switch|p2a: Heatran|Heatran, M|385/385","|-damage|p2a: Heatran|337/385|[from] Stealth Rock","|-item|p2a: Heatran|Air Balloon","|move|p1a: Nidoqueen|Sludge Wave|p2a: Heatran","|-immune|p2a: Heatran|[msg]","|","|turn|4","|","|move|p2a: Heatran|Earth Power|p1a: Nidoqueen","|-supereffective|p1a: Nidoqueen","|-damage|p1a: Nidoqueen|134/384","|move|p1a: Nidoqueen|Ice Beam|p2a: Heatran","|-resisted|p2a: Heatran","|-damage|p2a: Heatran|318/385","|-enditem|p2a: Heatran|Air Balloon","|","|turn|5","|","|switch|p1a: Landorus-Therian|Landorus-Therian, M|319/319","|-ability|p1a: Landorus-Therian|Intimidate","|-unboost|p2a: Heatran|atk|1","|move|p2a: Heatran|Earth Power|p1a: Landorus-Therian","|-immune|p1a: Landorus-Therian|[msg]","|","|turn|6","|","|switch|p2a: Rotom-Heat|Rotom-Heat|241/241","|-damage|p2a: Rotom-Heat|181/241|[from] Stealth Rock","|move|p1a: Landorus-Therian|Stone Edge|p2a: Rotom-Heat","|-supereffective|p2a: Rotom-Heat","|-damage|p2a: Rotom-Heat|0 fnt","|faint|p2a: Rotom-Heat","|","|","|switch|p2a: Torkoal|Torkoal, M|344/344","|-damage|p2a: Torkoal|258/344|[from] Stealth Rock","|turn|7","|","|switch|p1a: Garchomp|Garchomp, M|160/420","|move|p2a: Torkoal|Rapid Spin|p1a: Garchomp","|-damage|p1a: Garchomp|151/420","|-damage|p2a: Torkoal|215/344|[from] ability: Rough Skin|[of] p1a: Garchomp","|-damage|p2a: Torkoal|158/344|[from] item: Rocky Helmet|[of] p1a: Garchomp","|-sideend|p2: V IceyFire|Stealth Rock|[from] move: Rapid Spin|[of] p2a: Torkoal","|","|-heal|p2a: Torkoal|179/344|[from] item: Leftovers","|turn|8","|","|move|p1a: Garchomp|Stealth Rock|p2a: Torkoal","|-sidestart|p2: V IceyFire|move: Stealth Rock","|move|p2a: Torkoal|Yawn|p1a: Garchomp","|-start|p1a: Garchomp|move: Yawn|[of] p2a: Torkoal","|","|-heal|p2a: Torkoal|200/344|[from] item: Leftovers","|turn|9","|","|switch|p1a: Nidoqueen|Nidoqueen, F|134/384","|move|p2a: Torkoal|Stealth Rock|p1a: Nidoqueen","|-sidestart|p1: KGBeast|move: Stealth Rock","|","|-heal|p2a: Torkoal|221/344|[from] item: Leftovers","|turn|10","|","|move|p1a: Nidoqueen|Earth Power|p2a: Torkoal","|-supereffective|p2a: Torkoal","|-damage|p2a: Torkoal|0 fnt","|faint|p2a: Torkoal","|","|","|switch|p2a: Darmanitan|Darmanitan, F|351/351","|-damage|p2a: Darmanitan|264/351|[from] Stealth Rock","|turn|11","|","|switch|p1a: Garchomp|Garchomp, M|151/420","|-damage|p1a: Garchomp|125/420|[from] Stealth Rock","|move|p2a: Darmanitan|Flare Blitz|p1a: Garchomp","|-resisted|p1a: Garchomp","|-damage|p1a: Garchomp|17/420","|-damage|p2a: Darmanitan|221/351|[from] ability: Rough Skin|[of] p1a: Garchomp","|-damage|p2a: Darmanitan|163/351|[from] item: Rocky Helmet|[of] p1a: Garchomp","|-damage|p2a: Darmanitan|127/351|[from] recoil|[of] p1a: Garchomp","|","|turn|12","|","|switch|p2a: Heatran|Heatran, M|318/385","|-damage|p2a: Heatran|270/385|[from] Stealth Rock","|move|p1a: Garchomp|Rest|p1a: Garchomp","|-status|p1a: Garchomp|slp","|-heal|p1a: Garchomp|420/420 slp|[silent]","|-status|p1a: Garchomp|slp|[from] move: Rest","|","|turn|13","|","|switch|p1a: Gastrodon|Gastrodon, F|426/426","|-damage|p1a: Gastrodon|400/426|[from] Stealth Rock","|switch|p2a: Charizard|Charizard, M, shiny|297/297","|-damage|p2a: Charizard|149/297|[from] Stealth Rock","|","|-heal|p1a: Gastrodon|426/426|[from] item: Leftovers","|turn|14","|","|switch|p1a: Hippowdon|Hippowdon, F|419/419","|-damage|p1a: Hippowdon|393/419|[from] Stealth Rock","|-weather|Sandstorm","|detailschange|p2a: Charizard|Charizard-Mega-Y, M, shiny","|-mega|p2a: Charizard|Charizard|Charizardite Y","|-weather|SunnyDay","|move|p2a: Charizard|Fire Blast|p1a: Hippowdon","|-crit|p1a: Hippowdon","|-damage|p1a: Hippowdon|0 fnt","|faint|p1a: Hippowdon","|","|-weather|SunnyDay|[upkeep]","|","|switch|p1a: Landorus-Therian|Landorus-Therian, M|319/319","|-damage|p1a: Landorus-Therian|280/319|[from] Stealth Rock","|-ability|p1a: Landorus-Therian|Intimidate","|-unboost|p2a: Charizard|atk|1","|turn|15","|","|move|p1a: Landorus-Therian|Stone Edge|p2a: Charizard","|-crit|p2a: Charizard","|-supereffective|p2a: Charizard","|-damage|p2a: Charizard|0 fnt","|faint|p2a: Charizard","|","|-weather|SunnyDay|[upkeep]","|","|switch|p2a: Darmanitan|Darmanitan, F|127/351","|-damage|p2a: Darmanitan|40/351|[from] Stealth Rock","|turn|16","|","|switch|p1a: Garchomp|Garchomp, M|420/420 slp","|-damage|p1a: Garchomp|394/420 slp|[from] Stealth Rock","|move|p2a: Darmanitan|Flare Blitz|p1a: Garchomp","|-crit|p1a: Garchomp","|-resisted|p1a: Garchomp","|-damage|p1a: Garchomp|134/420 slp","|-damage|p2a: Darmanitan|0 fnt|[from] ability: Rough Skin|[of] p1a: Garchomp","|faint|p2a: Darmanitan","|","|-weather|SunnyDay|[upkeep]","|","|switch|p2a: Entei|Entei, shiny|371/371","|-damage|p2a: Entei|279/371|[from] Stealth Rock","|-ability|p2a: Entei|Pressure","|turn|17","|","|move|p2a: Entei|Bulldoze|p1a: Garchomp","|-damage|p1a: Garchomp|65/420 slp","|-unboost|p1a: Garchomp|spe|1","|-damage|p2a: Entei|242/371|[from] item: Life Orb","|cant|p1a: Garchomp|slp","|","|-weather|SunnyDay|[upkeep]","|turn|18","|","|move|p2a: Entei|Bulldoze|p1a: Garchomp","|-damage|p1a: Garchomp|0 fnt","|-damage|p2a: Entei|205/371|[from] item: Life Orb","|faint|p1a: Garchomp","|","|-weather|none","|","|switch|p1a: Landorus-Therian|Landorus-Therian, M|280/319","|-damage|p1a: Landorus-Therian|241/319|[from] Stealth Rock","|-ability|p1a: Landorus-Therian|Intimidate","|-unboost|p2a: Entei|atk|1","|turn|19","|","|move|p1a: Landorus-Therian|Earthquake|p2a: Entei","|-supereffective|p2a: Entei","|-damage|p2a: Entei|0 fnt","|faint|p2a: Entei","|","|","|switch|p2a: Heatran|Heatran, M|270/385","|-damage|p2a: Heatran|222/385|[from] Stealth Rock","|turn|20","|","|move|p1a: Landorus-Therian|Earthquake|p2a: Heatran","|-supereffective|p2a: Heatran","|-damage|p2a: Heatran|0 fnt","|faint|p2a: Heatran","|","|win|KGBeast"],"p1rating":{"entryid":"6349485","serverid":"eos","formatid":"monotype","userid":"kgbeast","username":"KGBeast","w":38,"l":"18","t":"0","gxe":64.2,"r":"1605.9547671306","rd":"53.484062946848","sigma":"0","rptime":"1438592400","rpr":1611.1191827427,"rprd":52.971391701115,"rpsigma":"0","acre":1183.1553996572,"lacre":1183.1553996572,"oldacre":"1159.0207419058"},"p2rating":{"entryid":"7315142","serverid":"eos","formatid":"monotype","userid":"viceyfire","username":"V IceyFire","w":"7","l":6,"t":"0","gxe":53.4,"r":"1480.069043476","rd":"90.052502356439","sigma":"0","rptime":"1438592400","rpr":1526.4857374056,"rprd":80.841622902629,"rpsigma":"0","acre":1122.8552502417,"lacre":1122.8552502417,"oldacre":"1146.9899079931"},"endType":"normal"}