{"seed":[14896,41032,50049,1937],"turns":55,"p1":"Guard wulf","p2":"Asiago Noah","p1team":[{"name":"Hard body X","species":"charizard","item":"charizarditey","ability":"Blaze","moves":["overheat","airslash","solarbeam","roost"],"nature":"Timid","evs":{"hp":0,"atk":0,"def":0,"spa":252,"spd":4,"spe":252},"ivs":{"hp":31,"atk":31,"def":31,"spa":31,"spd":31,"spe":31}},{"name":"Wall among Men","species":"skarmory","item":"leftovers","ability":"Sturdy","moves":["roost","whirlwind","stealthrock","ironhead"],"nature":"Impish","evs":{"hp":252,"atk":0,"def":232,"spa":0,"spd":0,"spe":24},"ivs":{"hp":31,"atk":31,"def":31,"spa":31,"spd":31,"spe":31}},{"name":"SUCK IT","species":"togekiss","item":"leftovers","ability":"Serene Grace","moves":["thunderwave","airslash","defog","roost"],"nature":"Calm","evs":{"hp":252,"atk":0,"def":0,"spa":4,"spd":252,"spe":0},"ivs":{"hp":31,"atk":31,"def":31,"spa":31,"spd":31,"spe":31}},{"name":"d dance or nah","species":"dragonite","item":"weaknesspolicy","ability":"Multiscale","moves":["extremespeed","earthquake","dragonclaw","dragondance"],"nature":"Jolly","evs":{"hp":0,"atk":252,"def":0,"spa":0,"spd":4,"spe":252},"ivs":{"hp":31,"atk":31,"def":31,"spa":31,"spd":31,"spe":31}},{"name":"Fast Nigga","species":"landorustherian","item":"choicescarf","ability":"Intimidate","moves":["earthquake","stoneedge","uturn","knockoff"],"nature":"Jolly","evs":{"hp":0,"atk":252,"def":0,"spa":0,"spd":4,"spe":252},"ivs":{"hp":31,"atk":31,"def":31,"spa":31,"spd":31,"spe":31}},{"name":"Ocho Cinco","species":"thundurus","item":"leftovers","ability":"Prankster","moves":["nastyplot","substitute","thunderbolt","hiddenpowerice"],"nature":"Timid","evs":{"hp":0,"atk":0,"def":0,"spa":252,"spd":4,"spe":252},"ivs":{"hp":31,"atk":30,"def":30,"spa":31,"spd":31,"spe":31}}],"p2team":[{"name":"Hoopa-Unbound","species":"Hoopa-Unbound","item":"lifeorb","ability":"Magician","moves":["drainpunch","firepunch","hyperspacefury","gunkshot"],"nature":"Jolly","evs":{"hp":0,"atk":252,"def":0,"spa":0,"spd":4,"spe":252},"ivs":{"hp":31,"atk":31,"def":31,"spa":31,"spd":31,"spe":31}},{"name":"Weavile","species":"Weavile","item":"lifeorb","ability":"Pressure","moves":["icepunch","iceshard","nightslash","lowkick"],"nature":"Jolly","evs":{"hp":0,"atk":252,"def":0,"spa":0,"spd":4,"spe":252},"gender":"M","ivs":{"hp":31,"atk":31,"def":31,"spa":31,"spd":31,"spe":31}},{"name":"Mandibuzz","species":"Mandibuzz","item":"leftovers","ability":"Overcoat","moves":["roost","defog","bravebird","whirlwind"],"nature":"Sassy","evs":{"hp":252,"atk":0,"def":4,"spa":0,"spd":252,"spe":0},"ivs":{"hp":31,"atk":31,"def":31,"spa":31,"spd":31,"spe":31}},{"name":"Sableye","species":"Sableye","item":"sablenite","ability":"Prankster","moves":["willowisp","calmmind","recover","shadowball"],"nature":"Calm","evs":{"hp":248,"atk":0,"def":0,"spa":8,"spd":252,"spe":0},"gender":"M","ivs":{"hp":31,"atk":31,"def":31,"spa":31,"spd":31,"spe":31}},{"name":"Hydreigon","species":"Hydreigon","item":"choicescarf","ability":"Levitate","moves":["dracometeor","fireblast","flashcannon","darkpulse"],"nature":"Timid","evs":{"hp":0,"atk":0,"def":0,"spa":252,"spd":4,"spe":252},"ivs":{"hp":31,"atk":31,"def":31,"spa":31,"spd":31,"spe":31}},{"name":"Tyranitar","species":"Tyranitar","item":"choicescarf","ability":"Sand Stream","moves":["fireblast","earthquake","stoneedge","crunch"],"nature":"Naive","evs":{"hp":0,"atk":252,"def":0,"spa":4,"spd":0,"spe":252},"ivs":{"hp":31,"atk":31,"def":31,"spa":31,"spd":31,"spe":31}}],"log":["|player|p1|Guard wulf|143","|player|p2|Asiago Noah|68","|gametype|singles","|gen|6","|tier|Monotype","|rated","|rule|Baton Pass Clause: Limit one Baton Passer, can't pass Spe and other stats simultaneously","|rule|Swagger Clause: Swagger is banned","|rule|Same Type Clause: Pokémon in a team must share a type","|clearpoke","|poke|p1|Charizard, M","|poke|p1|Skarmory, F","|poke|p1|Togekiss, M","|poke|p1|Dragonite, M","|poke|p1|Landorus-Therian, M","|poke|p1|Thundurus, M","|poke|p2|Hoopa-Unbound","|poke|p2|Weavile, M","|poke|p2|Mandibuzz, F","|poke|p2|Sableye, M","|poke|p2|Hydreigon, F","|poke|p2|Tyranitar, M","|rule|Sleep Clause Mod: Limit one foe put to sleep","|rule|Species Clause: Limit one of each Pokémon","|rule|OHKO Clause: OHKO moves are banned","|rule|Moody Clause: Moody is banned","|rule|Evasion Moves Clause: Evasion moves are banned","|rule|Endless Battle Clause: Forcing endless battles is banned","|rule|HP Percentage Mod: HP is shown in percentages","|teampreview","|","|start","|switch|p1a: Hard body X|Charizard, M|297/297","|switch|p2a: Tyranitar|Tyranitar, M|341/341","|-weather|Sandstorm","|turn|1","|","|detailschange|p1a: Hard body X|Charizard-Mega-Y, M","|-mega|p1a: Hard body X|Charizard|Charizardite Y","|-weather|SunnyDay","|move|p2a: Tyranitar|Stone Edge|p1a: Hard body X","|-supereffective|p1a: Hard body X","|-damage|p1a: Hard body X|0 fnt","|faint|p1a: Hard body X","|","|-weather|SunnyDay|[upkeep]","|","|switch|p1a: Wall among Men|Skarmory, F|334/334","|turn|2","|","|switch|p2a: Hydreigon|Hydreigon, F|325/325","|move|p1a: Wall among Men|Stealth Rock|p2a: Hydreigon","|-sidestart|p2: Asiago Noah|move: Stealth Rock","|","|-weather|SunnyDay|[upkeep]","|turn|3","|","|switch|p1a: SUCK IT|Togekiss, M|374/374","|move|p2a: Hydreigon|Fire Blast|p1a: SUCK IT","|-damage|p1a: SUCK IT|253/374","|","|-weather|SunnyDay|[upkeep]","|-heal|p1a: SUCK IT|276/374|[from] item: Leftovers","|turn|4","|","|switch|p2a: Mandibuzz|Mandibuzz, F|424/424","|-damage|p2a: Mandibuzz|318/424|[from] Stealth Rock","|move|p1a: SUCK IT|Thunder Wave|p2a: Mandibuzz","|-status|p2a: Mandibuzz|par","|","|-weather|SunnyDay|[upkeep]","|-heal|p1a: SUCK IT|299/374|[from] item: Leftovers","|-heal|p2a: Mandibuzz|344/424 par|[from] item: Leftovers","|turn|5","|","|move|p1a: SUCK IT|Air Slash|p2a: Mandibuzz","|-damage|p2a: Mandibuzz|271/424 par","|cant|p2a: Mandibuzz|flinch","|","|-weather|none","|-heal|p1a: SUCK IT|322/374|[from] item: Leftovers","|-heal|p2a: Mandibuzz|297/424 par|[from] item: Leftovers","|turn|6","|","|move|p1a: SUCK IT|Air Slash|p2a: Mandibuzz","|-damage|p2a: Mandibuzz|225/424 par","|cant|p2a: Mandibuzz|par","|","|-heal|p1a: SUCK IT|345/374|[from] item: Leftovers","|-heal|p2a: Mandibuzz|251/424 par|[from] item: Leftovers","|turn|7","|","|move|p1a: SUCK IT|Air Slash|p2a: Mandibuzz","|-damage|p2a: Mandibuzz|176/424 par","|cant|p2a: Mandibuzz|flinch","|","|-heal|p1a: SUCK IT|368/374|[from] item: Leftovers","|-heal|p2a: Mandibuzz|202/424 par|[from] item: Leftovers","|turn|8","|","|move|p1a: SUCK IT|Air Slash|p2a: Mandibuzz","|-damage|p2a: Mandibuzz|126/424 par","|move|p2a: Mandibuzz|Defog|p1a: SUCK IT","|-unboost|p1a: SUCK IT|evasion|1","|-sideend|p2: Asiago Noah|Stealth Rock|[from] move: Defog|[of] p2a: Mandibuzz","|","|-heal|p1a: SUCK IT|374/374|[from] item: Leftovers","|-heal|p2a: Mandibuzz|152/424 par|[from] item: Leftovers","|turn|9","|","|move|p1a: SUCK IT|Air Slash|p2a: Mandibuzz|[miss]","|-miss|p1a: SUCK IT|p2a: Mandibuzz","|move|p2a: Mandibuzz|Roost|p2a: Mandibuzz","|-heal|p2a: Mandibuzz|364/424 par","|","|-heal|p2a: Mandibuzz|390/424 par|[from] item: Leftovers","|turn|10","|","|move|p1a: SUCK IT|Air Slash|p2a: Mandibuzz","|-damage|p2a: Mandibuzz|315/424 par","|cant|p2a: Mandibuzz|flinch","|","|-heal|p2a: Mandibuzz|341/424 par|[from] item: Leftovers","|turn|11","|","|move|p1a: SUCK IT|Air Slash|p2a: Mandibuzz","|-damage|p2a: Mandibuzz|265/424 par","|cant|p2a: Mandibuzz|flinch","|","|-heal|p2a: Mandibuzz|291/424 par|[from] item: Leftovers","|turn|12","|","|move|p1a: SUCK IT|Air Slash|p2a: Mandibuzz","|-damage|p2a: Mandibuzz|215/424 par","|cant|p2a: Mandibuzz|par","|","|-heal|p2a: Mandibuzz|241/424 par|[from] item: Leftovers","|turn|13","|","|switch|p2a: Hydreigon|Hydreigon, F|325/325","|move|p1a: SUCK IT|Air Slash|p2a: Hydreigon","|-damage|p2a: Hydreigon|208/325","|","|turn|14","|","|move|p2a: Hydreigon|Flash Cannon|p1a: SUCK IT","|-supereffective|p1a: SUCK IT","|-damage|p1a: SUCK IT|262/374","|move|p1a: SUCK IT|Thunder Wave|p2a: Hydreigon","|-status|p2a: Hydreigon|par","|","|-heal|p1a: SUCK IT|285/374|[from] item: Leftovers","|turn|15","|","|move|p1a: SUCK IT|Air Slash|p2a: Hydreigon|[miss]","|-miss|p1a: SUCK IT|p2a: Hydreigon","|move|p2a: Hydreigon|Flash Cannon|p1a: SUCK IT","|-supereffective|p1a: SUCK IT","|-damage|p1a: SUCK IT|173/374","|","|-heal|p1a: SUCK IT|196/374|[from] item: Leftovers","|turn|16","|","|move|p1a: SUCK IT|Roost|p1a: SUCK IT","|-heal|p1a: SUCK IT|374/374","|cant|p2a: Hydreigon|par","|","|turn|17","|","|switch|p2a: Hoopa-Unbound|Hoopa-Unbound|301/301","|move|p1a: SUCK IT|Air Slash|p2a: Hoopa-Unbound","|-damage|p2a: Hoopa-Unbound|217/301","|","|turn|18","|","|switch|p1a: Wall among Men|Skarmory, F|334/334","|move|p2a: Hoopa-Unbound|Gunk Shot|p1a: Wall among Men","|-immune|p1a: Wall among Men|[msg]","|","|turn|19","|","|move|p2a: Hoopa-Unbound|Fire Punch|p1a: Wall among Men","|-supereffective|p1a: Wall among Men","|-damage|p1a: Wall among Men|175/334","|-damage|p2a: Hoopa-Unbound|187/301|[from] item: Life Orb","|move|p1a: Wall among Men|Stealth Rock|p2a: Hoopa-Unbound","|-sidestart|p2: Asiago Noah|move: Stealth Rock","|","|-heal|p1a: Wall among Men|195/334|[from] item: Leftovers","|turn|20","|","|switch|p1a: Fast Nigga|Landorus-Therian, M|319/319","|-ability|p1a: Fast Nigga|Intimidate","|-unboost|p2a: Hoopa-Unbound|atk|1","|move|p2a: Hoopa-Unbound|Fire Punch|p1a: Fast Nigga","|-damage|p1a: Fast Nigga|215/319","|-damage|p2a: Hoopa-Unbound|157/301|[from] item: Life Orb","|","|turn|21","|","|switch|p2a: Mandibuzz|Mandibuzz, F|241/424 par","|-damage|p2a: Mandibuzz|135/424 par|[from] Stealth Rock","|move|p1a: Fast Nigga|U-turn|p2a: Mandibuzz","|-damage|p2a: Mandibuzz|44/424 par","|","|switch|p1a: SUCK IT|Togekiss, M|374/374","|","|-heal|p2a: Mandibuzz|70/424 par|[from] item: Leftovers","|turn|22","|","|move|p1a: SUCK IT|Air Slash|p2a: Mandibuzz|[miss]","|-miss|p1a: SUCK IT|p2a: Mandibuzz","|move|p2a: Mandibuzz|Roost|p2a: Mandibuzz","|-heal|p2a: Mandibuzz|282/424 par","|","|-heal|p2a: Mandibuzz|308/424 par|[from] item: Leftovers","|turn|23","|","|move|p1a: SUCK IT|Air Slash|p2a: Mandibuzz","|-damage|p2a: Mandibuzz|235/424 par","|move|p2a: Mandibuzz|Whirlwind|p1a: SUCK IT","|drag|p1a: d dance or nah|Dragonite, M|323/323","|","|-heal|p2a: Mandibuzz|261/424 par|[from] item: Leftovers","|turn|24","|","|move|p1a: d dance or nah|Dragon Claw|p2a: Mandibuzz","|-damage|p2a: Mandibuzz|114/424 par","|cant|p2a: Mandibuzz|par","|","|-heal|p2a: Mandibuzz|140/424 par|[from] item: Leftovers","|turn|25","|","|move|p1a: d dance or nah|Dragon Claw|p2a: Mandibuzz","|-damage|p2a: Mandibuzz|7/424 par","|move|p2a: Mandibuzz|Brave Bird|p1a: d dance or nah","|-damage|p1a: d dance or nah|269/323","|-damage|p2a: Mandibuzz|0 fnt|[from] recoil|[of] p1a: d dance or nah","|faint|p2a: Mandibuzz","|","|","|switch|p2a: Weavile|Weavile, M|281/281","|-damage|p2a: Weavile|211/281|[from] Stealth Rock","|-ability|p2a: Weavile|Pressure","|turn|26","|","|move|p1a: d dance or nah|Extreme Speed|p2a: Weavile","|-damage|p2a: Weavile|82/281","|move|p2a: Weavile|Ice Punch|p1a: d dance or nah","|-supereffective|p1a: d dance or nah","|-damage|p1a: d dance or nah|0 fnt","|-damage|p2a: Weavile|54/281|[from] item: Life Orb","|faint|p1a: d dance or nah","|","|","|switch|p1a: Wall among Men|Skarmory, F|195/334","|turn|27","|","|move|p2a: Weavile|Night Slash|p1a: Wall among Men","|-crit|p1a: Wall among Men","|-damage|p1a: Wall among Men|66/334","|-damage|p2a: Weavile|26/281|[from] item: Life Orb","|move|p1a: Wall among Men|Roost|p1a: Wall among Men","|-heal|p1a: Wall among Men|233/334","|","|-heal|p1a: Wall among Men|253/334|[from] item: Leftovers","|turn|28","|","|switch|p2a: Tyranitar|Tyranitar, M|341/341","|-damage|p2a: Tyranitar|299/341|[from] Stealth Rock","|-weather|Sandstorm","|move|p1a: Wall among Men|Roost|p1a: Wall among Men","|-heal|p1a: Wall among Men|334/334","|","|-weather|Sandstorm|[upkeep]","|turn|29","|","|move|p2a: Tyranitar|Fire Blast|p1a: Wall among Men","|-supereffective|p1a: Wall among Men","|-damage|p1a: Wall among Men|114/334","|move|p1a: Wall among Men|Iron Head|p2a: Tyranitar","|-supereffective|p2a: Tyranitar","|-damage|p2a: Tyranitar|165/341","|","|-weather|Sandstorm|[upkeep]","|-heal|p1a: Wall among Men|134/334|[from] item: Leftovers","|turn|30","|","|switch|p1a: SUCK IT|Togekiss, M|374/374","|move|p2a: Tyranitar|Fire Blast|p1a: SUCK IT","|-damage|p1a: SUCK IT|320/374","|","|-weather|Sandstorm|[upkeep]","|-damage|p1a: SUCK IT|297/374|[from] sandstorm","|-heal|p1a: SUCK IT|320/374|[from] item: Leftovers","|turn|31","|","|switch|p2a: Hoopa-Unbound|Hoopa-Unbound|157/301","|-damage|p2a: Hoopa-Unbound|120/301|[from] Stealth Rock","|move|p1a: SUCK IT|Thunder Wave|p2a: Hoopa-Unbound","|-status|p2a: Hoopa-Unbound|par","|","|-weather|Sandstorm|[upkeep]","|-damage|p1a: SUCK IT|297/374|[from] sandstorm","|-damage|p2a: Hoopa-Unbound|102/301 par|[from] sandstorm","|-heal|p1a: SUCK IT|320/374|[from] item: Leftovers","|turn|32","|","|move|p1a: SUCK IT|Air Slash|p2a: Hoopa-Unbound","|-damage|p2a: Hoopa-Unbound|18/301 par","|cant|p2a: Hoopa-Unbound|flinch","|","|-weather|none","|-heal|p1a: SUCK IT|343/374|[from] item: Leftovers","|turn|33","|","|switch|p1a: Wall among Men|Skarmory, F|134/334","|move|p2a: Hoopa-Unbound|Gunk Shot|p1a: Wall among Men","|-immune|p1a: Wall among Men|[msg]","|","|-heal|p1a: Wall among Men|154/334|[from] item: Leftovers","|turn|34","|","|move|p1a: Wall among Men|Roost|p1a: Wall among Men","|-heal|p1a: Wall among Men|321/334","|move|p2a: Hoopa-Unbound|Fire Punch|p1a: Wall among Men","|-supereffective|p1a: Wall among Men","|-damage|p1a: Wall among Men|157/334","|-damage|p2a: Hoopa-Unbound|0 fnt|[from] item: Life Orb","|faint|p2a: Hoopa-Unbound","|","|-heal|p1a: Wall among Men|177/334|[from] item: Leftovers","|","|switch|p2a: Sableye|Sableye, M|303/303","|-damage|p2a: Sableye|266/303|[from] Stealth Rock","|turn|35","|","|switch|p1a: Ocho Cinco|Thundurus, M|299/299","|detailschange|p2a: Sableye|Sableye-Mega, M","|-mega|p2a: Sableye|Sableye|Sablenite","|move|p2a: Sableye|Will-O-Wisp|p1a: Ocho Cinco|[miss]","|-miss|p2a: Sableye|p1a: Ocho Cinco","|","|turn|36","|","|move|p1a: Ocho Cinco|Substitute|p1a: Ocho Cinco","|-start|p1a: Ocho Cinco|Substitute","|-damage|p1a: Ocho Cinco|225/299","|move|p2a: Sableye|Calm Mind|p2a: Sableye","|-boost|p2a: Sableye|spa|1","|-boost|p2a: Sableye|spd|1","|","|-heal|p1a: Ocho Cinco|243/299|[from] item: Leftovers","|turn|37","|","|move|p1a: Ocho Cinco|Nasty Plot|p1a: Ocho Cinco","|-boost|p1a: Ocho Cinco|spa|2","|move|p2a: Sableye|Calm Mind|p2a: Sableye","|-boost|p2a: Sableye|spa|1","|-boost|p2a: Sableye|spd|1","|","|-heal|p1a: Ocho Cinco|261/299|[from] item: Leftovers","|turn|38","|","|move|p1a: Ocho Cinco|Nasty Plot|p1a: Ocho Cinco","|-boost|p1a: Ocho Cinco|spa|2","|move|p2a: Sableye|Calm Mind|p2a: Sableye","|-boost|p2a: Sableye|spa|1","|-boost|p2a: Sableye|spd|1","|","|-heal|p1a: Ocho Cinco|279/299|[from] item: Leftovers","|turn|39","|","|move|p1a: Ocho Cinco|Nasty Plot|p1a: Ocho Cinco","|-boost|p1a: Ocho Cinco|spa|2","|move|p2a: Sableye|Calm Mind|p2a: Sableye","|-boost|p2a: Sableye|spa|1","|-boost|p2a: Sableye|spd|1","|","|-heal|p1a: Ocho Cinco|297/299|[from] item: Leftovers","|turn|40","|","|move|p1a: Ocho Cinco|Thunderbolt|p2a: Sableye","|-damage|p2a: Sableye|124/303","|move|p2a: Sableye|Calm Mind|p2a: Sableye","|-boost|p2a: Sableye|spa|1","|-boost|p2a: Sableye|spd|1","|","|-heal|p1a: Ocho Cinco|299/299|[from] item: Leftovers","|turn|41","|","|move|p1a: Ocho Cinco|Thunderbolt|p2a: Sableye","|-damage|p2a: Sableye|1/303","|move|p2a: Sableye|Recover|p2a: Sableye","|-heal|p2a: Sableye|153/303","|","|turn|42","|","|move|p1a: Ocho Cinco|Thunderbolt|p2a: Sableye","|-damage|p2a: Sableye|45/303","|move|p2a: Sableye|Recover|p2a: Sableye","|-heal|p2a: Sableye|197/303","|","|turn|43","|","|move|p1a: Ocho Cinco|Thunderbolt|p2a: Sableye","|-damage|p2a: Sableye|79/303","|move|p2a: Sableye|Recover|p2a: Sableye","|-heal|p2a: Sableye|231/303","|","|turn|44","|","|move|p1a: Ocho Cinco|Thunderbolt|p2a: Sableye","|-damage|p2a: Sableye|108/303","|move|p2a: Sableye|Recover|p2a: Sableye","|-heal|p2a: Sableye|260/303","|","|turn|45","|","|move|p1a: Ocho Cinco|Thunderbolt|p2a: Sableye","|-damage|p2a: Sableye|133/303","|move|p2a: Sableye|Calm Mind|p2a: Sableye","|-boost|p2a: Sableye|spa|1","|-boost|p2a: Sableye|spd|1","|","|turn|46","|","|move|p1a: Ocho Cinco|Thunderbolt|p2a: Sableye","|-damage|p2a: Sableye|31/303","|move|p2a: Sableye|Recover|p2a: Sableye","|-heal|p2a: Sableye|183/303","|","|turn|47","|","|move|p1a: Ocho Cinco|Thunderbolt|p2a: Sableye","|-damage|p2a: Sableye|71/303","|move|p2a: Sableye|Recover|p2a: Sableye","|-heal|p2a: Sableye|223/303","|","|turn|48","|","|move|p1a: Ocho Cinco|Thunderbolt|p2a: Sableye","|-damage|p2a: Sableye|126/303","|move|p2a: Sableye|Recover|p2a: Sableye","|-heal|p2a: Sableye|278/303","|","|turn|49","|","|move|p1a: Ocho Cinco|Thunderbolt|p2a: Sableye","|-damage|p2a: Sableye|175/303","|move|p2a: Sableye|Shadow Ball|p1a: Ocho Cinco","|-end|p1a: Ocho Cinco|Substitute","|","|turn|50","|","|move|p1a: Ocho Cinco|Thunderbolt|p2a: Sableye","|-damage|p2a: Sableye|63/303","|move|p2a: Sableye|Shadow Ball|p1a: Ocho Cinco","|-damage|p1a: Ocho Cinco|0 fnt","|faint|p1a: Ocho Cinco","|","|","|switch|p1a: Fast Nigga|Landorus-Therian, M|215/319","|-ability|p1a: Fast Nigga|Intimidate","|-unboost|p2a: Sableye|atk|1","|turn|51","|","|move|p1a: Fast Nigga|Earthquake|p2a: Sableye","|-damage|p2a: Sableye|0 fnt","|faint|p2a: Sableye","|","|","|switch|p2a: Weavile|Weavile, M|26/281","|-damage|p2a: Weavile|0 fnt|[from] Stealth Rock","|faint|p2a: Weavile","|","|switch|p2a: Tyranitar|Tyranitar, M|165/341","|-damage|p2a: Tyranitar|123/341|[from] Stealth Rock","|-weather|Sandstorm","|turn|52","|","|move|p1a: Fast Nigga|Earthquake|p2a: Tyranitar","|-supereffective|p2a: Tyranitar","|-damage|p2a: Tyranitar|0 fnt","|faint|p2a: Tyranitar","|","|-weather|Sandstorm|[upkeep]","|","|switch|p2a: Hydreigon|Hydreigon, F|208/325 par","|-damage|p2a: Hydreigon|168/325 par|[from] Stealth Rock","|turn|53","|","|switch|p1a: Wall among Men|Skarmory, F|177/334","|cant|p2a: Hydreigon|par","|","|-weather|Sandstorm|[upkeep]","|-damage|p2a: Hydreigon|148/325 par|[from] sandstorm","|-heal|p1a: Wall among Men|197/334|[from] item: Leftovers","|turn|54","|","|move|p1a: Wall among Men|Iron Head|p2a: Hydreigon","|-damage|p2a: Hydreigon|69/325 par","|move|p2a: Hydreigon|Fire Blast|p1a: Wall among Men","|-supereffective|p1a: Wall among Men","|-damage|p1a: Wall among Men|0 fnt","|faint|p1a: Wall among Men","|","|-weather|Sandstorm|[upkeep]","|-damage|p2a: Hydreigon|49/325 par|[from] sandstorm","|","|switch|p1a: Fast Nigga|Landorus-Therian, M|215/319","|-ability|p1a: Fast Nigga|Intimidate","|-unboost|p2a: Hydreigon|atk|1","|turn|55","|","|move|p1a: Fast Nigga|U-turn|p2a: Hydreigon","|-supereffective|p2a: Hydreigon","|-damage|p2a: Hydreigon|0 fnt","|faint|p2a: Hydreigon","|","|win|Guard wulf"],"p1rating":{"entryid":"7326062","serverid":"eos","formatid":"monotype","userid":"guardwulf","username":"Guard Wulf","w":18,"l":"6","t":"0","gxe":66.4,"r":"1556.4129881256","rd":"89.09129900381","sigma":"0","rptime":"1438592400","rpr":1629.9166196423,"rprd":65.087375768133,"rpsigma":"0","acre":1281.1250911595,"lacre":1281.1250911595,"oldacre":"1272.5047401174"},"p2rating":{"entryid":7377853,"formatid":"monotype","userid":"asiagonoah","username":"Asiago Noah","r":1500,"rd":130,"sigma":0,"rpr":1464.8896828886,"rprd":122.48218793391,"rpsigma":0,"rptime":1438592400,"w":0,"l":1,"t":0,"gxe":45.6,"acre":1000,"lacre":1000,"oldacre":1000},"endType":"normal"}