{"seed":[57379,48126,60348,43686],"turns":23,"p1":"Knight♕Zygarde","p2":"Inferno Ace","p1team":[{"name":"Azumarill","species":"Azumarill","item":"sitrusberry","ability":"Huge Power","moves":["aquajet","bellydrum","playrough","superpower"],"nature":"Adamant","evs":{"hp":252,"atk":252,"def":0,"spa":0,"spd":4,"spe":0},"ivs":{"hp":31,"atk":31,"def":31,"spa":31,"spd":31,"spe":31}},{"name":"Diancie","species":"Diancie","item":"diancite","ability":"Clear Body","moves":["ancientpower","dazzlinggleam","earthpower","protect"],"nature":"Modest","evs":{"hp":248,"atk":0,"def":0,"spa":252,"spd":8,"spe":0},"ivs":{"hp":31,"atk":31,"def":31,"spa":31,"spd":31,"spe":31}},{"name":"Togekiss","species":"Togekiss","item":"leftovers","ability":"Serene Grace","moves":["airslash","dazzlinggleam","nastyplot","batonpass"],"nature":"Modest","evs":{"hp":248,"atk":0,"def":0,"spa":252,"spd":4,"spe":0},"ivs":{"hp":31,"atk":31,"def":31,"spa":31,"spd":31,"spe":31}},{"name":"Sylveon","species":"Sylveon","item":"choicescarf","ability":"Pixilate","moves":["hyperbeam","hypervoice","psyshock","shadowball"],"nature":"Timid","evs":{"hp":0,"atk":0,"def":0,"spa":252,"spd":4,"spe":252},"ivs":{"hp":31,"atk":31,"def":31,"spa":31,"spd":31,"spe":31}},{"name":"Klefki","species":"Klefki","item":"lightclay","ability":"Prankster","moves":["thunderwave","reflect","lightscreen","foulplay"],"nature":"Bold","evs":{"hp":252,"atk":0,"def":252,"spa":0,"spd":4,"spe":0},"ivs":{"hp":31,"atk":31,"def":31,"spa":31,"spd":31,"spe":31}},{"name":"Whimsicott","species":"Whimsicott","item":"leftovers","ability":"Prankster","moves":["leechseed","substitute","protect","moonblast"],"nature":"Bold","evs":{"hp":248,"atk":0,"def":252,"spa":8,"spd":0,"spe":0},"ivs":{"hp":31,"atk":31,"def":31,"spa":31,"spd":31,"spe":31}}],"p2team":[{"name":"ガブリアス","species":"garchomp","item":"rockyhelmet","ability":"Rough Skin","moves":["stealthrock","earthquake","dragontail","endure"],"nature":"Impish","evs":{"hp":252,"atk":0,"def":232,"spa":0,"spd":24,"spe":0},"ivs":{"hp":31,"atk":31,"def":31,"spa":31,"spd":31,"spe":31}},{"name":"オンバーン","species":"noivern","item":"choicespecs","ability":"Infiltrator","moves":["flamethrower","hurricane","dracometeor","darkpulse"],"nature":"Timid","evs":{"hp":0,"atk":0,"def":4,"spa":252,"spd":0,"spe":252},"ivs":{"hp":31,"atk":31,"def":31,"spa":31,"spd":31,"spe":31}},{"name":"チルタリス","species":"altaria","item":"altarianite","ability":"Natural Cure","moves":["dragondance","frustration","earthquake","roost"],"nature":"Adamant","evs":{"hp":188,"atk":68,"def":0,"spa":0,"spd":0,"spe":252},"happiness":0,"ivs":{"hp":31,"atk":31,"def":31,"spa":31,"spd":31,"spe":31}},{"name":"ラティオス","species":"latios","item":"choicescarf","ability":"Levitate","moves":["hiddenpowerfire","dragonpulse","psyshock","trick"],"nature":"Timid","evs":{"hp":0,"atk":0,"def":4,"spa":252,"spd":0,"spe":252},"ivs":{"hp":31,"atk":30,"def":31,"spa":30,"spd":31,"spe":30}},{"name":"キュレム","species":"kyuremblack","item":"lifeorb","ability":"Teravolt","moves":["icebeam","outrage","fusionbolt","ironhead"],"nature":"Naive","evs":{"hp":0,"atk":100,"def":0,"spa":180,"spd":0,"spe":228},"shiny":true,"ivs":{"hp":31,"atk":31,"def":31,"spa":31,"spd":31,"spe":31}},{"name":"ボーマンダ","species":"salamence","item":"choicescarf","ability":"Moxie","moves":["outrage","aerialace","steelwing","earthquake"],"nature":"Jolly","evs":{"hp":0,"atk":252,"def":4,"spa":0,"spd":0,"spe":252},"ivs":{"hp":31,"atk":31,"def":31,"spa":31,"spd":31,"spe":31}}],"log":["|player|p1|Knight♕Zygarde|265","|player|p2|Inferno Ace|alliancewutang.png","|gametype|singles","|gen|6","|tier|Monotype","|rated","|rule|Baton Pass Clause: Limit one Baton Passer, can't pass Spe and other stats simultaneously","|rule|Swagger Clause: Swagger is banned","|rule|Same Type Clause: Pokémon in a team must share a type","|clearpoke","|poke|p1|Azumarill, F","|poke|p1|Diancie","|poke|p1|Togekiss, M","|poke|p1|Sylveon, M","|poke|p1|Klefki, M","|poke|p1|Whimsicott, M","|poke|p2|Garchomp, F","|poke|p2|Noivern, M","|poke|p2|Altaria, F","|poke|p2|Latios, M","|poke|p2|Kyurem-Black, shiny","|poke|p2|Salamence, M","|rule|Sleep Clause Mod: Limit one foe put to sleep","|rule|Species Clause: Limit one of each Pokémon","|rule|OHKO Clause: OHKO moves are banned","|rule|Moody Clause: Moody is banned","|rule|Evasion Moves Clause: Evasion moves are banned","|rule|Endless Battle Clause: Forcing endless battles is banned","|rule|HP Percentage Mod: HP is shown in percentages","|teampreview","|","|start","|switch|p1a: Klefki|Klefki, M|318/318","|switch|p2a: ボーマンダ|Salamence, M|331/331","|turn|1","|","|switch|p2a: ガブリアス|Garchomp, F|420/420","|move|p1a: Klefki|Reflect|p1a: Klefki","|-sidestart|p1: Knight♕Zygarde|Reflect","|","|turn|2","|","|move|p1a: Klefki|Light Screen|p1a: Klefki","|-sidestart|p1: Knight♕Zygarde|move: Light Screen","|move|p2a: ガブリアス|Stealth Rock|p1a: Klefki","|-sidestart|p1: Knight♕Zygarde|move: Stealth Rock","|","|turn|3","|","|move|p2a: ガブリアス|Earthquake|p1a: Klefki","|-supereffective|p1a: Klefki","|-damage|p1a: Klefki|201/318","|move|p1a: Klefki|Foul Play|p2a: ガブリアス","|-damage|p2a: ガブリアス|354/420","|-damage|p1a: Klefki|162/318|[from] ability: Rough Skin|[of] p2a: ガブリアス","|-damage|p1a: Klefki|109/318|[from] item: Rocky Helmet|[of] p2a: ガブリアス","|","|turn|4","|","|move|p2a: ガブリアス|Earthquake|p1a: Klefki","|-supereffective|p1a: Klefki","|-damage|p1a: Klefki|1/318","|move|p1a: Klefki|Foul Play|p2a: ガブリアス","|-damage|p2a: ガブリアス|285/420","|-damage|p1a: Klefki|0 fnt|[from] ability: Rough Skin|[of] p2a: ガブリアス","|faint|p1a: Klefki","|","|","|switch|p1a: Togekiss|Togekiss, M|373/373","|-damage|p1a: Togekiss|280/373|[from] Stealth Rock","|turn|5","|","|switch|p2a: チルタリス|Altaria, F|338/338","|move|p1a: Togekiss|Nasty Plot|p1a: Togekiss","|-boost|p1a: Togekiss|spa|2","|","|-heal|p1a: Togekiss|303/373|[from] item: Leftovers","|turn|6","|","|detailschange|p2a: チルタリス|Altaria-Mega, F","|-mega|p2a: チルタリス|Altaria|Altarianite","|move|p2a: チルタリス|Frustration|p1a: Togekiss","|-damage|p1a: Togekiss|204/373","|move|p1a: Togekiss|Baton Pass|p1a: Togekiss","|","|switch|p1a: Diancie|Diancie|303/303","|-damage|p1a: Diancie|266/303|[from] Stealth Rock","|","|turn|7","|","|detailschange|p1a: Diancie|Diancie-Mega","|-mega|p1a: Diancie|Diancie|Diancite","|move|p1a: Diancie|Protect|p1a: Diancie","|-singleturn|p1a: Diancie|Protect","|move|p2a: チルタリス|Dragon Dance|p2a: チルタリス","|-boost|p2a: チルタリス|atk|1","|-boost|p2a: チルタリス|spe|1","|","|turn|8","|","|move|p2a: チルタリス|Earthquake|p1a: Diancie","|-supereffective|p1a: Diancie","|-damage|p1a: Diancie|132/303","|move|p1a: Diancie|Dazzling Gleam|p2a: チルタリス","|-supereffective|p2a: チルタリス","|-damage|p2a: チルタリス|0 fnt","|faint|p2a: チルタリス","|","|-sideend|p1: Knight♕Zygarde|Reflect","|","|switch|p2a: ボーマンダ|Salamence, M|331/331","|turn|9","|","|move|p2a: ボーマンダ|Earthquake|p1a: Diancie","|-supereffective|p1a: Diancie","|-damage|p1a: Diancie|0 fnt","|faint|p1a: Diancie","|-boost|p2a: ボーマンダ|atk|1|[from] ability: Moxie","|","|-sideend|p1: Knight♕Zygarde|move: Light Screen","|","|switch|p1a: Togekiss|Togekiss, M|204/373","|-damage|p1a: Togekiss|111/373|[from] Stealth Rock","|turn|10","|","|switch|p2a: キュレム|Kyurem-Black, shiny|391/391","|-ability|p2a: キュレム|Teravolt","|move|p1a: Togekiss|Dazzling Gleam|p2a: キュレム","|-supereffective|p2a: キュレム","|-damage|p2a: キュレム|35/391","|","|-heal|p1a: Togekiss|134/373|[from] item: Leftovers","|turn|11","|","|move|p2a: キュレム|Fusion Bolt|p1a: Togekiss","|-supereffective|p1a: Togekiss","|-damage|p1a: Togekiss|0 fnt","|-damage|p2a: キュレム|0 fnt|[from] item: Life Orb","|faint|p1a: Togekiss","|faint|p2a: キュレム","|","|","|switch|p2a: ラティオス|Latios, M|301/301","|switch|p1a: Whimsicott|Whimsicott, M|323/323","|-damage|p1a: Whimsicott|283/323|[from] Stealth Rock","|turn|12","|","|move|p2a: ラティオス|Psyshock|p1a: Whimsicott","|-damage|p1a: Whimsicott|175/323","|move|p1a: Whimsicott|Moonblast|p2a: ラティオス","|-supereffective|p2a: ラティオス","|-damage|p2a: ラティオス|131/301","|-unboost|p2a: ラティオス|spa|1","|","|-heal|p1a: Whimsicott|195/323|[from] item: Leftovers","|turn|13","|","|move|p2a: ラティオス|Psyshock|p1a: Whimsicott","|-damage|p1a: Whimsicott|122/323","|move|p1a: Whimsicott|Moonblast|p2a: ラティオス","|-supereffective|p2a: ラティオス","|-damage|p2a: ラティオス|0 fnt","|faint|p2a: ラティオス","|","|-heal|p1a: Whimsicott|142/323|[from] item: Leftovers","|","|switch|p2a: ボーマンダ|Salamence, M|331/331","|turn|14","|","|move|p1a: Whimsicott|Protect|p1a: Whimsicott","|-singleturn|p1a: Whimsicott|Protect","|move|p2a: ボーマンダ|Steel Wing|p1a: Whimsicott","|-activate|p1a: Whimsicott|Protect","|","|-heal|p1a: Whimsicott|162/323|[from] item: Leftovers","|turn|15","|","|move|p2a: ボーマンダ|Steel Wing|p1a: Whimsicott","|-supereffective|p1a: Whimsicott","|-damage|p1a: Whimsicott|14/323","|move|p1a: Whimsicott|Moonblast|p2a: ボーマンダ","|-supereffective|p2a: ボーマンダ","|-damage|p2a: ボーマンダ|95/331","|","|-heal|p1a: Whimsicott|34/323|[from] item: Leftovers","|turn|16","|","|move|p1a: Whimsicott|Leech Seed|p2a: ボーマンダ","|-start|p2a: ボーマンダ|move: Leech Seed","|move|p2a: ボーマンダ|Steel Wing|p1a: Whimsicott|[miss]","|-miss|p2a: ボーマンダ|p1a: Whimsicott","|","|-heal|p1a: Whimsicott|54/323|[from] item: Leftovers","|-damage|p2a: ボーマンダ|54/331|[from] Leech Seed|[of] p1a: Whimsicott","|-heal|p1a: Whimsicott|95/323|[silent]","|turn|17","|","|switch|p2a: オンバーン|Noivern, M|311/311","|move|p1a: Whimsicott|Substitute|p1a: Whimsicott","|-start|p1a: Whimsicott|Substitute","|-damage|p1a: Whimsicott|15/323","|","|-heal|p1a: Whimsicott|35/323|[from] item: Leftovers","|turn|18","|","|move|p1a: Whimsicott|Leech Seed|p2a: オンバーン|[miss]","|-miss|p1a: Whimsicott|p2a: オンバーン","|move|p2a: オンバーン|Flamethrower|p1a: Whimsicott","|-supereffective|p1a: Whimsicott","|-damage|p1a: Whimsicott|0 fnt","|faint|p1a: Whimsicott","|","|","|switch|p1a: Sylveon|Sylveon, M|331/331","|-damage|p1a: Sylveon|290/331|[from] Stealth Rock","|turn|19","|","|move|p2a: オンバーン|Flamethrower|p1a: Sylveon","|-damage|p1a: Sylveon|179/331","|move|p1a: Sylveon|Hyper Voice|p2a: オンバーン","|-supereffective|p2a: オンバーン","|-damage|p2a: オンバーン|0 fnt","|faint|p2a: オンバーン","|","|","|switch|p2a: ボーマンダ|Salamence, M|54/331","|turn|20","|","|switch|p1a: Azumarill|Azumarill, F|404/404","|-damage|p1a: Azumarill|354/404|[from] Stealth Rock","|move|p2a: ボーマンダ|Steel Wing|p1a: Azumarill|[miss]","|-miss|p2a: ボーマンダ|p1a: Azumarill","|","|turn|21","|","|switch|p2a: ガブリアス|Garchomp, F|285/420","|move|p1a: Azumarill|Aqua Jet|p2a: ガブリアス","|-damage|p2a: ガブリアス|216/420","|-damage|p1a: Azumarill|304/404|[from] ability: Rough Skin|[of] p2a: ガブリアス","|-damage|p1a: Azumarill|237/404|[from] item: Rocky Helmet|[of] p2a: ガブリアス","|","|turn|22","|","|move|p2a: ガブリアス|Earthquake|p1a: Azumarill","|-damage|p1a: Azumarill|59/404","|-enditem|p1a: Azumarill|Sitrus Berry|[eat]","|-heal|p1a: Azumarill|160/404|[from] item: Sitrus Berry","|move|p1a: Azumarill|Play Rough|p2a: ガブリアス","|-supereffective|p2a: ガブリアス","|-damage|p2a: ガブリアス|0 fnt","|-damage|p1a: Azumarill|110/404|[from] ability: Rough Skin|[of] p2a: ガブリアス","|-damage|p1a: Azumarill|43/404|[from] item: Rocky Helmet|[of] p2a: ガブリアス","|faint|p2a: ガブリアス","|","|","|switch|p2a: ボーマンダ|Salamence, M|54/331","|turn|23","|","|move|p1a: Azumarill|Aqua Jet|p2a: ボーマンダ","|-resisted|p2a: ボーマンダ","|-damage|p2a: ボーマンダ|0 fnt","|faint|p2a: ボーマンダ","|","|win|Knight♕Zygarde"],"p1rating":{"entryid":"7130918","serverid":"eos","formatid":"monotype","userid":"knightzygarde","username":"Knight♕Zygarde","w":27,"l":"14","t":"0","gxe":65.6,"r":1613.7227272932,"rd":55.900961028036,"sigma":"0","rptime":1438592400,"rpr":1622.5710360286,"rprd":55.259904653117,"rpsigma":"0","acre":1247.7780261033,"lacre":1247.7780261033,"oldacre":"1230.5357313799"},"p2rating":{"entryid":"7316925","serverid":"eos","formatid":"monotype","userid":"infernoace","username":"Inferno Ace","w":"5","l":2,"t":"0","gxe":59.3,"r":"1635.126201012","rd":"102.35984437234","sigma":"0","rptime":"1438592400","rpr":1573.8133049869,"rprd":95.352351267767,"rpsigma":"0","acre":1101.8060738662,"lacre":1101.8060738662,"oldacre":"1119.0483685896"},"endType":"normal"}