{"seed":[27721,24300,35229,51700],"turns":26,"p1":"Sage.13","p2":"Carnie Marx","p1team":[{"name":"Ludicolo","species":"Ludicolo","item":"leftovers","ability":"Swift Swim","moves":["teeterdance","scald","icebeam","gigadrain"],"nature":"Modest","evs":{"hp":0,"atk":0,"def":0,"spa":252,"spd":4,"spe":252},"shiny":true,"ivs":{"hp":31,"atk":31,"def":31,"spa":31,"spd":31,"spe":31}},{"name":"Azumarill","species":"Azumarill","item":"sitrusberry","ability":"Huge Power","moves":["aquajet","playrough","bellydrum","knockoff"],"nature":"Adamant","evs":{"hp":252,"atk":252,"def":0,"spa":0,"spd":4,"spe":0},"ivs":{"hp":31,"atk":31,"def":31,"spa":31,"spd":31,"spe":31}},{"name":"Swampert","species":"Swampert","item":"swampertite","ability":"Damp","moves":["superpower","waterfall","earthquake","icepunch"],"nature":"Adamant","evs":{"hp":248,"atk":252,"def":0,"spa":0,"spd":8,"spe":0},"ivs":{"hp":31,"atk":31,"def":31,"spa":31,"spd":31,"spe":31}},{"name":"Milotic","species":"Milotic","item":"leftovers","ability":"Competitive","moves":["scald","icebeam","raindance","toxic"],"nature":"Bold","evs":{"hp":252,"atk":0,"def":252,"spa":4,"spd":0,"spe":0},"shiny":true,"ivs":{"hp":31,"atk":31,"def":31,"spa":31,"spd":31,"spe":31}},{"name":"Politoed","species":"Politoed","item":"widelens","ability":"Drizzle","moves":["icebeam","surf","hypnosis","perishsong"],"nature":"Modest","evs":{"hp":248,"atk":0,"def":0,"spa":252,"spd":8,"spe":0},"shiny":true,"ivs":{"hp":31,"atk":31,"def":31,"spa":31,"spd":31,"spe":31}},{"name":"Golduck","species":"Golduck","item":"lifeorb","ability":"Swift Swim","moves":["aquajet","scald","icebeam","psychic"],"nature":"Mild","evs":{"hp":0,"atk":4,"def":0,"spa":252,"spd":0,"spe":252},"shiny":true,"ivs":{"hp":31,"atk":31,"def":31,"spa":31,"spd":31,"spe":31}}],"p2team":[{"name":"Darude Hailstorm","species":"abomasnow","item":"focussash","ability":"Snow Warning","moves":["blizzard","gigadrain","iceshard","shadowball"],"nature":"Mild","evs":{"hp":248,"atk":8,"def":0,"spa":252,"spd":0,"spe":0},"gender":"M","shiny":true,"ivs":{"hp":31,"atk":31,"def":31,"spa":31,"spd":31,"spe":31}},{"name":"Froslass","species":"Froslass","item":"focussash","ability":"Cursed Body","moves":["destinybond","icebeam","taunt","shadowball"],"nature":"Timid","evs":{"hp":0,"atk":0,"def":0,"spa":252,"spd":4,"spe":252},"ivs":{"hp":31,"atk":31,"def":31,"spa":31,"spd":31,"spe":31}},{"name":"Ice Age","species":"mamoswine","item":"choicescarf","ability":"Thick Fat","moves":["superpower","earthquake","iciclecrash","stoneedge"],"nature":"Jolly","evs":{"hp":0,"atk":252,"def":0,"spa":0,"spd":4,"spe":252},"gender":"M","shiny":true,"ivs":{"hp":31,"atk":31,"def":31,"spa":31,"spd":31,"spe":31}},{"name":"The Titanic","species":"avalugg","item":"rockyhelmet","ability":"Sturdy","moves":["rapidspin","toxic","recover","avalanche"],"nature":"Bold","evs":{"hp":248,"atk":0,"def":252,"spa":0,"spd":8,"spe":0},"gender":"M","shiny":true,"ivs":{"hp":31,"atk":31,"def":31,"spa":31,"spd":31,"spe":31}},{"name":"Kyurem-Black","species":"Kyurem-Black","item":"muscleband","ability":"Teravolt","moves":["fusionbolt","outrage","icebeam","shadowclaw"],"nature":"Naughty","evs":{"hp":248,"atk":252,"def":0,"spa":8,"spd":0,"spe":0},"ivs":{"hp":31,"atk":31,"def":31,"spa":31,"spd":31,"spe":31}},{"name":"King Kold","species":"rotomfrost","item":"leftovers","ability":"Levitate","moves":["discharge","willowisp","painsplit","charge"],"nature":"Calm","evs":{"hp":248,"atk":0,"def":0,"spa":252,"spd":8,"spe":0},"shiny":true,"ivs":{"hp":31,"atk":31,"def":31,"spa":31,"spd":31,"spe":31}}],"log":["|player|p1|Sage.13|154","|player|p2|Carnie Marx|238","|gametype|singles","|gen|6","|tier|Monotype","|rated","|rule|Baton Pass Clause: Limit one Baton Passer, can't pass Spe and other stats simultaneously","|rule|Swagger Clause: Swagger is banned","|rule|Same Type Clause: Pokémon in a team must share a type","|clearpoke","|poke|p1|Ludicolo, M, shiny","|poke|p1|Azumarill, F","|poke|p1|Swampert, M","|poke|p1|Milotic, F, shiny","|poke|p1|Politoed, M, shiny","|poke|p1|Golduck, F, shiny","|poke|p2|Abomasnow, M, shiny","|poke|p2|Froslass, F","|poke|p2|Mamoswine, M, shiny","|poke|p2|Avalugg, M, shiny","|poke|p2|Kyurem-Black","|poke|p2|Rotom-Frost, shiny","|rule|Sleep Clause Mod: Limit one foe put to sleep","|rule|Species Clause: Limit one of each Pokémon","|rule|OHKO Clause: OHKO moves are banned","|rule|Moody Clause: Moody is banned","|rule|Evasion Moves Clause: Evasion moves are banned","|rule|Endless Battle Clause: Forcing endless battles is banned","|rule|HP Percentage Mod: HP is shown in percentages","|teampreview","|","|start","|switch|p1a: Ludicolo|Ludicolo, M, shiny|301/301","|switch|p2a: Froslass|Froslass, F|281/281","|turn|1","|","|move|p2a: Froslass|Ice Beam|p1a: Ludicolo","|-damage|p1a: Ludicolo|189/301","|move|p1a: Ludicolo|Teeter Dance|p2a: Froslass","|-start|p2a: Froslass|confusion","|","|-heal|p1a: Ludicolo|207/301|[from] item: Leftovers","|turn|2","|","|-activate|p2a: Froslass|confusion","|move|p2a: Froslass|Shadow Ball|p1a: Ludicolo","|-damage|p1a: Ludicolo|96/301","|move|p1a: Ludicolo|Scald|p2a: Froslass","|-damage|p2a: Froslass|107/281","|-status|p2a: Froslass|brn","|","|-heal|p1a: Ludicolo|114/301|[from] item: Leftovers","|-damage|p2a: Froslass|72/281 brn|[from] brn","|turn|3","|","|-activate|p2a: Froslass|confusion","|move|p2a: Froslass|Shadow Ball|p1a: Ludicolo","|-crit|p1a: Ludicolo","|-damage|p1a: Ludicolo|0 fnt","|faint|p1a: Ludicolo","|","|-damage|p2a: Froslass|37/281 brn|[from] brn","|","|switch|p1a: Azumarill|Azumarill, F|404/404","|turn|4","|","|move|p1a: Azumarill|Aqua Jet|p2a: Froslass","|-damage|p2a: Froslass|0 fnt","|-start|p1a: Azumarill|Disable|Aqua Jet","|faint|p2a: Froslass","|","|","|switch|p2a: King Kold|Rotom-Frost, shiny|303/303","|turn|5","|","|move|p2a: King Kold|Will-O-Wisp|p1a: Azumarill","|-status|p1a: Azumarill|brn","|move|p1a: Azumarill|Belly Drum|p1a: Azumarill","|-damage|p1a: Azumarill|202/404 brn","|-setboost|p1a: Azumarill|atk|6|[from] move: Belly Drum","|-enditem|p1a: Azumarill|Sitrus Berry|[eat]","|-heal|p1a: Azumarill|303/404 brn|[from] item: Sitrus Berry","|","|-damage|p1a: Azumarill|253/404 brn|[from] brn","|turn|6","|","|switch|p2a: The Titanic|Avalugg, M, shiny|393/393","|move|p1a: Azumarill|Knock Off|p2a: The Titanic","|-damage|p2a: The Titanic|271/393","|-damage|p1a: Azumarill|186/404 brn|[from] item: Rocky Helmet|[of] p2a: The Titanic","|-enditem|p2a: The Titanic|Rocky Helmet|[from] move: Knock Off|[of] p1a: Azumarill","|","|-damage|p1a: Azumarill|136/404 brn|[from] brn","|turn|7","|","|move|p1a: Azumarill|Play Rough|p2a: The Titanic|[miss]","|-miss|p1a: Azumarill|p2a: The Titanic","|move|p2a: The Titanic|Recover|p2a: The Titanic","|-heal|p2a: The Titanic|393/393","|","|-damage|p1a: Azumarill|86/404 brn|[from] brn","|turn|8","|","|move|p1a: Azumarill|Play Rough|p2a: The Titanic","|-damage|p2a: The Titanic|219/393","|move|p2a: The Titanic|Recover|p2a: The Titanic","|-heal|p2a: The Titanic|393/393","|","|-damage|p1a: Azumarill|36/404 brn|[from] brn","|-end|p1a: Azumarill|Disable","|turn|9","|","|move|p1a: Azumarill|Play Rough|p2a: The Titanic|[miss]","|-miss|p1a: Azumarill|p2a: The Titanic","|move|p2a: The Titanic|Recover|p2a: The Titanic","|-fail|p2a: The Titanic","|","|-damage|p1a: Azumarill|0 fnt|[from] brn","|faint|p1a: Azumarill","|","|switch|p1a: Politoed|Politoed, M, shiny|383/383","|-weather|RainDance","|turn|10","|","|switch|p2a: King Kold|Rotom-Frost, shiny|303/303","|move|p1a: Politoed|Surf|p2a: King Kold","|-damage|p2a: King Kold|129/303","|","|-weather|RainDance|[upkeep]","|-heal|p2a: King Kold|147/303|[from] item: Leftovers","|turn|11","|","|move|p2a: King Kold|Pain Split|p1a: Politoed","|-sethp|p1a: Politoed|265/383|p2a: King Kold|265/303|[from] move: Pain Split","|move|p1a: Politoed|Surf|p2a: King Kold","|-damage|p2a: King Kold|100/303","|","|-weather|RainDance|[upkeep]","|-heal|p2a: King Kold|118/303|[from] item: Leftovers","|turn|12","|","|move|p2a: King Kold|Pain Split|p1a: Politoed","|-sethp|p1a: Politoed|191/383|p2a: King Kold|191/303|[from] move: Pain Split","|move|p1a: Politoed|Surf|p2a: King Kold","|-damage|p2a: King Kold|5/303","|","|-weather|RainDance|[upkeep]","|-heal|p2a: King Kold|23/303|[from] item: Leftovers","|turn|13","|","|move|p2a: King Kold|Pain Split|p1a: Politoed","|-sethp|p1a: Politoed|107/383|p2a: King Kold|107/303|[from] move: Pain Split","|move|p1a: Politoed|Surf|p2a: King Kold","|-damage|p2a: King Kold|0 fnt","|faint|p2a: King Kold","|","|-weather|RainDance|[upkeep]","|","|switch|p2a: Darude Hailstorm|Abomasnow, M, shiny|383/383","|-weather|Hail","|turn|14","|","|switch|p1a: Milotic|Milotic, F, shiny|394/394","|move|p2a: Darude Hailstorm|Giga Drain|p1a: Milotic","|-supereffective|p1a: Milotic","|-damage|p1a: Milotic|208/394","|","|-weather|Hail|[upkeep]","|-damage|p1a: Milotic|184/394|[from] hail","|-heal|p1a: Milotic|208/394|[from] item: Leftovers","|turn|15","|","|switch|p2a: Kyurem-Black|Kyurem-Black|453/453","|-ability|p2a: Kyurem-Black|Teravolt","|move|p1a: Milotic|Toxic|p2a: Kyurem-Black","|-status|p2a: Kyurem-Black|tox","|","|-weather|Hail|[upkeep]","|-damage|p1a: Milotic|184/394|[from] hail","|-heal|p1a: Milotic|208/394|[from] item: Leftovers","|-damage|p2a: Kyurem-Black|425/453 tox|[from] psn","|turn|16","|","|switch|p1a: Politoed|Politoed, M, shiny|107/383","|-weather|RainDance","|move|p2a: Kyurem-Black|Fusion Bolt|p1a: Politoed","|-supereffective|p1a: Politoed","|-damage|p1a: Politoed|0 fnt","|faint|p1a: Politoed","|","|-weather|RainDance|[upkeep]","|-damage|p2a: Kyurem-Black|369/453 tox|[from] psn","|","|switch|p1a: Swampert|Swampert, M|403/403","|turn|17","|","|switch|p2a: The Titanic|Avalugg, M, shiny|393/393","|detailschange|p1a: Swampert|Swampert-Mega, M","|-mega|p1a: Swampert|Swampert|Swampertite","|move|p1a: Swampert|Superpower|p2a: The Titanic","|-supereffective|p2a: The Titanic","|-damage|p2a: The Titanic|223/393","|-unboost|p1a: Swampert|atk|1","|-unboost|p1a: Swampert|def|1","|","|-weather|RainDance|[upkeep]","|turn|18","|","|switch|p1a: Milotic|Milotic, F, shiny|208/394","|move|p2a: The Titanic|Recover|p2a: The Titanic","|-heal|p2a: The Titanic|393/393","|","|-weather|RainDance|[upkeep]","|-heal|p1a: Milotic|232/394|[from] item: Leftovers","|turn|19","|","|switch|p2a: Kyurem-Black|Kyurem-Black|369/453 tox","|-ability|p2a: Kyurem-Black|Teravolt","|move|p1a: Milotic|Ice Beam|p2a: Kyurem-Black","|-damage|p2a: Kyurem-Black|281/453 tox","|","|-weather|RainDance|[upkeep]","|-heal|p1a: Milotic|256/394|[from] item: Leftovers","|-damage|p2a: Kyurem-Black|253/453 tox|[from] psn","|turn|20","|","|switch|p1a: Swampert|Swampert-Mega, M|403/403","|move|p2a: Kyurem-Black|Outrage|p1a: Swampert","|-damage|p1a: Swampert|114/403","|","|-weather|none","|-damage|p2a: Kyurem-Black|197/453 tox|[from] psn","|turn|21","|","|move|p2a: Kyurem-Black|Outrage|p1a: Swampert|[from]lockedmove","|-damage|p1a: Swampert|0 fnt","|-start|p2a: Kyurem-Black|confusion|[fatigue]","|faint|p1a: Swampert","|","|-damage|p2a: Kyurem-Black|113/453 tox|[from] psn","|","|switch|p1a: Golduck|Golduck, F, shiny|301/301","|turn|22","|","|switch|p2a: The Titanic|Avalugg, M, shiny|393/393","|move|p1a: Golduck|Psychic|p2a: The Titanic","|-damage|p2a: The Titanic|169/393","|-damage|p1a: Golduck|271/301|[from] item: Life Orb","|","|turn|23","|","|switch|p2a: Kyurem-Black|Kyurem-Black|113/453 tox","|-ability|p2a: Kyurem-Black|Teravolt","|move|p1a: Golduck|Scald|p2a: Kyurem-Black","|-resisted|p2a: Kyurem-Black","|-damage|p2a: Kyurem-Black|13/453 tox","|-damage|p1a: Golduck|241/301|[from] item: Life Orb","|","|-damage|p2a: Kyurem-Black|0 fnt|[from] psn","|faint|p2a: Kyurem-Black","|","|switch|p2a: Darude Hailstorm|Abomasnow, M, shiny|383/383","|-weather|Hail","|turn|24","|","|move|p1a: Golduck|Psychic|p2a: Darude Hailstorm","|-damage|p2a: Darude Hailstorm|244/383","|-damage|p1a: Golduck|211/301|[from] item: Life Orb","|move|p2a: Darude Hailstorm|Giga Drain|p1a: Golduck","|-supereffective|p1a: Golduck","|-damage|p1a: Golduck|0 fnt","|-heal|p2a: Darude Hailstorm|350/383|[from] drain|[of] p1a: Golduck","|faint|p1a: Golduck","|","|-weather|Hail|[upkeep]","|","|switch|p1a: Milotic|Milotic, F, shiny|256/394","|turn|25","|","|move|p1a: Milotic|Toxic|p2a: Darude Hailstorm","|-status|p2a: Darude Hailstorm|tox","|move|p2a: Darude Hailstorm|Giga Drain|p1a: Milotic","|-supereffective|p1a: Milotic","|-damage|p1a: Milotic|74/394","|-heal|p2a: Darude Hailstorm|383/383 tox|[from] drain|[of] p1a: Milotic","|","|-weather|Hail|[upkeep]","|-damage|p1a: Milotic|50/394|[from] hail","|-heal|p1a: Milotic|74/394|[from] item: Leftovers","|-damage|p2a: Darude Hailstorm|360/383 tox|[from] psn","|turn|26","|","|move|p1a: Milotic|Ice Beam|p2a: Darude Hailstorm","|-damage|p2a: Darude Hailstorm|273/383 tox","|move|p2a: Darude Hailstorm|Giga Drain|p1a: Milotic","|-supereffective|p1a: Milotic","|-damage|p1a: Milotic|0 fnt","|-heal|p2a: Darude Hailstorm|310/383 tox|[from] drain|[of] p1a: Milotic","|faint|p1a: Milotic","|","|win|Carnie Marx"],"p1rating":{"entryid":"7365108","serverid":"eos","formatid":"monotype","userid":"sage13","username":"Sage.13","w":"7","l":5,"t":"0","gxe":54,"r":"1500","rd":"130","sigma":"0","rptime":"1438592400","rpr":1531.2052306353,"rprd":82.243736239395,"rpsigma":"0","acre":1126.1854657607,"lacre":1126.1854657607,"oldacre":"1152.3131644282"},"p2rating":{"entryid":"5821777","serverid":"eos","formatid":"monotype","userid":"carniemarx","username":"Carnie Marx","w":60,"l":"65","t":"0","gxe":49.1,"r":"1486.8280897575","rd":"39.841631369234","sigma":"0","rptime":"1438592400","rpr":1493.2306745993,"rprd":39.187731049513,"rpsigma":"0","acre":1162.758114741,"lacre":1162.758114741,"oldacre":"1136.6304160735"},"endType":"normal"}