{"seed":[7207,43198,43479,10883],"turns":23,"p1":"Carnie Marx","p2":"Inferno Ace","p1team":[{"name":"Darude Hailstorm","species":"abomasnow","item":"focussash","ability":"Snow Warning","moves":["blizzard","gigadrain","iceshard","shadowball"],"nature":"Mild","evs":{"hp":248,"atk":8,"def":0,"spa":252,"spd":0,"spe":0},"gender":"M","shiny":true,"ivs":{"hp":31,"atk":31,"def":31,"spa":31,"spd":31,"spe":31}},{"name":"Froslass","species":"Froslass","item":"focussash","ability":"Cursed Body","moves":["destinybond","icebeam","taunt","shadowball"],"nature":"Timid","evs":{"hp":0,"atk":0,"def":0,"spa":252,"spd":4,"spe":252},"ivs":{"hp":31,"atk":31,"def":31,"spa":31,"spd":31,"spe":31}},{"name":"Ice Age","species":"mamoswine","item":"choicescarf","ability":"Thick Fat","moves":["superpower","earthquake","iciclecrash","stoneedge"],"nature":"Jolly","evs":{"hp":0,"atk":252,"def":0,"spa":0,"spd":4,"spe":252},"gender":"M","shiny":true,"ivs":{"hp":31,"atk":31,"def":31,"spa":31,"spd":31,"spe":31}},{"name":"The Titanic","species":"avalugg","item":"rockyhelmet","ability":"Sturdy","moves":["rapidspin","toxic","recover","avalanche"],"nature":"Bold","evs":{"hp":248,"atk":0,"def":252,"spa":0,"spd":8,"spe":0},"gender":"M","shiny":true,"ivs":{"hp":31,"atk":31,"def":31,"spa":31,"spd":31,"spe":31}},{"name":"Kyurem-Black","species":"Kyurem-Black","item":"muscleband","ability":"Teravolt","moves":["fusionbolt","outrage","icebeam","shadowclaw"],"nature":"Naughty","evs":{"hp":248,"atk":252,"def":0,"spa":8,"spd":0,"spe":0},"ivs":{"hp":31,"atk":31,"def":31,"spa":31,"spd":31,"spe":31}},{"name":"King Kold","species":"rotomfrost","item":"leftovers","ability":"Levitate","moves":["discharge","willowisp","painsplit","charge"],"nature":"Calm","evs":{"hp":248,"atk":0,"def":0,"spa":252,"spd":8,"spe":0},"shiny":true,"ivs":{"hp":31,"atk":31,"def":31,"spa":31,"spd":31,"spe":31}}],"p2team":[{"name":"アブソル","species":"absol","item":"absolite","ability":"Justified","moves":["superpower","swordsdance","suckerpunch","playrough"],"nature":"Adamant","evs":{"hp":4,"atk":252,"def":0,"spa":0,"spd":0,"spe":252},"ivs":{"hp":31,"atk":31,"def":31,"spa":31,"spd":31,"spe":31}},{"name":"バルジーナ","species":"mandibuzz","item":"rockyhelmet","ability":"Overcoat","moves":["foulplay","roost","toxic","defog"],"nature":"Bold","evs":{"hp":252,"atk":0,"def":232,"spa":0,"spd":24,"spe":0},"ivs":{"hp":31,"atk":0,"def":31,"spa":31,"spd":31,"spe":31}},{"name":"ヤミラミ","species":"sableye","item":"leftovers","ability":"Prankster","moves":["willowisp","recover","metalburst","taunt"],"nature":"Calm","evs":{"hp":252,"atk":0,"def":4,"spa":0,"spd":252,"spe":0},"ivs":{"hp":31,"atk":31,"def":31,"spa":31,"spd":31,"spe":31}},{"name":"ゾロアーク","species":"zoroark","item":"focussash","ability":"Illusion","moves":["nastyplot","focusblast","extrasensory","nightdaze"],"nature":"Timid","evs":{"hp":4,"atk":0,"def":0,"spa":252,"spd":0,"spe":252},"ivs":{"hp":31,"atk":31,"def":31,"spa":31,"spd":31,"spe":31}},{"name":"ドラピオン","species":"drapion","item":"razorclaw","ability":"Sniper","moves":["crosspoison","aquatail","earthquake","nightslash"],"nature":"Adamant","evs":{"hp":0,"atk":252,"def":4,"spa":0,"spd":0,"spe":252},"ivs":{"hp":31,"atk":31,"def":31,"spa":31,"spd":31,"spe":31}},{"name":"マニューラ","species":"weavile","item":"focussash","ability":"Pickpocket","moves":["swordsdance","iceshard","iciclecrash","lowkick"],"nature":"Adamant","evs":{"hp":4,"atk":252,"def":0,"spa":0,"spd":0,"spe":252},"ivs":{"hp":31,"atk":31,"def":31,"spa":31,"spd":31,"spe":31}}],"log":["|player|p1|Carnie Marx|238","|player|p2|Inferno Ace|alliancewutang.png","|gametype|singles","|gen|6","|tier|Monotype","|rated","|rule|Baton Pass Clause: Limit one Baton Passer, can't pass Spe and other stats simultaneously","|rule|Swagger Clause: Swagger is banned","|rule|Same Type Clause: Pokémon in a team must share a type","|clearpoke","|poke|p1|Abomasnow, M, shiny","|poke|p1|Froslass, F","|poke|p1|Mamoswine, M, shiny","|poke|p1|Avalugg, M, shiny","|poke|p1|Kyurem-Black","|poke|p1|Rotom-Frost, shiny","|poke|p2|Absol, F","|poke|p2|Mandibuzz, F","|poke|p2|Sableye, M","|poke|p2|Zoroark, F","|poke|p2|Drapion, F","|poke|p2|Weavile, M","|rule|Sleep Clause Mod: Limit one foe put to sleep","|rule|Species Clause: Limit one of each Pokémon","|rule|OHKO Clause: OHKO moves are banned","|rule|Moody Clause: Moody is banned","|rule|Evasion Moves Clause: Evasion moves are banned","|rule|Endless Battle Clause: Forcing endless battles is banned","|rule|HP Percentage Mod: HP is shown in percentages","|teampreview","|","|start","|switch|p1a: Ice Age|Mamoswine, M, shiny|361/361","|switch|p2a: ヤミラミ|Sableye, M|262/262","|turn|1","|","|switch|p1a: Kyurem-Black|Kyurem-Black|453/453","|-ability|p1a: Kyurem-Black|Teravolt","|move|p2a: ヤミラミ|Night Daze|p1a: Kyurem-Black","|-damage|p1a: Kyurem-Black|264/453","|","|turn|2","|","|move|p2a: ヤミラミ|Focus Blast|p1a: Kyurem-Black","|-supereffective|p1a: Kyurem-Black","|-damage|p1a: Kyurem-Black|0 fnt","|faint|p1a: Kyurem-Black","|","|","|switch|p1a: Ice Age|Mamoswine, M, shiny|361/361","|turn|3","|","|move|p1a: Ice Age|Icicle Crash|p2a: ヤミラミ","|replace|p2a: ゾロアーク|Zoroark, F|262/262","|-damage|p2a: ゾロアーク|21/262","|move|p2a: ゾロアーク|Focus Blast|p1a: Ice Age|[miss]","|-miss|p2a: ゾロアーク|p1a: Ice Age","|","|turn|4","|","|move|p1a: Ice Age|Icicle Crash|p2a: ゾロアーク","|-damage|p2a: ゾロアーク|0 fnt","|faint|p2a: ゾロアーク","|","|","|switch|p2a: ヤミラミ|Sableye, M|304/304","|turn|5","|","|switch|p1a: King Kold|Rotom-Frost, shiny|303/303","|move|p2a: ヤミラミ|Will-O-Wisp|p1a: King Kold|[miss]","|-miss|p2a: ヤミラミ|p1a: King Kold","|","|turn|6","|","|move|p1a: King Kold|Will-O-Wisp|p2a: ヤミラミ","|-status|p2a: ヤミラミ|brn","|move|p2a: ヤミラミ|Metal Burst|p1a: King Kold","|-fail|p1a: King Kold","|","|-damage|p2a: ヤミラミ|266/304 brn|[from] brn","|turn|7","|","|move|p2a: ヤミラミ|Will-O-Wisp|p1a: King Kold","|-status|p1a: King Kold|brn","|move|p1a: King Kold|Charge|p1a: King Kold","|-boost|p1a: King Kold|spd|1","|-activate|p1a: King Kold|move: Charge","|","|-heal|p2a: ヤミラミ|285/304 brn|[from] item: Leftovers","|-damage|p1a: King Kold|266/303 brn|[from] brn","|-damage|p2a: ヤミラミ|247/304 brn|[from] brn","|turn|8","|","|switch|p2a: ドラピオン|Drapion, F|281/281","|move|p1a: King Kold|Discharge|p2a: ドラピオン","|-damage|p2a: ドラピオン|0 fnt","|faint|p2a: ドラピオン","|","|-heal|p1a: King Kold|284/303 brn|[from] item: Leftovers","|-damage|p1a: King Kold|247/303 brn|[from] brn","|","|switch|p2a: ヤミラミ|Sableye, M|247/304 brn","|turn|9","|","|move|p2a: ヤミラミ|Taunt|p1a: King Kold","|-start|p1a: King Kold|move: Taunt","|cant|p1a: King Kold|move: Taunt|Charge","|","|-heal|p1a: King Kold|265/303 brn|[from] item: Leftovers","|-heal|p2a: ヤミラミ|266/304 brn|[from] item: Leftovers","|-damage|p1a: King Kold|228/303 brn|[from] brn","|-damage|p2a: ヤミラミ|228/304 brn|[from] brn","|turn|10","|","|move|p1a: King Kold|Discharge|p2a: ヤミラミ","|-damage|p2a: ヤミラミ|104/304 brn","|move|p2a: ヤミラミ|Metal Burst|p1a: King Kold","|-damage|p1a: King Kold|42/303 brn","|","|-heal|p1a: King Kold|60/303 brn|[from] item: Leftovers","|-heal|p2a: ヤミラミ|123/304 brn|[from] item: Leftovers","|-damage|p1a: King Kold|23/303 brn|[from] brn","|-damage|p2a: ヤミラミ|85/304 brn|[from] brn","|turn|11","|","|move|p2a: ヤミラミ|Recover|p2a: ヤミラミ","|-heal|p2a: ヤミラミ|237/304 brn","|move|p1a: King Kold|Discharge|p2a: ヤミラミ","|-damage|p2a: ヤミラミ|111/304 brn","|","|-heal|p1a: King Kold|41/303 brn|[from] item: Leftovers","|-heal|p2a: ヤミラミ|130/304 brn|[from] item: Leftovers","|-damage|p1a: King Kold|4/303 brn|[from] brn","|-damage|p2a: ヤミラミ|92/304 brn|[from] brn","|-end|p1a: King Kold|move: Taunt","|turn|12","|","|move|p2a: ヤミラミ|Recover|p2a: ヤミラミ","|-heal|p2a: ヤミラミ|244/304 brn","|move|p1a: King Kold|Discharge|p2a: ヤミラミ","|-damage|p2a: ヤミラミ|133/304 brn","|","|-heal|p1a: King Kold|22/303 brn|[from] item: Leftovers","|-heal|p2a: ヤミラミ|152/304 brn|[from] item: Leftovers","|-damage|p1a: King Kold|0 fnt|[from] brn","|-damage|p2a: ヤミラミ|114/304 brn|[from] brn","|faint|p1a: King Kold","|","|switch|p1a: Darude Hailstorm|Abomasnow, M, shiny|383/383","|-weather|Hail","|turn|13","|","|move|p2a: ヤミラミ|Will-O-Wisp|p1a: Darude Hailstorm","|-status|p1a: Darude Hailstorm|brn","|move|p1a: Darude Hailstorm|Blizzard|p2a: ヤミラミ","|-damage|p2a: ヤミラミ|0 fnt","|faint|p2a: ヤミラミ","|","|-weather|Hail|[upkeep]","|-damage|p1a: Darude Hailstorm|336/383 brn|[from] brn","|","|switch|p2a: マニューラ|Weavile, M|282/282","|turn|14","|","|switch|p1a: Froslass|Froslass, F|281/281","|move|p2a: マニューラ|Low Kick|p1a: Froslass","|-immune|p1a: Froslass|[msg]","|","|-weather|Hail|[upkeep]","|turn|15","|","|switch|p2a: バルジーナ|Mandibuzz, F|424/424","|move|p1a: Froslass|Destiny Bond|p1a: Froslass","|-singlemove|p1a: Froslass|Destiny Bond","|","|-weather|Hail|[upkeep]","|turn|16","|","|move|p1a: Froslass|Taunt|p2a: バルジーナ","|-start|p2a: バルジーナ|move: Taunt","|move|p2a: バルジーナ|Foul Play|p1a: Froslass","|-supereffective|p1a: Froslass","|-damage|p1a: Froslass|51/281","|","|-weather|Hail|[upkeep]","|turn|17","|","|move|p1a: Froslass|Destiny Bond|p1a: Froslass","|-singlemove|p1a: Froslass|Destiny Bond","|move|p2a: バルジーナ|Foul Play|p1a: Froslass","|-crit|p1a: Froslass","|-supereffective|p1a: Froslass","|-damage|p1a: Froslass|0 fnt","|faint|p1a: Froslass","|-activate|p1a: Froslass|Destiny Bond","|faint|p2a: バルジーナ","|","|-weather|none","|","|switch|p2a: マニューラ|Weavile, M|282/282","|switch|p1a: The Titanic|Avalugg, M, shiny|393/393","|turn|18","|","|move|p2a: マニューラ|Swords Dance|p2a: マニューラ","|-boost|p2a: マニューラ|atk|2","|move|p1a: The Titanic|Recover|p1a: The Titanic","|-fail|p1a: The Titanic","|","|turn|19","|","|move|p2a: マニューラ|Icicle Crash|p1a: The Titanic","|-resisted|p1a: The Titanic","|-damage|p1a: The Titanic|322/393","|move|p1a: The Titanic|Avalanche|p2a: マニューラ","|-resisted|p2a: マニューラ","|-damage|p2a: マニューラ|188/282","|","|turn|20","|","|move|p2a: マニューラ|Low Kick|p1a: The Titanic","|-supereffective|p1a: The Titanic","|-damage|p1a: The Titanic|66/393","|-damage|p2a: マニューラ|141/282|[from] item: Rocky Helmet|[of] p1a: The Titanic","|move|p1a: The Titanic|Recover|p1a: The Titanic","|-heal|p1a: The Titanic|263/393","|","|turn|21","|","|move|p2a: マニューラ|Low Kick|p1a: The Titanic","|-supereffective|p1a: The Titanic","|-damage|p1a: The Titanic|7/393","|-damage|p2a: マニューラ|94/282|[from] item: Rocky Helmet|[of] p1a: The Titanic","|move|p1a: The Titanic|Avalanche|p2a: マニューラ","|-resisted|p2a: マニューラ","|-damage|p2a: マニューラ|0 fnt","|faint|p2a: マニューラ","|","|","|switch|p2a: アブソル|Absol, F|272/272","|turn|22","|","|detailschange|p2a: アブソル|Absol-Mega, F","|-mega|p2a: アブソル|Absol|Absolite","|move|p2a: アブソル|Play Rough|p1a: The Titanic","|-damage|p1a: The Titanic|0 fnt","|-damage|p2a: アブソル|227/272|[from] item: Rocky Helmet|[of] p1a: The Titanic","|faint|p1a: The Titanic","|","|","|switch|p1a: Ice Age|Mamoswine, M, shiny|361/361","|turn|23","|","|move|p1a: Ice Age|Superpower|p2a: アブソル","|-crit|p2a: アブソル","|-supereffective|p2a: アブソル","|-damage|p2a: アブソル|0 fnt","|-unboost|p1a: Ice Age|atk|1","|-unboost|p1a: Ice Age|def|1","|faint|p2a: アブソル","|","|win|Carnie Marx"],"p1rating":{"entryid":"5821777","serverid":"eos","formatid":"monotype","userid":"carniemarx","username":"Carnie Marx","w":59,"l":"65","t":"0","gxe":48.6,"r":"1486.8280897575","rd":"39.841631369234","sigma":"0","rptime":"1438592400","rpr":1489.0254603311,"rprd":39.402229435047,"rpsigma":"0","acre":1136.6304160735,"lacre":1136.6304160735,"oldacre":"1108.6110131009"},"p2rating":{"entryid":"7316925","serverid":"eos","formatid":"monotype","userid":"infernoace","username":"Inferno Ace","w":"7","l":3,"t":"0","gxe":59.7,"r":"1635.126201012","rd":"102.35984437234","sigma":"0","rptime":"1438592400","rpr":1576.5777030677,"rprd":87.950984683978,"rpsigma":"0","acre":1122.7593672851,"lacre":1122.7593672851,"oldacre":"1150.7787702577"},"endType":"normal"}