{"seed":[29894,12717,60956,2677],"turns":23,"p1":"Guard wulf - ⓛⓞⓛ","p2":"Rain ☆ sidious","p1team":[{"name":"Hard body X","species":"charizard","item":"charizarditey","ability":"Blaze","moves":["overheat","airslash","solarbeam","roost"],"nature":"Timid","evs":{"hp":0,"atk":0,"def":0,"spa":252,"spd":4,"spe":252},"ivs":{"hp":31,"atk":31,"def":31,"spa":31,"spd":31,"spe":31}},{"name":"Wall among Men","species":"skarmory","item":"leftovers","ability":"Sturdy","moves":["roost","whirlwind","stealthrock","ironhead"],"nature":"Impish","evs":{"hp":252,"atk":0,"def":232,"spa":0,"spd":0,"spe":24},"ivs":{"hp":31,"atk":31,"def":31,"spa":31,"spd":31,"spe":31}},{"name":"SUCK IT","species":"togekiss","item":"leftovers","ability":"Serene Grace","moves":["thunderwave","airslash","defog","roost"],"nature":"Calm","evs":{"hp":252,"atk":0,"def":0,"spa":4,"spd":252,"spe":0},"ivs":{"hp":31,"atk":31,"def":31,"spa":31,"spd":31,"spe":31}},{"name":"d dance or nah","species":"dragonite","item":"weaknesspolicy","ability":"Multiscale","moves":["extremespeed","earthquake","dragonclaw","dragondance"],"nature":"Jolly","evs":{"hp":0,"atk":252,"def":0,"spa":0,"spd":4,"spe":252},"ivs":{"hp":31,"atk":31,"def":31,"spa":31,"spd":31,"spe":31}},{"name":"Fast Nigga","species":"landorustherian","item":"choicescarf","ability":"Intimidate","moves":["earthquake","stoneedge","uturn","knockoff"],"nature":"Jolly","evs":{"hp":0,"atk":252,"def":0,"spa":0,"spd":4,"spe":252},"ivs":{"hp":31,"atk":31,"def":31,"spa":31,"spd":31,"spe":31}},{"name":"Ocho Cinco","species":"thundurus","item":"leftovers","ability":"Prankster","moves":["nastyplot","substitute","thunderbolt","hiddenpowerice"],"nature":"Timid","evs":{"hp":0,"atk":0,"def":0,"spa":252,"spd":4,"spe":252},"ivs":{"hp":31,"atk":30,"def":30,"spa":31,"spd":31,"spe":31}}],"p2team":[{"name":"Alakazam","species":"Alakazam","item":"lifeorb","ability":"Magic Guard","moves":["energyball","psychic","focusblast","shadowball"],"nature":"Timid","evs":{"hp":0,"atk":0,"def":0,"spa":252,"spd":4,"spe":252},"gender":"F","shiny":true,"ivs":{"hp":31,"atk":31,"def":31,"spa":31,"spd":31,"spe":31}},{"name":"Latios","species":"Latios","item":"latiosite","ability":"Levitate","moves":["dragonpulse","icebeam","calmmind","defog"],"nature":"Timid","evs":{"hp":0,"atk":0,"def":0,"spa":252,"spd":4,"spe":252},"shiny":true,"ivs":{"hp":31,"atk":31,"def":31,"spa":31,"spd":31,"spe":31}},{"name":"Cresselia","species":"Cresselia","item":"leftovers","ability":"Levitate","moves":["lunardance","thunderwave","psychic","magiccoat"],"nature":"Calm","evs":{"hp":132,"atk":0,"def":120,"spa":4,"spd":252,"spe":0},"shiny":true,"ivs":{"hp":31,"atk":31,"def":31,"spa":31,"spd":31,"spe":31}},{"name":"Victini","species":"Victini","item":"choiceband","ability":"Victory Star","moves":["flareblitz","boltstrike","uturn","facade"],"nature":"Jolly","evs":{"hp":0,"atk":252,"def":0,"spa":0,"spd":4,"spe":252},"ivs":{"hp":31,"atk":31,"def":31,"spa":31,"spd":31,"spe":31}},{"name":"Jynx","species":"Jynx","item":"choicescarf","ability":"Dry Skin","moves":["icebeam","shadowball","psychic","focusblast"],"nature":"Timid","evs":{"hp":0,"atk":0,"def":0,"spa":252,"spd":4,"spe":252},"shiny":true,"ivs":{"hp":31,"atk":31,"def":31,"spa":31,"spd":31,"spe":31}},{"name":"Starmie","species":"Starmie","item":"lifeorb","ability":"Analytic","moves":["rapidspin","psyshock","hydropump","icebeam"],"nature":"Timid","evs":{"hp":0,"atk":0,"def":0,"spa":252,"spd":4,"spe":252},"ivs":{"hp":31,"atk":31,"def":31,"spa":31,"spd":31,"spe":31}}],"log":["|player|p1|Guard wulf - ⓛⓞⓛ|143","|player|p2|Rain ☆ sidious|278","|gametype|singles","|gen|6","|tier|Monotype","|rated","|rule|Baton Pass Clause: Limit one Baton Passer, can't pass Spe and other stats simultaneously","|rule|Swagger Clause: Swagger is banned","|rule|Same Type Clause: Pokémon in a team must share a type","|clearpoke","|poke|p1|Charizard, F","|poke|p1|Skarmory, M","|poke|p1|Togekiss, F","|poke|p1|Dragonite, M","|poke|p1|Landorus-Therian, M","|poke|p1|Thundurus, M","|poke|p2|Alakazam, F, shiny","|poke|p2|Latios, M, shiny","|poke|p2|Cresselia, F, shiny","|poke|p2|Victini","|poke|p2|Jynx, F, shiny","|poke|p2|Starmie","|rule|Sleep Clause Mod: Limit one foe put to sleep","|rule|Species Clause: Limit one of each Pokémon","|rule|OHKO Clause: OHKO moves are banned","|rule|Moody Clause: Moody is banned","|rule|Evasion Moves Clause: Evasion moves are banned","|rule|Endless Battle Clause: Forcing endless battles is banned","|rule|HP Percentage Mod: HP is shown in percentages","|teampreview","|","|start","|switch|p1a: Fast Nigga|Landorus-Therian, M|319/319","|switch|p2a: Starmie|Starmie|261/261","|-ability|p1a: Fast Nigga|Intimidate","|-unboost|p2a: Starmie|atk|1","|turn|1","|","|move|p1a: Fast Nigga|U-turn|p2a: Starmie","|-supereffective|p2a: Starmie","|-damage|p2a: Starmie|67/261","|","|switch|p1a: SUCK IT|Togekiss, F|374/374","|move|p2a: Starmie|Ice Beam|p1a: SUCK IT","|-supereffective|p1a: SUCK IT","|-damage|p1a: SUCK IT|179/374","|-damage|p2a: Starmie|41/261|[from] item: Life Orb","|","|-heal|p1a: SUCK IT|202/374|[from] item: Leftovers","|turn|2","|","|move|p2a: Starmie|Hydro Pump|p1a: SUCK IT","|-damage|p1a: SUCK IT|62/374","|-damage|p2a: Starmie|15/261|[from] item: Life Orb","|move|p1a: SUCK IT|Thunder Wave|p2a: Starmie","|-status|p2a: Starmie|par","|","|-heal|p1a: SUCK IT|85/374|[from] item: Leftovers","|turn|3","|","|move|p1a: SUCK IT|Roost|p1a: SUCK IT","|-heal|p1a: SUCK IT|272/374","|move|p2a: Starmie|Ice Beam|p1a: SUCK IT","|-damage|p1a: SUCK IT|165/374","|-damage|p2a: Starmie|0 fnt|[from] item: Life Orb","|faint|p2a: Starmie","|","|-heal|p1a: SUCK IT|188/374|[from] item: Leftovers","|","|switch|p2a: Victini|Victini|341/341","|turn|4","|","|move|p2a: Victini|Flare Blitz|p1a: SUCK IT","|-damage|p1a: SUCK IT|0 fnt","|-damage|p2a: Victini|279/341|[from] recoil|[of] p1a: SUCK IT","|faint|p1a: SUCK IT","|","|","|switch|p1a: d dance or nah|Dragonite, M|323/323","|turn|5","|","|move|p2a: Victini|Flare Blitz|p1a: d dance or nah","|-resisted|p1a: d dance or nah","|-damage|p1a: d dance or nah|254/323","|-damage|p2a: Victini|256/341|[from] recoil|[of] p1a: d dance or nah","|move|p1a: d dance or nah|Dragon Claw|p2a: Victini","|-damage|p2a: Victini|118/341","|","|turn|6","|","|move|p2a: Victini|Flare Blitz|p1a: d dance or nah","|-resisted|p1a: d dance or nah","|-damage|p1a: d dance or nah|124/323","|-damage|p2a: Victini|75/341|[from] recoil|[of] p1a: d dance or nah","|move|p1a: d dance or nah|Dragon Dance|p1a: d dance or nah","|-boost|p1a: d dance or nah|atk|1","|-boost|p1a: d dance or nah|spe|1","|","|turn|7","|","|move|p1a: d dance or nah|Extreme Speed|p2a: Victini","|-damage|p2a: Victini|0 fnt","|faint|p2a: Victini","|","|","|switch|p2a: Jynx|Jynx, F, shiny|271/271","|turn|8","|","|move|p2a: Jynx|Ice Beam|p1a: d dance or nah","|-supereffective|p1a: d dance or nah","|-damage|p1a: d dance or nah|0 fnt","|faint|p1a: d dance or nah","|","|","|switch|p1a: Hard body X|Charizard, F|297/297","|turn|9","|","|detailschange|p1a: Hard body X|Charizard-Mega-Y, F","|-mega|p1a: Hard body X|Charizard|Charizardite Y","|-weather|SunnyDay","|move|p2a: Jynx|Ice Beam|p1a: Hard body X","|-damage|p1a: Hard body X|171/297","|move|p1a: Hard body X|Overheat|p2a: Jynx","|-supereffective|p2a: Jynx","|-damage|p2a: Jynx|0 fnt","|-unboost|p1a: Hard body X|spa|2","|faint|p2a: Jynx","|","|-weather|SunnyDay|[upkeep]","|","|switch|p2a: Latios|Latios, M, shiny|301/301","|turn|10","|","|switch|p1a: Wall among Men|Skarmory, M|334/334","|detailschange|p2a: Latios|Latios-Mega, M, shiny","|-mega|p2a: Latios|Latios|Latiosite","|move|p2a: Latios|Ice Beam|p1a: Wall among Men","|-damage|p1a: Wall among Men|163/334","|","|-weather|SunnyDay|[upkeep]","|-heal|p1a: Wall among Men|183/334|[from] item: Leftovers","|turn|11","|","|move|p2a: Latios|Calm Mind|p2a: Latios","|-boost|p2a: Latios|spa|1","|-boost|p2a: Latios|spd|1","|move|p1a: Wall among Men|Stealth Rock|p2a: Latios","|-sidestart|p2: Rain ☆ sidious|move: Stealth Rock","|","|-weather|SunnyDay|[upkeep]","|-heal|p1a: Wall among Men|203/334|[from] item: Leftovers","|turn|12","|","|move|p2a: Latios|Calm Mind|p2a: Latios","|-boost|p2a: Latios|spa|1","|-boost|p2a: Latios|spd|1","|move|p1a: Wall among Men|Whirlwind|p2a: Latios","|drag|p2a: Cresselia|Cresselia, F, shiny|414/414","|-damage|p2a: Cresselia|363/414|[from] Stealth Rock","|","|-weather|SunnyDay|[upkeep]","|-heal|p2a: Cresselia|388/414|[from] item: Leftovers","|-heal|p1a: Wall among Men|223/334|[from] item: Leftovers","|turn|13","|","|move|p2a: Cresselia|Thunder Wave|p1a: Wall among Men","|-status|p1a: Wall among Men|par","|cant|p1a: Wall among Men|par","|","|-weather|none","|-heal|p2a: Cresselia|413/414|[from] item: Leftovers","|-heal|p1a: Wall among Men|243/334 par|[from] item: Leftovers","|turn|14","|","|switch|p1a: Ocho Cinco|Thundurus, M|299/299","|move|p2a: Cresselia|Psychic|p1a: Ocho Cinco","|-damage|p1a: Ocho Cinco|194/299","|","|-heal|p1a: Ocho Cinco|212/299|[from] item: Leftovers","|-heal|p2a: Cresselia|414/414|[from] item: Leftovers","|turn|15","|","|switch|p2a: Alakazam|Alakazam, F, shiny|251/251","|move|p1a: Ocho Cinco|Nasty Plot|p1a: Ocho Cinco","|-boost|p1a: Ocho Cinco|spa|2","|","|-heal|p1a: Ocho Cinco|230/299|[from] item: Leftovers","|turn|16","|","|move|p2a: Alakazam|Psychic|p1a: Ocho Cinco","|-damage|p1a: Ocho Cinco|0 fnt","|faint|p1a: Ocho Cinco","|","|","|switch|p1a: Fast Nigga|Landorus-Therian, M|319/319","|-ability|p1a: Fast Nigga|Intimidate","|-unboost|p2a: Alakazam|atk|1","|turn|17","|","|move|p1a: Fast Nigga|U-turn|p2a: Alakazam","|-supereffective|p2a: Alakazam","|-damage|p2a: Alakazam|0 fnt","|faint|p2a: Alakazam","|","|switch|p1a: Hard body X|Charizard-Mega-Y, F|171/297","|-weather|SunnyDay","|","|-weather|SunnyDay|[upkeep]","|","|switch|p2a: Latios|Latios-Mega, M, shiny|301/301","|-damage|p2a: Latios|264/301|[from] Stealth Rock","|turn|18","|","|move|p2a: Latios|Ice Beam|p1a: Hard body X","|-damage|p1a: Hard body X|60/297","|move|p1a: Hard body X|Overheat|p2a: Latios","|-crit|p2a: Latios","|-resisted|p2a: Latios","|-damage|p2a: Latios|0 fnt","|-unboost|p1a: Hard body X|spa|2","|faint|p2a: Latios","|","|-weather|SunnyDay|[upkeep]","|","|switch|p2a: Cresselia|Cresselia, F, shiny|414/414","|-damage|p2a: Cresselia|363/414|[from] Stealth Rock","|turn|19","|","|switch|p1a: Fast Nigga|Landorus-Therian, M|319/319","|-ability|p1a: Fast Nigga|Intimidate","|-unboost|p2a: Cresselia|atk|1","|move|p2a: Cresselia|Thunder Wave|p1a: Fast Nigga","|-immune|p1a: Fast Nigga|[msg]","|","|-weather|SunnyDay|[upkeep]","|-heal|p2a: Cresselia|388/414|[from] item: Leftovers","|turn|20","|","|move|p1a: Fast Nigga|Knock Off|p2a: Cresselia","|-supereffective|p2a: Cresselia","|-damage|p2a: Cresselia|198/414","|-enditem|p2a: Cresselia|Leftovers|[from] move: Knock Off|[of] p1a: Fast Nigga","|move|p2a: Cresselia|Psychic|p1a: Fast Nigga","|-damage|p1a: Fast Nigga|226/319","|","|-weather|SunnyDay|[upkeep]","|turn|21","|","|switch|p1a: Hard body X|Charizard-Mega-Y, F|60/297","|move|p2a: Cresselia|Lunar Dance|p2a: Cresselia","|-fail|p2a: Cresselia","|","|-weather|none","|turn|22","|","|move|p1a: Hard body X|Overheat|p2a: Cresselia","|-damage|p2a: Cresselia|35/414","|-unboost|p1a: Hard body X|spa|2","|move|p2a: Cresselia|Psychic|p1a: Hard body X","|-damage|p1a: Hard body X|0 fnt","|faint|p1a: Hard body X","|","|","|switch|p1a: Fast Nigga|Landorus-Therian, M|226/319","|-ability|p1a: Fast Nigga|Intimidate","|-unboost|p2a: Cresselia|atk|1","|turn|23","|","|move|p1a: Fast Nigga|U-turn|p2a: Cresselia","|-supereffective|p2a: Cresselia","|-damage|p2a: Cresselia|0 fnt","|faint|p2a: Cresselia","|","|win|Guard wulf - ⓛⓞⓛ"],"p1rating":{"entryid":"7326062","serverid":"eos","formatid":"monotype","userid":"guardwulf","username":"Guard Wulf","w":15,"l":"6","t":"0","gxe":63.1,"r":"1556.4129881256","rd":"89.09129900381","sigma":"0","rptime":"1438592400","rpr":1602.4316629168,"rprd":68.479007442219,"rpsigma":"0","acre":1243.1370950828,"lacre":1243.1370950828,"oldacre":"1223.1007842865"},"p2rating":{"entryid":"6395890","serverid":"eos","formatid":"monotype","userid":"rainsidious","username":"Rain ☆ sidious","w":"48","l":61,"t":"0","gxe":45.4,"r":"1468.6119987914","rd":"40.927016670545","sigma":"0","rptime":"1438592400","rpr":1465.1215107927,"rprd":40.681268230411,"rpsigma":"0","acre":1133.1534638752,"lacre":1133.1534638752,"oldacre":"1153.1897746715"},"endType":"normal"}