{"seed":[63318,41211,57617,11091],"turns":18,"p1":"Guard Darkrai","p2":"Spettro_Filo","p1team":[{"name":"Beedrill","species":"Beedrill","item":"beedrillite","ability":"Sniper","moves":["fellstinger","poisonjab","uturn","protect"],"nature":"Jolly","evs":{"hp":0,"atk":252,"def":0,"spa":0,"spd":4,"spe":252},"shiny":true,"ivs":{"hp":31,"atk":31,"def":31,"spa":31,"spd":31,"spe":31}},{"name":"Durant","species":"Durant","item":"lifeorb","ability":"Hustle","moves":["ironhead","xscissor","superpower","honeclaws"],"nature":"Jolly","evs":{"hp":0,"atk":252,"def":0,"spa":0,"spd":4,"spe":252},"shiny":true,"ivs":{"hp":31,"atk":31,"def":31,"spa":31,"spd":31,"spe":31}},{"name":"Venomoth","species":"Venomoth","item":"focussash","ability":"Wonder Skin","moves":["quiverdance","bugbuzz","sludgebomb","energyball"],"nature":"Modest","evs":{"hp":0,"atk":0,"def":0,"spa":252,"spd":4,"spe":252},"shiny":true,"ivs":{"hp":31,"atk":31,"def":31,"spa":31,"spd":31,"spe":31}},{"name":"Shuckle","species":"Shuckle","item":"leftovers","ability":"Contrary","moves":["shellsmash","stickyweb","infestation","stealthrock"],"nature":"Modest","evs":{"hp":0,"atk":0,"def":0,"spa":252,"spd":4,"spe":252},"shiny":true,"ivs":{"hp":31,"atk":31,"def":31,"spa":31,"spd":31,"spe":31}},{"name":"Heracross","species":"Heracross","item":"choicescarf","ability":"Moxie","moves":["closecombat","stoneedge","megahorn","knockoff"],"nature":"Jolly","evs":{"hp":0,"atk":252,"def":0,"spa":0,"spd":4,"spe":252},"shiny":true,"ivs":{"hp":31,"atk":31,"def":31,"spa":31,"spd":31,"spe":31}},{"name":"Illumise","species":"Illumise","item":"leftovers","ability":"Prankster","moves":["thunderwave","encore","uturn","tailwind"],"nature":"Careful","evs":{"hp":252,"atk":0,"def":4,"spa":0,"spd":252,"spe":0},"shiny":true,"ivs":{"hp":31,"atk":31,"def":31,"spa":31,"spd":31,"spe":31}}],"p2team":[{"name":"Gengar","species":"Gengar","item":"choicespecs","ability":"Levitate","moves":["dazzlinggleam","energyball","darkpulse","shadowball"],"nature":"Timid","evs":{"hp":0,"atk":0,"def":0,"spa":252,"spd":4,"spe":252},"ivs":{"hp":31,"atk":31,"def":31,"spa":31,"spd":31,"spe":31}},{"name":"Spiritomb","species":"Spiritomb","item":"leftovers","ability":"Pressure","moves":["calmmind","darkpulse","rest","sleeptalk"],"nature":"Modest","evs":{"hp":252,"atk":0,"def":0,"spa":252,"spd":4,"spe":0},"ivs":{"hp":31,"atk":31,"def":31,"spa":31,"spd":31,"spe":31}},{"name":"Chandelure","species":"Chandelure","item":"leftovers","ability":"Flash Fire","moves":["calmmind","substitute","flamethrower","shadowball"],"nature":"Modest","evs":{"hp":248,"atk":0,"def":0,"spa":252,"spd":8,"spe":0},"ivs":{"hp":31,"atk":31,"def":31,"spa":31,"spd":31,"spe":31}},{"name":"Golurk","species":"Golurk","item":"assaultvest","ability":"No Guard","moves":["earthquake","dynamicpunch","icepunch","hammerarm"],"nature":"Adamant","evs":{"hp":248,"atk":252,"def":0,"spa":0,"spd":8,"spe":0},"ivs":{"hp":31,"atk":31,"def":31,"spa":31,"spd":31,"spe":31}},{"name":"Cofagrigus","species":"Cofagrigus","item":"leftovers","ability":"Mummy","moves":["toxicspikes","nastyplot","shadowball","trickroom"],"nature":"Quiet","evs":{"hp":248,"atk":0,"def":0,"spa":252,"spd":8,"spe":0},"ivs":{"hp":31,"atk":31,"def":31,"spa":31,"spd":31,"spe":0}},{"name":"Froslass","species":"Froslass","item":"focussash","ability":"Cursed Body","moves":["thunderbolt","destinybond","icebeam","shadowball"],"nature":"Timid","evs":{"hp":0,"atk":0,"def":0,"spa":252,"spd":4,"spe":252},"ivs":{"hp":31,"atk":31,"def":31,"spa":31,"spd":31,"spe":31}}],"log":["|player|p1|Guard Darkrai|293","|player|p2|Spettro_Filo|168","|gametype|singles","|gen|6","|tier|Monotype","|rated","|rule|Baton Pass Clause: Limit one Baton Passer, can't pass Spe and other stats simultaneously","|rule|Swagger Clause: Swagger is banned","|rule|Same Type Clause: Pokémon in a team must share a type","|clearpoke","|poke|p1|Beedrill, F, shiny","|poke|p1|Durant, M, shiny","|poke|p1|Venomoth, F, shiny","|poke|p1|Shuckle, F, shiny","|poke|p1|Heracross, F, shiny","|poke|p1|Illumise, F, shiny","|poke|p2|Gengar, M","|poke|p2|Spiritomb, M","|poke|p2|Chandelure, F","|poke|p2|Golurk","|poke|p2|Cofagrigus, M","|poke|p2|Froslass, F","|rule|Sleep Clause Mod: Limit one foe put to sleep","|rule|Species Clause: Limit one of each Pokémon","|rule|OHKO Clause: OHKO moves are banned","|rule|Moody Clause: Moody is banned","|rule|Evasion Moves Clause: Evasion moves are banned","|rule|Endless Battle Clause: Forcing endless battles is banned","|rule|HP Percentage Mod: HP is shown in percentages","|teampreview","|","|start","|switch|p1a: Shuckle|Shuckle, F, shiny|181/181","|switch|p2a: Cofagrigus|Cofagrigus, M|319/319","|turn|1","|","|move|p1a: Shuckle|Sticky Web|p2a: Cofagrigus","|-sidestart|p2: Spettro_Filo|move: Sticky Web","|move|p2a: Cofagrigus|Trick Room|p2a: Cofagrigus","|-fieldstart|move: Trick Room|[of] p2a: Cofagrigus","|","|turn|2","|","|move|p2a: Cofagrigus|Nasty Plot|p2a: Cofagrigus","|-boost|p2a: Cofagrigus|spa|2","|move|p1a: Shuckle|Stealth Rock|p2a: Cofagrigus","|-sidestart|p2: Spettro_Filo|move: Stealth Rock","|","|turn|3","|","|move|p2a: Cofagrigus|Shadow Ball|p1a: Shuckle","|-damage|p1a: Shuckle|70/181","|move|p1a: Shuckle|Infestation|p2a: Cofagrigus","|-resisted|p2a: Cofagrigus","|-damage|p2a: Cofagrigus|313/319","|-endability|p1a: Shuckle|contrary|[from] Mummy","|-ability|p1a: Shuckle|Mummy|[from] Mummy","|-activate|p2a: Cofagrigus|move: Infestation|[of] p1a: Shuckle","|","|-heal|p2a: Cofagrigus|319/319|[from] item: Leftovers","|-heal|p1a: Shuckle|81/181|[from] item: Leftovers","|-damage|p2a: Cofagrigus|280/319|[from] move: Infestation|[partiallytrapped]","|turn|4","|","|move|p2a: Cofagrigus|Nasty Plot|p2a: Cofagrigus","|-boost|p2a: Cofagrigus|spa|2","|move|p1a: Shuckle|Infestation|p2a: Cofagrigus","|-resisted|p2a: Cofagrigus","|-damage|p2a: Cofagrigus|274/319","|","|-heal|p2a: Cofagrigus|293/319|[from] item: Leftovers","|-heal|p1a: Shuckle|92/181|[from] item: Leftovers","|-damage|p2a: Cofagrigus|254/319|[from] move: Infestation|[partiallytrapped]","|turn|5","|","|move|p2a: Cofagrigus|Shadow Ball|p1a: Shuckle","|-damage|p1a: Shuckle|0 fnt","|faint|p1a: Shuckle","|","|-heal|p2a: Cofagrigus|273/319|[from] item: Leftovers","|-fieldend|move: Trick Room","|","|switch|p1a: Illumise|Illumise, F, shiny|334/334","|turn|6","|","|move|p1a: Illumise|Thunder Wave|p2a: Cofagrigus","|-status|p2a: Cofagrigus|par","|move|p2a: Cofagrigus|Trick Room|p2a: Cofagrigus","|-fieldstart|move: Trick Room|[of] p2a: Cofagrigus","|","|-heal|p2a: Cofagrigus|292/319 par|[from] item: Leftovers","|turn|7","|","|move|p1a: Illumise|Encore|p2a: Cofagrigus","|-start|p2a: Cofagrigus|Encore","|move|p2a: Cofagrigus|Trick Room|p2a: Cofagrigus","|-fieldend|move: Trick Room","|","|-heal|p2a: Cofagrigus|311/319 par|[from] item: Leftovers","|turn|8","|","|switch|p1a: Venomoth|Venomoth, F, shiny|281/281","|switch|p2a: Chandelure|Chandelure, F|323/323","|-damage|p2a: Chandelure|243/323|[from] Stealth Rock","|-activate|p2a: Chandelure|move: Sticky Web","|-unboost|p2a: Chandelure|spe|1","|","|-heal|p2a: Chandelure|263/323|[from] item: Leftovers","|turn|9","|","|move|p1a: Venomoth|Sludge Bomb|p2a: Chandelure","|-resisted|p2a: Chandelure","|-damage|p2a: Chandelure|191/323","|move|p2a: Chandelure|Substitute|p2a: Chandelure","|-start|p2a: Chandelure|Substitute","|-damage|p2a: Chandelure|111/323","|","|-heal|p2a: Chandelure|131/323|[from] item: Leftovers","|turn|10","|","|move|p1a: Venomoth|Sludge Bomb|p2a: Chandelure","|-resisted|p2a: Chandelure","|-activate|p2a: Chandelure|Substitute|[damage]","|move|p2a: Chandelure|Flamethrower|p1a: Venomoth","|-supereffective|p1a: Venomoth","|-enditem|p1a: Venomoth|Focus Sash","|-damage|p1a: Venomoth|1/281","|","|-heal|p2a: Chandelure|151/323|[from] item: Leftovers","|turn|11","|","|move|p1a: Venomoth|Sludge Bomb|p2a: Chandelure","|-resisted|p2a: Chandelure","|-end|p2a: Chandelure|Substitute","|move|p2a: Chandelure|Flamethrower|p1a: Venomoth","|-supereffective|p1a: Venomoth","|-damage|p1a: Venomoth|0 fnt","|faint|p1a: Venomoth","|","|-heal|p2a: Chandelure|171/323|[from] item: Leftovers","|","|switch|p1a: Heracross|Heracross, F, shiny|301/301","|turn|12","|","|move|p1a: Heracross|Knock Off|p2a: Chandelure","|-supereffective|p2a: Chandelure","|-damage|p2a: Chandelure|0 fnt","|-enditem|p2a: Chandelure|Leftovers|[from] move: Knock Off|[of] p1a: Heracross","|faint|p2a: Chandelure","|-boost|p1a: Heracross|atk|1|[from] ability: Moxie","|","|","|switch|p2a: Gengar|Gengar, M|261/261","|-damage|p2a: Gengar|229/261|[from] Stealth Rock","|turn|13","|","|move|p1a: Heracross|Knock Off|p2a: Gengar","|-supereffective|p2a: Gengar","|-damage|p2a: Gengar|0 fnt","|-enditem|p2a: Gengar|Choice Specs|[from] move: Knock Off|[of] p1a: Heracross","|faint|p2a: Gengar","|-boost|p1a: Heracross|atk|1|[from] ability: Moxie","|","|","|switch|p2a: Cofagrigus|Cofagrigus, M|311/319 par","|-damage|p2a: Cofagrigus|272/319 par|[from] Stealth Rock","|-activate|p2a: Cofagrigus|move: Sticky Web","|-unboost|p2a: Cofagrigus|spe|1","|turn|14","|","|move|p1a: Heracross|Knock Off|p2a: Cofagrigus","|-supereffective|p2a: Cofagrigus","|-damage|p2a: Cofagrigus|0 fnt","|-endability|p1a: Heracross|moxie|[from] Mummy","|-ability|p1a: Heracross|Mummy|[from] Mummy","|-enditem|p2a: Cofagrigus|Leftovers|[from] move: Knock Off|[of] p1a: Heracross","|faint|p2a: Cofagrigus","|","|","|switch|p2a: Froslass|Froslass, F|281/281","|-activate|p2a: Froslass|move: Sticky Web","|-unboost|p2a: Froslass|spe|1","|-damage|p2a: Froslass|211/281|[from] Stealth Rock","|turn|15","|","|move|p1a: Heracross|Knock Off|p2a: Froslass","|-supereffective|p2a: Froslass","|-damage|p2a: Froslass|0 fnt","|-enditem|p2a: Froslass|Focus Sash|[from] move: Knock Off|[of] p1a: Heracross","|faint|p2a: Froslass","|","|","|switch|p2a: Spiritomb|Spiritomb, M|304/304","|-activate|p2a: Spiritomb|move: Sticky Web","|-unboost|p2a: Spiritomb|spe|1","|-damage|p2a: Spiritomb|266/304|[from] Stealth Rock","|-ability|p2a: Spiritomb|Pressure","|turn|16","|","|move|p1a: Heracross|Knock Off|p2a: Spiritomb","|-damage|p2a: Spiritomb|71/304","|-enditem|p2a: Spiritomb|Leftovers|[from] move: Knock Off|[of] p1a: Heracross","|move|p2a: Spiritomb|Dark Pulse|p1a: Heracross","|-resisted|p1a: Heracross","|-damage|p1a: Heracross|231/301","|","|turn|17","|","|move|p1a: Heracross|Knock Off|p2a: Spiritomb","|-damage|p2a: Spiritomb|0 fnt","|faint|p2a: Spiritomb","|","|","|switch|p2a: Golurk|Golurk|381/381","|-damage|p2a: Golurk|358/381|[from] Stealth Rock","|-activate|p2a: Golurk|move: Sticky Web","|-unboost|p2a: Golurk|spe|1","|turn|18","|","|move|p1a: Heracross|Knock Off|p2a: Golurk","|-supereffective|p2a: Golurk","|-damage|p2a: Golurk|0 fnt","|-enditem|p2a: Golurk|Assault Vest|[from] move: Knock Off|[of] p1a: Heracross","|faint|p2a: Golurk","|","|win|Guard Darkrai"],"p1rating":{"entryid":"6034648","serverid":"eos","formatid":"monotype","userid":"guarddarkrai","username":"Guard Darkrai","w":60,"l":"65","t":"0","gxe":48.1,"r":"1488.6159366829","rd":"39.621397946879","sigma":"0","rptime":"1438592400","rpr":1485.5010599466,"rprd":34.870585848671,"rpsigma":"0","acre":1113.8286088471,"lacre":1113.8286088471,"oldacre":"1090.3257588795"},"p2rating":{"entryid":"7345280","serverid":"eos","formatid":"monotype","userid":"spettrofilo","username":"Spettro Filo","w":"3","l":10,"t":"0","gxe":30.5,"r":"1438.5479551848","rd":"123.43649464304","sigma":"0","rptime":"1438592400","rpr":1340.6049249031,"rprd":80.272955705017,"rpsigma":"0","acre":1035.6973114348,"lacre":1035.6973114348,"oldacre":"1051.4384511335"},"endType":"normal"}