{"seed":[5762,42102,4348,33111],"turns":24,"p1":"Dusk Nocturne","p2":"rubensd","p1team":[{"name":"Glalie","species":"Glalie","item":"glalitite","ability":"Inner Focus","moves":["facade","iceshard","explosion","crunch"],"nature":"Jolly","evs":{"hp":4,"atk":252,"def":0,"spa":0,"spd":0,"spe":252},"ivs":{"hp":31,"atk":31,"def":31,"spa":31,"spd":31,"spe":31}},{"name":"Mamoswine","species":"Mamoswine","item":"lifeorb","ability":"Thick Fat","moves":["iceshard","iciclecrash","earthquake","stealthrock"],"nature":"Jolly","evs":{"hp":0,"atk":252,"def":0,"spa":0,"spd":4,"spe":252},"ivs":{"hp":31,"atk":31,"def":31,"spa":31,"spd":31,"spe":31}},{"name":"Avalugg","species":"Avalugg","item":"leftovers","ability":"Sturdy","moves":["rapidspin","avalanche","mirrorcoat","toxic"],"nature":"Impish","evs":{"hp":252,"atk":4,"def":252,"spa":0,"spd":0,"spe":0},"ivs":{"hp":31,"atk":31,"def":31,"spa":31,"spd":31,"spe":31}},{"name":"Froslass","species":"Froslass","item":"focussash","ability":"Cursed Body","moves":["destinybond","icebeam","shadowball","spikes"],"nature":"Timid","evs":{"hp":0,"atk":0,"def":0,"spa":252,"spd":4,"spe":252},"ivs":{"hp":31,"atk":31,"def":31,"spa":31,"spd":31,"spe":31}},{"name":"Weavile","species":"Weavile","item":"lifeorb","ability":"Pressure","moves":["iceshard","iciclecrash","lowkick","knockoff"],"nature":"Jolly","evs":{"hp":0,"atk":252,"def":0,"spa":0,"spd":4,"spe":252},"ivs":{"hp":31,"atk":31,"def":31,"spa":31,"spd":31,"spe":31}},{"name":"Glaceon","species":"Glaceon","item":"leftovers","ability":"Ice Body","moves":["healbell","wish","protect","icebeam"],"nature":"Calm","evs":{"hp":252,"atk":0,"def":0,"spa":0,"spd":252,"spe":4},"ivs":{"hp":31,"atk":31,"def":31,"spa":31,"spd":31,"spe":31}}],"p2team":[{"name":"Legends","species":"genesectdouse","item":"dousedrive","ability":"Download","moves":["technoblast","xscissor","ironhead","icebeam"],"nature":"Hasty","evs":{"hp":0,"atk":252,"def":0,"spa":4,"spd":0,"spe":252},"ivs":{"hp":31,"atk":31,"def":31,"spa":31,"spd":31,"spe":31}},{"name":"TankOPgg","species":"heracross","item":"heracronite","ability":"Swarm","moves":["armthrust","bulletseed","pinmissile","rockblast"],"nature":"Adamant","evs":{"hp":248,"atk":252,"def":0,"spa":0,"spd":8,"spe":0},"gender":"M","ivs":{"hp":31,"atk":31,"def":31,"spa":31,"spd":31,"spe":31}},{"name":"TrueLove","species":"scolipede","item":"leftovers","ability":"Speed Boost","moves":["megahorn","substitute","protect","batonpass"],"nature":"Jolly","evs":{"hp":248,"atk":8,"def":0,"spa":0,"spd":0,"spe":252},"gender":"F","shiny":true,"ivs":{"hp":31,"atk":31,"def":31,"spa":31,"spd":31,"spe":31}},{"name":"Sunny","species":"volcarona","item":"lifeorb","ability":"Flame Body","moves":["fierydance","bugbuzz","quiverdance","morningsun"],"nature":"Modest","evs":{"hp":0,"atk":0,"def":0,"spa":252,"spd":4,"spe":252},"gender":"M","shiny":true,"ivs":{"hp":31,"atk":31,"def":31,"spa":31,"spd":31,"spe":31}},{"name":"Problem??","species":"galvantula","item":"focussash","ability":"Compound Eyes","moves":["thunder","bugbuzz","stickyweb","toxic"],"nature":"","gender":"M","evs":{"hp":0,"atk":0,"def":0,"spa":0,"spd":0,"spe":0},"ivs":{"hp":31,"atk":31,"def":31,"spa":31,"spd":31,"spe":31}},{"name":"Crustle","species":"Crustle","item":"whiteherb","ability":"Sturdy","moves":["xscissor","stoneedge","shellsmash","earthquake"],"nature":"Adamant","evs":{"hp":0,"atk":252,"def":0,"spa":0,"spd":4,"spe":252},"gender":"M","ivs":{"hp":31,"atk":31,"def":31,"spa":31,"spd":31,"spe":31}}],"log":["|player|p1|Dusk Nocturne|184","|player|p2|rubensd|144","|gametype|singles","|gen|6","|tier|Monotype","|rated","|rule|Baton Pass Clause: Limit one Baton Passer, can't pass Spe and other stats simultaneously","|rule|Swagger Clause: Swagger is banned","|rule|Same Type Clause: Pokémon in a team must share a type","|clearpoke","|poke|p1|Glalie, M","|poke|p1|Mamoswine, F","|poke|p1|Avalugg, M","|poke|p1|Froslass, F","|poke|p1|Weavile, M","|poke|p1|Glaceon, M","|poke|p2|Genesect-*","|poke|p2|Heracross, M","|poke|p2|Scolipede, F, shiny","|poke|p2|Volcarona, M, shiny","|poke|p2|Galvantula, M","|poke|p2|Crustle, M","|rule|Sleep Clause Mod: Limit one foe put to sleep","|rule|Species Clause: Limit one of each Pokémon","|rule|OHKO Clause: OHKO moves are banned","|rule|Moody Clause: Moody is banned","|rule|Evasion Moves Clause: Evasion moves are banned","|rule|Endless Battle Clause: Forcing endless battles is banned","|rule|HP Percentage Mod: HP is shown in percentages","|teampreview","|","|start","|switch|p1a: Mamoswine|Mamoswine, F|361/361","|switch|p2a: Problem??|Galvantula, M|281/281","|turn|1","|","|move|p1a: Mamoswine|Earthquake|p2a: Problem??","|-enditem|p2a: Problem??|Focus Sash","|-damage|p2a: Problem??|1/281","|-damage|p1a: Mamoswine|325/361|[from] item: Life Orb","|move|p2a: Problem??|Sticky Web|p1a: Mamoswine","|-sidestart|p1: Dusk Nocturne|move: Sticky Web","|","|turn|2","|","|move|p1a: Mamoswine|Stealth Rock|p2a: Problem??","|-sidestart|p2: rubensd|move: Stealth Rock","|move|p2a: Problem??|Bug Buzz|p1a: Mamoswine","|-damage|p1a: Mamoswine|169/361","|","|turn|3","|","|move|p1a: Mamoswine|Ice Shard|p2a: Problem??","|-damage|p2a: Problem??|0 fnt","|-damage|p1a: Mamoswine|133/361|[from] item: Life Orb","|faint|p2a: Problem??","|","|","|switch|p2a: TrueLove|Scolipede, F, shiny|323/323","|-damage|p2a: TrueLove|243/323|[from] Stealth Rock","|turn|4","|","|switch|p1a: Avalugg|Avalugg, M|394/394","|-activate|p1a: Avalugg|move: Sticky Web","|-unboost|p1a: Avalugg|spe|1","|move|p2a: TrueLove|Protect|p2a: TrueLove","|-fail|p2a: TrueLove","|","|-heal|p2a: TrueLove|263/323|[from] item: Leftovers","|-boost|p2a: TrueLove|spe|1|[from] ability: Speed Boost","|turn|5","|","|move|p2a: TrueLove|Substitute|p2a: TrueLove","|-start|p2a: TrueLove|Substitute","|-damage|p2a: TrueLove|183/323","|move|p1a: Avalugg|Avalanche|p2a: TrueLove","|-end|p2a: TrueLove|Substitute","|","|-heal|p2a: TrueLove|203/323|[from] item: Leftovers","|-boost|p2a: TrueLove|spe|1|[from] ability: Speed Boost","|turn|6","|","|move|p2a: TrueLove|Protect|p2a: TrueLove","|-singleturn|p2a: TrueLove|Protect","|move|p1a: Avalugg|Avalanche|p2a: TrueLove","|-activate|p2a: TrueLove|Protect","|","|-heal|p2a: TrueLove|223/323|[from] item: Leftovers","|-boost|p2a: TrueLove|spe|1|[from] ability: Speed Boost","|turn|7","|","|move|p2a: TrueLove|Substitute|p2a: TrueLove","|-start|p2a: TrueLove|Substitute","|-damage|p2a: TrueLove|143/323","|move|p1a: Avalugg|Avalanche|p2a: TrueLove","|-end|p2a: TrueLove|Substitute","|","|-heal|p2a: TrueLove|163/323|[from] item: Leftovers","|-boost|p2a: TrueLove|spe|1|[from] ability: Speed Boost","|turn|8","|","|move|p2a: TrueLove|Protect|p2a: TrueLove","|-singleturn|p2a: TrueLove|Protect","|move|p1a: Avalugg|Rapid Spin|p2a: TrueLove","|-activate|p2a: TrueLove|Protect","|","|-heal|p2a: TrueLove|183/323|[from] item: Leftovers","|-boost|p2a: TrueLove|spe|1|[from] ability: Speed Boost","|turn|9","|","|move|p2a: TrueLove|Substitute|p2a: TrueLove","|-start|p2a: TrueLove|Substitute","|-damage|p2a: TrueLove|103/323","|move|p1a: Avalugg|Avalanche|p2a: TrueLove","|-end|p2a: TrueLove|Substitute","|","|-heal|p2a: TrueLove|123/323|[from] item: Leftovers","|-boost|p2a: TrueLove|spe|1|[from] ability: Speed Boost","|turn|10","|","|move|p2a: TrueLove|Baton Pass|p2a: TrueLove","|","|switch|p2a: TankOPgg|Heracross, M|363/363","|-damage|p2a: TankOPgg|318/363|[from] Stealth Rock","|move|p1a: Avalugg|Avalanche|p2a: TankOPgg","|-damage|p2a: TankOPgg|212/363","|","|turn|11","|","|switch|p1a: Froslass|Froslass, F|281/281","|-activate|p1a: Froslass|move: Sticky Web","|-unboost|p1a: Froslass|spe|1","|detailschange|p2a: TankOPgg|Heracross-Mega, M","|-mega|p2a: TankOPgg|Heracross|Heracronite","|move|p2a: TankOPgg|Arm Thrust|p1a: Froslass","|-immune|p1a: Froslass|[msg]","|","|turn|12","|","|move|p2a: TankOPgg|Pin Missile|p1a: Froslass","|-resisted|p1a: Froslass","|-damage|p1a: Froslass|235/281","|-start|p2a: TankOPgg|Disable|Pin Missile","|-resisted|p1a: Froslass","|-damage|p1a: Froslass|188/281","|-resisted|p1a: Froslass","|-damage|p1a: Froslass|141/281","|-resisted|p1a: Froslass","|-damage|p1a: Froslass|98/281","|-resisted|p1a: Froslass","|-damage|p1a: Froslass|56/281","|-hitcount|p1a: Froslass|5","|move|p1a: Froslass|Destiny Bond|p1a: Froslass","|-singlemove|p1a: Froslass|Destiny Bond","|","|turn|13","|","|move|p2a: TankOPgg|Arm Thrust|p1a: Froslass","|-immune|p1a: Froslass|[msg]","|move|p1a: Froslass|Shadow Ball|p2a: TankOPgg","|-damage|p2a: TankOPgg|113/363","|","|turn|14","|","|move|p2a: TankOPgg|Rock Blast|p1a: Froslass","|-crit|p1a: Froslass","|-supereffective|p1a: Froslass","|-damage|p1a: Froslass|0 fnt","|-hitcount|p1a: Froslass|1","|faint|p1a: Froslass","|","|","|switch|p1a: Mamoswine|Mamoswine, F|133/361","|-activate|p1a: Mamoswine|move: Sticky Web","|-unboost|p1a: Mamoswine|spe|1","|turn|15","|","|move|p1a: Mamoswine|Ice Shard|p2a: TankOPgg","|-damage|p2a: TankOPgg|31/363","|-damage|p1a: Mamoswine|97/361|[from] item: Life Orb","|move|p2a: TankOPgg|Bullet Seed|p1a: Mamoswine","|-supereffective|p1a: Mamoswine","|-damage|p1a: Mamoswine|0 fnt","|-hitcount|p1a: Mamoswine|1","|faint|p1a: Mamoswine","|","|","|switch|p1a: Weavile|Weavile, M|281/281","|-activate|p1a: Weavile|move: Sticky Web","|-unboost|p1a: Weavile|spe|1","|-ability|p1a: Weavile|Pressure","|turn|16","|","|move|p1a: Weavile|Ice Shard|p2a: TankOPgg","|-damage|p2a: TankOPgg|0 fnt","|-damage|p1a: Weavile|253/281|[from] item: Life Orb","|faint|p2a: TankOPgg","|","|","|switch|p2a: Sunny|Volcarona, M, shiny|311/311","|-damage|p2a: Sunny|156/311|[from] Stealth Rock","|turn|17","|","|move|p2a: Sunny|Morning Sun|p2a: Sunny","|-heal|p2a: Sunny|311/311","|move|p1a: Weavile|Knock Off|p2a: Sunny","|-damage|p2a: Sunny|0 fnt","|-enditem|p2a: Sunny|Life Orb|[from] move: Knock Off|[of] p1a: Weavile","|-damage|p1a: Weavile|225/281|[from] item: Life Orb","|faint|p2a: Sunny","|","|","|switch|p2a: Legends|Genesect-Douse|283/283","|-damage|p2a: Legends|248/283|[from] Stealth Rock","|-boost|p2a: Legends|atk|1|[from] ability: Download","|turn|18","|","|move|p1a: Weavile|Ice Shard|p2a: Legends","|-resisted|p2a: Legends","|-damage|p2a: Legends|199/283","|-damage|p1a: Weavile|197/281|[from] item: Life Orb","|move|p2a: Legends|Iron Head|p1a: Weavile","|-supereffective|p1a: Weavile","|-damage|p1a: Weavile|0 fnt","|faint|p1a: Weavile","|","|","|switch|p1a: Avalugg|Avalugg, M|394/394","|-activate|p1a: Avalugg|move: Sticky Web","|-unboost|p1a: Avalugg|spe|1","|turn|19","|","|move|p2a: Legends|Iron Head|p1a: Avalugg","|-supereffective|p1a: Avalugg","|-damage|p1a: Avalugg|218/394","|move|p1a: Avalugg|Avalanche|p2a: Legends","|-resisted|p2a: Legends","|-damage|p2a: Legends|113/283","|","|-heal|p1a: Avalugg|242/394|[from] item: Leftovers","|turn|20","|","|move|p2a: Legends|Iron Head|p1a: Avalugg","|-supereffective|p1a: Avalugg","|-damage|p1a: Avalugg|48/394","|move|p1a: Avalugg|Avalanche|p2a: Legends","|-crit|p2a: Legends","|-resisted|p2a: Legends","|-damage|p2a: Legends|0 fnt","|faint|p2a: Legends","|","|-heal|p1a: Avalugg|72/394|[from] item: Leftovers","|","|switch|p2a: TrueLove|Scolipede, F, shiny|123/323","|-damage|p2a: TrueLove|43/323|[from] Stealth Rock","|turn|21","|","|move|p2a: TrueLove|Protect|p2a: TrueLove","|-singleturn|p2a: TrueLove|Protect","|move|p1a: Avalugg|Avalanche|p2a: TrueLove","|-activate|p2a: TrueLove|Protect","|","|-heal|p2a: TrueLove|63/323|[from] item: Leftovers","|-heal|p1a: Avalugg|96/394|[from] item: Leftovers","|-boost|p2a: TrueLove|spe|1|[from] ability: Speed Boost","|turn|22","|","|move|p2a: TrueLove|Baton Pass|p2a: TrueLove","|","|switch|p2a: Crustle|Crustle, M|281/281","|-damage|p2a: Crustle|211/281|[from] Stealth Rock","|move|p1a: Avalugg|Avalanche|p2a: Crustle","|-damage|p2a: Crustle|144/281","|","|-heal|p1a: Avalugg|120/394|[from] item: Leftovers","|turn|23","|","|move|p2a: Crustle|Shell Smash|p2a: Crustle","|-unboost|p2a: Crustle|def|1","|-unboost|p2a: Crustle|spd|1","|-boost|p2a: Crustle|atk|2","|-boost|p2a: Crustle|spa|2","|-boost|p2a: Crustle|spe|2","|-enditem|p2a: Crustle|White Herb","|-restoreboost|p2a: Crustle|[silent]","|move|p1a: Avalugg|Avalanche|p2a: Crustle","|-damage|p2a: Crustle|78/281","|","|-heal|p1a: Avalugg|144/394|[from] item: Leftovers","|turn|24","|","|move|p2a: Crustle|Earthquake|p1a: Avalugg","|-damage|p1a: Avalugg|54/394","|move|p1a: Avalugg|Avalanche|p2a: Crustle","|-damage|p2a: Crustle|0 fnt","|faint|p2a: Crustle","|","|-heal|p1a: Avalugg|78/394|[from] item: Leftovers","|","|switch|p2a: TrueLove|Scolipede, F, shiny|63/323","|-damage|p2a: TrueLove|0 fnt|[from] Stealth Rock","|faint|p2a: TrueLove","|","|win|Dusk Nocturne"],"p1rating":{"entryid":"7094216","serverid":"eos","formatid":"monotype","userid":"dusknocturne","username":"Dusk Nocturne","w":3,"l":"5","t":"0","gxe":43.5,"r":1426.8179647626,"rd":97.388737392185,"sigma":"0","rptime":1438592400,"rpr":1449.2500268554,"rprd":94.078730181368,"rpsigma":"0","acre":1082.6858517047,"lacre":1082.6858517047,"oldacre":"1055.1971594853"},"p2rating":{"entryid":"6070308","serverid":"eos","formatid":"monotype","userid":"rubensd","username":"rubensd","w":"3","l":10,"t":"0","gxe":33.4,"r":"1397.5196502508","rd":"94.621052500413","sigma":"0","rptime":"1438592400","rpr":1366.2392231554,"rprd":89.49701139379,"rpsigma":"0","acre":1000,"lacre":1000,"oldacre":"1008.5687961331"},"endType":"normal"}