{"seed":[14792,30995,13647,15793],"turns":24,"p1":"Shining Yin","p2":"WitchOfCaldia","p1team":[{"name":"Mamoswine","species":"Mamoswine","item":"lifeorb","ability":"Thick Fat","moves":["earthquake","iceshard","knockoff","iciclecrash"],"nature":"Naive","evs":{"hp":0,"atk":252,"def":4,"spa":0,"spd":0,"spe":252},"ivs":{"hp":31,"atk":31,"def":31,"spa":31,"spd":31,"spe":31}},{"name":"Kyurem-Black","species":"Kyurem-Black","item":"choicescarf","ability":"Teravolt","moves":["outrage","fusionbolt","ironhead","earthpower"],"nature":"Naughty","evs":{"hp":0,"atk":216,"def":0,"spa":40,"spd":0,"spe":252},"ivs":{"hp":31,"atk":31,"def":31,"spa":31,"spd":31,"spe":31}},{"name":"Avalugg","species":"Avalugg","item":"rockyhelmet","ability":"Sturdy","moves":["rapidspin","recover","avalanche","mirrorcoat"],"nature":"Impish","evs":{"hp":248,"atk":8,"def":252,"spa":0,"spd":0,"spe":0},"ivs":{"hp":31,"atk":31,"def":31,"spa":31,"spd":31,"spe":31}},{"name":"Cloyster","species":"Cloyster","item":"lumberry","ability":"Skill Link","moves":["shellsmash","iciclespear","rockblast","iceshard"],"nature":"Adamant","evs":{"hp":0,"atk":252,"def":0,"spa":0,"spd":4,"spe":252},"ivs":{"hp":31,"atk":31,"def":31,"spa":31,"spd":31,"spe":31}},{"name":"Abomasnow","species":"Abomasnow","item":"abomasite","ability":"Snow Warning","moves":["blizzard","gigadrain","iceshard","earthquake"],"nature":"Quiet","evs":{"hp":8,"atk":88,"def":80,"spa":252,"spd":80,"spe":0},"ivs":{"hp":31,"atk":31,"def":31,"spa":31,"spd":31,"spe":31}},{"name":"Jynx","species":"Jynx","item":"focussash","ability":"Dry Skin","moves":["trickroom","icebeam","lovelykiss","psyshock"],"nature":"Timid","evs":{"hp":0,"atk":0,"def":0,"spa":252,"spd":4,"spe":252},"ivs":{"hp":31,"atk":31,"def":31,"spa":31,"spd":31,"spe":31}}],"p2team":[{"name":"Froslass","species":"Froslass","item":"focussash","ability":"Cursed Body","moves":["icepunch","shadowball","destinybond","icebeam"],"nature":"Timid","evs":{"hp":0,"atk":0,"def":4,"spa":252,"spd":0,"spe":252},"ivs":{"hp":31,"atk":31,"def":31,"spa":31,"spd":31,"spe":31}},{"name":"Weavile","species":"Weavile","item":"lifeorb","ability":"Pressure","moves":["blizzard","knockoff","nightslash","shadowball"],"nature":"Jolly","evs":{"hp":0,"atk":252,"def":0,"spa":0,"spd":4,"spe":252},"ivs":{"hp":31,"atk":31,"def":31,"spa":31,"spd":31,"spe":31}},{"name":"Lapras","species":"Lapras","item":"assaultvest","ability":"Water Absorb","moves":["hydropump","freezedry","thunderbolt","iceshard"],"nature":"Mild","evs":{"hp":248,"atk":8,"def":0,"spa":252,"spd":0,"spe":0},"gender":"F","shiny":true,"ivs":{"hp":31,"atk":31,"def":31,"spa":31,"spd":31,"spe":31}},{"name":"Cloyster","species":"Cloyster","item":"focussash","ability":"Skill Link","moves":["shellsmash","iciclespear","rockblast","razorshell"],"nature":"Adamant","evs":{"hp":0,"atk":252,"def":0,"spa":0,"spd":4,"spe":252},"ivs":{"hp":31,"atk":31,"def":31,"spa":31,"spd":31,"spe":31}},{"name":"Abomasnow","species":"Abomasnow","item":"abomasite","ability":"Soundproof","moves":["blizzard","woodhammer","iceshard","earthquake"],"nature":"Mild","evs":{"hp":8,"atk":68,"def":0,"spa":252,"spd":0,"spe":180},"ivs":{"hp":31,"atk":31,"def":31,"spa":31,"spd":31,"spe":31}},{"name":"Mamoswine","species":"Mamoswine","item":"lifeorb","ability":"Thick Fat","moves":["iceshard","earthquake","iciclecrash","freezedry"],"nature":"Naive","evs":{"hp":0,"atk":244,"def":0,"spa":12,"spd":0,"spe":252},"ivs":{"hp":31,"atk":31,"def":31,"spa":31,"spd":31,"spe":31}}],"log":["|player|p1|Shining Yin|167","|player|p2|WitchOfCaldia|289","|gametype|singles","|gen|6","|tier|Monotype","|rated","|rule|Baton Pass Clause: Limit one Baton Passer, can't pass Spe and other stats simultaneously","|rule|Swagger Clause: Swagger is banned","|rule|Same Type Clause: Pokémon in a team must share a type","|clearpoke","|poke|p1|Mamoswine, F","|poke|p1|Kyurem-Black","|poke|p1|Avalugg, F","|poke|p1|Cloyster, F","|poke|p1|Abomasnow, F","|poke|p1|Jynx, F","|poke|p2|Froslass, F","|poke|p2|Weavile, F","|poke|p2|Lapras, F, shiny","|poke|p2|Cloyster, M","|poke|p2|Abomasnow, M","|poke|p2|Mamoswine, F","|rule|Sleep Clause Mod: Limit one foe put to sleep","|rule|Species Clause: Limit one of each Pokémon","|rule|OHKO Clause: OHKO moves are banned","|rule|Moody Clause: Moody is banned","|rule|Evasion Moves Clause: Evasion moves are banned","|rule|Endless Battle Clause: Forcing endless battles is banned","|rule|HP Percentage Mod: HP is shown in percentages","|teampreview","|","|start","|switch|p1a: Cloyster|Cloyster, F|241/241","|switch|p2a: Cloyster|Cloyster, M|241/241","|turn|1","|","|move|p1a: Cloyster|Shell Smash|p1a: Cloyster","|-unboost|p1a: Cloyster|def|1","|-unboost|p1a: Cloyster|spd|1","|-boost|p1a: Cloyster|atk|2","|-boost|p1a: Cloyster|spa|2","|-boost|p1a: Cloyster|spe|2","|move|p2a: Cloyster|Shell Smash|p2a: Cloyster","|-unboost|p2a: Cloyster|def|1","|-unboost|p2a: Cloyster|spd|1","|-boost|p2a: Cloyster|atk|2","|-boost|p2a: Cloyster|spa|2","|-boost|p2a: Cloyster|spe|2","|","|turn|2","|","|move|p2a: Cloyster|Rock Blast|p1a: Cloyster","|-supereffective|p1a: Cloyster","|-damage|p1a: Cloyster|145/241","|-supereffective|p1a: Cloyster","|-damage|p1a: Cloyster|51/241","|-supereffective|p1a: Cloyster","|-damage|p1a: Cloyster|0 fnt","|-hitcount|p1a: Cloyster|3","|faint|p1a: Cloyster","|","|","|switch|p1a: Mamoswine|Mamoswine, F|361/361","|turn|3","|","|move|p2a: Cloyster|Rock Blast|p1a: Mamoswine","|-damage|p1a: Mamoswine|296/361","|-crit|p1a: Mamoswine","|-damage|p1a: Mamoswine|206/361","|-damage|p1a: Mamoswine|142/361","|-damage|p1a: Mamoswine|81/361","|-damage|p1a: Mamoswine|17/361","|-hitcount|p1a: Mamoswine|5","|move|p1a: Mamoswine|Earthquake|p2a: Cloyster","|-damage|p2a: Cloyster|50/241","|-damage|p1a: Mamoswine|0 fnt|[from] item: Life Orb","|faint|p1a: Mamoswine","|","|","|switch|p1a: Avalugg|Avalugg, F|393/393","|turn|4","|","|move|p2a: Cloyster|Rock Blast|p1a: Avalugg","|-supereffective|p1a: Avalugg","|-damage|p1a: Avalugg|345/393","|-supereffective|p1a: Avalugg","|-damage|p1a: Avalugg|297/393","|-supereffective|p1a: Avalugg","|-damage|p1a: Avalugg|247/393","|-supereffective|p1a: Avalugg","|-damage|p1a: Avalugg|199/393","|-supereffective|p1a: Avalugg","|-damage|p1a: Avalugg|151/393","|-hitcount|p1a: Avalugg|5","|move|p1a: Avalugg|Avalanche|p2a: Cloyster","|-resisted|p2a: Cloyster","|-damage|p2a: Cloyster|13/241","|","|turn|5","|","|move|p2a: Cloyster|Rock Blast|p1a: Avalugg","|-supereffective|p1a: Avalugg","|-damage|p1a: Avalugg|103/393","|-supereffective|p1a: Avalugg","|-damage|p1a: Avalugg|53/393","|-supereffective|p1a: Avalugg","|-damage|p1a: Avalugg|5/393","|-supereffective|p1a: Avalugg","|-damage|p1a: Avalugg|0 fnt","|-hitcount|p1a: Avalugg|4","|faint|p1a: Avalugg","|","|","|switch|p1a: Abomasnow|Abomasnow, F|323/323","|-weather|Hail","|turn|6","|","|detailschange|p1a: Abomasnow|Abomasnow-Mega, F","|-mega|p1a: Abomasnow|Abomasnow|Abomasite","|move|p1a: Abomasnow|Ice Shard|p2a: Cloyster","|-resisted|p2a: Cloyster","|-damage|p2a: Cloyster|0 fnt","|faint|p2a: Cloyster","|","|-weather|Hail|[upkeep]","|","|switch|p2a: Lapras|Lapras, F, shiny|463/463","|turn|7","|","|move|p2a: Lapras|Freeze-Dry|p1a: Abomasnow","|-damage|p1a: Abomasnow|230/323","|move|p1a: Abomasnow|Giga Drain|p2a: Lapras","|-supereffective|p2a: Lapras","|-damage|p2a: Lapras|257/463","|-heal|p1a: Abomasnow|323/323|[from] drain|[of] p2a: Lapras","|","|-weather|Hail|[upkeep]","|turn|8","|","|switch|p2a: Froslass|Froslass, F|281/281","|move|p1a: Abomasnow|Giga Drain|p2a: Froslass","|-damage|p2a: Froslass|88/281","|","|-weather|Hail|[upkeep]","|turn|9","|","|move|p1a: Abomasnow|Ice Shard|p2a: Froslass","|-resisted|p2a: Froslass","|-damage|p2a: Froslass|48/281","|move|p2a: Froslass|Destiny Bond|p2a: Froslass","|-singlemove|p2a: Froslass|Destiny Bond","|","|-weather|Hail|[upkeep]","|turn|10","|","|switch|p1a: Jynx|Jynx, F|271/271","|move|p2a: Froslass|Ice Beam|p1a: Jynx","|-resisted|p1a: Jynx","|-damage|p1a: Jynx|211/271","|","|-weather|none","|turn|11","|","|move|p2a: Froslass|Destiny Bond|p2a: Froslass","|-singlemove|p2a: Froslass|Destiny Bond","|move|p1a: Jynx|Lovely Kiss|p2a: Froslass","|-status|p2a: Froslass|slp","|","|turn|12","|","|cant|p2a: Froslass|slp","|move|p1a: Jynx|Trick Room|p1a: Jynx","|-fieldstart|move: Trick Room|[of] p1a: Jynx","|","|turn|13","|","|move|p1a: Jynx|Ice Beam|p2a: Froslass","|-resisted|p2a: Froslass","|-damage|p2a: Froslass|0 fnt","|faint|p2a: Froslass","|","|","|switch|p2a: Abomasnow|Abomasnow, M|323/323","|turn|14","|","|detailschange|p2a: Abomasnow|Abomasnow-Mega, M","|-mega|p2a: Abomasnow|Abomasnow|Abomasite","|-weather|Hail","|move|p2a: Abomasnow|Blizzard|p1a: Jynx","|-resisted|p1a: Jynx","|-damage|p1a: Jynx|91/271","|move|p1a: Jynx|Lovely Kiss|p2a: Abomasnow","|-status|p2a: Abomasnow|slp","|","|-weather|Hail|[upkeep]","|turn|15","|","|cant|p2a: Abomasnow|slp","|move|p1a: Jynx|Ice Beam|p2a: Abomasnow","|-damage|p2a: Abomasnow|176/323 slp","|","|-weather|Hail|[upkeep]","|turn|16","|","|cant|p2a: Abomasnow|slp","|move|p1a: Jynx|Ice Beam|p2a: Abomasnow","|-damage|p2a: Abomasnow|28/323 slp","|","|-weather|Hail|[upkeep]","|-fieldend|move: Trick Room","|turn|17","|","|move|p1a: Jynx|Ice Beam|p2a: Abomasnow","|-damage|p2a: Abomasnow|0 fnt","|faint|p2a: Abomasnow","|","|-weather|Hail|[upkeep]","|","|switch|p2a: Weavile|Weavile, F|281/281","|-ability|p2a: Weavile|Pressure","|turn|18","|","|move|p2a: Weavile|Knock Off|p1a: Jynx","|-supereffective|p1a: Jynx","|-damage|p1a: Jynx|0 fnt","|-enditem|p1a: Jynx|Focus Sash|[from] move: Knock Off|[of] p2a: Weavile","|-damage|p2a: Weavile|253/281|[from] item: Life Orb","|faint|p1a: Jynx","|","|-weather|none","|","|switch|p1a: Kyurem-Black|Kyurem-Black|391/391","|-ability|p1a: Kyurem-Black|Teravolt","|turn|19","|","|move|p1a: Kyurem-Black|Iron Head|p2a: Weavile","|-supereffective|p2a: Weavile","|-damage|p2a: Weavile|0 fnt","|faint|p2a: Weavile","|","|","|switch|p2a: Mamoswine|Mamoswine, F|361/361","|turn|20","|","|move|p1a: Kyurem-Black|Iron Head|p2a: Mamoswine","|-supereffective|p2a: Mamoswine","|-damage|p2a: Mamoswine|77/361","|move|p2a: Mamoswine|Earthquake|p1a: Kyurem-Black","|-damage|p1a: Kyurem-Black|145/391","|-damage|p2a: Mamoswine|41/361|[from] item: Life Orb","|","|turn|21","|","|move|p1a: Kyurem-Black|Iron Head|p2a: Mamoswine","|-supereffective|p2a: Mamoswine","|-damage|p2a: Mamoswine|0 fnt","|faint|p2a: Mamoswine","|","|","|switch|p2a: Lapras|Lapras, F, shiny|257/463","|turn|22","|","|move|p1a: Kyurem-Black|Iron Head|p2a: Lapras","|-damage|p2a: Lapras|103/463","|move|p2a: Lapras|Freeze-Dry|p1a: Kyurem-Black","|-damage|p1a: Kyurem-Black|28/391","|","|turn|23","|","|move|p2a: Lapras|Ice Shard|p1a: Kyurem-Black","|-damage|p1a: Kyurem-Black|0 fnt","|faint|p1a: Kyurem-Black","|","|","|switch|p1a: Abomasnow|Abomasnow-Mega, F|323/323","|-weather|Hail","|turn|24","|","|move|p2a: Lapras|Freeze-Dry|p1a: Abomasnow","|-damage|p1a: Abomasnow|223/323","|move|p1a: Abomasnow|Giga Drain|p2a: Lapras","|-supereffective|p2a: Lapras","|-damage|p2a: Lapras|0 fnt","|-heal|p1a: Abomasnow|275/323|[from] drain|[of] p2a: Lapras","|faint|p2a: Lapras","|","|win|Shining Yin"],"p1rating":{"entryid":"7208708","serverid":"eos","formatid":"monotype","userid":"shiningyin","username":"Shining Yin","w":24,"l":"10","t":"0","gxe":66.6,"r":"1627.5662289419","rd":"58.53684409429","sigma":"0","rptime":"1438592400","rpr":1631.8499040207,"rprd":57.978368741615,"rpsigma":"0","acre":1317.5184038287,"lacre":1317.5184038287,"oldacre":"1309.4327034586"},"p2rating":{"entryid":"7188337","serverid":"eos","formatid":"monotype","userid":"witchofcaldia","username":"WitchofCaldia","w":"29","l":51,"t":"0","gxe":37.6,"r":"1409.1367237297","rd":"41.36993609806","sigma":"0","rptime":"1438592400","rpr":1404.3082732761,"rprd":40.450825053966,"rpsigma":"0","acre":1062.5816578509,"lacre":1062.5816578509,"oldacre":"1070.9256337063"},"endType":"normal"}