{"seed":[53693,62355,18989,55799],"turns":25,"p1":"MachoSalad","p2":"Ragnorak (Sableye)","p1team":[{"name":"Skarmory","species":"Skarmory","item":"rockyhelmet","ability":"Sturdy","moves":["roost","stealthrock","defog","whirlwind"],"nature":"Bold","evs":{"hp":248,"atk":0,"def":252,"spa":0,"spd":0,"spe":8},"ivs":{"hp":31,"atk":0,"def":31,"spa":31,"spd":31,"spe":31}},{"name":"Charizard","species":"Charizard","item":"charizarditex","ability":"Blaze","moves":["flareblitz","dragonclaw","dragondance","earthquake"],"nature":"Adamant","evs":{"hp":0,"atk":252,"def":0,"spa":0,"spd":4,"spe":252},"ivs":{"hp":31,"atk":31,"def":31,"spa":31,"spd":31,"spe":31}},{"name":"Hawlucha","species":"Hawlucha","item":"sitrusberry","ability":"Unburden","moves":["swordsdance","highjumpkick","substitute","acrobatics"],"nature":"Adamant","evs":{"hp":0,"atk":252,"def":4,"spa":0,"spd":0,"spe":252},"ivs":{"hp":31,"atk":31,"def":31,"spa":31,"spd":31,"spe":31}},{"name":"Dragonite","species":"Dragonite","item":"weaknesspolicy","ability":"Multiscale","moves":["dragondance","extremespeed","firepunch","dragonclaw"],"nature":"Adamant","evs":{"hp":0,"atk":252,"def":4,"spa":0,"spd":0,"spe":252},"ivs":{"hp":31,"atk":31,"def":31,"spa":31,"spd":31,"spe":31}},{"name":"Landorus","species":"Landorus","item":"lifeorb","ability":"Sheer Force","moves":["sludgebomb","hiddenpowerice","earthpower","psychic"],"nature":"Timid","evs":{"hp":0,"atk":0,"def":4,"spa":252,"spd":0,"spe":252},"ivs":{"hp":31,"atk":0,"def":30,"spa":31,"spd":31,"spe":31}},{"name":"Mandibuzz","species":"Mandibuzz","item":"leftovers","ability":"Overcoat","moves":["bravebird","foulplay","roost","knockoff"],"nature":"Careful","evs":{"hp":248,"atk":0,"def":4,"spa":0,"spd":252,"spe":4},"ivs":{"hp":31,"atk":31,"def":31,"spa":31,"spd":31,"spe":31}}],"p2team":[{"name":"Sableye","species":"Sableye","item":"sablenite","ability":"Prankster","moves":["calmmind","recover","willowisp","snarl"],"nature":"Bold","evs":{"hp":252,"atk":0,"def":196,"spa":0,"spd":60,"spe":0},"ivs":{"hp":31,"atk":31,"def":31,"spa":31,"spd":31,"spe":31}},{"name":"Tyranitar","species":"Tyranitar","item":"leftovers","ability":"Sand Stream","moves":["stoneedge","fireblast","stealthrock","thunderwave"],"nature":"Brave","evs":{"hp":252,"atk":56,"def":0,"spa":0,"spd":200,"spe":0},"ivs":{"hp":31,"atk":31,"def":31,"spa":31,"spd":31,"spe":31}},{"name":"Altercation","species":"hoopaunbound","item":"choicescarf","ability":"Magician","moves":["hyperspacefury","hyperspacehole","gunkshot","energyball"],"nature":"Hasty","evs":{"hp":0,"atk":180,"def":0,"spa":76,"spd":0,"spe":252},"ivs":{"hp":31,"atk":31,"def":31,"spa":31,"spd":31,"spe":31}},{"name":"Damien","species":"crawdaunt","item":"lifeorb","ability":"Adaptability","moves":["knockoff","aquajet","swordsdance","crabhammer"],"nature":"Adamant","evs":{"hp":0,"atk":252,"def":0,"spa":0,"spd":4,"spe":252},"ivs":{"hp":31,"atk":31,"def":31,"spa":31,"spd":31,"spe":31}},{"name":"Billy","species":"mandibuzz","item":"rockyhelmet","ability":"Overcoat","moves":["bravebird","foulplay","roost","defog"],"nature":"Impish","evs":{"hp":248,"atk":8,"def":252,"spa":0,"spd":0,"spe":0},"ivs":{"hp":31,"atk":31,"def":31,"spa":31,"spd":31,"spe":31}},{"name":"Sharp","species":"bisharp","item":"lumberry","ability":"Defiant","moves":["swordsdance","knockoff","ironhead","suckerpunch"],"nature":"Adamant","evs":{"hp":0,"atk":252,"def":0,"spa":0,"spd":4,"spe":252},"ivs":{"hp":31,"atk":31,"def":31,"spa":31,"spd":31,"spe":31}}],"log":["|player|p1|MachoSalad|224","|player|p2|Ragnorak (Sableye)|148","|gametype|singles","|gen|6","|tier|Monotype","|rated","|rule|Baton Pass Clause: Limit one Baton Passer, can't pass Spe and other stats simultaneously","|rule|Swagger Clause: Swagger is banned","|rule|Same Type Clause: Pokémon in a team must share a type","|clearpoke","|poke|p1|Skarmory, M","|poke|p1|Charizard, M","|poke|p1|Hawlucha, F","|poke|p1|Dragonite, F","|poke|p1|Landorus, M","|poke|p1|Mandibuzz, F","|poke|p2|Sableye, M","|poke|p2|Tyranitar, F","|poke|p2|Hoopa-Unbound","|poke|p2|Crawdaunt, M","|poke|p2|Mandibuzz, F","|poke|p2|Bisharp, F","|rule|Sleep Clause Mod: Limit one foe put to sleep","|rule|Species Clause: Limit one of each Pokémon","|rule|OHKO Clause: OHKO moves are banned","|rule|Moody Clause: Moody is banned","|rule|Evasion Moves Clause: Evasion moves are banned","|rule|Endless Battle Clause: Forcing endless battles is banned","|rule|HP Percentage Mod: HP is shown in percentages","|teampreview","|","|start","|switch|p1a: Charizard|Charizard, M|297/297","|switch|p2a: Sableye|Sableye, M|304/304","|turn|1","|","|detailschange|p1a: Charizard|Charizard-Mega-X, M","|-mega|p1a: Charizard|Charizard|Charizardite X","|move|p2a: Sableye|Calm Mind|p2a: Sableye","|-boost|p2a: Sableye|spa|1","|-boost|p2a: Sableye|spd|1","|move|p1a: Charizard|Flare Blitz|p2a: Sableye","|-damage|p2a: Sableye|39/304","|-status|p2a: Sableye|brn","|-damage|p1a: Charizard|210/297|[from] recoil|[of] p2a: Sableye","|","|-damage|p2a: Sableye|1/304 brn|[from] brn","|turn|2","|","|switch|p1a: Mandibuzz|Mandibuzz, F|423/423","|move|p2a: Sableye|Recover|p2a: Sableye","|-heal|p2a: Sableye|153/304 brn","|","|-damage|p2a: Sableye|115/304 brn|[from] brn","|turn|3","|","|switch|p1a: Charizard|Charizard-Mega-X, M|210/297","|switch|p2a: Altercation|Hoopa-Unbound|301/301","|","|turn|4","|","|switch|p1a: Mandibuzz|Mandibuzz, F|423/423","|move|p2a: Altercation|Hyperspace Fury|p1a: Mandibuzz","|-resisted|p1a: Mandibuzz","|-damage|p1a: Mandibuzz|329/423","|-unboost|p2a: Altercation|def|1","|","|-heal|p1a: Mandibuzz|355/423|[from] item: Leftovers","|turn|5","|","|switch|p2a: Billy|Mandibuzz, F|423/423","|move|p1a: Mandibuzz|Knock Off|p2a: Billy","|-resisted|p2a: Billy","|-damage|p2a: Billy|395/423","|-damage|p1a: Mandibuzz|285/423|[from] item: Rocky Helmet|[of] p2a: Billy","|-enditem|p2a: Billy|Rocky Helmet|[from] move: Knock Off|[of] p1a: Mandibuzz","|","|-heal|p1a: Mandibuzz|311/423|[from] item: Leftovers","|turn|6","|","|move|p1a: Mandibuzz|Roost|p1a: Mandibuzz","|-heal|p1a: Mandibuzz|423/423","|move|p2a: Billy|Brave Bird|p1a: Mandibuzz","|-damage|p1a: Mandibuzz|324/423","|-damage|p2a: Billy|362/423|[from] recoil|[of] p1a: Mandibuzz","|","|-heal|p1a: Mandibuzz|350/423|[from] item: Leftovers","|turn|7","|","|switch|p2a: Sharp|Bisharp, F|271/271","|move|p1a: Mandibuzz|Brave Bird|p2a: Sharp","|-resisted|p2a: Sharp","|-damage|p2a: Sharp|223/271","|-damage|p1a: Mandibuzz|334/423|[from] recoil|[of] p2a: Sharp","|","|-heal|p1a: Mandibuzz|360/423|[from] item: Leftovers","|turn|8","|","|switch|p1a: Skarmory|Skarmory, M|333/333","|move|p2a: Sharp|Swords Dance|p2a: Sharp","|-boost|p2a: Sharp|atk|2","|","|turn|9","|","|move|p2a: Sharp|Swords Dance|p2a: Sharp","|-boost|p2a: Sharp|atk|2","|move|p1a: Skarmory|Whirlwind|p2a: Sharp","|drag|p2a: Tyranitar|Tyranitar, F|404/404","|-weather|Sandstorm","|","|-weather|Sandstorm|[upkeep]","|turn|10","|","|move|p1a: Skarmory|Stealth Rock|p2a: Tyranitar","|-sidestart|p2: Ragnorak (Sableye)|move: Stealth Rock","|move|p2a: Tyranitar|Fire Blast|p1a: Skarmory","|-crit|p1a: Skarmory","|-supereffective|p1a: Skarmory","|-damage|p1a: Skarmory|27/333","|","|-weather|Sandstorm|[upkeep]","|turn|11","|","|switch|p1a: Mandibuzz|Mandibuzz, F|360/423","|move|p2a: Tyranitar|Fire Blast|p1a: Mandibuzz","|-damage|p1a: Mandibuzz|296/423","|","|-weather|Sandstorm|[upkeep]","|-heal|p1a: Mandibuzz|322/423|[from] item: Leftovers","|turn|12","|","|move|p1a: Mandibuzz|Knock Off|p2a: Tyranitar","|-resisted|p2a: Tyranitar","|-damage|p2a: Tyranitar|369/404","|-enditem|p2a: Tyranitar|Leftovers|[from] move: Knock Off|[of] p1a: Mandibuzz","|move|p2a: Tyranitar|Stone Edge|p1a: Mandibuzz","|-supereffective|p1a: Mandibuzz","|-damage|p1a: Mandibuzz|0 fnt","|faint|p1a: Mandibuzz","|","|-weather|Sandstorm|[upkeep]","|","|switch|p1a: Landorus|Landorus, M|319/319","|turn|13","|","|move|p1a: Landorus|Earth Power|p2a: Tyranitar","|-supereffective|p2a: Tyranitar","|-damage|p2a: Tyranitar|78/404","|move|p2a: Tyranitar|Fire Blast|p1a: Landorus","|-damage|p1a: Landorus|215/319","|","|-weather|none","|turn|14","|","|move|p1a: Landorus|Hidden Power|p2a: Tyranitar","|-crit|p2a: Tyranitar","|-damage|p2a: Tyranitar|0 fnt","|-damage|p1a: Landorus|184/319|[from] item: Life Orb","|faint|p2a: Tyranitar","|","|","|switch|p2a: Damien|Crawdaunt, M|267/267","|-damage|p2a: Damien|234/267|[from] Stealth Rock","|turn|15","|","|move|p2a: Damien|Aqua Jet|p1a: Landorus","|-supereffective|p1a: Landorus","|-damage|p1a: Landorus|0 fnt","|-damage|p2a: Damien|208/267|[from] item: Life Orb","|faint|p1a: Landorus","|","|","|switch|p1a: Dragonite|Dragonite, F|323/323","|turn|16","|","|move|p1a: Dragonite|Extreme Speed|p2a: Damien","|-damage|p2a: Damien|77/267","|move|p2a: Damien|Swords Dance|p2a: Damien","|-boost|p2a: Damien|atk|2","|","|turn|17","|","|move|p1a: Dragonite|Extreme Speed|p2a: Damien","|-damage|p2a: Damien|0 fnt","|faint|p2a: Damien","|","|","|switch|p2a: Billy|Mandibuzz, F|362/423","|-damage|p2a: Billy|257/423|[from] Stealth Rock","|turn|18","|","|switch|p1a: Skarmory|Skarmory, M|27/333","|move|p2a: Billy|Foul Play|p1a: Skarmory","|-crit|p1a: Skarmory","|-damage|p1a: Skarmory|0 fnt","|-damage|p2a: Billy|187/423|[from] item: Rocky Helmet|[of] p1a: Skarmory","|faint|p1a: Skarmory","|","|","|switch|p1a: Charizard|Charizard-Mega-X, M|210/297","|turn|19","|","|move|p1a: Charizard|Flare Blitz|p2a: Billy","|-damage|p2a: Billy|0 fnt","|-damage|p1a: Charizard|148/297|[from] recoil|[of] p2a: Billy","|faint|p2a: Billy","|","|","|switch|p2a: Altercation|Hoopa-Unbound|301/301","|-damage|p2a: Altercation|264/301|[from] Stealth Rock","|turn|20","|","|move|p2a: Altercation|Gunk Shot|p1a: Charizard","|-damage|p1a: Charizard|8/297","|move|p1a: Charizard|Flare Blitz|p2a: Altercation","|-damage|p2a: Altercation|0 fnt","|-damage|p1a: Charizard|0 fnt|[from] recoil|[of] p2a: Altercation","|faint|p2a: Altercation","|faint|p1a: Charizard","|","|","|switch|p1a: Dragonite|Dragonite, F|323/323","|switch|p2a: Sharp|Bisharp, F|223/271","|-damage|p2a: Sharp|207/271|[from] Stealth Rock","|turn|21","|","|move|p2a: Sharp|Sucker Punch|p1a: Dragonite","|-damage|p1a: Dragonite|245/323","|move|p1a: Dragonite|Fire Punch|p2a: Sharp","|-supereffective|p2a: Sharp","|-damage|p2a: Sharp|9/271","|","|turn|22","|","|move|p1a: Dragonite|Extreme Speed|p2a: Sharp","|-resisted|p2a: Sharp","|-damage|p2a: Sharp|0 fnt","|faint|p2a: Sharp","|","|","|switch|p2a: Sableye|Sableye, M|115/304 brn","|-damage|p2a: Sableye|77/304 brn|[from] Stealth Rock","|turn|23","|","|move|p2a: Sableye|Recover|p2a: Sableye","|-heal|p2a: Sableye|229/304 brn","|move|p1a: Dragonite|Dragon Claw|p2a: Sableye","|-damage|p2a: Sableye|91/304 brn","|","|-damage|p2a: Sableye|53/304 brn|[from] brn","|turn|24","|","|move|p2a: Sableye|Recover|p2a: Sableye","|-heal|p2a: Sableye|205/304 brn","|move|p1a: Dragonite|Dragon Claw|p2a: Sableye","|-damage|p2a: Sableye|58/304 brn","|","|-damage|p2a: Sableye|20/304 brn|[from] brn","|turn|25","|","|move|p2a: Sableye|Recover|p2a: Sableye","|-heal|p2a: Sableye|172/304 brn","|move|p1a: Dragonite|Dragon Claw|p2a: Sableye","|-damage|p2a: Sableye|31/304 brn","|","|-damage|p2a: Sableye|0 fnt|[from] brn","|faint|p2a: Sableye","|","|win|MachoSalad"],"p1rating":{"entryid":"7206348","serverid":"eos","formatid":"monotype","userid":"machosalad","username":"MachoSalad","w":32,"l":"15","t":"0","gxe":64.8,"r":"1597.0372948325","rd":"53.842335622348","sigma":"0","rptime":"1438592400","rpr":1615.6969285953,"rprd":51.894074242139,"rpsigma":"0","acre":1265.3681387627,"lacre":1265.3681387627,"oldacre":"1252.258923164"},"p2rating":{"entryid":"5899654","serverid":"eos","formatid":"monotype","userid":"ragnoraksableye","username":"Ragnorak (Sableye)","w":"4","l":8,"t":"0","gxe":39.2,"r":"1401.9099843575","rd":"97.657368149005","sigma":"0","rptime":"1438592400","rpr":1414.9018728618,"rprd":92.065514750823,"rpsigma":"0","acre":1061.5744889243,"lacre":1061.5744889243,"oldacre":"1072.5224497401"},"endType":"normal"}