{"seed":[2987,7882,46027,30080],"turns":22,"p1":"V Monocle","p2":"Emg UnownMaN","p1team":[{"name":"Terrakion","species":"Terrakion","item":"choicescarf","ability":"Justified","moves":["earthquake","closecombat","stoneedge","poisonjab"],"nature":"Jolly","evs":{"hp":0,"atk":252,"def":0,"spa":0,"spd":4,"spe":252},"ivs":{"hp":31,"atk":31,"def":31,"spa":31,"spd":31,"spe":31}},{"name":"Archeops","species":"Archeops","item":"choicespecs","ability":"Defeatist","moves":["ancientpower","earthpower","dragonpulse","heatwave"],"nature":"Hasty","evs":{"hp":4,"atk":0,"def":0,"spa":252,"spd":0,"spe":252},"ivs":{"hp":31,"atk":31,"def":31,"spa":31,"spd":31,"spe":31}},{"name":"Carracosta","species":"Carracosta","item":"whiteherb","ability":"Sturdy","moves":["aquajet","shellsmash","knockoff","earthquake"],"nature":"Adamant","evs":{"hp":0,"atk":252,"def":0,"spa":0,"spd":4,"spe":252},"ivs":{"hp":31,"atk":31,"def":31,"spa":31,"spd":31,"spe":31}},{"name":"Cradily","species":"Cradily","item":"leftovers","ability":"Storm Drain","moves":["ancientpower","gigadrain","recover","toxic"],"nature":"Calm","evs":{"hp":252,"atk":0,"def":0,"spa":4,"spd":252,"spe":0},"ivs":{"hp":31,"atk":31,"def":31,"spa":31,"spd":31,"spe":31}},{"name":"Aggron","species":"Aggron","item":"aggronite","ability":"Sturdy","moves":["heavyslam","curse","rest","sleeptalk"],"nature":"Impish","evs":{"hp":248,"atk":8,"def":252,"spa":0,"spd":0,"spe":0},"ivs":{"hp":31,"atk":31,"def":31,"spa":31,"spd":31,"spe":31}},{"name":"Tyranitar","species":"Tyranitar","item":"focussash","ability":"Sand Stream","moves":["crunch","stealthrock","earthquake","superpower"],"nature":"Adamant","evs":{"hp":248,"atk":252,"def":0,"spa":0,"spd":8,"spe":0},"ivs":{"hp":31,"atk":31,"def":31,"spa":31,"spd":31,"spe":31}}],"p2team":[{"name":"Altaria","species":"Altaria","item":"altarianite","ability":"Natural Cure","moves":["dragondance","doubleedge","roost","earthquake"],"nature":"Adamant","evs":{"hp":0,"atk":252,"def":4,"spa":0,"spd":0,"spe":252},"gender":"F","shiny":true,"ivs":{"hp":31,"atk":31,"def":31,"spa":31,"spd":31,"spe":31}},{"name":"Zygarde","species":"Zygarde","item":"leftovers","ability":"Aura Break","moves":["dragondance","outrage","earthquake","extremespeed"],"nature":"Adamant","evs":{"hp":0,"atk":252,"def":4,"spa":0,"spd":0,"spe":252},"ivs":{"hp":31,"atk":31,"def":31,"spa":31,"spd":31,"spe":31}},{"name":"Noivern","species":"Noivern","item":"choicespecs","ability":"Infiltrator","moves":["dracometeor","airslash","heatwave","hiddenpowerground"],"nature":"Timid","evs":{"hp":0,"atk":0,"def":4,"spa":252,"spd":0,"spe":252},"gender":"M","ivs":{"hp":31,"atk":31,"def":31,"spa":30,"spd":30,"spe":31},"shiny":true},{"name":"Kingdra","species":"Kingdra","item":"scopelens","ability":"Sniper","moves":["waterfall","dragondance","outrage","focusenergy"],"nature":"Adamant","evs":{"hp":0,"atk":252,"def":4,"spa":0,"spd":0,"spe":252},"gender":"M","shiny":true,"ivs":{"hp":31,"atk":31,"def":31,"spa":31,"spd":31,"spe":31}},{"name":"Kyurem","species":"Kyurem","item":"choicescarf","ability":"Pressure","moves":["dracometeor","icebeam","flashcannon","earthpower"],"nature":"Timid","evs":{"hp":0,"atk":0,"def":0,"spa":252,"spd":4,"spe":252},"shiny":true,"ivs":{"hp":31,"atk":31,"def":31,"spa":31,"spd":31,"spe":31}},{"name":"Garchomp","species":"Garchomp","item":"focussash","ability":"Rough Skin","moves":["stealthrock","outrage","earthquake","roar"],"nature":"Jolly","evs":{"hp":0,"atk":252,"def":4,"spa":0,"spd":0,"spe":252},"gender":"M","shiny":true,"ivs":{"hp":31,"atk":31,"def":31,"spa":31,"spd":31,"spe":31}}],"log":["|player|p1|V Monocle|vmonocle.png","|player|p2|Emg UnownMaN|168","|gametype|singles","|gen|6","|tier|Monotype","|rated","|rule|Baton Pass Clause: Limit one Baton Passer, can't pass Spe and other stats simultaneously","|rule|Swagger Clause: Swagger is banned","|rule|Same Type Clause: Pokémon in a team must share a type","|clearpoke","|poke|p1|Terrakion","|poke|p1|Archeops, M","|poke|p1|Carracosta, F","|poke|p1|Cradily, F","|poke|p1|Aggron, M","|poke|p1|Tyranitar, M","|poke|p2|Altaria, F, shiny","|poke|p2|Zygarde","|poke|p2|Noivern, M, shiny","|poke|p2|Kingdra, M, shiny","|poke|p2|Kyurem, shiny","|poke|p2|Garchomp, M, shiny","|rule|Sleep Clause Mod: Limit one foe put to sleep","|rule|Species Clause: Limit one of each Pokémon","|rule|OHKO Clause: OHKO moves are banned","|rule|Moody Clause: Moody is banned","|rule|Evasion Moves Clause: Evasion moves are banned","|rule|Endless Battle Clause: Forcing endless battles is banned","|rule|HP Percentage Mod: HP is shown in percentages","|teampreview","|","|start","|switch|p1a: Tyranitar|Tyranitar, M|403/403","|switch|p2a: Garchomp|Garchomp, M, shiny|357/357","|-weather|Sandstorm","|turn|1","|","|move|p2a: Garchomp|Stealth Rock|p1a: Tyranitar","|-sidestart|p1: V Monocle|move: Stealth Rock","|move|p1a: Tyranitar|Stealth Rock|p2a: Garchomp","|-sidestart|p2: Emg UnownMaN|move: Stealth Rock","|","|-weather|Sandstorm|[upkeep]","|turn|2","|","|move|p1a: Tyranitar|Crunch|p2a: Garchomp","|-damage|p2a: Garchomp|188/357","|-damage|p1a: Tyranitar|353/403|[from] ability: Rough Skin|[of] p2a: Garchomp","|move|p2a: Garchomp|Roar|p1a: Tyranitar","|drag|p1a: Archeops|Archeops, M|292/292","|-damage|p1a: Archeops|219/292|[from] Stealth Rock","|","|-weather|Sandstorm|[upkeep]","|turn|3","|","|move|p1a: Archeops|Dragon Pulse|p2a: Garchomp","|-supereffective|p2a: Garchomp","|-damage|p2a: Garchomp|0 fnt","|faint|p2a: Garchomp","|","|-weather|Sandstorm|[upkeep]","|","|switch|p2a: Noivern|Noivern, M, shiny|311/311","|-damage|p2a: Noivern|234/311|[from] Stealth Rock","|turn|4","|","|move|p2a: Noivern|Draco Meteor|p1a: Archeops","|-damage|p1a: Archeops|0 fnt","|-unboost|p2a: Noivern|spa|2","|faint|p1a: Archeops","|","|-weather|Sandstorm|[upkeep]","|-damage|p2a: Noivern|215/311|[from] sandstorm","|","|switch|p1a: Cradily|Cradily, F|376/376","|-damage|p1a: Cradily|329/376|[from] Stealth Rock","|turn|5","|","|move|p2a: Noivern|Draco Meteor|p1a: Cradily","|-damage|p1a: Cradily|259/376","|-unboost|p2a: Noivern|spa|2","|move|p1a: Cradily|Ancient Power|p2a: Noivern","|-supereffective|p2a: Noivern","|-damage|p2a: Noivern|75/311","|","|-weather|none","|-heal|p1a: Cradily|282/376|[from] item: Leftovers","|turn|6","|","|move|p2a: Noivern|Draco Meteor|p1a: Cradily","|-damage|p1a: Cradily|213/376","|-unboost|p2a: Noivern|spa|2","|move|p1a: Cradily|Recover|p1a: Cradily","|-heal|p1a: Cradily|376/376","|","|turn|7","|","|move|p2a: Noivern|Draco Meteor|p1a: Cradily","|-damage|p1a: Cradily|330/376","|move|p1a: Cradily|Ancient Power|p2a: Noivern","|-supereffective|p2a: Noivern","|-damage|p2a: Noivern|0 fnt","|faint|p2a: Noivern","|","|-heal|p1a: Cradily|353/376|[from] item: Leftovers","|","|switch|p2a: Altaria|Altaria, F, shiny|291/291","|-damage|p2a: Altaria|219/291|[from] Stealth Rock","|turn|8","|","|detailschange|p2a: Altaria|Altaria-Mega, F, shiny","|-mega|p2a: Altaria|Altaria|Altarianite","|move|p2a: Altaria|Dragon Dance|p2a: Altaria","|-boost|p2a: Altaria|atk|1","|-boost|p2a: Altaria|spe|1","|move|p1a: Cradily|Toxic|p2a: Altaria","|-status|p2a: Altaria|tox","|","|-heal|p1a: Cradily|376/376|[from] item: Leftovers","|-damage|p2a: Altaria|201/291 tox|[from] psn","|turn|9","|","|move|p2a: Altaria|Dragon Dance|p2a: Altaria","|-boost|p2a: Altaria|atk|1","|-boost|p2a: Altaria|spe|1","|move|p1a: Cradily|Ancient Power|p2a: Altaria","|-damage|p2a: Altaria|138/291 tox","|","|-damage|p2a: Altaria|102/291 tox|[from] psn","|turn|10","|","|move|p2a: Altaria|Double-Edge|p1a: Cradily","|-damage|p1a: Cradily|0 fnt","|-damage|p2a: Altaria|0 fnt|[from] recoil|[of] p1a: Cradily","|faint|p1a: Cradily","|faint|p2a: Altaria","|","|","|switch|p2a: Kingdra|Kingdra, M, shiny|291/291","|switch|p1a: Tyranitar|Tyranitar, M|353/403","|-damage|p2a: Kingdra|255/291|[from] Stealth Rock","|-damage|p1a: Tyranitar|303/403|[from] Stealth Rock","|-weather|Sandstorm","|turn|11","|","|move|p2a: Kingdra|Dragon Dance|p2a: Kingdra","|-boost|p2a: Kingdra|atk|1","|-boost|p2a: Kingdra|spe|1","|move|p1a: Tyranitar|Crunch|p2a: Kingdra","|-damage|p2a: Kingdra|80/291","|","|-weather|Sandstorm|[upkeep]","|-damage|p2a: Kingdra|62/291|[from] sandstorm","|turn|12","|","|move|p2a: Kingdra|Waterfall|p1a: Tyranitar","|-supereffective|p1a: Tyranitar","|-damage|p1a: Tyranitar|0 fnt","|faint|p1a: Tyranitar","|","|-weather|Sandstorm|[upkeep]","|-damage|p2a: Kingdra|44/291|[from] sandstorm","|","|switch|p1a: Aggron|Aggron, M|343/343","|-damage|p1a: Aggron|322/343|[from] Stealth Rock","|turn|13","|","|detailschange|p1a: Aggron|Aggron-Mega, M","|-mega|p1a: Aggron|Aggron|Aggronite","|move|p2a: Kingdra|Focus Energy|p2a: Kingdra","|-start|p2a: Kingdra|move: Focus Energy","|move|p1a: Aggron|Curse|p1a: Aggron","|-unboost|p1a: Aggron|spe|1","|-boost|p1a: Aggron|atk|1","|-boost|p1a: Aggron|def|1","|","|-weather|Sandstorm|[upkeep]","|-damage|p2a: Kingdra|26/291|[from] sandstorm","|turn|14","|","|move|p2a: Kingdra|Waterfall|p1a: Aggron","|-crit|p1a: Aggron","|-damage|p1a: Aggron|151/343","|cant|p1a: Aggron|flinch","|","|-weather|Sandstorm|[upkeep]","|-damage|p2a: Kingdra|8/291|[from] sandstorm","|turn|15","|","|move|p2a: Kingdra|Waterfall|p1a: Aggron","|-crit|p1a: Aggron","|-damage|p1a: Aggron|1/343","|move|p1a: Aggron|Rest|p1a: Aggron","|-status|p1a: Aggron|slp","|-heal|p1a: Aggron|343/343 slp|[silent]","|-status|p1a: Aggron|slp|[from] move: Rest","|","|-weather|none","|turn|16","|","|move|p2a: Kingdra|Dragon Dance|p2a: Kingdra","|-boost|p2a: Kingdra|atk|1","|-boost|p2a: Kingdra|spe|1","|cant|p1a: Aggron|slp","|move|p1a: Aggron|Sleep Talk|p1a: Aggron","|move|p1a: Aggron|Curse|p1a: Aggron|[from]Sleep Talk","|-unboost|p1a: Aggron|spe|1","|-boost|p1a: Aggron|atk|1","|-boost|p1a: Aggron|def|1","|","|turn|17","|","|move|p2a: Kingdra|Waterfall|p1a: Aggron","|-crit|p1a: Aggron","|-damage|p1a: Aggron|132/343 slp","|cant|p1a: Aggron|slp","|move|p1a: Aggron|Sleep Talk|p1a: Aggron","|move|p1a: Aggron|Rest|p1a: Aggron|[from]Sleep Talk","|-fail|p1a: Aggron","|","|turn|18","|","|move|p2a: Kingdra|Waterfall|p1a: Aggron","|-crit|p1a: Aggron","|-damage|p1a: Aggron|0 fnt","|faint|p1a: Aggron","|","|","|switch|p1a: Carracosta|Carracosta, F|289/289","|-damage|p1a: Carracosta|253/289|[from] Stealth Rock","|turn|19","|","|move|p1a: Carracosta|Aqua Jet|p2a: Kingdra","|-resisted|p2a: Kingdra","|-damage|p2a: Kingdra|0 fnt","|faint|p2a: Kingdra","|","|","|switch|p2a: Zygarde|Zygarde|357/357","|-damage|p2a: Zygarde|335/357|[from] Stealth Rock","|-ability|p2a: Zygarde|Aura Break","|turn|20","|","|move|p2a: Zygarde|Earthquake|p1a: Carracosta","|-supereffective|p1a: Carracosta","|-damage|p1a: Carracosta|11/289","|move|p1a: Carracosta|Knock Off|p2a: Zygarde","|-damage|p2a: Zygarde|241/357","|-enditem|p2a: Zygarde|Leftovers|[from] move: Knock Off|[of] p1a: Carracosta","|","|turn|21","|","|move|p2a: Zygarde|Extreme Speed|p1a: Carracosta","|-resisted|p1a: Carracosta","|-damage|p1a: Carracosta|0 fnt","|faint|p1a: Carracosta","|","|","|switch|p1a: Terrakion|Terrakion|323/323","|-damage|p1a: Terrakion|303/323|[from] Stealth Rock","|turn|22","|","|move|p1a: Terrakion|Close Combat|p2a: Zygarde","|-damage|p2a: Zygarde|76/357","|-unboost|p1a: Terrakion|def|1","|-unboost|p1a: Terrakion|spd|1","|move|p2a: Zygarde|Earthquake|p1a: Terrakion","|-supereffective|p1a: Terrakion","|-damage|p1a: Terrakion|0 fnt","|faint|p1a: Terrakion","|","|win|Emg UnownMaN"],"p1rating":{"entryid":"7320079","serverid":"eos","formatid":"monotype","userid":"vmonocle","username":"V Monocle","w":"6","l":11,"t":"0","gxe":40.3,"r":1433.17272151,"rd":76.549615224921,"sigma":"0","rptime":1438592400,"rpr":1424.1622278129,"rprd":75.136362214806,"rpsigma":"0","acre":1078.3285107448,"lacre":1078.3285107448,"oldacre":"1090.9467096399"},"p2rating":{"entryid":"7117043","serverid":"eos","formatid":"monotype","userid":"emgunownman","username":"Emg UnownMaN","w":22,"l":"11","t":"0","gxe":63.9,"r":"1598.2436783673","rd":"59.620163515987","sigma":"0","rptime":"1438592400","rpr":1608.631425287,"rprd":58.341030759472,"rpsigma":"0","acre":1279.8513096071,"lacre":1279.8513096071,"oldacre":"1266.5083231267"},"endType":"normal"}