{"seed":[50678,31875,47573,40812],"turns":25,"p1":"Guard Darkrai","p2":"MrNyanNyanz","p1team":[{"name":"Beedrill","species":"Beedrill","item":"beedrillite","ability":"Sniper","moves":["fellstinger","poisonjab","uturn","protect"],"nature":"Jolly","evs":{"hp":0,"atk":252,"def":0,"spa":0,"spd":4,"spe":252},"shiny":true,"ivs":{"hp":31,"atk":31,"def":31,"spa":31,"spd":31,"spe":31}},{"name":"Durant","species":"Durant","item":"lifeorb","ability":"Hustle","moves":["ironhead","xscissor","superpower","honeclaws"],"nature":"Jolly","evs":{"hp":0,"atk":252,"def":0,"spa":0,"spd":4,"spe":252},"shiny":true,"ivs":{"hp":31,"atk":31,"def":31,"spa":31,"spd":31,"spe":31}},{"name":"Venomoth","species":"Venomoth","item":"focussash","ability":"Wonder Skin","moves":["quiverdance","bugbuzz","sludgebomb","sleeppowder"],"nature":"Modest","evs":{"hp":0,"atk":0,"def":0,"spa":252,"spd":4,"spe":252},"shiny":true,"ivs":{"hp":31,"atk":31,"def":31,"spa":31,"spd":31,"spe":31}},{"name":"Shuckle","species":"Shuckle","item":"leftovers","ability":"Contrary","moves":["shellsmash","stickyweb","infestation","stealthrock"],"nature":"Modest","evs":{"hp":0,"atk":0,"def":0,"spa":252,"spd":4,"spe":252},"shiny":true,"ivs":{"hp":31,"atk":31,"def":31,"spa":31,"spd":31,"spe":31}},{"name":"Heracross","species":"Heracross","item":"choicescarf","ability":"Moxie","moves":["closecombat","stoneedge","megahorn","knockoff"],"nature":"Jolly","evs":{"hp":0,"atk":252,"def":0,"spa":0,"spd":4,"spe":252},"shiny":true,"ivs":{"hp":31,"atk":31,"def":31,"spa":31,"spd":31,"spe":31}},{"name":"Illumise","species":"Illumise","item":"leftovers","ability":"Prankster","moves":["thunderwave","encore","uturn","tailwind"],"nature":"Careful","evs":{"hp":252,"atk":0,"def":4,"spa":0,"spd":252,"spe":0},"shiny":true,"ivs":{"hp":31,"atk":31,"def":31,"spa":31,"spd":31,"spe":31}}],"p2team":[{"name":"Nyxia","species":"liepard","item":"ironball","ability":"Prankster","moves":["thunderwave","taunt","trick","assist"],"nature":"Naive","evs":{"hp":0,"atk":128,"def":0,"spa":128,"spd":0,"spe":252},"ivs":{"hp":31,"atk":31,"def":31,"spa":31,"spd":31,"spe":31}},{"name":"Houndoom","species":"Houndoom","item":"houndoominite","ability":"Flash Fire","moves":["nastyplot","protect","darkpulse","flamethrower"],"nature":"Timid","evs":{"hp":0,"atk":0,"def":0,"spa":252,"spd":4,"spe":252},"ivs":{"hp":31,"atk":31,"def":31,"spa":31,"spd":31,"spe":31}},{"name":"2Sharp","species":"bisharp","item":"choicescarf","ability":"Defiant","moves":["suckerpunch","ironhead","knockoff","stoneedge"],"nature":"Jolly","evs":{"hp":0,"atk":252,"def":0,"spa":0,"spd":4,"spe":252},"shiny":true,"ivs":{"hp":31,"atk":31,"def":31,"spa":31,"spd":31,"spe":31}},{"name":"Stall","species":"sableye","item":"leftovers","ability":"Prankster","moves":["recover","willowisp","toxic","shadowball"],"nature":"Calm","evs":{"hp":252,"atk":0,"def":0,"spa":4,"spd":252,"spe":0},"shiny":true,"ivs":{"hp":31,"atk":31,"def":31,"spa":31,"spd":31,"spe":31}},{"name":"Drago","species":"hydreigon","item":"choicescarf","ability":"Levitate","moves":["earthpower","darkpulse","dracometeor","flashcannon"],"nature":"Timid","evs":{"hp":0,"atk":0,"def":0,"spa":252,"spd":4,"spe":252},"shiny":true,"ivs":{"hp":31,"atk":31,"def":31,"spa":31,"spd":31,"spe":31}},{"name":"Mandibuzz","species":"Mandibuzz","item":"rockyhelmet","ability":"Overcoat","moves":["bravebird","roost","defog","knockoff"],"nature":"Impish","evs":{"hp":248,"atk":8,"def":252,"spa":0,"spd":0,"spe":0},"ivs":{"hp":31,"atk":31,"def":31,"spa":31,"spd":31,"spe":31}}],"log":["|player|p1|Guard Darkrai|guarddarkrai.png","|player|p2|MrNyanNyanz|mrnyannyanz.png","|gametype|singles","|gen|6","|tier|Monotype","|rated","|rule|Baton Pass Clause: Limit one Baton Passer, can't pass Spe and other stats simultaneously","|rule|Swagger Clause: Swagger is banned","|rule|Same Type Clause: Pokémon in a team must share a type","|clearpoke","|poke|p1|Beedrill, F, shiny","|poke|p1|Durant, F, shiny","|poke|p1|Venomoth, F, shiny","|poke|p1|Shuckle, F, shiny","|poke|p1|Heracross, F, shiny","|poke|p1|Illumise, F, shiny","|poke|p2|Liepard, M","|poke|p2|Houndoom, M","|poke|p2|Bisharp, F, shiny","|poke|p2|Sableye, F, shiny","|poke|p2|Hydreigon, F, shiny","|poke|p2|Mandibuzz, F","|rule|Sleep Clause Mod: Limit one foe put to sleep","|rule|Species Clause: Limit one of each Pokémon","|rule|OHKO Clause: OHKO moves are banned","|rule|Moody Clause: Moody is banned","|rule|Evasion Moves Clause: Evasion moves are banned","|rule|Endless Battle Clause: Forcing endless battles is banned","|rule|HP Percentage Mod: HP is shown in percentages","|teampreview","|","|start","|switch|p1a: Venomoth|Venomoth, F, shiny|281/281","|switch|p2a: Nyxia|Liepard, M|269/269","|turn|1","|","|switch|p1a: Shuckle|Shuckle, F, shiny|181/181","|move|p2a: Nyxia|Taunt|p1a: Shuckle","|-start|p1a: Shuckle|move: Taunt","|","|turn|2","|","|move|p2a: Nyxia|Trick|p1a: Shuckle","|-activate|p2a: Nyxia|move: Trick|[of] p1a: Shuckle","|-item|p1a: Shuckle|Iron Ball|[from] move: Trick","|-item|p2a: Nyxia|Leftovers|[from] move: Trick","|move|p1a: Shuckle|Infestation|p2a: Nyxia","|-supereffective|p2a: Nyxia","|-damage|p2a: Nyxia|219/269","|-activate|p2a: Nyxia|move: Infestation|[of] p1a: Shuckle","|","|-heal|p2a: Nyxia|235/269|[from] item: Leftovers","|-damage|p2a: Nyxia|202/269|[from] move: Infestation|[partiallytrapped]","|turn|3","|","|move|p2a: Nyxia|Assist|p2a: Nyxia","|move|p2a: Nyxia|Earth Power|p1a: Shuckle|[from]Assist","|-damage|p1a: Shuckle|145/181","|move|p1a: Shuckle|Infestation|p2a: Nyxia","|-supereffective|p2a: Nyxia","|-damage|p2a: Nyxia|148/269","|","|-heal|p2a: Nyxia|164/269|[from] item: Leftovers","|-damage|p2a: Nyxia|131/269|[from] move: Infestation|[partiallytrapped]","|-end|p1a: Shuckle|move: Taunt","|turn|4","|","|move|p2a: Nyxia|Taunt|p1a: Shuckle","|-start|p1a: Shuckle|move: Taunt","|move|p1a: Shuckle|Infestation|p2a: Nyxia","|-supereffective|p2a: Nyxia","|-damage|p2a: Nyxia|83/269","|","|-heal|p2a: Nyxia|99/269|[from] item: Leftovers","|-damage|p2a: Nyxia|66/269|[from] move: Infestation|[partiallytrapped]","|turn|5","|","|move|p2a: Nyxia|Assist|p2a: Nyxia","|move|p2a: Nyxia|Sucker Punch|p1a: Shuckle|[from]Assist","|-damage|p1a: Shuckle|96/181","|move|p1a: Shuckle|Infestation|p2a: Nyxia","|-supereffective|p2a: Nyxia","|-damage|p2a: Nyxia|10/269","|","|-heal|p2a: Nyxia|26/269|[from] item: Leftovers","|-damage|p2a: Nyxia|0 fnt|[from] move: Infestation|[partiallytrapped]","|faint|p2a: Nyxia","|","|switch|p2a: Houndoom|Houndoom, M|291/291","|turn|6","|","|detailschange|p2a: Houndoom|Houndoom-Mega, M","|-mega|p2a: Houndoom|Houndoom|Houndoominite","|move|p2a: Houndoom|Nasty Plot|p2a: Houndoom","|-boost|p2a: Houndoom|spa|2","|move|p1a: Shuckle|Infestation|p2a: Houndoom","|-damage|p2a: Houndoom|276/291","|-activate|p2a: Houndoom|move: Infestation|[of] p1a: Shuckle","|","|-damage|p2a: Houndoom|240/291|[from] move: Infestation|[partiallytrapped]","|-end|p1a: Shuckle|move: Taunt","|turn|7","|","|move|p2a: Houndoom|Flamethrower|p1a: Shuckle","|-damage|p1a: Shuckle|0 fnt","|faint|p1a: Shuckle","|","|","|switch|p1a: Beedrill|Beedrill, F, shiny|271/271","|turn|8","|","|switch|p2a: Mandibuzz|Mandibuzz, F|423/423","|detailschange|p1a: Beedrill|Beedrill-Mega, F, shiny","|-mega|p1a: Beedrill|Beedrill|Beedrillite","|move|p1a: Beedrill|Protect|p1a: Beedrill","|-fail|p1a: Beedrill","|","|turn|9","|","|move|p1a: Beedrill|Poison Jab|p2a: Mandibuzz","|-damage|p2a: Mandibuzz|279/423","|-damage|p1a: Beedrill|226/271|[from] item: Rocky Helmet|[of] p2a: Mandibuzz","|move|p2a: Mandibuzz|Knock Off|p1a: Beedrill","|-damage|p1a: Beedrill|109/271","|","|turn|10","|","|move|p1a: Beedrill|U-turn|p2a: Mandibuzz","|-damage|p2a: Mandibuzz|145/423","|-damage|p1a: Beedrill|64/271|[from] item: Rocky Helmet|[of] p2a: Mandibuzz","|","|switch|p1a: Durant|Durant, F, shiny|257/257","|move|p2a: Mandibuzz|Roost|p2a: Mandibuzz","|-heal|p2a: Mandibuzz|357/423","|","|turn|11","|","|move|p1a: Durant|Hone Claws|p1a: Durant","|-boost|p1a: Durant|atk|1","|-boost|p1a: Durant|accuracy|1","|move|p2a: Mandibuzz|Knock Off|p1a: Durant","|-damage|p1a: Durant|185/257","|-enditem|p1a: Durant|Life Orb|[from] move: Knock Off|[of] p2a: Mandibuzz","|","|turn|12","|","|switch|p2a: Stall|Sableye, F, shiny|304/304","|move|p1a: Durant|Hone Claws|p1a: Durant","|-boost|p1a: Durant|atk|1","|-boost|p1a: Durant|accuracy|1","|","|turn|13","|","|move|p2a: Stall|Will-O-Wisp|p1a: Durant","|-status|p1a: Durant|brn","|move|p1a: Durant|Iron Head|p2a: Stall","|-damage|p2a: Stall|54/304","|","|-heal|p2a: Stall|73/304|[from] item: Leftovers","|-damage|p1a: Durant|153/257 brn|[from] brn","|turn|14","|","|switch|p2a: Mandibuzz|Mandibuzz, F|357/423","|move|p1a: Durant|Iron Head|p2a: Mandibuzz","|-damage|p2a: Mandibuzz|224/423","|-damage|p1a: Durant|111/257 brn|[from] item: Rocky Helmet|[of] p2a: Mandibuzz","|","|-damage|p1a: Durant|79/257 brn|[from] brn","|turn|15","|","|move|p1a: Durant|Superpower|p2a: Mandibuzz","|-damage|p2a: Mandibuzz|100/423","|-damage|p1a: Durant|37/257 brn|[from] item: Rocky Helmet|[of] p2a: Mandibuzz","|-unboost|p1a: Durant|atk|1","|-unboost|p1a: Durant|def|1","|move|p2a: Mandibuzz|Roost|p2a: Mandibuzz","|-heal|p2a: Mandibuzz|312/423","|","|-damage|p1a: Durant|5/257 brn|[from] brn","|turn|16","|","|move|p1a: Durant|Iron Head|p2a: Mandibuzz","|-damage|p2a: Mandibuzz|207/423","|-damage|p1a: Durant|0 fnt|[from] item: Rocky Helmet|[of] p2a: Mandibuzz","|faint|p1a: Durant","|cant|p2a: Mandibuzz|flinch","|","|","|switch|p1a: Heracross|Heracross, F, shiny|301/301","|turn|17","|","|move|p1a: Heracross|Stone Edge|p2a: Mandibuzz","|-supereffective|p2a: Mandibuzz","|-damage|p2a: Mandibuzz|53/423","|move|p2a: Mandibuzz|Brave Bird|p1a: Heracross","|-supereffective|p1a: Heracross","|-damage|p1a: Heracross|0 fnt","|-damage|p2a: Mandibuzz|0 fnt|[from] recoil|[of] p1a: Heracross","|faint|p1a: Heracross","|faint|p2a: Mandibuzz","|","|","|switch|p1a: Venomoth|Venomoth, F, shiny|281/281","|switch|p2a: Stall|Sableye, F, shiny|73/304","|turn|18","|","|move|p2a: Stall|Will-O-Wisp|p1a: Venomoth","|-status|p1a: Venomoth|brn","|move|p1a: Venomoth|Sleep Powder|p2a: Stall","|-status|p2a: Stall|slp","|","|-heal|p2a: Stall|92/304 slp|[from] item: Leftovers","|-damage|p1a: Venomoth|246/281 brn|[from] brn","|turn|19","|","|switch|p2a: Houndoom|Houndoom-Mega, M|240/291","|move|p1a: Venomoth|Bug Buzz|p2a: Houndoom","|-damage|p2a: Houndoom|89/291","|","|-damage|p1a: Venomoth|211/281 brn|[from] brn","|turn|20","|","|move|p2a: Houndoom|Flamethrower|p1a: Venomoth","|-supereffective|p1a: Venomoth","|-damage|p1a: Venomoth|0 fnt","|faint|p1a: Venomoth","|","|","|switch|p1a: Beedrill|Beedrill-Mega, F, shiny|64/271","|turn|21","|","|move|p2a: Houndoom|Protect|p2a: Houndoom","|-singleturn|p2a: Houndoom|Protect","|move|p1a: Beedrill|Fell Stinger|p2a: Houndoom","|-activate|p2a: Houndoom|Protect","|","|turn|22","|","|switch|p2a: Stall|Sableye, F, shiny|92/304 slp","|move|p1a: Beedrill|Fell Stinger|p2a: Stall","|-damage|p2a: Stall|0 fnt","|-boost|p1a: Beedrill|atk|2","|faint|p2a: Stall","|","|","|switch|p2a: Drago|Hydreigon, F, shiny|325/325","|turn|23","|","|move|p2a: Drago|Flash Cannon|p1a: Beedrill","|-damage|p1a: Beedrill|0 fnt","|faint|p1a: Beedrill","|","|","|switch|p1a: Illumise|Illumise, F, shiny|334/334","|turn|24","|","|switch|p2a: 2Sharp|Bisharp, F, shiny|271/271","|move|p1a: Illumise|Thunder Wave|p2a: 2Sharp","|-status|p2a: 2Sharp|par","|","|turn|25","|","|move|p1a: Illumise|U-turn|p2a: 2Sharp","|-damage|p2a: 2Sharp|228/271 par","|move|p2a: 2Sharp|Stone Edge|p1a: Illumise","|-supereffective|p1a: Illumise","|-damage|p1a: Illumise|0 fnt","|faint|p1a: Illumise","|","|win|MrNyanNyanz"],"p1rating":{"entryid":"6034648","serverid":"eos","formatid":"monotype","userid":"guarddarkrai","username":"Guard Darkrai","w":"57","l":63,"t":"0","gxe":47.8,"r":"1488.6159366829","rd":"39.621397946879","sigma":"0","rptime":"1438592400","rpr":1483.0225001045,"rprd":35.684600701389,"rpsigma":"0","acre":1058.0239580439,"lacre":1058.0239580439,"oldacre":"1077.0053322364"},"p2rating":{"entryid":"6703862","serverid":"eos","formatid":"monotype","userid":"mrnyannyanz","username":"MrNyanNyanz","w":41,"l":"33","t":"0","gxe":54,"r":"1538.8037937295","rd":"47.610146032348","sigma":"0","rptime":"1438592400","rpr":1530.5555738827,"rprd":41.871012141023,"rpsigma":"0","acre":1140.6461556634,"lacre":1140.6461556634,"oldacre":"1118.6268172427"},"endType":"normal"}