{"seed":[21592,36131,18119,10689],"turns":27,"p1":"MrNyanNyanz","p2":"Alliance - Mxy","p1team":[{"name":"Nyxia","species":"liepard","item":"ironball","ability":"Prankster","moves":["thunderwave","taunt","trick","assist"],"nature":"Naive","evs":{"hp":0,"atk":128,"def":0,"spa":128,"spd":0,"spe":252},"ivs":{"hp":31,"atk":31,"def":31,"spa":31,"spd":31,"spe":31}},{"name":"Houndoom","species":"Houndoom","item":"houndoominite","ability":"Flash Fire","moves":["nastyplot","protect","darkpulse","flamethrower"],"nature":"Timid","evs":{"hp":0,"atk":0,"def":0,"spa":252,"spd":4,"spe":252},"ivs":{"hp":31,"atk":31,"def":31,"spa":31,"spd":31,"spe":31}},{"name":"2Sharp","species":"bisharp","item":"choicescarf","ability":"Defiant","moves":["suckerpunch","ironhead","knockoff","stoneedge"],"nature":"Jolly","evs":{"hp":0,"atk":252,"def":0,"spa":0,"spd":4,"spe":252},"shiny":true,"ivs":{"hp":31,"atk":31,"def":31,"spa":31,"spd":31,"spe":31}},{"name":"Stall","species":"sableye","item":"leftovers","ability":"Prankster","moves":["recover","willowisp","toxic","shadowball"],"nature":"Calm","evs":{"hp":252,"atk":0,"def":0,"spa":4,"spd":252,"spe":0},"shiny":true,"ivs":{"hp":31,"atk":31,"def":31,"spa":31,"spd":31,"spe":31}},{"name":"Drago","species":"hydreigon","item":"choicescarf","ability":"Levitate","moves":["earthpower","darkpulse","dracometeor","flashcannon"],"nature":"Timid","evs":{"hp":0,"atk":0,"def":0,"spa":252,"spd":4,"spe":252},"shiny":true,"ivs":{"hp":31,"atk":31,"def":31,"spa":31,"spd":31,"spe":31}},{"name":"Mandibuzz","species":"Mandibuzz","item":"rockyhelmet","ability":"Overcoat","moves":["bravebird","roost","defog","irondefense"],"nature":"Careful","evs":{"hp":248,"atk":8,"def":0,"spa":0,"spd":252,"spe":0},"ivs":{"hp":31,"atk":31,"def":31,"spa":31,"spd":31,"spe":31}}],"p2team":[{"name":"Gengar","species":"Gengar","item":"choicescarf","ability":"Levitate","moves":["shadowball","sludgewave","focusblast","destinybond"],"nature":"Timid","evs":{"hp":0,"atk":0,"def":0,"spa":252,"spd":4,"spe":252},"ivs":{"hp":31,"atk":31,"def":31,"spa":31,"spd":31,"spe":31}},{"name":"Beedrill","species":"Beedrill","item":"beedrillite","ability":"Swarm","moves":["uturn","poisonjab","drillrun","protect"],"nature":"Jolly","evs":{"hp":0,"atk":252,"def":0,"spa":0,"spd":4,"spe":252},"ivs":{"hp":31,"atk":31,"def":31,"spa":31,"spd":31,"spe":31}},{"name":"Venusaur","species":"Venusaur","item":"venusaurite","ability":"Overgrow","moves":["synthesis","gigadrain","sludgebomb","hiddenpowerfire"],"nature":"Bold","evs":{"hp":248,"atk":0,"def":160,"spa":20,"spd":80,"spe":0},"ivs":{"hp":31,"atk":30,"def":31,"spa":30,"spd":31,"spe":30}},{"name":"Nidoqueen","species":"Nidoqueen","item":"airballoon","ability":"Sheer Force","moves":["stealthrock","fireblast","earthpower","icebeam"],"nature":"Bold","evs":{"hp":248,"atk":0,"def":108,"spa":152,"spd":0,"spe":0},"ivs":{"hp":31,"atk":31,"def":31,"spa":31,"spd":31,"spe":31}},{"name":"Drapion","species":"Drapion","item":"blacksludge","ability":"Battle Armor","moves":["knockoff","taunt","toxicspikes","earthquake"],"nature":"Jolly","evs":{"hp":248,"atk":8,"def":0,"spa":0,"spd":0,"spe":252},"ivs":{"hp":31,"atk":31,"def":31,"spa":31,"spd":31,"spe":31}},{"name":"Scolipede","species":"Scolipede","item":"lifeorb","ability":"Speed Boost","moves":["megahorn","superpower","rockslide","protect"],"nature":"Jolly","evs":{"hp":0,"atk":252,"def":0,"spa":0,"spd":4,"spe":252},"shiny":true,"ivs":{"hp":31,"atk":31,"def":31,"spa":31,"spd":31,"spe":31}}],"log":["|player|p1|MrNyanNyanz|mrnyannyanz.png","|player|p2|Alliance - Mxy|270","|gametype|singles","|gen|6","|tier|Monotype","|rated","|rule|Baton Pass Clause: Limit one Baton Passer, can't pass Spe and other stats simultaneously","|rule|Swagger Clause: Swagger is banned","|rule|Same Type Clause: Pokémon in a team must share a type","|clearpoke","|poke|p1|Liepard, M","|poke|p1|Houndoom, F","|poke|p1|Bisharp, M, shiny","|poke|p1|Sableye, F, shiny","|poke|p1|Hydreigon, M, shiny","|poke|p1|Mandibuzz, F","|poke|p2|Gengar, M","|poke|p2|Beedrill, M","|poke|p2|Venusaur, M","|poke|p2|Nidoqueen, F","|poke|p2|Drapion, M","|poke|p2|Scolipede, F, shiny","|rule|Sleep Clause Mod: Limit one foe put to sleep","|rule|Species Clause: Limit one of each Pokémon","|rule|OHKO Clause: OHKO moves are banned","|rule|Moody Clause: Moody is banned","|rule|Evasion Moves Clause: Evasion moves are banned","|rule|Endless Battle Clause: Forcing endless battles is banned","|rule|HP Percentage Mod: HP is shown in percentages","|teampreview","|","|start","|switch|p1a: Nyxia|Liepard, M|269/269","|switch|p2a: Beedrill|Beedrill, M|271/271","|turn|1","|","|switch|p1a: Mandibuzz|Mandibuzz, F|423/423","|detailschange|p2a: Beedrill|Beedrill-Mega, M","|-mega|p2a: Beedrill|Beedrill|Beedrillite","|move|p2a: Beedrill|Protect|p2a: Beedrill","|-fail|p2a: Beedrill","|","|turn|2","|","|move|p2a: Beedrill|U-turn|p1a: Mandibuzz","|-damage|p1a: Mandibuzz|239/423","|-damage|p2a: Beedrill|226/271|[from] item: Rocky Helmet|[of] p1a: Mandibuzz","|","|switch|p2a: Drapion|Drapion, M|343/343","|move|p1a: Mandibuzz|Brave Bird|p2a: Drapion","|-damage|p2a: Drapion|244/343","|-damage|p1a: Mandibuzz|206/423|[from] recoil|[of] p2a: Drapion","|","|-heal|p2a: Drapion|265/343|[from] item: Black Sludge","|turn|3","|","|move|p2a: Drapion|Taunt|p1a: Mandibuzz","|-start|p1a: Mandibuzz|move: Taunt","|cant|p1a: Mandibuzz|move: Taunt|Roost","|","|-heal|p2a: Drapion|286/343|[from] item: Black Sludge","|turn|4","|","|switch|p1a: Houndoom|Houndoom, F|291/291","|move|p2a: Drapion|Toxic Spikes|p1a: Houndoom","|-sidestart|p1: MrNyanNyanz|move: Toxic Spikes","|","|-heal|p2a: Drapion|307/343|[from] item: Black Sludge","|turn|5","|","|detailschange|p1a: Houndoom|Houndoom-Mega, F","|-mega|p1a: Houndoom|Houndoom|Houndoominite","|move|p1a: Houndoom|Flamethrower|p2a: Drapion","|-damage|p2a: Drapion|88/343","|move|p2a: Drapion|Earthquake|p1a: Houndoom","|-supereffective|p1a: Houndoom","|-damage|p1a: Houndoom|143/291","|","|-heal|p2a: Drapion|109/343|[from] item: Black Sludge","|turn|6","|","|move|p1a: Houndoom|Flamethrower|p2a: Drapion","|-damage|p2a: Drapion|0 fnt","|faint|p2a: Drapion","|","|","|switch|p2a: Beedrill|Beedrill-Mega, M|226/271","|turn|7","|","|move|p1a: Houndoom|Protect|p1a: Houndoom","|-singleturn|p1a: Houndoom|Protect","|move|p2a: Beedrill|U-turn|p1a: Houndoom","|-activate|p1a: Houndoom|Protect","|","|turn|8","|","|switch|p1a: Mandibuzz|Mandibuzz, F|206/423","|move|p2a: Beedrill|U-turn|p1a: Mandibuzz","|-damage|p1a: Mandibuzz|38/423","|-damage|p2a: Beedrill|181/271|[from] item: Rocky Helmet|[of] p1a: Mandibuzz","|","|switch|p2a: Gengar|Gengar, M|261/261","|","|turn|9","|","|move|p2a: Gengar|Sludge Wave|p1a: Mandibuzz","|-damage|p1a: Mandibuzz|0 fnt","|faint|p1a: Mandibuzz","|","|","|switch|p1a: 2Sharp|Bisharp, M, shiny|271/271","|turn|10","|","|switch|p2a: Venusaur|Venusaur, M|363/363","|move|p1a: 2Sharp|Knock Off|p2a: Venusaur","|-damage|p2a: Venusaur|266/363","|","|turn|11","|","|switch|p1a: Nyxia|Liepard, M|269/269","|-status|p1a: Nyxia|psn","|move|p2a: Venusaur|Hidden Power|p1a: Nyxia","|-damage|p1a: Nyxia|179/269 psn","|","|-damage|p1a: Nyxia|146/269 psn|[from] psn","|turn|12","|","|move|p1a: Nyxia|Thunder Wave|p2a: Venusaur","|-status|p2a: Venusaur|par","|move|p2a: Venusaur|Sludge Bomb|p1a: Nyxia","|-damage|p1a: Nyxia|0 fnt","|faint|p1a: Nyxia","|","|","|switch|p1a: Houndoom|Houndoom-Mega, F|143/291","|-status|p1a: Houndoom|psn","|turn|13","|","|move|p1a: Houndoom|Flamethrower|p2a: Venusaur","|-supereffective|p2a: Venusaur","|-damage|p2a: Venusaur|0 fnt","|faint|p2a: Venusaur","|","|-damage|p1a: Houndoom|107/291 psn|[from] psn","|","|switch|p2a: Scolipede|Scolipede, F, shiny|261/261","|turn|14","|","|move|p2a: Scolipede|Protect|p2a: Scolipede","|-singleturn|p2a: Scolipede|Protect","|move|p1a: Houndoom|Flamethrower|p2a: Scolipede","|-activate|p2a: Scolipede|Protect","|","|-damage|p1a: Houndoom|71/291 psn|[from] psn","|-boost|p2a: Scolipede|spe|1|[from] ability: Speed Boost","|turn|15","|","|move|p2a: Scolipede|Rock Slide|p1a: Houndoom","|-supereffective|p1a: Houndoom","|-damage|p1a: Houndoom|0 fnt","|-damage|p2a: Scolipede|235/261|[from] item: Life Orb","|faint|p1a: Houndoom","|","|-boost|p2a: Scolipede|spe|1|[from] ability: Speed Boost","|","|switch|p1a: Stall|Sableye, F, shiny|304/304","|-status|p1a: Stall|psn","|turn|16","|","|move|p1a: Stall|Will-O-Wisp|p2a: Scolipede","|-status|p2a: Scolipede|brn","|move|p2a: Scolipede|Megahorn|p1a: Stall|[miss]","|-miss|p2a: Scolipede|p1a: Stall","|","|-damage|p2a: Scolipede|203/261 brn|[from] brn","|-damage|p1a: Stall|266/304 psn|[from] psn","|-boost|p2a: Scolipede|spe|1|[from] ability: Speed Boost","|turn|17","|","|move|p2a: Scolipede|Megahorn|p1a: Stall|[miss]","|-miss|p2a: Scolipede|p1a: Stall","|move|p1a: Stall|Shadow Ball|p2a: Scolipede","|-damage|p2a: Scolipede|113/261 brn","|","|-heal|p1a: Stall|285/304 psn|[from] item: Leftovers","|-damage|p2a: Scolipede|81/261 brn|[from] brn","|-damage|p1a: Stall|247/304 psn|[from] psn","|-boost|p2a: Scolipede|spe|1|[from] ability: Speed Boost","|turn|18","|","|move|p2a: Scolipede|Megahorn|p1a: Stall|[miss]","|-miss|p2a: Scolipede|p1a: Stall","|move|p1a: Stall|Shadow Ball|p2a: Scolipede","|-damage|p2a: Scolipede|0 fnt","|faint|p2a: Scolipede","|","|-heal|p1a: Stall|266/304 psn|[from] item: Leftovers","|-damage|p1a: Stall|228/304 psn|[from] psn","|","|switch|p2a: Gengar|Gengar, M|261/261","|turn|19","|","|move|p1a: Stall|Will-O-Wisp|p2a: Gengar","|-status|p2a: Gengar|brn","|move|p2a: Gengar|Shadow Ball|p1a: Stall","|-damage|p1a: Stall|99/304 psn","|","|-heal|p1a: Stall|118/304 psn|[from] item: Leftovers","|-damage|p2a: Gengar|229/261 brn|[from] brn","|-damage|p1a: Stall|80/304 psn|[from] psn","|turn|20","|","|move|p1a: Stall|Recover|p1a: Stall","|-heal|p1a: Stall|232/304 psn","|move|p2a: Gengar|Shadow Ball|p1a: Stall","|-damage|p1a: Stall|96/304 psn","|","|-heal|p1a: Stall|115/304 psn|[from] item: Leftovers","|-damage|p2a: Gengar|197/261 brn|[from] brn","|-damage|p1a: Stall|77/304 psn|[from] psn","|turn|21","|","|move|p1a: Stall|Recover|p1a: Stall","|-heal|p1a: Stall|229/304 psn","|move|p2a: Gengar|Shadow Ball|p1a: Stall","|-damage|p1a: Stall|85/304 psn","|","|-heal|p1a: Stall|104/304 psn|[from] item: Leftovers","|-damage|p2a: Gengar|165/261 brn|[from] brn","|-damage|p1a: Stall|66/304 psn|[from] psn","|turn|22","|","|switch|p1a: 2Sharp|Bisharp, M, shiny|271/271","|move|p2a: Gengar|Shadow Ball|p1a: 2Sharp","|-resisted|p1a: 2Sharp","|-damage|p1a: 2Sharp|183/271","|","|-damage|p2a: Gengar|133/261 brn|[from] brn","|turn|23","|","|move|p2a: Gengar|Shadow Ball|p1a: 2Sharp","|-resisted|p1a: 2Sharp","|-damage|p1a: 2Sharp|87/271","|-unboost|p1a: 2Sharp|spd|1","|-boost|p1a: 2Sharp|atk|2|[from] ability: Defiant","|move|p1a: 2Sharp|Knock Off|p2a: Gengar","|-supereffective|p2a: Gengar","|-damage|p2a: Gengar|0 fnt","|-enditem|p2a: Gengar|Choice Scarf|[from] move: Knock Off|[of] p1a: 2Sharp","|faint|p2a: Gengar","|","|","|switch|p2a: Nidoqueen|Nidoqueen, F|383/383","|-item|p2a: Nidoqueen|Air Balloon","|turn|24","|","|move|p1a: 2Sharp|Knock Off|p2a: Nidoqueen","|-damage|p2a: Nidoqueen|74/383","|-enditem|p2a: Nidoqueen|Air Balloon","|move|p2a: Nidoqueen|Earth Power|p1a: 2Sharp","|-supereffective|p1a: 2Sharp","|-damage|p1a: 2Sharp|0 fnt","|faint|p1a: 2Sharp","|","|","|switch|p1a: Drago|Hydreigon, M, shiny|325/325","|turn|25","|","|move|p1a: Drago|Earth Power|p2a: Nidoqueen","|-supereffective|p2a: Nidoqueen","|-damage|p2a: Nidoqueen|0 fnt","|faint|p2a: Nidoqueen","|","|","|switch|p2a: Beedrill|Beedrill-Mega, M|181/271","|turn|26","|","|move|p1a: Drago|Earth Power|p2a: Beedrill","|-damage|p2a: Beedrill|46/271","|move|p2a: Beedrill|U-turn|p1a: Drago","|-supereffective|p1a: Drago","|-damage|p1a: Drago|0 fnt","|faint|p1a: Drago","|","|","|switch|p1a: Stall|Sableye, F, shiny|66/304 psn","|turn|27","|","|move|p1a: Stall|Recover|p1a: Stall","|-heal|p1a: Stall|218/304 psn","|move|p2a: Beedrill|U-turn|p1a: Stall","|-damage|p1a: Stall|0 fnt","|faint|p1a: Stall","|","|win|Alliance - Mxy"],"p1rating":{"entryid":"6703862","serverid":"eos","formatid":"monotype","userid":"mrnyannyanz","username":"MrNyanNyanz","w":"37","l":27,"t":"0","gxe":55.7,"r":"1538.8037937295","rd":"47.610146032348","sigma":"0","rptime":"1438592400","rpr":1543.6971027442,"rprd":44.812621945204,"rpsigma":"0","acre":1187.5523940335,"lacre":1187.5523940335,"oldacre":"1207.1590575419"},"p2rating":{"entryid":"6690851","serverid":"eos","formatid":"monotype","userid":"alliancemxy","username":"Alliance - Mxy","w":54,"l":"24","t":"0","gxe":67.5,"r":1634.4303757297,"rd":43.340767533071,"sigma":"0","rptime":1438592400,"rpr":1638.3015180685,"rprd":43.037549606564,"rpsigma":"0","acre":1302.9155941618,"lacre":1302.9155941618,"oldacre":"1283.3089306534"},"endType":"normal"}