{"seed":[5230,31452,38670,16527],"turns":19,"p1":"Guard Darkrai","p2":"Sage.13","p1team":[{"name":"Beedrill","species":"Beedrill","item":"beedrillite","ability":"Sniper","moves":["fellstinger","poisonjab","uturn","protect"],"nature":"Jolly","evs":{"hp":0,"atk":252,"def":0,"spa":0,"spd":4,"spe":252},"shiny":true,"ivs":{"hp":31,"atk":31,"def":31,"spa":31,"spd":31,"spe":31}},{"name":"Durant","species":"Durant","item":"lifeorb","ability":"Hustle","moves":["ironhead","xscissor","superpower","honeclaws"],"nature":"Jolly","evs":{"hp":0,"atk":252,"def":0,"spa":0,"spd":4,"spe":252},"shiny":true,"ivs":{"hp":31,"atk":31,"def":31,"spa":31,"spd":31,"spe":31}},{"name":"Venomoth","species":"Venomoth","item":"focussash","ability":"Wonder Skin","moves":["quiverdance","bugbuzz","sludgebomb","sleeppowder"],"nature":"Modest","evs":{"hp":0,"atk":0,"def":0,"spa":252,"spd":4,"spe":252},"shiny":true,"ivs":{"hp":31,"atk":31,"def":31,"spa":31,"spd":31,"spe":31}},{"name":"Shuckle","species":"Shuckle","item":"leftovers","ability":"Contrary","moves":["shellsmash","stickyweb","infestation","stealthrock"],"nature":"Modest","evs":{"hp":0,"atk":0,"def":0,"spa":252,"spd":4,"spe":252},"shiny":true,"ivs":{"hp":31,"atk":31,"def":31,"spa":31,"spd":31,"spe":31}},{"name":"Heracross","species":"Heracross","item":"choicescarf","ability":"Moxie","moves":["closecombat","stoneedge","megahorn","knockoff"],"nature":"Jolly","evs":{"hp":0,"atk":252,"def":0,"spa":0,"spd":4,"spe":252},"shiny":true,"ivs":{"hp":31,"atk":31,"def":31,"spa":31,"spd":31,"spe":31}},{"name":"Illumise","species":"Illumise","item":"leftovers","ability":"Prankster","moves":["thunderwave","encore","uturn","tailwind"],"nature":"Careful","evs":{"hp":252,"atk":0,"def":4,"spa":0,"spd":252,"spe":0},"shiny":true,"ivs":{"hp":31,"atk":31,"def":31,"spa":31,"spd":31,"spe":31}}],"p2team":[{"name":"Ludicolo","species":"Ludicolo","item":"leftovers","ability":"Swift Swim","moves":["teeterdance","scald","icebeam","gigadrain"],"nature":"Modest","evs":{"hp":0,"atk":0,"def":0,"spa":252,"spd":4,"spe":252},"shiny":true,"ivs":{"hp":31,"atk":31,"def":31,"spa":31,"spd":31,"spe":31}},{"name":"Azumarill","species":"Azumarill","item":"sitrusberry","ability":"Huge Power","moves":["aquajet","playrough","bellydrum","knockoff"],"nature":"Adamant","evs":{"hp":252,"atk":252,"def":0,"spa":0,"spd":4,"spe":0},"ivs":{"hp":31,"atk":31,"def":31,"spa":31,"spd":31,"spe":31}},{"name":"Swampert","species":"Swampert","item":"swampertite","ability":"Damp","moves":["superpower","waterfall","earthquake","icepunch"],"nature":"Adamant","evs":{"hp":248,"atk":252,"def":0,"spa":0,"spd":8,"spe":0},"ivs":{"hp":31,"atk":31,"def":31,"spa":31,"spd":31,"spe":31}},{"name":"Milotic","species":"Milotic","item":"leftovers","ability":"Competitive","moves":["scald","icebeam","raindance","toxic"],"nature":"Bold","evs":{"hp":252,"atk":0,"def":252,"spa":4,"spd":0,"spe":0},"shiny":true,"ivs":{"hp":31,"atk":31,"def":31,"spa":31,"spd":31,"spe":31}},{"name":"Politoed","species":"Politoed","item":"widelens","ability":"Drizzle","moves":["icebeam","surf","hypnosis","perishsong"],"nature":"Modest","evs":{"hp":248,"atk":0,"def":0,"spa":252,"spd":8,"spe":0},"shiny":true,"ivs":{"hp":31,"atk":31,"def":31,"spa":31,"spd":31,"spe":31}},{"name":"Golduck","species":"Golduck","item":"lifeorb","ability":"Swift Swim","moves":["focusblast","scald","icebeam","psychic"],"nature":"Modest","evs":{"hp":0,"atk":0,"def":0,"spa":252,"spd":4,"spe":252},"shiny":true,"ivs":{"hp":31,"atk":31,"def":31,"spa":31,"spd":31,"spe":31}}],"log":["|player|p1|Guard Darkrai|guarddarkrai.png","|player|p2|Sage.13|154","|gametype|singles","|gen|6","|tier|Monotype","|rated","|rule|Baton Pass Clause: Limit one Baton Passer, can't pass Spe and other stats simultaneously","|rule|Swagger Clause: Swagger is banned","|rule|Same Type Clause: Pokémon in a team must share a type","|clearpoke","|poke|p1|Beedrill, M, shiny","|poke|p1|Durant, M, shiny","|poke|p1|Venomoth, F, shiny","|poke|p1|Shuckle, F, shiny","|poke|p1|Heracross, M, shiny","|poke|p1|Illumise, F, shiny","|poke|p2|Ludicolo, F, shiny","|poke|p2|Azumarill, F","|poke|p2|Swampert, M","|poke|p2|Milotic, M, shiny","|poke|p2|Politoed, F, shiny","|poke|p2|Golduck, M, shiny","|rule|Sleep Clause Mod: Limit one foe put to sleep","|rule|Species Clause: Limit one of each Pokémon","|rule|OHKO Clause: OHKO moves are banned","|rule|Moody Clause: Moody is banned","|rule|Evasion Moves Clause: Evasion moves are banned","|rule|Endless Battle Clause: Forcing endless battles is banned","|rule|HP Percentage Mod: HP is shown in percentages","|teampreview","|","|start","|switch|p1a: Shuckle|Shuckle, F, shiny|181/181","|switch|p2a: Milotic|Milotic, M, shiny|394/394","|turn|1","|","|move|p2a: Milotic|Toxic|p1a: Shuckle","|-status|p1a: Shuckle|tox","|move|p1a: Shuckle|Sticky Web|p2a: Milotic","|-sidestart|p2: Sage.13|move: Sticky Web","|","|-damage|p1a: Shuckle|170/181 tox|[from] psn","|turn|2","|","|move|p2a: Milotic|Scald|p1a: Shuckle","|-supereffective|p1a: Shuckle","|-damage|p1a: Shuckle|84/181 tox","|move|p1a: Shuckle|Stealth Rock|p2a: Milotic","|-sidestart|p2: Sage.13|move: Stealth Rock","|","|-heal|p1a: Shuckle|95/181 tox|[from] item: Leftovers","|-damage|p1a: Shuckle|73/181 tox|[from] psn","|turn|3","|","|switch|p2a: Politoed|Politoed, F, shiny|383/383","|-damage|p2a: Politoed|336/383|[from] Stealth Rock","|-activate|p2a: Politoed|move: Sticky Web","|-unboost|p2a: Politoed|spe|1","|-weather|RainDance","|move|p1a: Shuckle|Infestation|p2a: Politoed","|-damage|p2a: Politoed|321/383","|-activate|p2a: Politoed|move: Infestation|[of] p1a: Shuckle","|","|-weather|RainDance|[upkeep]","|-heal|p1a: Shuckle|84/181 tox|[from] item: Leftovers","|-damage|p1a: Shuckle|51/181 tox|[from] psn","|-damage|p2a: Politoed|274/383|[from] move: Infestation|[partiallytrapped]","|turn|4","|","|move|p2a: Politoed|Surf|p1a: Shuckle","|-supereffective|p1a: Shuckle","|-damage|p1a: Shuckle|0 fnt","|faint|p1a: Shuckle","|","|-weather|RainDance|[upkeep]","|","|switch|p1a: Beedrill|Beedrill, M, shiny|271/271","|turn|5","|","|detailschange|p1a: Beedrill|Beedrill-Mega, M, shiny","|-mega|p1a: Beedrill|Beedrill|Beedrillite","|move|p1a: Beedrill|Protect|p1a: Beedrill","|-singleturn|p1a: Beedrill|Protect","|move|p2a: Politoed|Surf|p1a: Beedrill","|-activate|p1a: Beedrill|Protect","|","|-weather|RainDance|[upkeep]","|turn|6","|","|switch|p2a: Swampert|Swampert, M|403/403","|-damage|p2a: Swampert|378/403|[from] Stealth Rock","|-activate|p2a: Swampert|move: Sticky Web","|-unboost|p2a: Swampert|spe|1","|move|p1a: Beedrill|U-turn|p2a: Swampert","|-damage|p2a: Swampert|190/403","|","|switch|p1a: Venomoth|Venomoth, F, shiny|281/281","|","|-weather|RainDance|[upkeep]","|turn|7","|","|detailschange|p2a: Swampert|Swampert-Mega, M","|-mega|p2a: Swampert|Swampert|Swampertite","|move|p1a: Venomoth|Sleep Powder|p2a: Swampert","|-status|p2a: Swampert|slp","|cant|p2a: Swampert|slp","|","|-weather|none","|turn|8","|","|switch|p2a: Milotic|Milotic, M, shiny|394/394","|-damage|p2a: Milotic|345/394|[from] Stealth Rock","|-activate|p2a: Milotic|move: Sticky Web","|-unboost|p2a: Milotic|spe|1","|-boost|p2a: Milotic|spa|2|[from] ability: Competitive","|move|p1a: Venomoth|Quiver Dance|p1a: Venomoth","|-boost|p1a: Venomoth|spa|1","|-boost|p1a: Venomoth|spd|1","|-boost|p1a: Venomoth|spe|1","|","|-heal|p2a: Milotic|369/394|[from] item: Leftovers","|turn|9","|","|move|p1a: Venomoth|Bug Buzz|p2a: Milotic","|-damage|p2a: Milotic|213/394","|move|p2a: Milotic|Scald|p1a: Venomoth","|-damage|p1a: Venomoth|131/281","|","|-heal|p2a: Milotic|237/394|[from] item: Leftovers","|turn|10","|","|move|p1a: Venomoth|Quiver Dance|p1a: Venomoth","|-boost|p1a: Venomoth|spa|1","|-boost|p1a: Venomoth|spd|1","|-boost|p1a: Venomoth|spe|1","|move|p2a: Milotic|Scald|p1a: Venomoth","|-damage|p1a: Venomoth|17/281","|-status|p1a: Venomoth|brn","|","|-heal|p2a: Milotic|261/394|[from] item: Leftovers","|-damage|p1a: Venomoth|0 fnt|[from] brn","|faint|p1a: Venomoth","|","|switch|p1a: Beedrill|Beedrill-Mega, M, shiny|271/271","|turn|11","|","|switch|p2a: Politoed|Politoed, F, shiny|274/383","|-activate|p2a: Politoed|move: Sticky Web","|-unboost|p2a: Politoed|spe|1","|-damage|p2a: Politoed|227/383|[from] Stealth Rock","|-weather|RainDance","|move|p1a: Beedrill|U-turn|p2a: Politoed","|-damage|p2a: Politoed|0 fnt","|faint|p2a: Politoed","|","|switch|p1a: Durant|Durant, M, shiny|257/257","|","|-weather|RainDance|[upkeep]","|","|switch|p2a: Swampert|Swampert-Mega, M|190/403 slp","|-damage|p2a: Swampert|165/403 slp|[from] Stealth Rock","|-activate|p2a: Swampert|move: Sticky Web","|-unboost|p2a: Swampert|spe|1","|turn|12","|","|move|p1a: Durant|X-Scissor|p2a: Swampert","|-damage|p2a: Swampert|0 fnt","|-damage|p1a: Durant|232/257|[from] item: Life Orb","|faint|p2a: Swampert","|","|-weather|RainDance|[upkeep]","|","|switch|p2a: Golduck|Golduck, M, shiny|301/301","|-activate|p2a: Golduck|move: Sticky Web","|-unboost|p2a: Golduck|spe|1","|-damage|p2a: Golduck|264/301|[from] Stealth Rock","|turn|13","|","|move|p2a: Golduck|Scald|p1a: Durant","|-damage|p1a: Durant|0 fnt","|-damage|p2a: Golduck|234/301|[from] item: Life Orb","|faint|p1a: Durant","|","|-weather|RainDance|[upkeep]","|","|switch|p1a: Illumise|Illumise, F, shiny|334/334","|turn|14","|","|move|p1a: Illumise|Thunder Wave|p2a: Golduck","|-status|p2a: Golduck|par","|move|p2a: Golduck|Scald|p1a: Illumise","|-damage|p1a: Illumise|107/334","|-damage|p2a: Golduck|204/301 par|[from] item: Life Orb","|","|-weather|RainDance|[upkeep]","|-heal|p1a: Illumise|127/334|[from] item: Leftovers","|turn|15","|","|move|p1a: Illumise|U-turn|p2a: Golduck","|-crit|p2a: Golduck","|-damage|p2a: Golduck|122/301 par","|","|switch|p1a: Heracross|Heracross, M, shiny|301/301","|move|p2a: Golduck|Scald|p1a: Heracross","|-crit|p1a: Heracross","|-damage|p1a: Heracross|0 fnt","|-damage|p2a: Golduck|92/301 par|[from] item: Life Orb","|faint|p1a: Heracross","|","|-weather|none","|","|switch|p1a: Beedrill|Beedrill-Mega, M, shiny|271/271","|turn|16","|","|move|p1a: Beedrill|Fell Stinger|p2a: Golduck","|-damage|p2a: Golduck|0 fnt","|-boost|p1a: Beedrill|atk|2","|faint|p2a: Golduck","|","|","|switch|p2a: Azumarill|Azumarill, F|404/404","|-activate|p2a: Azumarill|move: Sticky Web","|-unboost|p2a: Azumarill|spe|1","|-damage|p2a: Azumarill|354/404|[from] Stealth Rock","|turn|17","|","|move|p2a: Azumarill|Aqua Jet|p1a: Beedrill","|-damage|p1a: Beedrill|88/271","|move|p1a: Beedrill|Poison Jab|p2a: Azumarill","|-supereffective|p2a: Azumarill","|-damage|p2a: Azumarill|0 fnt","|faint|p2a: Azumarill","|","|","|switch|p2a: Milotic|Milotic, M, shiny|261/394","|-damage|p2a: Milotic|212/394|[from] Stealth Rock","|-activate|p2a: Milotic|move: Sticky Web","|-unboost|p2a: Milotic|spe|1","|-boost|p2a: Milotic|spa|2|[from] ability: Competitive","|turn|18","|","|move|p1a: Beedrill|Poison Jab|p2a: Milotic","|-damage|p2a: Milotic|0 fnt","|faint|p2a: Milotic","|","|","|switch|p2a: Ludicolo|Ludicolo, F, shiny|301/301","|-damage|p2a: Ludicolo|264/301|[from] Stealth Rock","|-activate|p2a: Ludicolo|move: Sticky Web","|-unboost|p2a: Ludicolo|spe|1","|turn|19","|","|move|p1a: Beedrill|U-turn|p2a: Ludicolo","|-supereffective|p2a: Ludicolo","|-damage|p2a: Ludicolo|0 fnt","|faint|p2a: Ludicolo","|","|win|Guard Darkrai"],"p1rating":{"entryid":"6034648","serverid":"eos","formatid":"monotype","userid":"guarddarkrai","username":"Guard Darkrai","w":58,"l":"64","t":"0","gxe":47.8,"r":"1488.6159366829","rd":"39.621397946879","sigma":"0","rptime":"1438592400","rpr":1483.3230209322,"rprd":35.36749245364,"rpsigma":"0","acre":1090.0803156613,"lacre":1090.0803156613,"oldacre":"1044.9289322828"},"p2rating":{"entryid":"7365108","serverid":"eos","formatid":"monotype","userid":"sage13","username":"Sage.13","w":"9","l":6,"t":"0","gxe":55,"r":"1500","rd":"130","sigma":"0","rptime":"1438592400","rpr":1538.5417140431,"rprd":76.358805280221,"rpsigma":"0","acre":1140.9385325146,"lacre":1140.9385325146,"oldacre":"1174.8760604865"},"endType":"normal"}