{"seed":[1023,29433,41078,42692],"turns":35,"p1":"MASTA_X☆용의 사용자","p2":"InfernalxCrown","p1team":[{"name":"キュレム","species":"kyuremblack","item":"choicescarf","ability":"Teravolt","moves":["zenheadbutt","fusionbolt","outrage","ironhead"],"nature":"Adamant","evs":{"hp":0,"atk":252,"def":0,"spa":0,"spd":4,"spe":252},"shiny":true,"ivs":{"hp":31,"atk":31,"def":31,"spa":31,"spd":31,"spe":31}},{"name":"サザンドラ","species":"hydreigon","item":"lifeorb","ability":"Levitate","moves":["darkpulse","flamethrower","dracometeor","flashcannon"],"nature":"Timid","evs":{"hp":4,"atk":0,"def":0,"spa":252,"spd":0,"spe":252},"shiny":true,"ivs":{"hp":31,"atk":31,"def":31,"spa":31,"spd":31,"spe":31}},{"name":"ジガルデ","species":"zygarde","item":"assaultvest","ability":"Aura Break","moves":["outrage","earthquake","extremespeed","irontail"],"nature":"Adamant","evs":{"hp":252,"atk":148,"def":0,"spa":0,"spd":108,"spe":0},"ivs":{"hp":31,"atk":31,"def":31,"spa":31,"spd":31,"spe":31}},{"name":"ドラミドロ","species":"dragalge","item":"blacksludge","ability":"Adaptability","moves":["dracometeor","sludgewave","scald","focusblast"],"nature":"Calm","evs":{"hp":248,"atk":0,"def":28,"spa":0,"spd":232,"spe":0},"ivs":{"hp":31,"atk":31,"def":31,"spa":31,"spd":31,"spe":31}},{"name":"カイリュー","species":"dragonite","item":"weaknesspolicy","ability":"Multiscale","moves":["extremespeed","dragondance","earthquake","dragonclaw"],"nature":"Adamant","evs":{"hp":4,"atk":252,"def":0,"spa":0,"spd":0,"spe":252},"ivs":{"hp":31,"atk":31,"def":31,"spa":31,"spd":31,"spe":31}},{"name":"ガチゴラス","species":"tyrantrum","item":"focussash","ability":"Rock Head","moves":["stealthrock","headsmash","earthquake","dragondance"],"nature":"Adamant","evs":{"hp":0,"atk":252,"def":4,"spa":0,"spd":0,"spe":252},"ivs":{"hp":31,"atk":31,"def":31,"spa":31,"spd":31,"spe":31}}],"p2team":[{"name":"Aegislash","species":"Aegislash","item":"weaknesspolicy","ability":"Stance Change","moves":["shadowball","shadowsneak","kingsshield","sacredsword"],"nature":"Brave","evs":{"hp":252,"atk":76,"def":0,"spa":176,"spd":4,"spe":0},"ivs":{"hp":31,"atk":31,"def":31,"spa":31,"spd":31,"spe":0},"shiny":true},{"name":"Sableye","species":"Sableye","item":"leftovers","ability":"Prankster","moves":["willowisp","recover","taunt","knockoff"],"nature":"Careful","evs":{"hp":252,"atk":0,"def":84,"spa":0,"spd":168,"spe":4},"ivs":{"hp":31,"atk":0,"def":31,"spa":31,"spd":31,"spe":31}},{"name":"Golurk","species":"Golurk","item":"focussash","ability":"No Guard","moves":["stealthrock","curse","dynamicpunch","stoneedge"],"nature":"Adamant","evs":{"hp":4,"atk":252,"def":0,"spa":0,"spd":0,"spe":252},"shiny":true,"ivs":{"hp":31,"atk":31,"def":31,"spa":31,"spd":31,"spe":31}},{"name":"Jellicent","species":"Jellicent","item":"leftovers","ability":"Cursed Body","moves":["acidarmor","toxic","recover","scald"],"nature":"Calm","evs":{"hp":252,"atk":0,"def":4,"spa":0,"spd":252,"spe":0},"gender":"M","ivs":{"hp":31,"atk":0,"def":31,"spa":31,"spd":31,"spe":31}},{"name":"Chandelure","species":"Chandelure","item":"choicescarf","ability":"Infiltrator","moves":["flamethrower","shadowball","energyball","trick"],"nature":"Timid","evs":{"hp":0,"atk":0,"def":4,"spa":252,"spd":0,"spe":252},"ivs":{"hp":31,"atk":0,"def":31,"spa":31,"spd":31,"spe":31},"shiny":true},{"name":"Gengar","species":"Gengar","item":"choicespecs","ability":"Levitate","moves":["dazzlinggleam","shadowball","thunderbolt","sludgewave"],"nature":"Timid","evs":{"hp":4,"atk":0,"def":0,"spa":252,"spd":0,"spe":252},"ivs":{"hp":31,"atk":0,"def":31,"spa":31,"spd":31,"spe":31}}],"log":["|player|p1|MASTA_X☆용의 사용자|alliancewutang.png","|player|p2|InfernalxCrown|infernalxcrown.png","|gametype|singles","|gen|6","|tier|Monotype","|rated","|rule|Baton Pass Clause: Limit one Baton Passer, can't pass Spe and other stats simultaneously","|rule|Swagger Clause: Swagger is banned","|rule|Same Type Clause: Pokémon in a team must share a type","|clearpoke","|poke|p1|Kyurem-Black, shiny","|poke|p1|Hydreigon, F, shiny","|poke|p1|Zygarde","|poke|p1|Dragalge, F","|poke|p1|Dragonite, M","|poke|p1|Tyrantrum, M","|poke|p2|Aegislash, M, shiny","|poke|p2|Sableye, F","|poke|p2|Golurk, shiny","|poke|p2|Jellicent, M","|poke|p2|Chandelure, F, shiny","|poke|p2|Gengar, F","|rule|Sleep Clause Mod: Limit one foe put to sleep","|rule|Species Clause: Limit one of each Pokémon","|rule|OHKO Clause: OHKO moves are banned","|rule|Moody Clause: Moody is banned","|rule|Evasion Moves Clause: Evasion moves are banned","|rule|Endless Battle Clause: Forcing endless battles is banned","|rule|HP Percentage Mod: HP is shown in percentages","|teampreview","|","|start","|switch|p1a: ドラミドロ|Dragalge, F|333/333","|switch|p2a: Golurk|Golurk, shiny|320/320","|turn|1","|","|move|p2a: Golurk|Dynamic Punch|p1a: ドラミドロ","|-resisted|p1a: ドラミドロ","|-damage|p1a: ドラミドロ|264/333","|-start|p1a: ドラミドロ|confusion","|-activate|p1a: ドラミドロ|confusion","|-damage|p1a: ドラミドロ|241/333|[from] confusion","|","|-heal|p1a: ドラミドロ|261/333|[from] item: Black Sludge","|turn|2","|","|switch|p2a: Jellicent|Jellicent, M|404/404","|-activate|p1a: ドラミドロ|confusion","|move|p1a: ドラミドロ|Scald|p2a: Jellicent","|-resisted|p2a: Jellicent","|-damage|p2a: Jellicent|382/404","|-start|p1a: ドラミドロ|Disable|Scald","|-status|p2a: Jellicent|brn","|","|-heal|p2a: Jellicent|404/404 brn|[from] item: Leftovers","|-heal|p1a: ドラミドロ|281/333|[from] item: Black Sludge","|-damage|p2a: Jellicent|354/404 brn|[from] brn","|turn|3","|","|switch|p2a: Aegislash|Aegislash, M, shiny|324/324","|switch|p1a: サザンドラ|Hydreigon, F, shiny|326/326","|","|turn|4","|","|move|p1a: サザンドラ|Dark Pulse|p2a: Aegislash","|-supereffective|p2a: Aegislash","|-damage|p2a: Aegislash|80/324","|-enditem|p2a: Aegislash|Weakness Policy","|-boost|p2a: Aegislash|atk|2|[from] item: Weakness Policy","|-boost|p2a: Aegislash|spa|2|[from] item: Weakness Policy","|-damage|p1a: サザンドラ|294/326|[from] item: Life Orb","|-formechange|p2a: Aegislash|Aegislash-Blade","|cant|p2a: Aegislash|flinch","|","|turn|5","|","|move|p2a: Aegislash|Shadow Sneak|p1a: サザンドラ","|-resisted|p1a: サザンドラ","|-damage|p1a: サザンドラ|204/326","|move|p1a: サザンドラ|Dark Pulse|p2a: Aegislash","|-supereffective|p2a: Aegislash","|-damage|p2a: Aegislash|0 fnt","|-damage|p1a: サザンドラ|172/326|[from] item: Life Orb","|faint|p2a: Aegislash","|","|","|switch|p2a: Gengar|Gengar, F|262/262","|turn|6","|","|switch|p1a: カイリュー|Dragonite, M|324/324","|move|p2a: Gengar|Dazzling Gleam|p1a: カイリュー","|-supereffective|p1a: カイリュー","|-damage|p1a: カイリュー|177/324","|-enditem|p1a: カイリュー|Weakness Policy","|-boost|p1a: カイリュー|atk|2|[from] item: Weakness Policy","|-boost|p1a: カイリュー|spa|2|[from] item: Weakness Policy","|","|turn|7","|","|move|p2a: Gengar|Dazzling Gleam|p1a: カイリュー","|-supereffective|p1a: カイリュー","|-damage|p1a: カイリュー|0 fnt","|faint|p1a: カイリュー","|","|","|switch|p1a: ドラミドロ|Dragalge, F|281/333","|turn|8","|","|switch|p2a: Jellicent|Jellicent, M|354/404 brn","|move|p1a: ドラミドロ|Sludge Wave|p2a: Jellicent","|-resisted|p2a: Jellicent","|-damage|p2a: Jellicent|301/404 brn","|","|-heal|p2a: Jellicent|326/404 brn|[from] item: Leftovers","|-heal|p1a: ドラミドロ|301/333|[from] item: Black Sludge","|-damage|p2a: Jellicent|276/404 brn|[from] brn","|turn|9","|","|switch|p2a: Gengar|Gengar, F|262/262","|move|p1a: ドラミドロ|Draco Meteor|p2a: Gengar","|-damage|p2a: Gengar|10/262","|-unboost|p1a: ドラミドロ|spa|2","|","|-heal|p1a: ドラミドロ|321/333|[from] item: Black Sludge","|turn|10","|","|move|p2a: Gengar|Shadow Ball|p1a: ドラミドロ","|-damage|p1a: ドラミドロ|179/333","|move|p1a: ドラミドロ|Scald|p2a: Gengar","|-damage|p2a: Gengar|0 fnt","|faint|p2a: Gengar","|","|-heal|p1a: ドラミドロ|199/333|[from] item: Black Sludge","|","|switch|p2a: Chandelure|Chandelure, F, shiny|261/261","|turn|11","|","|switch|p2a: Sableye|Sableye, F|304/304","|switch|p1a: ジガルデ|Zygarde|420/420","|-ability|p1a: ジガルデ|Aura Break","|","|turn|12","|","|switch|p1a: ドラミドロ|Dragalge, F|199/333","|move|p2a: Sableye|Will-O-Wisp|p1a: ドラミドロ","|-status|p1a: ドラミドロ|brn","|","|-heal|p1a: ドラミドロ|219/333 brn|[from] item: Black Sludge","|-damage|p1a: ドラミドロ|178/333 brn|[from] brn","|turn|13","|","|switch|p2a: Jellicent|Jellicent, M|276/404 brn","|move|p1a: ドラミドロ|Scald|p2a: Jellicent","|-resisted|p2a: Jellicent","|-damage|p2a: Jellicent|256/404 brn","|-start|p1a: ドラミドロ|Disable|Scald","|","|-heal|p2a: Jellicent|281/404 brn|[from] item: Leftovers","|-heal|p1a: ドラミドロ|198/333 brn|[from] item: Black Sludge","|-damage|p2a: Jellicent|231/404 brn|[from] brn","|-damage|p1a: ドラミドロ|157/333 brn|[from] brn","|turn|14","|","|move|p2a: Jellicent|Recover|p2a: Jellicent","|-heal|p2a: Jellicent|404/404 brn","|move|p1a: ドラミドロ|Draco Meteor|p2a: Jellicent","|-damage|p2a: Jellicent|262/404 brn","|-unboost|p1a: ドラミドロ|spa|2","|","|-heal|p2a: Jellicent|287/404 brn|[from] item: Leftovers","|-heal|p1a: ドラミドロ|177/333 brn|[from] item: Black Sludge","|-damage|p2a: Jellicent|237/404 brn|[from] brn","|-damage|p1a: ドラミドロ|136/333 brn|[from] brn","|turn|15","|","|switch|p1a: サザンドラ|Hydreigon, F, shiny|172/326","|move|p2a: Jellicent|Toxic|p1a: サザンドラ","|-status|p1a: サザンドラ|tox","|","|-heal|p2a: Jellicent|262/404 brn|[from] item: Leftovers","|-damage|p1a: サザンドラ|152/326 tox|[from] psn","|-damage|p2a: Jellicent|212/404 brn|[from] brn","|turn|16","|","|switch|p2a: Sableye|Sableye, F|304/304","|move|p1a: サザンドラ|Dark Pulse|p2a: Sableye","|-damage|p2a: Sableye|105/304","|-damage|p1a: サザンドラ|120/326 tox|[from] item: Life Orb","|","|-heal|p2a: Sableye|124/304|[from] item: Leftovers","|-damage|p1a: サザンドラ|80/326 tox|[from] psn","|turn|17","|","|switch|p2a: Golurk|Golurk, shiny|320/320","|move|p1a: サザンドラ|Draco Meteor|p2a: Golurk","|-enditem|p2a: Golurk|Focus Sash","|-damage|p2a: Golurk|1/320","|-unboost|p1a: サザンドラ|spa|2","|-damage|p1a: サザンドラ|48/326 tox|[from] item: Life Orb","|","|-damage|p1a: サザンドラ|0 fnt|[from] psn","|faint|p1a: サザンドラ","|","|switch|p1a: キュレム|Kyurem-Black, shiny|391/391","|-ability|p1a: キュレム|Teravolt","|turn|18","|","|move|p1a: キュレム|Outrage|p2a: Golurk","|-damage|p2a: Golurk|0 fnt","|faint|p2a: Golurk","|","|","|switch|p2a: Sableye|Sableye, F|124/304","|turn|19","|","|move|p2a: Sableye|Recover|p2a: Sableye","|-heal|p2a: Sableye|276/304","|move|p1a: キュレム|Outrage|p2a: Sableye|[from]lockedmove","|-damage|p2a: Sableye|0 fnt","|-start|p1a: キュレム|confusion|[fatigue]","|faint|p2a: Sableye","|","|","|switch|p2a: Jellicent|Jellicent, M|212/404 brn","|turn|20","|","|switch|p1a: ドラミドロ|Dragalge, F|136/333 brn","|move|p2a: Jellicent|Acid Armor|p2a: Jellicent","|-boost|p2a: Jellicent|def|2","|","|-heal|p2a: Jellicent|237/404 brn|[from] item: Leftovers","|-heal|p1a: ドラミドロ|156/333 brn|[from] item: Black Sludge","|-damage|p2a: Jellicent|187/404 brn|[from] brn","|-damage|p1a: ドラミドロ|115/333 brn|[from] brn","|turn|21","|","|move|p2a: Jellicent|Recover|p2a: Jellicent","|-heal|p2a: Jellicent|389/404 brn","|move|p1a: ドラミドロ|Draco Meteor|p2a: Jellicent","|-damage|p2a: Jellicent|237/404 brn","|-unboost|p1a: ドラミドロ|spa|2","|","|-heal|p2a: Jellicent|262/404 brn|[from] item: Leftovers","|-heal|p1a: ドラミドロ|135/333 brn|[from] item: Black Sludge","|-damage|p2a: Jellicent|212/404 brn|[from] brn","|-damage|p1a: ドラミドロ|94/333 brn|[from] brn","|turn|22","|","|switch|p1a: ガチゴラス|Tyrantrum, M|305/305","|move|p2a: Jellicent|Acid Armor|p2a: Jellicent","|-boost|p2a: Jellicent|def|2","|","|-heal|p2a: Jellicent|237/404 brn|[from] item: Leftovers","|-damage|p2a: Jellicent|187/404 brn|[from] brn","|turn|23","|","|move|p1a: ガチゴラス|Dragon Dance|p1a: ガチゴラス","|-boost|p1a: ガチゴラス|atk|1","|-boost|p1a: ガチゴラス|spe|1","|move|p2a: Jellicent|Recover|p2a: Jellicent","|-heal|p2a: Jellicent|389/404 brn","|","|-heal|p2a: Jellicent|404/404 brn|[from] item: Leftovers","|-damage|p2a: Jellicent|354/404 brn|[from] brn","|turn|24","|","|move|p1a: ガチゴラス|Dragon Dance|p1a: ガチゴラス","|-boost|p1a: ガチゴラス|atk|1","|-boost|p1a: ガチゴラス|spe|1","|move|p2a: Jellicent|Scald|p1a: ガチゴラス","|-damage|p1a: ガチゴラス|172/305","|-status|p1a: ガチゴラス|brn","|","|-heal|p2a: Jellicent|379/404 brn|[from] item: Leftovers","|-damage|p1a: ガチゴラス|134/305 brn|[from] brn","|-damage|p2a: Jellicent|329/404 brn|[from] brn","|turn|25","|","|move|p1a: ガチゴラス|Head Smash|p2a: Jellicent","|-damage|p2a: Jellicent|210/404 brn","|-start|p1a: ガチゴラス|Disable|Head Smash","|move|p2a: Jellicent|Scald|p1a: ガチゴラス","|-damage|p1a: ガチゴラス|1/305 brn","|","|-heal|p2a: Jellicent|235/404 brn|[from] item: Leftovers","|-damage|p1a: ガチゴラス|0 fnt|[from] brn","|-damage|p2a: Jellicent|185/404 brn|[from] brn","|faint|p1a: ガチゴラス","|","|switch|p1a: キュレム|Kyurem-Black, shiny|391/391","|-ability|p1a: キュレム|Teravolt","|turn|26","|","|move|p1a: キュレム|Fusion Bolt|p2a: Jellicent","|-supereffective|p2a: Jellicent","|-damage|p2a: Jellicent|53/404 brn","|move|p2a: Jellicent|Recover|p2a: Jellicent","|-heal|p2a: Jellicent|255/404 brn","|","|-heal|p2a: Jellicent|280/404 brn|[from] item: Leftovers","|-damage|p2a: Jellicent|230/404 brn|[from] brn","|turn|27","|","|move|p1a: キュレム|Fusion Bolt|p2a: Jellicent","|-supereffective|p2a: Jellicent","|-damage|p2a: Jellicent|76/404 brn","|-start|p1a: キュレム|Disable|Fusion Bolt","|move|p2a: Jellicent|Recover|p2a: Jellicent","|-heal|p2a: Jellicent|278/404 brn","|","|-heal|p2a: Jellicent|303/404 brn|[from] item: Leftovers","|-damage|p2a: Jellicent|253/404 brn|[from] brn","|turn|28","|","|switch|p1a: ドラミドロ|Dragalge, F|94/333 brn","|move|p2a: Jellicent|Scald|p1a: ドラミドロ","|-resisted|p1a: ドラミドロ","|-damage|p1a: ドラミドロ|68/333 brn","|","|-heal|p2a: Jellicent|278/404 brn|[from] item: Leftovers","|-heal|p1a: ドラミドロ|88/333 brn|[from] item: Black Sludge","|-damage|p2a: Jellicent|228/404 brn|[from] brn","|-damage|p1a: ドラミドロ|47/333 brn|[from] brn","|turn|29","|","|move|p2a: Jellicent|Recover|p2a: Jellicent","|-heal|p2a: Jellicent|404/404 brn","|move|p1a: ドラミドロ|Draco Meteor|p2a: Jellicent|[miss]","|-miss|p1a: ドラミドロ|p2a: Jellicent","|","|-heal|p1a: ドラミドロ|67/333 brn|[from] item: Black Sludge","|-damage|p2a: Jellicent|354/404 brn|[from] brn","|-damage|p1a: ドラミドロ|26/333 brn|[from] brn","|turn|30","|","|move|p2a: Jellicent|Acid Armor|p2a: Jellicent","|-boost|p2a: Jellicent|def|2","|move|p1a: ドラミドロ|Draco Meteor|p2a: Jellicent","|-damage|p2a: Jellicent|216/404 brn","|-unboost|p1a: ドラミドロ|spa|2","|","|-heal|p2a: Jellicent|241/404 brn|[from] item: Leftovers","|-heal|p1a: ドラミドロ|46/333 brn|[from] item: Black Sludge","|-damage|p2a: Jellicent|191/404 brn|[from] brn","|-damage|p1a: ドラミドロ|5/333 brn|[from] brn","|turn|31","|","|move|p2a: Jellicent|Recover|p2a: Jellicent","|-heal|p2a: Jellicent|393/404 brn","|move|p1a: ドラミドロ|Draco Meteor|p2a: Jellicent","|-damage|p2a: Jellicent|319/404 brn","|-unboost|p1a: ドラミドロ|spa|2","|","|-heal|p2a: Jellicent|344/404 brn|[from] item: Leftovers","|-heal|p1a: ドラミドロ|25/333 brn|[from] item: Black Sludge","|-damage|p2a: Jellicent|294/404 brn|[from] brn","|-damage|p1a: ドラミドロ|0 fnt|[from] brn","|faint|p1a: ドラミドロ","|","|switch|p1a: キュレム|Kyurem-Black, shiny|391/391","|-ability|p1a: キュレム|Teravolt","|turn|32","|","|move|p1a: キュレム|Fusion Bolt|p2a: Jellicent","|-supereffective|p2a: Jellicent","|-damage|p2a: Jellicent|194/404 brn","|-start|p1a: キュレム|Disable|Fusion Bolt","|move|p2a: Jellicent|Scald|p1a: キュレム","|-resisted|p1a: キュレム","|-damage|p1a: キュレム|344/391","|","|-heal|p2a: Jellicent|219/404 brn|[from] item: Leftovers","|-damage|p2a: Jellicent|169/404 brn|[from] brn","|turn|33","|","|switch|p1a: ジガルデ|Zygarde|420/420","|-ability|p1a: ジガルデ|Aura Break","|move|p2a: Jellicent|Recover|p2a: Jellicent","|-heal|p2a: Jellicent|371/404 brn","|","|-heal|p2a: Jellicent|396/404 brn|[from] item: Leftovers","|-damage|p2a: Jellicent|346/404 brn|[from] brn","|turn|34","|","|move|p1a: ジガルデ|Outrage|p2a: Jellicent","|-damage|p2a: Jellicent|288/404 brn","|move|p2a: Jellicent|Scald|p1a: ジガルデ","|-damage|p1a: ジガルデ|366/420","|","|-heal|p2a: Jellicent|313/404 brn|[from] item: Leftovers","|-damage|p2a: Jellicent|263/404 brn|[from] brn","|turn|35","|","|win|InfernalxCrown"],"p1rating":{"entryid":"7303561","serverid":"eos","formatid":"monotype","userid":"mastax","username":"MASTAX☆용의 사용자","w":"27","l":4,"t":"0","gxe":77.9,"r":"1737.0530088221","rd":"65.625250417605","sigma":"0","rptime":"1438506000","rpr":1740.6179950668,"rprd":62.245155649801,"rpsigma":"0","acre":1375.7940655715,"lacre":1375.7940655715,"oldacre":"1406.9258592834"},"p2rating":{"entryid":"5724468","serverid":"eos","formatid":"monotype","userid":"infernalxcrown","username":"InfernalxCrown","w":74,"l":"66","t":"0","gxe":55.2,"r":"1538.3892425855","rd":"41.509750342369","sigma":"0","rptime":"1438506000","rpr":1539.6594601575,"rprd":41.031045022721,"rpsigma":"0","acre":1227.6932585778,"lacre":1227.6932585778,"oldacre":"1188.7785164379"},"endType":"forfeit"}