{"seed":[18293,38243,9071,24502],"turns":28,"p1":"Alliance - Mxy","p2":"Kre8noyz","p1team":[{"name":"Stunfisk","species":"Stunfisk","item":"airballoon","ability":"Static","moves":["stealthrock","scald","hiddenpowerice","toxic"],"nature":"Bold","evs":{"hp":248,"atk":0,"def":252,"spa":8,"spd":0,"spe":0},"ivs":{"hp":31,"atk":30,"def":30,"spa":31,"spd":31,"spe":31}},{"name":"Dixan","species":"rotomwash","item":"leftovers","ability":"Levitate","moves":["voltswitch","thunderwave","willowisp","hydropump"],"nature":"Calm","evs":{"hp":248,"atk":0,"def":0,"spa":8,"spd":252,"spe":0},"ivs":{"hp":31,"atk":31,"def":31,"spa":31,"spd":31,"spe":31}},{"name":"God","species":"magnezone","item":"choicescarf","ability":"Magnet Pull","moves":["voltswitch","flashcannon","thunderbolt","hiddenpowerfire"],"nature":"Timid","evs":{"hp":0,"atk":0,"def":0,"spa":252,"spd":4,"spe":252},"ivs":{"hp":31,"atk":30,"def":31,"spa":30,"spd":31,"spe":30}},{"name":"I don't like you","species":"thundurus","item":"lifeorb","ability":"Prankster","moves":["discharge","hiddenpowerice","grassknot","focusblast"],"nature":"Timid","evs":{"hp":0,"atk":0,"def":0,"spa":252,"spd":4,"spe":252},"ivs":{"hp":31,"atk":30,"def":30,"spa":31,"spd":31,"spe":31}},{"name":"Zaptres","species":"zapdos","item":"custapberry","ability":"Pressure","moves":["defog","tailwind","voltswitch","heatwave"],"nature":"Bold","evs":{"hp":248,"atk":0,"def":152,"spa":0,"spd":0,"spe":108},"ivs":{"hp":31,"atk":31,"def":31,"spa":31,"spd":31,"spe":31}},{"name":"When Mega?","species":"luxray","item":"choiceband","ability":"Guts","moves":["wildcharge","icefang","crunch","superpower"],"nature":"Jolly","evs":{"hp":0,"atk":252,"def":4,"spa":0,"spd":0,"spe":252},"ivs":{"hp":31,"atk":31,"def":31,"spa":31,"spd":31,"spe":31}}],"p2team":[{"name":"Swampert","species":"Swampert","item":"focussash","ability":"Damp","moves":["earthquake","brickbreak","icepunch","counter"],"nature":"Impish","evs":{"hp":8,"atk":252,"def":0,"spa":0,"spd":0,"spe":248},"happiness":0,"ivs":{"hp":31,"atk":31,"def":31,"spa":31,"spd":31,"spe":31}},{"name":"Starmie","species":"Starmie","item":"leftovers","ability":"Natural Cure","moves":["rapidspin","signalbeam","psychic","reflecttype"],"nature":"Timid","evs":{"hp":0,"atk":0,"def":4,"spa":188,"spd":64,"spe":252},"ivs":{"hp":31,"atk":31,"def":31,"spa":31,"spd":31,"spe":31}},{"name":"Keldeo-Resolute","species":"Keldeo-Resolute","item":"leftovers","ability":"Justified","moves":["surf","secretsword","hiddenpowerflying","calmmind"],"nature":"Timid","evs":{"hp":0,"atk":4,"def":0,"spa":252,"spd":0,"spe":252},"ivs":{"hp":30,"atk":30,"def":30,"spa":30,"spd":30,"spe":31}},{"name":"Politoed","species":"Politoed","item":"leftovers","ability":"Drizzle","moves":["endeavor","hypnosis","perishsong","scald"],"nature":"","evs":{"hp":0,"atk":0,"def":252,"spa":0,"spd":252,"spe":4},"ivs":{"hp":31,"atk":31,"def":31,"spa":31,"spd":31,"spe":31}},{"name":"Lapras","species":"Lapras","item":"leftovers","ability":"Hydration","moves":["raindance","confuseray","freezedry","surf"],"nature":"Timid","evs":{"hp":0,"atk":0,"def":4,"spa":252,"spd":0,"spe":252},"ivs":{"hp":31,"atk":31,"def":31,"spa":31,"spd":31,"spe":31}},{"name":"Kingdra","species":"Kingdra","item":"lifeorb","ability":"Swift Swim","moves":["clearsmog","dragonpulse","scald","raindance"],"nature":"","evs":{"hp":4,"atk":0,"def":0,"spa":252,"spd":0,"spe":252},"ivs":{"hp":31,"atk":31,"def":31,"spa":31,"spd":31,"spe":31}}],"log":["|player|p1|Alliance - Mxy|270","|player|p2|Kre8noyz|163","|gametype|singles","|gen|6","|tier|Monotype","|rated","|rule|Baton Pass Clause: Limit one Baton Passer, can't pass Spe and other stats simultaneously","|rule|Swagger Clause: Swagger is banned","|rule|Same Type Clause: Pokémon in a team must share a type","|clearpoke","|poke|p1|Stunfisk, F","|poke|p1|Rotom-Wash","|poke|p1|Magnezone","|poke|p1|Thundurus, M","|poke|p1|Zapdos","|poke|p1|Luxray, M","|poke|p2|Swampert, F","|poke|p2|Starmie","|poke|p2|Keldeo-Resolute","|poke|p2|Politoed, F","|poke|p2|Lapras, F","|poke|p2|Kingdra, F","|rule|Sleep Clause Mod: Limit one foe put to sleep","|rule|Species Clause: Limit one of each Pokémon","|rule|OHKO Clause: OHKO moves are banned","|rule|Moody Clause: Moody is banned","|rule|Evasion Moves Clause: Evasion moves are banned","|rule|Endless Battle Clause: Forcing endless battles is banned","|rule|HP Percentage Mod: HP is shown in percentages","|teampreview","|","|start","|switch|p1a: Dixan|Rotom-Wash|303/303","|switch|p2a: Politoed|Politoed, F|321/321","|-weather|RainDance","|turn|1","|","|move|p1a: Dixan|Thunder Wave|p2a: Politoed","|-status|p2a: Politoed|par","|move|p2a: Politoed|Hypnosis|p1a: Dixan|[miss]","|-miss|p2a: Politoed|p1a: Dixan","|","|-weather|RainDance|[upkeep]","|turn|2","|","|move|p1a: Dixan|Volt Switch|p2a: Politoed","|-supereffective|p2a: Politoed","|-damage|p2a: Politoed|189/321 par","|","|switch|p1a: Stunfisk|Stunfisk, F|421/421","|-item|p1a: Stunfisk|Air Balloon","|move|p2a: Politoed|Hypnosis|p1a: Stunfisk","|-status|p1a: Stunfisk|slp","|","|-weather|RainDance|[upkeep]","|-heal|p2a: Politoed|209/321 par|[from] item: Leftovers","|turn|3","|","|cant|p1a: Stunfisk|slp","|move|p2a: Politoed|Scald|p1a: Stunfisk","|-supereffective|p1a: Stunfisk","|-damage|p1a: Stunfisk|151/421 slp","|-enditem|p1a: Stunfisk|Air Balloon","|","|-weather|RainDance|[upkeep]","|-heal|p2a: Politoed|229/321 par|[from] item: Leftovers","|turn|4","|","|cant|p1a: Stunfisk|slp","|move|p2a: Politoed|Scald|p1a: Stunfisk","|-supereffective|p1a: Stunfisk","|-damage|p1a: Stunfisk|0 fnt","|faint|p1a: Stunfisk","|","|-weather|RainDance|[upkeep]","|-heal|p2a: Politoed|249/321 par|[from] item: Leftovers","|","|switch|p1a: I don't like you|Thundurus, M|299/299","|turn|5","|","|switch|p2a: Swampert|Swampert, F|343/343","|move|p1a: I don't like you|Discharge|p2a: Swampert","|-immune|p2a: Swampert|[msg]","|","|-weather|none","|turn|6","|","|move|p1a: I don't like you|Grass Knot|p2a: Swampert","|-supereffective|p2a: Swampert","|-enditem|p2a: Swampert|Focus Sash","|-damage|p2a: Swampert|1/343","|-damage|p1a: I don't like you|270/299|[from] item: Life Orb","|move|p2a: Swampert|Ice Punch|p1a: I don't like you","|-supereffective|p1a: I don't like you","|-damage|p1a: I don't like you|48/299","|","|turn|7","|","|switch|p2a: Politoed|Politoed, F|249/321 par","|-weather|RainDance","|move|p1a: I don't like you|Hidden Power|p2a: Politoed","|-resisted|p2a: Politoed","|-damage|p2a: Politoed|217/321 par","|-damage|p1a: I don't like you|19/299|[from] item: Life Orb","|","|-weather|RainDance|[upkeep]","|-heal|p2a: Politoed|237/321 par|[from] item: Leftovers","|turn|8","|","|switch|p1a: Dixan|Rotom-Wash|303/303","|move|p2a: Politoed|Scald|p1a: Dixan","|-resisted|p1a: Dixan","|-damage|p1a: Dixan|261/303","|","|-weather|RainDance|[upkeep]","|-heal|p1a: Dixan|279/303|[from] item: Leftovers","|-heal|p2a: Politoed|257/321 par|[from] item: Leftovers","|turn|9","|","|move|p1a: Dixan|Volt Switch|p2a: Politoed","|-crit|p2a: Politoed","|-supereffective|p2a: Politoed","|-damage|p2a: Politoed|63/321 par","|","|switch|p1a: Zaptres|Zapdos|383/383","|-ability|p1a: Zaptres|Pressure","|move|p2a: Politoed|Hypnosis|p1a: Zaptres|[miss]","|-miss|p2a: Politoed|p1a: Zaptres","|","|-weather|RainDance|[upkeep]","|-heal|p2a: Politoed|83/321 par|[from] item: Leftovers","|turn|10","|","|move|p1a: Zaptres|Heat Wave|p2a: Politoed","|-crit|p2a: Politoed","|-resisted|p2a: Politoed","|-damage|p2a: Politoed|57/321 par","|move|p2a: Politoed|Endeavor|p1a: Zaptres","|-damage|p1a: Zaptres|57/383","|","|-weather|RainDance|[upkeep]","|-heal|p2a: Politoed|77/321 par|[from] item: Leftovers","|turn|11","|","|switch|p1a: Dixan|Rotom-Wash|279/303","|move|p2a: Politoed|Scald|p1a: Dixan","|-resisted|p1a: Dixan","|-damage|p1a: Dixan|234/303","|","|-weather|none","|-heal|p1a: Dixan|252/303|[from] item: Leftovers","|-heal|p2a: Politoed|97/321 par|[from] item: Leftovers","|turn|12","|","|move|p1a: Dixan|Will-O-Wisp|p2a: Politoed","|-fail|p2a: Politoed","|move|p2a: Politoed|Hypnosis|p1a: Dixan|[miss]","|-miss|p2a: Politoed|p1a: Dixan","|","|-heal|p1a: Dixan|270/303|[from] item: Leftovers","|-heal|p2a: Politoed|117/321 par|[from] item: Leftovers","|turn|13","|","|move|p1a: Dixan|Volt Switch|p2a: Politoed","|-supereffective|p2a: Politoed","|-damage|p2a: Politoed|0 fnt","|faint|p2a: Politoed","|","|switch|p1a: God|Magnezone|281/281","|","|","|switch|p2a: Kingdra|Kingdra, F|292/292","|turn|14","|","|move|p1a: God|Volt Switch|p2a: Kingdra","|-damage|p2a: Kingdra|157/292","|","|switch|p1a: Dixan|Rotom-Wash|270/303","|move|p2a: Kingdra|Rain Dance|p2a: Kingdra","|-weather|RainDance","|","|-weather|RainDance|[upkeep]","|-heal|p1a: Dixan|288/303|[from] item: Leftovers","|turn|15","|","|move|p2a: Kingdra|Dragon Pulse|p1a: Dixan","|-damage|p1a: Dixan|174/303","|-damage|p2a: Kingdra|128/292|[from] item: Life Orb","|move|p1a: Dixan|Thunder Wave|p2a: Kingdra","|-status|p2a: Kingdra|par","|","|-weather|RainDance|[upkeep]","|-heal|p1a: Dixan|192/303|[from] item: Leftovers","|turn|16","|","|move|p1a: Dixan|Volt Switch|p2a: Kingdra","|-damage|p2a: Kingdra|43/292 par","|","|switch|p1a: God|Magnezone|281/281","|move|p2a: Kingdra|Dragon Pulse|p1a: God","|-resisted|p1a: God","|-damage|p1a: God|199/281","|-damage|p2a: Kingdra|14/292 par|[from] item: Life Orb","|","|-weather|RainDance|[upkeep]","|turn|17","|","|move|p1a: God|Flash Cannon|p2a: Kingdra","|-resisted|p2a: Kingdra","|-damage|p2a: Kingdra|0 fnt","|faint|p2a: Kingdra","|","|-weather|RainDance|[upkeep]","|","|switch|p2a: Keldeo-Resolute|Keldeo-Resolute|322/322","|turn|18","|","|switch|p1a: Dixan|Rotom-Wash|192/303","|move|p2a: Keldeo-Resolute|Surf|p1a: Dixan","|-resisted|p1a: Dixan","|-damage|p1a: Dixan|114/303","|","|-weather|none","|-heal|p1a: Dixan|132/303|[from] item: Leftovers","|turn|19","|","|move|p2a: Keldeo-Resolute|Secret Sword|p1a: Dixan","|-damage|p1a: Dixan|0 fnt","|faint|p1a: Dixan","|","|","|switch|p1a: I don't like you|Thundurus, M|19/299","|turn|20","|","|move|p1a: I don't like you|Discharge|p2a: Keldeo-Resolute","|-supereffective|p2a: Keldeo-Resolute","|-damage|p2a: Keldeo-Resolute|0 fnt","|-damage|p1a: I don't like you|0 fnt|[from] item: Life Orb","|faint|p2a: Keldeo-Resolute","|faint|p1a: I don't like you","|","|","|switch|p2a: Starmie|Starmie|261/261","|switch|p1a: Zaptres|Zapdos|57/383","|-ability|p1a: Zaptres|Pressure","|turn|21","|-enditem|p1a: Zaptres|Custap Berry|[eat]","|-activate|p1a: Zaptres|Custap Berry","|","|move|p1a: Zaptres|Tailwind|p1a: Zaptres","|-sidestart|p1: Alliance - Mxy|move: Tailwind","|move|p2a: Starmie|Psychic|p1a: Zaptres","|-damage|p1a: Zaptres|0 fnt","|faint|p1a: Zaptres","|","|","|switch|p1a: When Mega?|Luxray, M|301/301","|turn|22","|","|move|p1a: When Mega?|Crunch|p2a: Starmie","|-crit|p2a: Starmie","|-supereffective|p2a: Starmie","|-damage|p2a: Starmie|0 fnt","|faint|p2a: Starmie","|","|","|switch|p2a: Lapras|Lapras, F|401/401","|turn|23","|","|move|p1a: When Mega?|Crunch|p2a: Lapras","|-damage|p2a: Lapras|232/401","|-unboost|p2a: Lapras|def|1","|move|p2a: Lapras|Confuse Ray|p1a: When Mega?","|-start|p1a: When Mega?|confusion","|","|-heal|p2a: Lapras|257/401|[from] item: Leftovers","|turn|24","|","|switch|p2a: Swampert|Swampert, F|1/343","|-activate|p1a: When Mega?|confusion","|-damage|p1a: When Mega?|220/301|[from] confusion","|","|-sideend|p1: Alliance - Mxy|move: Tailwind","|turn|25","|","|-activate|p1a: When Mega?|confusion","|-damage|p1a: When Mega?|145/301|[from] confusion","|move|p2a: Swampert|Earthquake|p1a: When Mega?","|-supereffective|p1a: When Mega?","|-damage|p1a: When Mega?|0 fnt","|faint|p1a: When Mega?","|","|","|switch|p1a: God|Magnezone|199/281","|turn|26","|","|move|p1a: God|Flash Cannon|p2a: Swampert","|-resisted|p2a: Swampert","|-damage|p2a: Swampert|0 fnt","|faint|p2a: Swampert","|","|","|switch|p2a: Lapras|Lapras, F|257/401","|turn|27","|","|move|p1a: God|Flash Cannon|p2a: Lapras","|-damage|p2a: Lapras|107/401","|move|p2a: Lapras|Surf|p1a: God","|-damage|p1a: God|60/281","|","|-heal|p2a: Lapras|132/401|[from] item: Leftovers","|turn|28","|","|move|p1a: God|Flash Cannon|p2a: Lapras","|-damage|p2a: Lapras|0 fnt","|faint|p2a: Lapras","|","|win|Alliance - Mxy"],"p1rating":{"entryid":"6690851","serverid":"eos","formatid":"monotype","userid":"alliancemxy","username":"Alliance - Mxy","w":57,"l":"25","t":"0","gxe":67.8,"r":"1634.4303757297","rd":"43.340767533071","sigma":"0","rptime":"1438592400","rpr":1640.5564194766,"rprd":42.056523242141,"rpsigma":"0","acre":1312.9805024839,"lacre":1312.9805024839,"oldacre":"1305.3951464867"},"p2rating":{"entryid":"6510480","serverid":"eos","formatid":"monotype","userid":"kre8noyz","username":"Kre8noyz","w":"27","l":44,"t":"0","gxe":39.1,"r":1419.1591347486,"rd":47.247291694619,"sigma":"0","rptime":1438592400,"rpr":1416.3107532965,"rprd":46.949571402882,"rpsigma":"0","acre":1046.2761091628,"lacre":1046.2761091628,"oldacre":"1053.0890311686"},"endType":"normal"}