{"seed":[51280,22944,36218,35383],"turns":31,"p1":"Trill Nye","p2":"LightOfAKnowing","p1team":[{"name":"Clefable","species":"Clefable","item":"leftovers","ability":"Magic Guard","moves":["cosmicpower","storedpower","flamethrower","softboiled"],"nature":"Bold","evs":{"hp":252,"atk":0,"def":252,"spa":4,"spd":0,"spe":0},"ivs":{"hp":31,"atk":31,"def":31,"spa":31,"spd":31,"spe":31}},{"name":"Azumarill","species":"Azumarill","item":"sitrusberry","ability":"Huge Power","moves":["aquajet","playrough","bellydrum","waterfall"],"nature":"Adamant","evs":{"hp":252,"atk":252,"def":0,"spa":0,"spd":0,"spe":4},"ivs":{"hp":31,"atk":31,"def":31,"spa":31,"spd":31,"spe":31}},{"name":"Klefki","species":"Klefki","item":"lightclay","ability":"Prankster","moves":["spikes","lightscreen","reflect","toxic"],"nature":"Careful","evs":{"hp":252,"atk":0,"def":0,"spa":0,"spd":252,"spe":4},"ivs":{"hp":31,"atk":31,"def":31,"spa":31,"spd":31,"spe":31}},{"name":"Gardevoir","species":"Gardevoir","item":"gardevoirite","ability":"Synchronize","moves":["calmmind","hypervoice","shadowball","psyshock"],"nature":"Modest","evs":{"hp":248,"atk":0,"def":0,"spa":252,"spd":8,"spe":0},"ivs":{"hp":31,"atk":31,"def":31,"spa":31,"spd":31,"spe":31}},{"name":"Togekiss","species":"Togekiss","item":"leftovers","ability":"Serene Grace","moves":["roost","thunderwave","airslash","defog"],"nature":"Bold","evs":{"hp":252,"atk":0,"def":252,"spa":4,"spd":0,"spe":0},"ivs":{"hp":31,"atk":31,"def":31,"spa":31,"spd":31,"spe":31}},{"name":"Sylveon","species":"Sylveon","item":"leftovers","ability":"Pixilate","moves":["calmmind","substitute","hypervoice","psyshock"],"nature":"Modest","evs":{"hp":4,"atk":0,"def":252,"spa":252,"spd":0,"spe":0},"ivs":{"hp":31,"atk":31,"def":31,"spa":31,"spd":31,"spe":31}}],"p2team":[{"name":"Chesnaught","species":"Chesnaught","item":"leftovers","ability":"Bulletproof","moves":["spikyshield","leechseed","seedbomb","drainpunch"],"nature":"Impish","evs":{"hp":248,"atk":8,"def":252,"spa":0,"spd":0,"spe":0},"ivs":{"hp":31,"atk":31,"def":31,"spa":31,"spd":31,"spe":31}},{"name":"Ferrothorn","species":"Ferrothorn","item":"rockyhelmet","ability":"Iron Barbs","moves":["leechseed","powerwhip","ironhead","stealthrock"],"nature":"Impish","evs":{"hp":248,"atk":8,"def":252,"spa":0,"spd":0,"spe":0},"ivs":{"hp":31,"atk":31,"def":31,"spa":31,"spd":31,"spe":31}},{"name":"Roserade","species":"Roserade","item":"focussash","ability":"Technician","moves":["weatherball","sludgebomb","gigadrain","sleeppowder"],"nature":"","evs":{"hp":248,"atk":8,"def":252,"spa":0,"spd":0,"spe":0},"ivs":{"hp":31,"atk":30,"def":30,"spa":31,"spd":31,"spe":31}},{"name":"Ludicolo","species":"Ludicolo","item":"damprock","ability":"Swift Swim","moves":["raindance","icebeam","scald","focusblast"],"nature":"Modest","evs":{"hp":0,"atk":0,"def":0,"spa":252,"spd":4,"spe":252},"ivs":{"hp":31,"atk":31,"def":31,"spa":31,"spd":31,"spe":31}},{"name":"Sceptile","species":"Sceptile","item":"sceptilite","ability":"Overgrow","moves":["dragonpulse","energyball","synthesis","hiddenpowerice"],"nature":"Timid","evs":{"hp":0,"atk":0,"def":0,"spa":252,"spd":4,"spe":252},"ivs":{"hp":31,"atk":30,"def":30,"spa":31,"spd":31,"spe":31}},{"name":"Rotom-Mow","species":"Rotom-Mow","item":"choicescarf","ability":"Levitate","moves":["thunderbolt","raindance","willowisp","leafstorm"],"nature":"Timid","evs":{"hp":0,"atk":0,"def":0,"spa":252,"spd":4,"spe":252},"ivs":{"hp":31,"atk":31,"def":31,"spa":31,"spd":31,"spe":31}}],"log":["|player|p1|Trill Nye|293","|player|p2|LightOfAKnowing|lightofaknowing.gif","|gametype|singles","|gen|6","|tier|Monotype","|rated","|rule|Baton Pass Clause: Limit one Baton Passer, can't pass Spe and other stats simultaneously","|rule|Swagger Clause: Swagger is banned","|rule|Same Type Clause: Pokémon in a team must share a type","|clearpoke","|poke|p1|Clefable, F","|poke|p1|Azumarill, F","|poke|p1|Klefki, M","|poke|p1|Gardevoir, F","|poke|p1|Togekiss, F","|poke|p1|Sylveon, M","|poke|p2|Chesnaught, F","|poke|p2|Ferrothorn, M","|poke|p2|Roserade, F","|poke|p2|Ludicolo, F","|poke|p2|Sceptile, F","|poke|p2|Rotom-Mow","|rule|Sleep Clause Mod: Limit one foe put to sleep","|rule|Species Clause: Limit one of each Pokémon","|rule|OHKO Clause: OHKO moves are banned","|rule|Moody Clause: Moody is banned","|rule|Evasion Moves Clause: Evasion moves are banned","|rule|Endless Battle Clause: Forcing endless battles is banned","|rule|HP Percentage Mod: HP is shown in percentages","|teampreview","|","|start","|switch|p1a: Klefki|Klefki, M|318/318","|switch|p2a: Rotom-Mow|Rotom-Mow|241/241","|turn|1","|","|move|p1a: Klefki|Light Screen|p1a: Klefki","|-sidestart|p1: Trill Nye|move: Light Screen","|move|p2a: Rotom-Mow|Will-O-Wisp|p1a: Klefki","|-status|p1a: Klefki|brn","|","|-damage|p1a: Klefki|279/318 brn|[from] brn","|turn|2","|","|switch|p2a: Ferrothorn|Ferrothorn, M|351/351","|move|p1a: Klefki|Toxic|p2a: Ferrothorn|[miss]","|-miss|p1a: Klefki|p2a: Ferrothorn","|","|-damage|p1a: Klefki|240/318 brn|[from] brn","|turn|3","|","|switch|p1a: Clefable|Clefable, F|394/394","|move|p2a: Ferrothorn|Stealth Rock|p1a: Clefable","|-sidestart|p1: Trill Nye|move: Stealth Rock","|","|turn|4","|","|move|p1a: Clefable|Cosmic Power|p1a: Clefable","|-boost|p1a: Clefable|def|1","|-boost|p1a: Clefable|spd|1","|move|p2a: Ferrothorn|Iron Head|p1a: Clefable","|-supereffective|p1a: Clefable","|-damage|p1a: Clefable|296/394","|","|-heal|p1a: Clefable|320/394|[from] item: Leftovers","|turn|5","|","|switch|p2a: Roserade|Roserade, F|323/323","|move|p1a: Clefable|Cosmic Power|p1a: Clefable","|-boost|p1a: Clefable|def|1","|-boost|p1a: Clefable|spd|1","|","|-heal|p1a: Clefable|344/394|[from] item: Leftovers","|turn|6","|","|move|p2a: Roserade|Sleep Powder|p1a: Clefable","|-status|p1a: Clefable|slp","|cant|p1a: Clefable|slp","|","|-heal|p1a: Clefable|368/394 slp|[from] item: Leftovers","|turn|7","|","|move|p2a: Roserade|Sludge Bomb|p1a: Clefable","|-supereffective|p1a: Clefable","|-damage|p1a: Clefable|293/394 slp","|cant|p1a: Clefable|slp","|","|-heal|p1a: Clefable|317/394 slp|[from] item: Leftovers","|turn|8","|","|move|p2a: Roserade|Sludge Bomb|p1a: Clefable","|-supereffective|p1a: Clefable","|-damage|p1a: Clefable|241/394 slp","|-curestatus|p1a: Clefable|slp","|move|p1a: Clefable|Soft-Boiled|p1a: Clefable","|-heal|p1a: Clefable|394/394","|","|-sideend|p1: Trill Nye|move: Light Screen","|turn|9","|","|move|p2a: Roserade|Sleep Powder|p1a: Clefable","|-status|p1a: Clefable|slp","|cant|p1a: Clefable|slp","|","|turn|10","|","|move|p2a: Roserade|Sludge Bomb|p1a: Clefable","|-supereffective|p1a: Clefable","|-damage|p1a: Clefable|250/394 slp","|-curestatus|p1a: Clefable|slp","|move|p1a: Clefable|Stored Power|p2a: Roserade","|-supereffective|p2a: Roserade","|-damage|p2a: Roserade|181/323","|","|-heal|p1a: Clefable|274/394|[from] item: Leftovers","|turn|11","|","|move|p2a: Roserade|Sleep Powder|p1a: Clefable","|-status|p1a: Clefable|slp","|cant|p1a: Clefable|slp","|","|-heal|p1a: Clefable|298/394 slp|[from] item: Leftovers","|turn|12","|","|move|p2a: Roserade|Sludge Bomb|p1a: Clefable","|-supereffective|p1a: Clefable","|-damage|p1a: Clefable|148/394 slp","|cant|p1a: Clefable|slp","|","|-heal|p1a: Clefable|172/394 slp|[from] item: Leftovers","|turn|13","|","|move|p2a: Roserade|Sludge Bomb|p1a: Clefable","|-supereffective|p1a: Clefable","|-damage|p1a: Clefable|40/394 slp","|cant|p1a: Clefable|slp","|","|-heal|p1a: Clefable|64/394 slp|[from] item: Leftovers","|turn|14","|","|move|p2a: Roserade|Giga Drain|p1a: Clefable","|-crit|p1a: Clefable","|-damage|p1a: Clefable|0 fnt","|-heal|p2a: Roserade|213/323|[from] drain|[of] p1a: Clefable","|faint|p1a: Clefable","|","|","|switch|p1a: Klefki|Klefki, M|240/318 brn","|-damage|p1a: Klefki|221/318 brn|[from] Stealth Rock","|turn|15","|","|switch|p2a: Ferrothorn|Ferrothorn, M|351/351","|move|p1a: Klefki|Light Screen|p1a: Klefki","|-sidestart|p1: Trill Nye|move: Light Screen","|","|-damage|p1a: Klefki|182/318 brn|[from] brn","|turn|16","|","|move|p1a: Klefki|Spikes|p2a: Ferrothorn","|-sidestart|p2: LightOfAKnowing|Spikes","|move|p2a: Ferrothorn|Leech Seed|p1a: Klefki","|-start|p1a: Klefki|move: Leech Seed","|","|-damage|p1a: Klefki|143/318 brn|[from] Leech Seed|[of] p2a: Ferrothorn","|-damage|p1a: Klefki|104/318 brn|[from] brn","|turn|17","|","|move|p1a: Klefki|Spikes|p2a: Ferrothorn","|-sidestart|p2: LightOfAKnowing|Spikes","|move|p2a: Ferrothorn|Iron Head|p1a: Klefki","|-damage|p1a: Klefki|7/318 brn","|","|-damage|p1a: Klefki|0 fnt|[from] Leech Seed|[of] p2a: Ferrothorn","|faint|p1a: Klefki","|","|switch|p1a: Togekiss|Togekiss, F|374/374","|-damage|p1a: Togekiss|281/374|[from] Stealth Rock","|turn|18","|","|move|p1a: Togekiss|Thunder Wave|p2a: Ferrothorn","|-status|p2a: Ferrothorn|par","|move|p2a: Ferrothorn|Iron Head|p1a: Togekiss","|-supereffective|p1a: Togekiss","|-damage|p1a: Togekiss|141/374","|","|-heal|p1a: Togekiss|164/374|[from] item: Leftovers","|turn|19","|","|move|p1a: Togekiss|Roost|p1a: Togekiss","|-heal|p1a: Togekiss|351/374","|move|p2a: Ferrothorn|Leech Seed|p1a: Togekiss|[miss]","|-miss|p2a: Ferrothorn|p1a: Togekiss","|","|-heal|p1a: Togekiss|374/374|[from] item: Leftovers","|turn|20","|","|move|p1a: Togekiss|Air Slash|p2a: Ferrothorn","|-crit|p2a: Ferrothorn","|-damage|p2a: Ferrothorn|219/351 par","|cant|p2a: Ferrothorn|flinch","|","|turn|21","|","|move|p1a: Togekiss|Air Slash|p2a: Ferrothorn","|-damage|p2a: Ferrothorn|128/351 par","|cant|p2a: Ferrothorn|flinch","|","|turn|22","|","|move|p1a: Togekiss|Air Slash|p2a: Ferrothorn","|-damage|p2a: Ferrothorn|35/351 par","|cant|p2a: Ferrothorn|par","|","|-sideend|p1: Trill Nye|move: Light Screen","|turn|23","|","|move|p1a: Togekiss|Air Slash|p2a: Ferrothorn|[miss]","|-miss|p1a: Togekiss|p2a: Ferrothorn","|move|p2a: Ferrothorn|Leech Seed|p1a: Togekiss","|-start|p1a: Togekiss|move: Leech Seed","|","|-damage|p1a: Togekiss|328/374|[from] Leech Seed|[of] p2a: Ferrothorn","|-heal|p2a: Ferrothorn|81/351 par|[silent]","|turn|24","|","|move|p1a: Togekiss|Air Slash|p2a: Ferrothorn","|-damage|p2a: Ferrothorn|0 fnt","|faint|p2a: Ferrothorn","|","|-heal|p1a: Togekiss|351/374|[from] item: Leftovers","|","|switch|p2a: Rotom-Mow|Rotom-Mow|241/241","|turn|25","|","|switch|p1a: Azumarill|Azumarill, F|404/404","|-damage|p1a: Azumarill|354/404|[from] Stealth Rock","|move|p2a: Rotom-Mow|Thunderbolt|p1a: Azumarill","|-supereffective|p1a: Azumarill","|-damage|p1a: Azumarill|42/404","|-status|p1a: Azumarill|par","|-enditem|p1a: Azumarill|Sitrus Berry|[eat]","|-heal|p1a: Azumarill|143/404 par|[from] item: Sitrus Berry","|","|turn|26","|","|move|p1a: Azumarill|Aqua Jet|p2a: Rotom-Mow","|-resisted|p2a: Rotom-Mow","|-damage|p2a: Rotom-Mow|201/241","|move|p2a: Rotom-Mow|Thunderbolt|p1a: Azumarill","|-crit|p1a: Azumarill","|-supereffective|p1a: Azumarill","|-damage|p1a: Azumarill|0 fnt","|faint|p1a: Azumarill","|","|","|switch|p1a: Gardevoir|Gardevoir, F|339/339","|-damage|p1a: Gardevoir|297/339|[from] Stealth Rock","|turn|27","|","|switch|p2a: Ludicolo|Ludicolo, F|301/301","|-damage|p2a: Ludicolo|251/301|[from] Spikes","|detailschange|p1a: Gardevoir|Gardevoir-Mega, F","|-mega|p1a: Gardevoir|Gardevoir|Gardevoirite","|move|p1a: Gardevoir|Hyper Voice|p2a: Ludicolo","|-crit|p2a: Ludicolo","|-damage|p2a: Ludicolo|0 fnt","|faint|p2a: Ludicolo","|","|","|switch|p2a: Rotom-Mow|Rotom-Mow|201/241","|turn|28","|","|move|p2a: Rotom-Mow|Leaf Storm|p1a: Gardevoir","|-damage|p1a: Gardevoir|144/339","|-unboost|p2a: Rotom-Mow|spa|2","|move|p1a: Gardevoir|Hyper Voice|p2a: Rotom-Mow","|-crit|p2a: Rotom-Mow","|-damage|p2a: Rotom-Mow|0 fnt","|faint|p2a: Rotom-Mow","|","|","|switch|p2a: Roserade|Roserade, F|213/323","|-damage|p2a: Roserade|160/323|[from] Spikes","|turn|29","|","|move|p1a: Gardevoir|Psyshock|p2a: Roserade","|-supereffective|p2a: Roserade","|-damage|p2a: Roserade|0 fnt","|faint|p2a: Roserade","|","|","|switch|p2a: Sceptile|Sceptile, F|281/281","|-damage|p2a: Sceptile|235/281|[from] Spikes","|turn|30","|","|move|p2a: Sceptile|Energy Ball|p1a: Gardevoir","|-damage|p1a: Gardevoir|39/339","|move|p1a: Gardevoir|Hyper Voice|p2a: Sceptile","|-damage|p2a: Sceptile|0 fnt","|faint|p2a: Sceptile","|","|","|switch|p2a: Chesnaught|Chesnaught, F|379/379","|-damage|p2a: Chesnaught|316/379|[from] Spikes","|turn|31","|","|move|p1a: Gardevoir|Hyper Voice|p2a: Chesnaught","|-supereffective|p2a: Chesnaught","|-damage|p2a: Chesnaught|0 fnt","|faint|p2a: Chesnaught","|","|win|Trill Nye"],"p1rating":{"entryid":"7374609","serverid":"eos","formatid":"monotype","userid":"trillnye","username":"Trill Nye","w":3,"l":"0","t":"0","gxe":62.5,"r":"1500","rd":"130","sigma":"0","rptime":"1438592400","rpr":1600.7114585823,"rprd":111.13132712873,"rpsigma":"0","acre":1114.902158397,"lacre":1114.902158397,"oldacre":"1084.8449695366"},"p2rating":{"entryid":"6481865","serverid":"eos","formatid":"monotype","userid":"lightofaknowing","username":"Light-Of-A-Knowing","w":"107","l":142,"t":"0","gxe":41.5,"r":"1437.2009489994","rd":"31.686940741979","sigma":"0","rptime":"1438592400","rpr":1434.9870373632,"rprd":31.577977476122,"rpsigma":"0","acre":1092.8817307402,"lacre":1092.8817307402,"oldacre":"1120.4336211681"},"endType":"normal"}