{"seed":[17345,21586,50166,37304],"turns":26,"p1":"PоkеrKіd","p2":"Sovereign♕Spheal","p1team":[{"name":"Lil'Sableye-Mega","species":"sableye","item":"sablenite","ability":"Keen Eye","moves":["aerialace","fakeout","foulplay","toxic"],"nature":"Impish","evs":{"hp":248,"atk":8,"def":252,"spa":0,"spd":0,"spe":0},"ivs":{"hp":31,"atk":31,"def":31,"spa":31,"spd":31,"spe":31}},{"name":"Lil'Chandelure","species":"chandelure","item":"choicescarf","ability":"Infiltrator","moves":["overheat","darkpulse","shadowball","trick"],"nature":"Modest","evs":{"hp":0,"atk":0,"def":0,"spa":252,"spd":6,"spe":252},"ivs":{"hp":31,"atk":31,"def":31,"spa":31,"spd":31,"spe":31}},{"name":"Lil'Froslass","species":"jellicent","item":"leftovers","ability":"Water Absorb","moves":["icebeam","surf","gigadrain","sludgewave"],"nature":"Modest","evs":{"hp":252,"atk":0,"def":0,"spa":252,"spd":4,"spe":0},"ivs":{"hp":31,"atk":31,"def":31,"spa":31,"spd":31,"spe":31}},{"name":"Lil'Slash","species":"aegislash","item":"weaknesspolicy","ability":"Stance Change","moves":["shadowball","sacredsword","shadowsneak","kingsshield"],"nature":"Lonely","evs":{"hp":0,"atk":252,"def":0,"spa":252,"spd":0,"spe":4},"ivs":{"hp":31,"atk":31,"def":31,"spa":31,"spd":31,"spe":31}},{"name":"Lil'Gengar","species":"gengar","item":"choicespecs","ability":"Levitate","moves":["dazzlinggleam","darkpulse","sludgewave","focusblast"],"nature":"Timid","evs":{"hp":0,"atk":0,"def":0,"spa":252,"spd":4,"spe":252},"ivs":{"hp":31,"atk":31,"def":31,"spa":31,"spd":31,"spe":31}},{"name":"Lil'Drifblim","species":"drifblim","item":"jabocaberry","ability":"Unburden","moves":["acrobatics","explosion","knockoff","willowisp"],"nature":"Jolly","evs":{"hp":0,"atk":252,"def":0,"spa":0,"spd":4,"spe":252},"ivs":{"hp":31,"atk":31,"def":31,"spa":31,"spd":31,"spe":31}}],"p2team":[{"name":"Smeargle","species":"Smeargle","item":"focussash","ability":"Own Tempo","moves":["spore","stickyweb","stealthrock","transform"],"nature":"Timid","evs":{"hp":252,"atk":0,"def":4,"spa":0,"spd":0,"spe":252},"ivs":{"hp":31,"atk":31,"def":31,"spa":31,"spd":31,"spe":31}},{"name":"Lopunny","species":"Lopunny","item":"lopunnite","ability":"Limber","moves":["fakeout","quickattack","highjumpkick","return"],"nature":"Jolly","evs":{"hp":4,"atk":252,"def":0,"spa":0,"spd":0,"spe":252},"ivs":{"hp":31,"atk":31,"def":31,"spa":31,"spd":31,"spe":31}},{"name":"Meloetta","species":"Meloetta","item":"assaultvest","ability":"Serene Grace","moves":["dazzlinggleam","shadowball","hypervoice","hiddenpowerpoison"],"nature":"Calm","evs":{"hp":252,"atk":0,"def":0,"spa":4,"spd":252,"spe":0},"ivs":{"hp":31,"atk":31,"def":30,"spa":30,"spd":30,"spe":31}},{"name":"Diggersby","species":"Diggersby","item":"focussash","ability":"Huge Power","moves":["earthquake","quickattack","swordsdance","return"],"nature":"Adamant","evs":{"hp":4,"atk":252,"def":0,"spa":0,"spd":0,"spe":252},"ivs":{"hp":31,"atk":31,"def":31,"spa":31,"spd":31,"spe":31}},{"name":"Porygon2","species":"Porygon2","item":"eviolite","ability":"Trace","moves":["hiddenpowerfire","thunderbolt","recover","thunderwave"],"nature":"Bold","evs":{"hp":176,"atk":0,"def":252,"spa":0,"spd":80,"spe":0},"ivs":{"hp":31,"atk":30,"def":31,"spa":30,"spd":31,"spe":30}},{"name":"Cinccino","species":"Cinccino","item":"focussash","ability":"Skill Link","moves":["workup","bulletseed","tailslap","rockblast"],"nature":"Jolly","evs":{"hp":4,"atk":252,"def":0,"spa":0,"spd":0,"spe":252},"ivs":{"hp":31,"atk":31,"def":31,"spa":31,"spd":31,"spe":31}}],"log":["|player|p1|PоkеrKіd|99","|player|p2|Sovereign♕Spheal|knightkingdra.png","|gametype|singles","|gen|6","|tier|Monotype","|rated","|rule|Baton Pass Clause: Limit one Baton Passer, can't pass Spe and other stats simultaneously","|rule|Swagger Clause: Swagger is banned","|rule|Same Type Clause: Pokémon in a team must share a type","|clearpoke","|poke|p1|Sableye, M","|poke|p1|Chandelure, F","|poke|p1|Jellicent, F","|poke|p1|Aegislash, F","|poke|p1|Gengar, F","|poke|p1|Drifblim, M","|poke|p2|Smeargle, F","|poke|p2|Lopunny, F","|poke|p2|Meloetta","|poke|p2|Diggersby, M","|poke|p2|Porygon2","|poke|p2|Cinccino, M","|rule|Sleep Clause Mod: Limit one foe put to sleep","|rule|Species Clause: Limit one of each Pokémon","|rule|OHKO Clause: OHKO moves are banned","|rule|Moody Clause: Moody is banned","|rule|Evasion Moves Clause: Evasion moves are banned","|rule|Endless Battle Clause: Forcing endless battles is banned","|rule|HP Percentage Mod: HP is shown in percentages","|teampreview","|","|start","|switch|p1a: Lil'Sableye-Mega|Sableye, M|303/303","|switch|p2a: Cinccino|Cinccino, M|292/292","|turn|1","|","|detailschange|p1a: Lil'Sableye-Mega|Sableye-Mega, M","|-mega|p1a: Lil'Sableye-Mega|Sableye|Sablenite","|move|p1a: Lil'Sableye-Mega|Fake Out|p2a: Cinccino","|-damage|p2a: Cinccino|246/292","|cant|p2a: Cinccino|flinch","|","|turn|2","|","|move|p2a: Cinccino|Work Up|p2a: Cinccino","|-boost|p2a: Cinccino|atk|1","|-boost|p2a: Cinccino|spa|1","|move|p1a: Lil'Sableye-Mega|Foul Play|p2a: Cinccino","|-damage|p2a: Cinccino|0 fnt","|faint|p2a: Cinccino","|","|","|switch|p2a: Lopunny|Lopunny, F|272/272","|turn|3","|","|detailschange|p2a: Lopunny|Lopunny-Mega, F","|-mega|p2a: Lopunny|Lopunny|Lopunnite","|move|p2a: Lopunny|Fake Out|p1a: Lil'Sableye-Mega","|-damage|p1a: Lil'Sableye-Mega|255/303","|cant|p1a: Lil'Sableye-Mega|flinch","|","|turn|4","|","|move|p2a: Lopunny|High Jump Kick|p1a: Lil'Sableye-Mega|[miss]","|-miss|p2a: Lopunny|p1a: Lil'Sableye-Mega","|-damage|p2a: Lopunny|136/272|[from] highjumpkick","|move|p1a: Lil'Sableye-Mega|Foul Play|p2a: Lopunny","|-resisted|p2a: Lopunny","|-damage|p2a: Lopunny|40/272","|","|turn|5","|","|move|p2a: Lopunny|High Jump Kick|p1a: Lil'Sableye-Mega","|-supereffective|p1a: Lil'Sableye-Mega","|-damage|p1a: Lil'Sableye-Mega|0 fnt","|faint|p1a: Lil'Sableye-Mega","|","|","|switch|p1a: Lil'Chandelure|Chandelure, F|261/261","|turn|6","|","|move|p2a: Lopunny|High Jump Kick|p1a: Lil'Chandelure","|-damage|p1a: Lil'Chandelure|0 fnt","|faint|p1a: Lil'Chandelure","|","|","|switch|p1a: Lil'Slash|Aegislash, F|261/261","|turn|7","|","|move|p1a: Lil'Slash|King's Shield|p1a: Lil'Slash","|-singleturn|p1a: Lil'Slash|Protect","|move|p2a: Lopunny|High Jump Kick|p1a: Lil'Slash","|-activate|p1a: Lil'Slash|Protect","|-unboost|p2a: Lopunny|atk|2","|-damage|p2a: Lopunny|0 fnt|[from] highjumpkick","|faint|p2a: Lopunny","|","|","|switch|p2a: Smeargle|Smeargle, F|314/314","|turn|8","|","|move|p2a: Smeargle|Transform|p1a: Lil'Slash","|-transform|p2a: Smeargle|p1a: Lil'Slash","|-formechange|p1a: Lil'Slash|Aegislash-Blade","|move|p1a: Lil'Slash|Sacred Sword|p2a: Smeargle","|-immune|p2a: Smeargle|[msg]","|","|turn|9","|","|-formechange|p1a: Lil'Slash|Aegislash","|move|p1a: Lil'Slash|King's Shield|p1a: Lil'Slash","|-singleturn|p1a: Lil'Slash|Protect","|move|p2a: Smeargle|Shadow Sneak|p1a: Lil'Slash","|-activate|p1a: Lil'Slash|Protect","|-unboost|p2a: Smeargle|atk|2","|","|turn|10","|","|move|p2a: Smeargle|King's Shield|p2a: Smeargle","|-singleturn|p2a: Smeargle|Protect","|-formechange|p1a: Lil'Slash|Aegislash-Blade","|move|p1a: Lil'Slash|Shadow Ball|p2a: Smeargle","|-activate|p2a: Smeargle|Protect","|","|turn|11","|","|-formechange|p1a: Lil'Slash|Aegislash","|move|p1a: Lil'Slash|King's Shield|p1a: Lil'Slash","|-singleturn|p1a: Lil'Slash|Protect","|move|p2a: Smeargle|Shadow Sneak|p1a: Lil'Slash","|-activate|p1a: Lil'Slash|Protect","|-unboost|p2a: Smeargle|atk|2","|","|turn|12","|","|-formechange|p1a: Lil'Slash|Aegislash-Blade","|move|p1a: Lil'Slash|Shadow Ball|p2a: Smeargle","|-supereffective|p2a: Smeargle","|-damage|p2a: Smeargle|98/314","|move|p2a: Smeargle|Shadow Ball|p1a: Lil'Slash","|-supereffective|p1a: Lil'Slash","|-damage|p1a: Lil'Slash|0 fnt","|faint|p1a: Lil'Slash","|","|","|switch|p1a: Lil'Gengar|Gengar, F|261/261","|turn|13","|","|move|p1a: Lil'Gengar|Dark Pulse|p2a: Smeargle","|-supereffective|p2a: Smeargle","|-damage|p2a: Smeargle|0 fnt","|faint|p2a: Smeargle","|","|","|switch|p2a: Porygon2|Porygon2|355/355","|-ability|p2a: Porygon2|Levitate|[from] ability: Trace|[of] p1a: Lil'Gengar","|turn|14","|","|switch|p1a: Lil'Froslass|Jellicent, F|404/404","|move|p2a: Porygon2|Thunder Wave|p1a: Lil'Froslass","|-status|p1a: Lil'Froslass|par","|","|turn|15","|","|move|p2a: Porygon2|Thunderbolt|p1a: Lil'Froslass","|-supereffective|p1a: Lil'Froslass","|-damage|p1a: Lil'Froslass|260/404 par","|move|p1a: Lil'Froslass|Surf|p2a: Porygon2","|-damage|p2a: Porygon2|265/355","|","|-heal|p1a: Lil'Froslass|285/404 par|[from] item: Leftovers","|turn|16","|","|move|p2a: Porygon2|Thunderbolt|p1a: Lil'Froslass","|-supereffective|p1a: Lil'Froslass","|-damage|p1a: Lil'Froslass|145/404 par","|move|p1a: Lil'Froslass|Giga Drain|p2a: Porygon2","|-damage|p2a: Porygon2|218/355","|-heal|p1a: Lil'Froslass|169/404 par|[from] drain|[of] p2a: Porygon2","|","|-heal|p1a: Lil'Froslass|194/404 par|[from] item: Leftovers","|turn|17","|","|move|p2a: Porygon2|Thunderbolt|p1a: Lil'Froslass","|-supereffective|p1a: Lil'Froslass","|-damage|p1a: Lil'Froslass|50/404 par","|move|p1a: Lil'Froslass|Surf|p2a: Porygon2","|-damage|p2a: Porygon2|127/355","|","|-heal|p1a: Lil'Froslass|75/404 par|[from] item: Leftovers","|turn|18","|","|move|p2a: Porygon2|Thunderbolt|p1a: Lil'Froslass","|-supereffective|p1a: Lil'Froslass","|-damage|p1a: Lil'Froslass|0 fnt","|faint|p1a: Lil'Froslass","|","|","|switch|p1a: Lil'Gengar|Gengar, F|261/261","|turn|19","|","|move|p1a: Lil'Gengar|Focus Blast|p2a: Porygon2","|-supereffective|p2a: Porygon2","|-damage|p2a: Porygon2|0 fnt","|faint|p2a: Porygon2","|","|","|switch|p2a: Meloetta|Meloetta|404/404","|turn|20","|","|move|p1a: Lil'Gengar|Focus Blast|p2a: Meloetta","|-damage|p2a: Meloetta|316/404","|move|p2a: Meloetta|Shadow Ball|p1a: Lil'Gengar","|-supereffective|p1a: Lil'Gengar","|-damage|p1a: Lil'Gengar|79/261","|","|turn|21","|","|move|p1a: Lil'Gengar|Focus Blast|p2a: Meloetta","|-damage|p2a: Meloetta|230/404","|move|p2a: Meloetta|Shadow Ball|p1a: Lil'Gengar","|-supereffective|p1a: Lil'Gengar","|-damage|p1a: Lil'Gengar|0 fnt","|faint|p1a: Lil'Gengar","|","|","|switch|p1a: Lil'Drifblim|Drifblim, M|441/441","|turn|22","|","|move|p1a: Lil'Drifblim|Knock Off|p2a: Meloetta","|-supereffective|p2a: Meloetta","|-damage|p2a: Meloetta|18/404","|-enditem|p2a: Meloetta|Assault Vest|[from] move: Knock Off|[of] p1a: Lil'Drifblim","|move|p2a: Meloetta|Shadow Ball|p1a: Lil'Drifblim","|-supereffective|p1a: Lil'Drifblim","|-damage|p1a: Lil'Drifblim|181/441","|","|turn|23","|","|move|p1a: Lil'Drifblim|Knock Off|p2a: Meloetta","|-supereffective|p2a: Meloetta","|-damage|p2a: Meloetta|0 fnt","|faint|p2a: Meloetta","|","|","|switch|p2a: Diggersby|Diggersby, M|312/312","|turn|24","|","|move|p2a: Diggersby|Quick Attack|p1a: Lil'Drifblim","|-immune|p1a: Lil'Drifblim|[msg]","|move|p1a: Lil'Drifblim|Will-O-Wisp|p2a: Diggersby","|-status|p2a: Diggersby|brn","|","|-damage|p2a: Diggersby|273/312 brn|[from] brn","|turn|25","|","|move|p2a: Diggersby|Quick Attack|p1a: Lil'Drifblim","|-immune|p1a: Lil'Drifblim|[msg]","|move|p1a: Lil'Drifblim|Knock Off|p2a: Diggersby","|-crit|p2a: Diggersby","|-damage|p2a: Diggersby|126/312 brn","|-enditem|p2a: Diggersby|Focus Sash|[from] move: Knock Off|[of] p1a: Lil'Drifblim","|","|-damage|p2a: Diggersby|87/312 brn|[from] brn","|turn|26","|","|move|p1a: Lil'Drifblim|Acrobatics|p2a: Diggersby","|-damage|p2a: Diggersby|0 fnt","|faint|p2a: Diggersby","|","|win|PоkеrKіd"],"p1rating":{"entryid":"7291630","serverid":"eos","formatid":"monotype","userid":"pkrkd","username":"PоkеrKіd","w":3,"l":"2","t":"0","gxe":52.1,"r":1493.5511291179,"rd":107.57859645538,"sigma":"0","rptime":1438592400,"rpr":1516.6375070894,"rprd":103.38062561901,"rpsigma":"0","acre":1087.3312089452,"lacre":1087.3312089452,"oldacre":"1059.2499930049"},"p2rating":{"entryid":"7340891","serverid":"eos","formatid":"monotype","userid":"sovereignspheal","username":"Sovereign Spheal","w":"2","l":9,"t":"0","gxe":34.3,"r":"1415.3420234971","rd":"102.38045528116","sigma":"0","rptime":"1438592400","rpr":1374.2221204766,"rprd":85.80796277307,"rpsigma":"0","acre":1012.8418554687,"lacre":1012.8418554687,"oldacre":"1025.2916855667"},"endType":"normal"}