{"seed":[65357,23093,10308,14059],"turns":25,"p1":"Inferno OverClass","p2":"Crystal Bronze0re","p1team":[{"name":"Weezing","species":"Weezing","item":"blacksludge","ability":"Levitate","moves":["clearsmog","stockpile","rest","sleeptalk"],"nature":"Bold","evs":{"hp":252,"atk":0,"def":252,"spa":4,"spd":0,"spe":0},"gender":"M","shiny":true,"ivs":{"hp":31,"atk":31,"def":31,"spa":31,"spd":31,"spe":31}},{"name":"Nidoking","species":"Nidoking","item":"lifeorb","ability":"Sheer Force","moves":["sludgewave","earthpower","icebeam","fireblast"],"nature":"Timid","evs":{"hp":0,"atk":0,"def":4,"spa":252,"spd":0,"spe":252},"shiny":true,"ivs":{"hp":31,"atk":31,"def":31,"spa":31,"spd":31,"spe":31}},{"name":"Gengar","species":"Gengar","item":"blacksludge","ability":"Levitate","moves":["psychic","taunt","willowisp","sludgewave"],"nature":"Timid","evs":{"hp":8,"atk":0,"def":0,"spa":248,"spd":0,"spe":252},"ivs":{"hp":31,"atk":31,"def":31,"spa":31,"spd":31,"spe":31}},{"name":"Toxicroak","species":"Toxicroak","item":"focussash","ability":"Poison Touch","moves":["swordsdance","fakeout","drainpunch","suckerpunch"],"nature":"Adamant","evs":{"hp":8,"atk":248,"def":0,"spa":0,"spd":0,"spe":252},"ivs":{"hp":31,"atk":31,"def":31,"spa":31,"spd":31,"spe":31}},{"name":"Venusaur","species":"Venusaur","item":"venusaurite","ability":"Chlorophyll","moves":["sleeppowder","gigadrain","leechseed","growth"],"nature":"Bold","evs":{"hp":252,"atk":0,"def":252,"spa":0,"spd":4,"spe":0},"ivs":{"hp":31,"atk":31,"def":31,"spa":31,"spd":31,"spe":31}},{"name":"Skuntank","species":"Skuntank","item":"assaultvest","ability":"Aftermath","moves":["foulplay","crunch","poisonjab","playrough"],"nature":"Adamant","evs":{"hp":16,"atk":228,"def":0,"spa":0,"spd":252,"spe":12},"ivs":{"hp":31,"atk":31,"def":31,"spa":31,"spd":31,"spe":31}}],"p2team":[{"name":"Magnemite","species":"Magnemite","item":"weaknesspolicy","ability":"Sturdy","moves":["thunderwave","voltswitch","flashcannon","hiddenpowerice"],"nature":"Modest","evs":{"hp":0,"atk":0,"def":0,"spa":252,"spd":0,"spe":252},"ivs":{"hp":31,"atk":30,"def":30,"spa":31,"spd":31,"spe":31}},{"name":"Garrison","species":"magnezone","item":"weaknesspolicy","ability":"Sturdy","moves":["voltswitch","flashcannon","mirrorcoat","thunderwave"],"nature":"Modest","evs":{"hp":0,"atk":0,"def":0,"spa":252,"spd":0,"spe":252},"shiny":true,"ivs":{"hp":31,"atk":31,"def":31,"spa":31,"spd":31,"spe":31}},{"name":"Magneton","species":"Magneton","item":"weaknesspolicy","ability":"Sturdy","moves":["voltswitch","thunderwave","flashcannon","triattack"],"nature":"Modest","evs":{"hp":0,"atk":0,"def":0,"spa":252,"spd":8,"spe":248},"shiny":true,"ivs":{"hp":31,"atk":31,"def":31,"spa":31,"spd":31,"spe":31}},{"name":"Thundurus","species":"Thundurus","item":"focussash","ability":"Prankster","moves":["nastyplot","voltswitch","thunderwave","hiddenpowerice"],"nature":"Modest","evs":{"hp":4,"atk":0,"def":0,"spa":252,"spd":0,"spe":252},"ivs":{"hp":31,"atk":30,"def":30,"spa":31,"spd":31,"spe":31}},{"name":"Galvantula","species":"Galvantula","item":"focussash","ability":"Compound Eyes","moves":["voltswitch","stickyweb","disable","bugbuzz"],"nature":"Timid","evs":{"hp":0,"atk":0,"def":0,"spa":252,"spd":4,"spe":252},"ivs":{"hp":31,"atk":31,"def":31,"spa":31,"spd":31,"spe":31}},{"name":"Lanturn","species":"Lanturn","item":"sitrusberry","ability":"Volt Absorb","moves":["scald","voltswitch","thunderwave","healbell"],"nature":"Modest","evs":{"hp":248,"atk":0,"def":0,"spa":252,"spd":8,"spe":0},"ivs":{"hp":31,"atk":31,"def":31,"spa":31,"spd":31,"spe":31}}],"log":["|player|p1|Inferno OverClass|110","|player|p2|Crystal Bronze0re|274","|gametype|singles","|gen|6","|tier|Monotype","|rated","|rule|Baton Pass Clause: Limit one Baton Passer, can't pass Spe and other stats simultaneously","|rule|Swagger Clause: Swagger is banned","|rule|Same Type Clause: Pokémon in a team must share a type","|clearpoke","|poke|p1|Weezing, M, shiny","|poke|p1|Nidoking, M, shiny","|poke|p1|Gengar, M","|poke|p1|Toxicroak, F","|poke|p1|Venusaur, F","|poke|p1|Skuntank, F","|poke|p2|Magnemite","|poke|p2|Magnezone, shiny","|poke|p2|Magneton, shiny","|poke|p2|Thundurus, M","|poke|p2|Galvantula, M","|poke|p2|Lanturn, F","|rule|Sleep Clause Mod: Limit one foe put to sleep","|rule|Species Clause: Limit one of each Pokémon","|rule|OHKO Clause: OHKO moves are banned","|rule|Moody Clause: Moody is banned","|rule|Evasion Moves Clause: Evasion moves are banned","|rule|Endless Battle Clause: Forcing endless battles is banned","|rule|HP Percentage Mod: HP is shown in percentages","|teampreview","|","|start","|switch|p1a: Toxicroak|Toxicroak, F|309/309","|switch|p2a: Magnemite|Magnemite|191/191","|turn|1","|","|move|p1a: Toxicroak|Fake Out|p2a: Magnemite","|-resisted|p2a: Magnemite","|-damage|p2a: Magnemite|163/191","|cant|p2a: Magnemite|flinch","|","|turn|2","|","|move|p1a: Toxicroak|Drain Punch|p2a: Magnemite","|-supereffective|p2a: Magnemite","|-damage|p2a: Magnemite|0 fnt","|faint|p2a: Magnemite","|","|","|switch|p2a: Magneton|Magneton, shiny|241/241","|turn|3","|","|move|p1a: Toxicroak|Drain Punch|p2a: Magneton","|-supereffective|p2a: Magneton","|-ability|p2a: Magneton|Sturdy","|-damage|p2a: Magneton|1/241","|-enditem|p2a: Magneton|Weakness Policy","|-boost|p2a: Magneton|atk|2|[from] item: Weakness Policy","|-boost|p2a: Magneton|spa|2|[from] item: Weakness Policy","|move|p2a: Magneton|Volt Switch|p1a: Toxicroak","|-crit|p1a: Toxicroak","|-enditem|p1a: Toxicroak|Focus Sash","|-damage|p1a: Toxicroak|1/309","|","|switch|p2a: Thundurus|Thundurus, M|300/300","|","|turn|4","|","|move|p2a: Thundurus|Thunder Wave|p1a: Toxicroak","|-status|p1a: Toxicroak|par","|move|p1a: Toxicroak|Sucker Punch|p2a: Thundurus","|-fail|p1a: Toxicroak","|","|turn|5","|","|move|p2a: Thundurus|Nasty Plot|p2a: Thundurus","|-boost|p2a: Thundurus|spa|2","|move|p1a: Toxicroak|Sucker Punch|p2a: Thundurus","|-fail|p1a: Toxicroak","|","|turn|6","|","|switch|p1a: Weezing|Weezing, M, shiny|334/334","|move|p2a: Thundurus|Hidden Power|p1a: Weezing","|-damage|p1a: Weezing|127/334","|","|-heal|p1a: Weezing|147/334|[from] item: Black Sludge","|turn|7","|","|move|p2a: Thundurus|Hidden Power|p1a: Weezing","|-damage|p1a: Weezing|0 fnt","|faint|p1a: Weezing","|","|","|switch|p1a: Nidoking|Nidoking, M, shiny|303/303","|turn|8","|","|move|p2a: Thundurus|Hidden Power|p1a: Nidoking","|-supereffective|p1a: Nidoking","|-damage|p1a: Nidoking|0 fnt","|faint|p1a: Nidoking","|","|","|switch|p1a: Venusaur|Venusaur, F|364/364","|turn|9","|","|detailschange|p1a: Venusaur|Venusaur-Mega, F","|-mega|p1a: Venusaur|Venusaur|Venusaurite","|move|p2a: Thundurus|Nasty Plot|p2a: Thundurus","|-boost|p2a: Thundurus|spa|2","|move|p1a: Venusaur|Sleep Powder|p2a: Thundurus|[miss]","|-miss|p1a: Venusaur|p2a: Thundurus","|","|turn|10","|","|move|p2a: Thundurus|Hidden Power|p1a: Venusaur","|-supereffective|p1a: Venusaur","|-damage|p1a: Venusaur|172/364","|move|p1a: Venusaur|Sleep Powder|p2a: Thundurus","|-status|p2a: Thundurus|slp","|","|turn|11","|","|cant|p2a: Thundurus|slp","|move|p1a: Venusaur|Leech Seed|p2a: Thundurus","|-start|p2a: Thundurus|move: Leech Seed","|","|-damage|p2a: Thundurus|263/300 slp|[from] Leech Seed|[of] p1a: Venusaur","|-heal|p1a: Venusaur|209/364|[silent]","|turn|12","|","|cant|p2a: Thundurus|slp","|move|p1a: Venusaur|Giga Drain|p2a: Thundurus","|-crit|p2a: Thundurus","|-resisted|p2a: Thundurus","|-damage|p2a: Thundurus|176/300 slp","|-heal|p1a: Venusaur|253/364|[from] drain|[of] p2a: Thundurus","|","|-damage|p2a: Thundurus|139/300 slp|[from] Leech Seed|[of] p1a: Venusaur","|-heal|p1a: Venusaur|290/364|[silent]","|turn|13","|","|-curestatus|p2a: Thundurus|slp","|move|p2a: Thundurus|Hidden Power|p1a: Venusaur","|-supereffective|p1a: Venusaur","|-damage|p1a: Venusaur|98/364","|move|p1a: Venusaur|Giga Drain|p2a: Thundurus","|-resisted|p2a: Thundurus","|-damage|p2a: Thundurus|79/300","|-heal|p1a: Venusaur|128/364|[from] drain|[of] p2a: Thundurus","|","|-damage|p2a: Thundurus|42/300|[from] Leech Seed|[of] p1a: Venusaur","|-heal|p1a: Venusaur|165/364|[silent]","|turn|14","|","|move|p2a: Thundurus|Hidden Power|p1a: Venusaur","|-supereffective|p1a: Venusaur","|-damage|p1a: Venusaur|0 fnt","|faint|p1a: Venusaur","|","|","|switch|p1a: Toxicroak|Toxicroak, F|1/309 par","|turn|15","|","|cant|p1a: Toxicroak|par","|move|p2a: Thundurus|Volt Switch|p1a: Toxicroak","|-damage|p1a: Toxicroak|0 fnt","|faint|p1a: Toxicroak","|","|switch|p2a: Galvantula|Galvantula, M|281/281","|","|","|switch|p1a: Skuntank|Skuntank, F|351/351","|turn|16","|","|move|p2a: Galvantula|Bug Buzz|p1a: Skuntank","|-damage|p1a: Skuntank|266/351","|move|p1a: Skuntank|Crunch|p2a: Galvantula","|-damage|p2a: Galvantula|112/281","|","|turn|17","|","|move|p2a: Galvantula|Disable|p1a: Skuntank","|-start|p1a: Skuntank|Disable|Crunch","|move|p1a: Skuntank|Poison Jab|p2a: Galvantula","|-damage|p2a: Galvantula|0 fnt","|faint|p2a: Galvantula","|","|","|switch|p2a: Garrison|Magnezone, shiny|281/281","|turn|18","|","|move|p2a: Garrison|Thunder Wave|p1a: Skuntank","|-status|p1a: Skuntank|par","|move|p1a: Skuntank|Foul Play|p2a: Garrison","|-damage|p2a: Garrison|212/281","|","|turn|19","|","|move|p2a: Garrison|Flash Cannon|p1a: Skuntank","|-damage|p1a: Skuntank|163/351 par","|move|p1a: Skuntank|Foul Play|p2a: Garrison","|-damage|p2a: Garrison|143/281","|","|turn|20","|","|switch|p1a: Gengar|Gengar, M|263/263","|move|p2a: Garrison|Flash Cannon|p1a: Gengar","|-damage|p1a: Gengar|67/263","|","|-heal|p1a: Gengar|83/263|[from] item: Black Sludge","|turn|21","|","|move|p1a: Gengar|Will-O-Wisp|p2a: Garrison","|-status|p2a: Garrison|brn","|move|p2a: Garrison|Thunder Wave|p1a: Gengar","|-status|p1a: Gengar|par","|","|-heal|p1a: Gengar|99/263 par|[from] item: Black Sludge","|-damage|p2a: Garrison|108/281 brn|[from] brn","|turn|22","|","|move|p2a: Garrison|Volt Switch|p1a: Gengar","|-damage|p1a: Gengar|0 fnt","|faint|p1a: Gengar","|","|switch|p2a: Magneton|Magneton, shiny|1/241","|","|","|switch|p1a: Skuntank|Skuntank, F|163/351 par","|turn|23","|","|move|p2a: Magneton|Volt Switch|p1a: Skuntank","|-damage|p1a: Skuntank|72/351 par","|","|switch|p2a: Lanturn|Lanturn, F|453/453","|move|p1a: Skuntank|Crunch|p2a: Lanturn","|-damage|p2a: Lanturn|257/453","|","|turn|24","|","|move|p2a: Lanturn|Volt Switch|p1a: Skuntank","|-damage|p1a: Skuntank|6/351 par","|","|switch|p2a: Garrison|Magnezone, shiny|108/281 brn","|move|p1a: Skuntank|Crunch|p2a: Garrison","|-damage|p2a: Garrison|8/281 brn","|","|-damage|p2a: Garrison|0 fnt|[from] brn","|faint|p2a: Garrison","|","|switch|p2a: Magneton|Magneton, shiny|1/241","|turn|25","|","|move|p2a: Magneton|Tri Attack|p1a: Skuntank","|-damage|p1a: Skuntank|0 fnt","|faint|p1a: Skuntank","|","|win|Crystal Bronze0re"],"p1rating":{"entryid":"7012653","serverid":"eos","formatid":"monotype","userid":"infernooverclass","username":"Inferno OverClass","w":"14","l":29,"t":"0","gxe":34.2,"r":"1374.1644409085","rd":"55.306236495597","sigma":"0","rptime":"1438592400","rpr":1375.1531908182,"rprd":53.740067079772,"rpsigma":"0","acre":1035.9906806189,"lacre":1035.9906806189,"oldacre":"1047.2562565016"},"p2rating":{"entryid":"6377401","serverid":"eos","formatid":"monotype","userid":"crystalbronze0re","username":"Crystal Bronze0re","w":115,"l":"93","t":"0","gxe":54.8,"r":"1529.2615374176","rd":"35.811951388328","sigma":"0","rptime":"1438592400","rpr":1536.2671686785,"rprd":35.514977987019,"rpsigma":"0","acre":1187.0560818835,"lacre":1187.0560818835,"oldacre":"1170.5747985014"},"endType":"normal"}