{"seed":[36985,23255,13503,3763],"turns":26,"p1":"Prof. Nightmare","p2":"HB of 300","p1team":[{"name":"Smeargle","species":"Smeargle","item":"focussash","ability":"Own Tempo","moves":["spikes","stealthrock","spore","stickyweb"],"nature":"Timid","evs":{"hp":248,"atk":0,"def":0,"spa":0,"spd":8,"spe":252},"shiny":true,"ivs":{"hp":31,"atk":31,"def":31,"spa":31,"spd":31,"spe":31}},{"name":"Ambipom","species":"Ambipom","item":"lifeorb","ability":"Technician","moves":["poweruppunch","fakeout","knockoff","protect"],"nature":"Jolly","evs":{"hp":0,"atk":252,"def":0,"spa":0,"spd":4,"spe":252},"ivs":{"hp":31,"atk":31,"def":31,"spa":31,"spd":31,"spe":31}},{"name":"Meloetta","species":"Meloetta","item":"assaultvest","ability":"Serene Grace","moves":["chargebeam","dazzlinggleam","psyshock","shadowball"],"nature":"Bold","evs":{"hp":252,"atk":0,"def":252,"spa":0,"spd":0,"spe":4},"ivs":{"hp":31,"atk":31,"def":31,"spa":31,"spd":31,"spe":31}},{"name":"Ditto","species":"Ditto","item":"choicescarf","ability":"Imposter","moves":["transform"],"nature":"Bold","evs":{"hp":248,"atk":0,"def":252,"spa":0,"spd":8,"spe":0},"ivs":{"hp":31,"atk":31,"def":31,"spa":31,"spd":31,"spe":31}},{"name":"Chansey","species":"Chansey","item":"eviolite","ability":"Natural Cure","moves":["seismictoss","softboiled","toxic","counter"],"nature":"Bold","evs":{"hp":252,"atk":0,"def":252,"spa":0,"spd":4,"spe":0},"ivs":{"hp":31,"atk":31,"def":31,"spa":31,"spd":31,"spe":31}},{"name":"Lopunny","species":"Lopunny","item":"lopunnite","ability":"Cute Charm","moves":["fakeout","highjumpkick","return","thunderpunch"],"nature":"Jolly","evs":{"hp":0,"atk":252,"def":0,"spa":0,"spd":4,"spe":252},"gender":"F","ivs":{"hp":31,"atk":31,"def":31,"spa":31,"spd":31,"spe":31}}],"p2team":[{"name":"Garchomp","species":"Garchomp","item":"leftovers","ability":"Rough Skin","moves":["dragonclaw","earthquake","substitute","swordsdance"],"nature":"Jolly","evs":{"hp":12,"atk":244,"def":0,"spa":0,"spd":0,"spe":252},"ivs":{"hp":31,"atk":31,"def":31,"spa":31,"spd":31,"spe":31}},{"name":"Gliscor","species":"Gliscor","item":"toxicorb","ability":"Poison Heal","moves":["earthquake","knockoff","roost","swordsdance"],"nature":"Careful","evs":{"hp":244,"atk":0,"def":4,"spa":0,"spd":200,"spe":60},"ivs":{"hp":31,"atk":31,"def":31,"spa":31,"spd":31,"spe":31}},{"name":"Landorus","species":"Landorus","item":"lifeorb","ability":"Sheer Force","moves":["earthpower","psychic","focusblast","hiddenpowerice"],"nature":"Timid","evs":{"hp":0,"atk":0,"def":0,"spa":252,"spd":4,"spe":252},"ivs":{"hp":31,"atk":30,"def":30,"spa":31,"spd":31,"spe":31}},{"name":"Swampert","species":"Swampert","item":"rockyhelmet","ability":"Torrent","moves":["scald","stealthrock","toxic","earthquake"],"nature":"Relaxed","evs":{"hp":240,"atk":16,"def":252,"spa":0,"spd":0,"spe":0},"ivs":{"hp":31,"atk":31,"def":31,"spa":31,"spd":31,"spe":31}},{"name":"Camerupt","species":"Camerupt","item":"cameruptite","ability":"Solid Rock","moves":["willowisp","flamethrower","earthpower","ancientpower"],"nature":"Calm","evs":{"hp":248,"atk":0,"def":0,"spa":0,"spd":176,"spe":84},"ivs":{"hp":31,"atk":31,"def":31,"spa":31,"spd":31,"spe":31}},{"name":"Excadrill","species":"Excadrill","item":"assaultvest","ability":"Mold Breaker","moves":["earthquake","ironhead","rockslide","rapidspin"],"nature":"Careful","evs":{"hp":212,"atk":4,"def":0,"spa":0,"spd":252,"spe":40},"ivs":{"hp":31,"atk":31,"def":31,"spa":31,"spd":31,"spe":31}}],"log":["|player|p1|Prof. Nightmare|167","|player|p2|HB of 300|swlhb.gif","|gametype|singles","|gen|6","|tier|Monotype","|rated","|rule|Baton Pass Clause: Limit one Baton Passer, can't pass Spe and other stats simultaneously","|rule|Swagger Clause: Swagger is banned","|rule|Same Type Clause: Pokémon in a team must share a type","|clearpoke","|poke|p1|Smeargle, M, shiny","|poke|p1|Ambipom, M","|poke|p1|Meloetta","|poke|p1|Ditto","|poke|p1|Chansey, F","|poke|p1|Lopunny, F","|poke|p2|Garchomp, F","|poke|p2|Gliscor, F","|poke|p2|Landorus, M","|poke|p2|Swampert, M","|poke|p2|Camerupt, F","|poke|p2|Excadrill, F","|rule|Sleep Clause Mod: Limit one foe put to sleep","|rule|Species Clause: Limit one of each Pokémon","|rule|OHKO Clause: OHKO moves are banned","|rule|Moody Clause: Moody is banned","|rule|Evasion Moves Clause: Evasion moves are banned","|rule|Endless Battle Clause: Forcing endless battles is banned","|rule|HP Percentage Mod: HP is shown in percentages","|teampreview","|","|start","|switch|p1a: Smeargle|Smeargle, M, shiny|313/313","|switch|p2a: Swampert|Swampert, M|401/401","|turn|1","|","|move|p1a: Smeargle|Spore|p2a: Swampert","|-status|p2a: Swampert|slp","|cant|p2a: Swampert|slp","|","|turn|2","|","|switch|p2a: Garchomp|Garchomp, F|360/360","|move|p1a: Smeargle|Sticky Web|p2a: Garchomp","|-sidestart|p2: HB of 300|move: Sticky Web","|","|turn|3","|","|move|p2a: Garchomp|Substitute|p2a: Garchomp","|-start|p2a: Garchomp|Substitute","|-damage|p2a: Garchomp|270/360","|move|p1a: Smeargle|Stealth Rock|p2a: Garchomp","|-sidestart|p2: HB of 300|move: Stealth Rock","|","|-heal|p2a: Garchomp|292/360|[from] item: Leftovers","|turn|4","|","|move|p2a: Garchomp|Swords Dance|p2a: Garchomp","|-boost|p2a: Garchomp|atk|2","|move|p1a: Smeargle|Spikes|p2a: Garchomp","|-sidestart|p2: HB of 300|Spikes","|","|-heal|p2a: Garchomp|314/360|[from] item: Leftovers","|turn|5","|","|move|p2a: Garchomp|Earthquake|p1a: Smeargle","|-enditem|p1a: Smeargle|Focus Sash","|-damage|p1a: Smeargle|1/313","|move|p1a: Smeargle|Spikes|p2a: Garchomp","|-sidestart|p2: HB of 300|Spikes","|","|-heal|p2a: Garchomp|336/360|[from] item: Leftovers","|turn|6","|","|move|p2a: Garchomp|Earthquake|p1a: Smeargle","|-damage|p1a: Smeargle|0 fnt","|faint|p1a: Smeargle","|","|-heal|p2a: Garchomp|358/360|[from] item: Leftovers","|","|switch|p1a: Ditto|Ditto|299/299","|turn|7","|","|switch|p1a: Meloetta|Meloetta|404/404","|move|p2a: Garchomp|Earthquake|p1a: Meloetta","|-damage|p1a: Meloetta|109/404","|","|-heal|p2a: Garchomp|360/360|[from] item: Leftovers","|turn|8","|","|move|p2a: Garchomp|Earthquake|p1a: Meloetta","|-damage|p1a: Meloetta|0 fnt","|faint|p1a: Meloetta","|","|","|switch|p1a: Ambipom|Ambipom, M|291/291","|turn|9","|","|move|p1a: Ambipom|Fake Out|p2a: Garchomp","|-end|p2a: Garchomp|Substitute","|-damage|p1a: Ambipom|262/291|[from] item: Life Orb","|move|p2a: Garchomp|Earthquake|p1a: Ambipom","|-crit|p1a: Ambipom","|-damage|p1a: Ambipom|0 fnt","|faint|p1a: Ambipom","|","|","|switch|p1a: Ditto|Ditto|299/299","|-transform|p1a: Ditto|p2a: Garchomp","|turn|10","|","|switch|p2a: Swampert|Swampert, M|401/401 slp","|-activate|p2a: Swampert|move: Sticky Web","|-unboost|p2a: Swampert|spe|1","|-damage|p2a: Swampert|376/401 slp|[from] Stealth Rock","|-damage|p2a: Swampert|310/401 slp|[from] Spikes","|move|p1a: Ditto|Dragon Claw|p2a: Swampert","|-damage|p2a: Swampert|96/401 slp","|-damage|p1a: Ditto|250/299|[from] item: Rocky Helmet|[of] p2a: Swampert","|","|turn|11","|","|move|p1a: Ditto|Dragon Claw|p2a: Swampert","|-damage|p2a: Swampert|0 fnt","|-damage|p1a: Ditto|201/299|[from] item: Rocky Helmet|[of] p2a: Swampert","|faint|p2a: Swampert","|","|","|switch|p2a: Excadrill|Excadrill, F|414/414","|-activate|p2a: Excadrill|move: Sticky Web","|-unboost|p2a: Excadrill|spe|1","|-damage|p2a: Excadrill|402/414|[from] Stealth Rock","|-damage|p2a: Excadrill|333/414|[from] Spikes","|-ability|p2a: Excadrill|Mold Breaker","|turn|12","|","|move|p1a: Ditto|Dragon Claw|p2a: Excadrill","|-resisted|p2a: Excadrill","|-damage|p2a: Excadrill|107/414","|move|p2a: Excadrill|Rapid Spin|p1a: Ditto","|-damage|p1a: Ditto|179/299","|-damage|p2a: Excadrill|56/414|[from] ability: Rough Skin|[of] p1a: Ditto","|-sideend|p2: HB of 300|Spikes|[from] move: Rapid Spin|[of] p2a: Excadrill","|-sideend|p2: HB of 300|Stealth Rock|[from] move: Rapid Spin|[of] p2a: Excadrill","|-sideend|p2: HB of 300|Sticky Web|[from] move: Rapid Spin|[of] p2a: Excadrill","|","|turn|13","|","|move|p1a: Ditto|Dragon Claw|p2a: Excadrill","|-resisted|p2a: Excadrill","|-damage|p2a: Excadrill|0 fnt","|faint|p2a: Excadrill","|","|","|switch|p2a: Camerupt|Camerupt, F|343/343","|turn|14","|","|switch|p1a: Chansey|Chansey, F|704/704","|detailschange|p2a: Camerupt|Camerupt-Mega, F","|-mega|p2a: Camerupt|Camerupt|Cameruptite","|move|p2a: Camerupt|Will-O-Wisp|p1a: Chansey","|-status|p1a: Chansey|brn","|","|-damage|p1a: Chansey|616/704 brn|[from] brn","|turn|15","|","|switch|p2a: Gliscor|Gliscor, F|352/352","|move|p1a: Chansey|Toxic|p2a: Gliscor","|-status|p2a: Gliscor|tox","|","|-damage|p1a: Chansey|528/704 brn|[from] brn","|turn|16","|","|move|p2a: Gliscor|Knock Off|p1a: Chansey","|-damage|p1a: Chansey|438/704 brn","|-enditem|p1a: Chansey|Eviolite|[from] move: Knock Off|[of] p2a: Gliscor","|move|p1a: Chansey|Counter|p2a: Gliscor","|-damage|p2a: Gliscor|172/352 tox","|","|-heal|p2a: Gliscor|216/352 tox|[from] ability: Poison Heal","|-damage|p1a: Chansey|350/704 brn|[from] brn","|turn|17","|","|move|p2a: Gliscor|Swords Dance|p2a: Gliscor","|-boost|p2a: Gliscor|atk|2","|move|p1a: Chansey|Soft-Boiled|p1a: Chansey","|-heal|p1a: Chansey|702/704 brn","|","|-heal|p2a: Gliscor|260/352 tox|[from] ability: Poison Heal","|-damage|p1a: Chansey|614/704 brn|[from] brn","|turn|18","|","|switch|p1a: Ditto|Ditto|179/299","|-transform|p1a: Ditto|p2a: Gliscor","|move|p2a: Gliscor|Roost|p2a: Gliscor","|-heal|p2a: Gliscor|352/352 tox","|","|turn|19","|","|move|p1a: Ditto|Knock Off|p2a: Gliscor","|-damage|p2a: Gliscor|235/352 tox","|-enditem|p2a: Gliscor|Toxic Orb|[from] move: Knock Off|[of] p1a: Ditto","|move|p2a: Gliscor|Knock Off|p1a: Ditto","|-damage|p1a: Ditto|56/299","|-enditem|p1a: Ditto|Choice Scarf|[from] move: Knock Off|[of] p2a: Gliscor","|","|-heal|p2a: Gliscor|279/352 tox|[from] ability: Poison Heal","|turn|20","|","|move|p2a: Gliscor|Knock Off|p1a: Ditto","|-damage|p1a: Ditto|0 fnt","|faint|p1a: Ditto","|","|-heal|p2a: Gliscor|323/352 tox|[from] ability: Poison Heal","|","|switch|p1a: Lopunny|Lopunny, F|271/271","|turn|21","|","|detailschange|p1a: Lopunny|Lopunny-Mega, F","|-mega|p1a: Lopunny|Lopunny|Lopunnite","|move|p1a: Lopunny|Fake Out|p2a: Gliscor","|-damage|p2a: Gliscor|257/352 tox","|cant|p2a: Gliscor|flinch","|","|-heal|p2a: Gliscor|301/352 tox|[from] ability: Poison Heal","|turn|22","|","|switch|p1a: Chansey|Chansey, F|614/704","|move|p2a: Gliscor|Earthquake|p1a: Chansey","|-damage|p1a: Chansey|200/704","|","|-heal|p2a: Gliscor|345/352 tox|[from] ability: Poison Heal","|turn|23","|","|move|p2a: Gliscor|Earthquake|p1a: Chansey","|-damage|p1a: Chansey|0 fnt","|faint|p1a: Chansey","|","|-heal|p2a: Gliscor|352/352 tox|[from] ability: Poison Heal","|","|switch|p1a: Lopunny|Lopunny-Mega, F|271/271","|turn|24","|","|move|p1a: Lopunny|Fake Out|p2a: Gliscor","|-damage|p2a: Gliscor|294/352 tox","|cant|p2a: Gliscor|flinch","|","|-heal|p2a: Gliscor|338/352 tox|[from] ability: Poison Heal","|turn|25","|","|move|p1a: Lopunny|Return|p2a: Gliscor","|-damage|p2a: Gliscor|196/352 tox","|move|p2a: Gliscor|Earthquake|p1a: Lopunny","|-damage|p1a: Lopunny|21/271","|","|-heal|p2a: Gliscor|240/352 tox|[from] ability: Poison Heal","|turn|26","|","|move|p1a: Lopunny|Return|p2a: Gliscor","|-damage|p2a: Gliscor|90/352 tox","|move|p2a: Gliscor|Earthquake|p1a: Lopunny","|-crit|p1a: Lopunny","|-damage|p1a: Lopunny|0 fnt","|faint|p1a: Lopunny","|","|win|HB of 300"],"p1rating":{"entryid":"6844732","serverid":"eos","formatid":"monotype","userid":"profnightmare","username":"Prof. Nightmare","w":"16","l":21,"t":"0","gxe":44.9,"r":"1471.4936202776","rd":"62.65334723025","sigma":"0","rptime":"1438506000","rpr":1461.1607449416,"rprd":59.973444076348,"rpsigma":"0","acre":1057.4587003836,"lacre":1057.4587003836,"oldacre":"1076.163957798"},"p2rating":{"entryid":"7355565","serverid":"eos","formatid":"monotype","userid":"hbof300","username":"HB of 300","w":5,"l":"1","t":"0","gxe":64.2,"r":"1500","rd":"130","sigma":"0","rptime":"1438506000","rpr":1614.0120007072,"rprd":99.627702522062,"rpsigma":"0","acre":1142.3285189167,"lacre":1142.3285189167,"oldacre":"1120.5016669087"},"endType":"normal"}