{"seed":[15568,48911,40611,34312],"turns":24,"p1":"Knight♕Miku","p2":"Inferno Mamoswine","p1team":[{"name":"Amphy","species":"ampharos","item":"ampharosite","ability":"Static","moves":["toxic","healbell","powergem","dragonpulse"],"nature":"Calm","evs":{"hp":248,"atk":0,"def":0,"spa":8,"spd":252,"spe":0},"gender":"M","shiny":true,"ivs":{"hp":31,"atk":31,"def":31,"spa":31,"spd":31,"spe":31}},{"name":"Spooky","species":"rotomwash","item":"leftovers","ability":"Levitate","moves":["willowisp","voltswitch","hydropump","painsplit"],"nature":"Bold","evs":{"hp":252,"atk":0,"def":252,"spa":4,"spd":0,"spe":0},"ivs":{"hp":31,"atk":31,"def":31,"spa":31,"spd":31,"spe":31}},{"name":"Palmtop Tiger","species":"raikou","item":"choicespecs","ability":"Pressure","moves":["hiddenpowerice","extrasensory","thunderbolt","shadowball"],"nature":"Timid","evs":{"hp":0,"atk":0,"def":0,"spa":252,"spd":4,"spe":252},"ivs":{"hp":31,"atk":30,"def":30,"spa":31,"spd":31,"spe":31},"shiny":true},{"name":"Kami-sama","species":"thundurus","item":"lifeorb","ability":"Prankster","moves":["thunderwave","uturn","grassknot","taunt"],"nature":"Hasty","evs":{"hp":0,"atk":20,"def":0,"spa":252,"spd":0,"spe":23},"ivs":{"hp":31,"atk":31,"def":31,"spa":31,"spd":31,"spe":31}},{"name":"Fluffy","species":"electivire","item":"choicescarf","ability":"Vital Spirit","moves":["voltswitch","earthquake","icepunch","rockslide"],"nature":"Naive","evs":{"hp":0,"atk":252,"def":0,"spa":4,"spd":0,"spe":252},"ivs":{"hp":31,"atk":31,"def":31,"spa":31,"spd":31,"spe":31}},{"name":"Zappy","species":"zapdos","item":"leftovers","ability":"Pressure","moves":["heatwave","roost","defog","discharge"],"nature":"Calm","evs":{"hp":252,"atk":0,"def":0,"spa":4,"spd":252,"spe":0},"ivs":{"hp":31,"atk":31,"def":31,"spa":31,"spd":31,"spe":31}}],"p2team":[{"name":"Torkoal","species":"Torkoal","item":"leftovers","ability":"White Smoke","moves":["stealthrock","rapidspin","clearsmog","toxic"],"nature":"Bold","evs":{"hp":252,"atk":0,"def":252,"spa":4,"spd":0,"spe":0},"ivs":{"hp":31,"atk":31,"def":31,"spa":31,"spd":31,"spe":31}},{"name":"Rotom-Heat","species":"Rotom-Heat","item":"lightclay","ability":"Levitate","moves":["reflect","lightscreen","sunnyday","voltswitch"],"nature":"Calm","evs":{"hp":252,"atk":0,"def":4,"spa":0,"spd":252,"spe":0},"shiny":true,"ivs":{"hp":31,"atk":31,"def":31,"spa":31,"spd":31,"spe":31}},{"name":"Charizard","species":"Charizard","item":"charizarditex","ability":"Blaze","moves":["dragondance","dragonclaw","earthquake","flareblitz"],"nature":"Adamant","evs":{"hp":0,"atk":252,"def":0,"spa":0,"spd":4,"spe":252},"shiny":true,"ivs":{"hp":31,"atk":31,"def":31,"spa":31,"spd":31,"spe":31}},{"name":"Delphox","species":"Delphox","item":"choicescarf","ability":"Blaze","moves":["dazzlinggleam","fireblast","psychic","grassknot"],"nature":"Timid","evs":{"hp":0,"atk":0,"def":0,"spa":252,"spd":4,"spe":252},"ivs":{"hp":31,"atk":31,"def":31,"spa":31,"spd":31,"spe":31}},{"name":"Volcarona","species":"Volcarona","item":"focussash","ability":"Flame Body","moves":["quiverdance","hiddenpowerice","bugbuzz","fierydance"],"nature":"Modest","evs":{"hp":0,"atk":0,"def":0,"spa":252,"spd":4,"spe":252},"ivs":{"hp":31,"atk":30,"def":30,"spa":31,"spd":31,"spe":31},"shiny":true},{"name":"Infernape","species":"Infernape","item":"lifeorb","ability":"Iron Fist","moves":["machpunch","closecombat","flareblitz","earthquake"],"nature":"Jolly","evs":{"hp":0,"atk":252,"def":0,"spa":0,"spd":4,"spe":252},"ivs":{"hp":31,"atk":31,"def":31,"spa":31,"spd":31,"spe":31}}],"log":["|player|p1|Knight♕Miku|gtxbronze.gif","|player|p2|Inferno Mamoswine|170","|gametype|singles","|gen|6","|tier|Monotype","|rated","|rule|Baton Pass Clause: Limit one Baton Passer, can't pass Spe and other stats simultaneously","|rule|Swagger Clause: Swagger is banned","|rule|Same Type Clause: Pokémon in a team must share a type","|clearpoke","|poke|p1|Ampharos, M, shiny","|poke|p1|Rotom-Wash","|poke|p1|Raikou, shiny","|poke|p1|Thundurus, M","|poke|p1|Electivire, M","|poke|p1|Zapdos","|poke|p2|Torkoal, F","|poke|p2|Rotom-Heat, shiny","|poke|p2|Charizard, M, shiny","|poke|p2|Delphox, F","|poke|p2|Volcarona, F, shiny","|poke|p2|Infernape, F","|rule|Sleep Clause Mod: Limit one foe put to sleep","|rule|Species Clause: Limit one of each Pokémon","|rule|OHKO Clause: OHKO moves are banned","|rule|Moody Clause: Moody is banned","|rule|Evasion Moves Clause: Evasion moves are banned","|rule|Endless Battle Clause: Forcing endless battles is banned","|rule|HP Percentage Mod: HP is shown in percentages","|teampreview","|","|start","|switch|p1a: Kami-sama|Thundurus, M|299/299","|switch|p2a: Rotom-Heat|Rotom-Heat, shiny|304/304","|turn|1","|","|move|p1a: Kami-sama|Taunt|p2a: Rotom-Heat","|-start|p2a: Rotom-Heat|move: Taunt","|cant|p2a: Rotom-Heat|move: Taunt|Light Screen","|","|turn|2","|","|switch|p2a: Infernape|Infernape, F|293/293","|move|p1a: Kami-sama|U-turn|p2a: Infernape","|-resisted|p2a: Infernape","|-damage|p2a: Infernape|267/293","|-damage|p1a: Kami-sama|270/299|[from] item: Life Orb","|","|switch|p1a: Fluffy|Electivire, M|291/291","|","|turn|3","|","|move|p1a: Fluffy|Rock Slide|p2a: Infernape","|-damage|p2a: Infernape|156/293","|move|p2a: Infernape|Earthquake|p1a: Fluffy","|-supereffective|p1a: Fluffy","|-damage|p1a: Fluffy|0 fnt","|-damage|p2a: Infernape|127/293|[from] item: Life Orb","|faint|p1a: Fluffy","|","|","|switch|p1a: Palmtop Tiger|Raikou, shiny|321/321","|-ability|p1a: Palmtop Tiger|Pressure","|turn|4","|","|move|p1a: Palmtop Tiger|Extrasensory|p2a: Infernape","|-supereffective|p2a: Infernape","|-damage|p2a: Infernape|0 fnt","|faint|p2a: Infernape","|","|","|switch|p2a: Delphox|Delphox, F|291/291","|turn|5","|","|switch|p1a: Zappy|Zapdos|384/384","|-ability|p1a: Zappy|Pressure","|move|p2a: Delphox|Fire Blast|p1a: Zappy","|-damage|p1a: Zappy|240/384","|","|-heal|p1a: Zappy|264/384|[from] item: Leftovers","|turn|6","|","|switch|p2a: Rotom-Heat|Rotom-Heat, shiny|304/304","|move|p1a: Zappy|Discharge|p2a: Rotom-Heat","|-resisted|p2a: Rotom-Heat","|-damage|p2a: Rotom-Heat|265/304","|","|-heal|p1a: Zappy|288/384|[from] item: Leftovers","|turn|7","|","|move|p1a: Zappy|Defog|p2a: Rotom-Heat","|-unboost|p2a: Rotom-Heat|evasion|1","|move|p2a: Rotom-Heat|Light Screen|p2a: Rotom-Heat","|-sidestart|p2: Inferno Mamoswine|move: Light Screen","|","|-heal|p1a: Zappy|312/384|[from] item: Leftovers","|turn|8","|","|switch|p2a: Volcarona|Volcarona, F, shiny|311/311","|move|p1a: Zappy|Defog|p2a: Volcarona","|-unboost|p2a: Volcarona|evasion|1","|-sideend|p2: Inferno Mamoswine|move: Light Screen","|","|-heal|p1a: Zappy|336/384|[from] item: Leftovers","|turn|9","|","|switch|p1a: Amphy|Ampharos, M, shiny|383/383","|move|p2a: Volcarona|Quiver Dance|p2a: Volcarona","|-boost|p2a: Volcarona|spa|1","|-boost|p2a: Volcarona|spd|1","|-boost|p2a: Volcarona|spe|1","|","|turn|10","|","|detailschange|p1a: Amphy|Ampharos-Mega, M, shiny","|-mega|p1a: Amphy|Ampharos|Ampharosite","|-ability|p1a: Amphy|Mold Breaker","|move|p2a: Volcarona|Hidden Power|p1a: Amphy","|-supereffective|p1a: Amphy","|-damage|p1a: Amphy|217/383","|move|p1a: Amphy|Power Gem|p2a: Volcarona","|-supereffective|p2a: Volcarona","|-damage|p2a: Volcarona|59/311","|","|turn|11","|","|move|p2a: Volcarona|Bug Buzz|p1a: Amphy","|-damage|p1a: Amphy|22/383","|move|p1a: Amphy|Power Gem|p2a: Volcarona","|-supereffective|p2a: Volcarona","|-damage|p2a: Volcarona|0 fnt","|faint|p2a: Volcarona","|","|","|switch|p2a: Charizard|Charizard, M, shiny|297/297","|turn|12","|","|detailschange|p2a: Charizard|Charizard-Mega-X, M, shiny","|-mega|p2a: Charizard|Charizard|Charizardite X","|move|p2a: Charizard|Dragon Claw|p1a: Amphy","|-supereffective|p1a: Amphy","|-damage|p1a: Amphy|0 fnt","|faint|p1a: Amphy","|","|","|switch|p1a: Kami-sama|Thundurus, M|270/299","|turn|13","|","|switch|p2a: Delphox|Delphox, F|291/291","|move|p1a: Kami-sama|Thunder Wave|p2a: Delphox","|-status|p2a: Delphox|par","|","|turn|14","|","|move|p1a: Kami-sama|U-turn|p2a: Delphox","|-damage|p2a: Delphox|188/291 par","|-damage|p1a: Kami-sama|241/299|[from] item: Life Orb","|","|switch|p1a: Spooky|Rotom-Wash|304/304","|move|p2a: Delphox|Fire Blast|p1a: Spooky","|-resisted|p1a: Spooky","|-damage|p1a: Spooky|220/304","|","|-heal|p1a: Spooky|239/304|[from] item: Leftovers","|turn|15","|","|switch|p2a: Torkoal|Torkoal, F|344/344","|move|p1a: Spooky|Hydro Pump|p2a: Torkoal","|-supereffective|p2a: Torkoal","|-damage|p2a: Torkoal|0 fnt","|faint|p2a: Torkoal","|","|-heal|p1a: Spooky|258/304|[from] item: Leftovers","|","|switch|p2a: Rotom-Heat|Rotom-Heat, shiny|265/304","|turn|16","|","|move|p1a: Spooky|Hydro Pump|p2a: Rotom-Heat","|-supereffective|p2a: Rotom-Heat","|-damage|p2a: Rotom-Heat|77/304","|move|p2a: Rotom-Heat|Light Screen|p2a: Rotom-Heat","|-sidestart|p2: Inferno Mamoswine|move: Light Screen","|","|-heal|p1a: Spooky|277/304|[from] item: Leftovers","|turn|17","|","|move|p1a: Spooky|Hydro Pump|p2a: Rotom-Heat","|-supereffective|p2a: Rotom-Heat","|-damage|p2a: Rotom-Heat|0 fnt","|faint|p2a: Rotom-Heat","|","|-heal|p1a: Spooky|296/304|[from] item: Leftovers","|","|switch|p2a: Charizard|Charizard-Mega-X, M, shiny|297/297","|turn|18","|","|move|p2a: Charizard|Dragon Dance|p2a: Charizard","|-boost|p2a: Charizard|atk|1","|-boost|p2a: Charizard|spe|1","|move|p1a: Spooky|Volt Switch|p2a: Charizard","|-resisted|p2a: Charizard","|-damage|p2a: Charizard|275/297","|","|switch|p1a: Kami-sama|Thundurus, M|241/299","|","|turn|19","|","|move|p1a: Kami-sama|Thunder Wave|p2a: Charizard","|-status|p2a: Charizard|par","|move|p2a: Charizard|Dragon Claw|p1a: Kami-sama","|-damage|p1a: Kami-sama|0 fnt","|faint|p1a: Kami-sama","|","|","|switch|p1a: Zappy|Zapdos|336/384","|-ability|p1a: Zappy|Pressure","|turn|20","|","|move|p1a: Zappy|Defog|p2a: Charizard","|-unboost|p2a: Charizard|evasion|1","|-sideend|p2: Inferno Mamoswine|move: Light Screen","|move|p2a: Charizard|Dragon Claw|p1a: Zappy","|-damage|p1a: Zappy|0 fnt","|faint|p1a: Zappy","|","|","|switch|p1a: Spooky|Rotom-Wash|296/304","|turn|21","|","|move|p1a: Spooky|Hydro Pump|p2a: Charizard","|-damage|p2a: Charizard|124/297 par","|move|p2a: Charizard|Dragon Claw|p1a: Spooky","|-damage|p1a: Spooky|88/304","|","|-heal|p1a: Spooky|107/304|[from] item: Leftovers","|turn|22","|","|move|p1a: Spooky|Hydro Pump|p2a: Charizard","|-damage|p2a: Charizard|0 fnt","|faint|p2a: Charizard","|","|-heal|p1a: Spooky|126/304|[from] item: Leftovers","|","|switch|p2a: Delphox|Delphox, F|188/291 par","|turn|23","|","|move|p1a: Spooky|Pain Split|p2a: Delphox","|-sethp|p2a: Delphox|157/291 par|p1a: Spooky|157/304|[from] move: Pain Split","|move|p2a: Delphox|Psychic|p1a: Spooky","|-damage|p1a: Spooky|7/304","|-unboost|p1a: Spooky|spd|1","|","|-heal|p1a: Spooky|26/304|[from] item: Leftovers","|turn|24","|","|move|p1a: Spooky|Hydro Pump|p2a: Delphox","|-supereffective|p2a: Delphox","|-damage|p2a: Delphox|0 fnt","|faint|p2a: Delphox","|","|win|Knight♕Miku"],"p1rating":{"entryid":"7210042","serverid":"eos","formatid":"monotype","userid":"knightmiku","username":"Knight♕Miku","w":9,"l":"5","t":"0","gxe":57,"r":"1543.822757463","rd":"85.978501639642","sigma":"0","rptime":"1438592400","rpr":1554.0694497341,"rprd":79.766480388715,"rpsigma":"0","acre":1148.2195837364,"lacre":1148.2195837364,"oldacre":"1130.7512084549"},"p2rating":{"entryid":"7297985","serverid":"eos","formatid":"monotype","userid":"infernomamoswine","username":"Inferno Mamoswine","w":"7","l":17,"t":"0","gxe":34.3,"r":"1406.4208231953","rd":"72.106600421063","sigma":"0","rptime":"1438592400","rpr":1375.2348076009,"rprd":67.775816240746,"rpsigma":"0","acre":1013.3602344346,"lacre":1013.3602344346,"oldacre":"1022.7299123852"},"endType":"normal"}