{"seed":[56727,60802,18954,5635],"turns":27,"p1":"Inferno Mamoswine","p2":"Guard wulf","p1team":[{"name":"Torkoal","species":"Torkoal","item":"leftovers","ability":"White Smoke","moves":["stealthrock","rapidspin","clearsmog","toxic"],"nature":"Bold","evs":{"hp":252,"atk":0,"def":252,"spa":4,"spd":0,"spe":0},"ivs":{"hp":31,"atk":31,"def":31,"spa":31,"spd":31,"spe":31}},{"name":"Rotom-Heat","species":"Rotom-Heat","item":"lightclay","ability":"Levitate","moves":["reflect","lightscreen","sunnyday","voltswitch"],"nature":"Calm","evs":{"hp":252,"atk":0,"def":4,"spa":0,"spd":252,"spe":0},"shiny":true,"ivs":{"hp":31,"atk":31,"def":31,"spa":31,"spd":31,"spe":31}},{"name":"Charizard","species":"Charizard","item":"charizarditex","ability":"Blaze","moves":["dragondance","dragonclaw","earthquake","flareblitz"],"nature":"Adamant","evs":{"hp":0,"atk":252,"def":0,"spa":0,"spd":4,"spe":252},"shiny":true,"ivs":{"hp":31,"atk":31,"def":31,"spa":31,"spd":31,"spe":31}},{"name":"Delphox","species":"Delphox","item":"choicescarf","ability":"Blaze","moves":["dazzlinggleam","fireblast","psychic","grassknot"],"nature":"Timid","evs":{"hp":0,"atk":0,"def":0,"spa":252,"spd":4,"spe":252},"ivs":{"hp":31,"atk":31,"def":31,"spa":31,"spd":31,"spe":31}},{"name":"Volcarona","species":"Volcarona","item":"focussash","ability":"Flame Body","moves":["quiverdance","hiddenpowerice","bugbuzz","fierydance"],"nature":"Modest","evs":{"hp":0,"atk":0,"def":0,"spa":252,"spd":4,"spe":252},"ivs":{"hp":31,"atk":30,"def":30,"spa":31,"spd":31,"spe":31},"shiny":true},{"name":"Infernape","species":"Infernape","item":"lifeorb","ability":"Iron Fist","moves":["machpunch","closecombat","flareblitz","earthquake"],"nature":"Jolly","evs":{"hp":0,"atk":252,"def":0,"spa":0,"spd":4,"spe":252},"ivs":{"hp":31,"atk":31,"def":31,"spa":31,"spd":31,"spe":31}}],"p2team":[{"name":"Charizard","species":"Charizard","item":"charizarditey","ability":"Blaze","moves":["overheat","airslash","focusblast","roost"],"nature":"Timid","evs":{"hp":0,"atk":0,"def":0,"spa":252,"spd":4,"spe":252},"ivs":{"hp":31,"atk":31,"def":31,"spa":31,"spd":31,"spe":31}},{"name":"Skarmory","species":"Skarmory","item":"leftovers","ability":"Sturdy","moves":["roost","whirlwind","stealthrock","ironhead"],"nature":"Impish","evs":{"hp":252,"atk":0,"def":232,"spa":0,"spd":0,"spe":24},"ivs":{"hp":31,"atk":31,"def":31,"spa":31,"spd":31,"spe":31}},{"name":"Togekiss","species":"Togekiss","item":"leftovers","ability":"Serene Grace","moves":["thunderwave","airslash","defog","roost"],"nature":"Calm","evs":{"hp":252,"atk":0,"def":0,"spa":4,"spd":252,"spe":0},"ivs":{"hp":31,"atk":31,"def":31,"spa":31,"spd":31,"spe":31}},{"name":"Dragonite","species":"Dragonite","item":"weaknesspolicy","ability":"Multiscale","moves":["extremespeed","earthquake","dragonclaw","dragondance"],"nature":"Jolly","evs":{"hp":0,"atk":252,"def":0,"spa":0,"spd":4,"spe":252},"ivs":{"hp":31,"atk":31,"def":31,"spa":31,"spd":31,"spe":31}},{"name":"Landorus-Therian","species":"Landorus-Therian","item":"choicescarf","ability":"Intimidate","moves":["earthquake","stoneedge","uturn","knockoff"],"nature":"Jolly","evs":{"hp":0,"atk":252,"def":0,"spa":0,"spd":4,"spe":252},"ivs":{"hp":31,"atk":31,"def":31,"spa":31,"spd":31,"spe":31}},{"name":"Thundurus","species":"Thundurus","item":"leftovers","ability":"Prankster","moves":["nastyplot","substitute","thunderbolt","hiddenpowerice"],"nature":"Timid","evs":{"hp":0,"atk":0,"def":0,"spa":252,"spd":4,"spe":252},"ivs":{"hp":31,"atk":30,"def":30,"spa":31,"spd":31,"spe":31}}],"log":["|player|p1|Inferno Mamoswine|2","|player|p2|Guard wulf|143","|gametype|singles","|gen|6","|tier|Monotype","|rated","|rule|Baton Pass Clause: Limit one Baton Passer, can't pass Spe and other stats simultaneously","|rule|Swagger Clause: Swagger is banned","|rule|Same Type Clause: Pokémon in a team must share a type","|clearpoke","|poke|p1|Torkoal, M","|poke|p1|Rotom-Heat, shiny","|poke|p1|Charizard, M, shiny","|poke|p1|Delphox, M","|poke|p1|Volcarona, F, shiny","|poke|p1|Infernape, F","|poke|p2|Charizard, M","|poke|p2|Skarmory, F","|poke|p2|Togekiss, M","|poke|p2|Dragonite, M","|poke|p2|Landorus-Therian, M","|poke|p2|Thundurus, M","|rule|Sleep Clause Mod: Limit one foe put to sleep","|rule|Species Clause: Limit one of each Pokémon","|rule|OHKO Clause: OHKO moves are banned","|rule|Moody Clause: Moody is banned","|rule|Evasion Moves Clause: Evasion moves are banned","|rule|Endless Battle Clause: Forcing endless battles is banned","|rule|HP Percentage Mod: HP is shown in percentages","|teampreview","|","|start","|switch|p1a: Delphox|Delphox, M|291/291","|switch|p2a: Thundurus|Thundurus, M|299/299","|turn|1","|","|switch|p1a: Rotom-Heat|Rotom-Heat, shiny|304/304","|move|p2a: Thundurus|Substitute|p2a: Thundurus","|-start|p2a: Thundurus|Substitute","|-damage|p2a: Thundurus|225/299","|","|-heal|p2a: Thundurus|243/299|[from] item: Leftovers","|turn|2","|","|switch|p2a: Landorus-Therian|Landorus-Therian, M|319/319","|-ability|p2a: Landorus-Therian|Intimidate","|-unboost|p1a: Rotom-Heat|atk|1","|move|p1a: Rotom-Heat|Light Screen|p1a: Rotom-Heat","|-sidestart|p1: Inferno Mamoswine|move: Light Screen","|","|turn|3","|","|move|p2a: Landorus-Therian|Stone Edge|p1a: Rotom-Heat","|-supereffective|p1a: Rotom-Heat","|-damage|p1a: Rotom-Heat|78/304","|move|p1a: Rotom-Heat|Reflect|p1a: Rotom-Heat","|-sidestart|p1: Inferno Mamoswine|Reflect","|","|turn|4","|","|switch|p1a: Torkoal|Torkoal, M|344/344","|move|p2a: Landorus-Therian|Stone Edge|p1a: Torkoal","|-supereffective|p1a: Torkoal","|-damage|p1a: Torkoal|268/344","|","|-heal|p1a: Torkoal|289/344|[from] item: Leftovers","|turn|5","|","|switch|p2a: Togekiss|Togekiss, M|374/374","|move|p1a: Torkoal|Stealth Rock|p2a: Togekiss","|-sidestart|p2: Guard wulf|move: Stealth Rock","|","|-heal|p1a: Torkoal|310/344|[from] item: Leftovers","|turn|6","|","|move|p2a: Togekiss|Defog|p1a: Torkoal","|-fail|p1a: Torkoal|unboost|[from] ability: White Smoke|[of] p1a: Torkoal","|-sideend|p1: Inferno Mamoswine|Reflect","|-sideend|p1: Inferno Mamoswine|move: Light Screen","|-sideend|p2: Guard wulf|Stealth Rock|[from] move: Defog|[of] p2a: Togekiss","|move|p1a: Torkoal|Toxic|p2a: Togekiss","|-status|p2a: Togekiss|tox","|","|-heal|p1a: Torkoal|331/344|[from] item: Leftovers","|-damage|p2a: Togekiss|351/374 tox|[from] psn","|turn|7","|","|move|p2a: Togekiss|Thunder Wave|p1a: Torkoal","|-status|p1a: Torkoal|par","|cant|p1a: Torkoal|par","|","|-heal|p2a: Togekiss|374/374 tox|[from] item: Leftovers","|-heal|p1a: Torkoal|344/344 par|[from] item: Leftovers","|-damage|p2a: Togekiss|328/374 tox|[from] psn","|turn|8","|","|switch|p1a: Delphox|Delphox, M|291/291","|move|p2a: Togekiss|Air Slash|p1a: Delphox","|-damage|p1a: Delphox|180/291","|","|-heal|p2a: Togekiss|351/374 tox|[from] item: Leftovers","|-damage|p2a: Togekiss|282/374 tox|[from] psn","|turn|9","|","|move|p1a: Delphox|Fire Blast|p2a: Togekiss","|-damage|p2a: Togekiss|164/374 tox","|move|p2a: Togekiss|Thunder Wave|p1a: Delphox","|-status|p1a: Delphox|par","|","|-heal|p2a: Togekiss|187/374 tox|[from] item: Leftovers","|-damage|p2a: Togekiss|95/374 tox|[from] psn","|turn|10","|","|switch|p2a: Dragonite|Dragonite, M|323/323","|switch|p1a: Rotom-Heat|Rotom-Heat, shiny|78/304","|","|turn|11","|","|move|p2a: Dragonite|Dragon Claw|p1a: Rotom-Heat","|-damage|p1a: Rotom-Heat|0 fnt","|faint|p1a: Rotom-Heat","|","|","|switch|p1a: Volcarona|Volcarona, F, shiny|311/311","|turn|12","|","|move|p1a: Volcarona|Hidden Power|p2a: Dragonite","|-supereffective|p2a: Dragonite","|-damage|p2a: Dragonite|173/323","|-enditem|p2a: Dragonite|Weakness Policy","|-boost|p2a: Dragonite|atk|2|[from] item: Weakness Policy","|-boost|p2a: Dragonite|spa|2|[from] item: Weakness Policy","|move|p2a: Dragonite|Dragon Dance|p2a: Dragonite","|-boost|p2a: Dragonite|atk|1","|-boost|p2a: Dragonite|spe|1","|","|turn|13","|","|move|p2a: Dragonite|Earthquake|p1a: Volcarona","|-enditem|p1a: Volcarona|Focus Sash","|-damage|p1a: Volcarona|1/311","|move|p1a: Volcarona|Hidden Power|p2a: Dragonite","|-supereffective|p2a: Dragonite","|-damage|p2a: Dragonite|0 fnt","|faint|p2a: Dragonite","|","|","|switch|p2a: Landorus-Therian|Landorus-Therian, M|319/319","|-ability|p2a: Landorus-Therian|Intimidate","|-unboost|p1a: Volcarona|atk|1","|turn|14","|","|move|p2a: Landorus-Therian|Earthquake|p1a: Volcarona","|-damage|p1a: Volcarona|0 fnt","|faint|p1a: Volcarona","|","|","|switch|p1a: Charizard|Charizard, M, shiny|297/297","|turn|15","|","|switch|p2a: Skarmory|Skarmory, F|334/334","|detailschange|p1a: Charizard|Charizard-Mega-X, M, shiny","|-mega|p1a: Charizard|Charizard|Charizardite X","|move|p1a: Charizard|Dragon Claw|p2a: Skarmory","|-resisted|p2a: Skarmory","|-damage|p2a: Skarmory|279/334","|","|-heal|p2a: Skarmory|299/334|[from] item: Leftovers","|turn|16","|","|move|p1a: Charizard|Dragon Dance|p1a: Charizard","|-boost|p1a: Charizard|atk|1","|-boost|p1a: Charizard|spe|1","|move|p2a: Skarmory|Whirlwind|p1a: Charizard","|drag|p1a: Infernape|Infernape, F|293/293","|","|-heal|p2a: Skarmory|319/334|[from] item: Leftovers","|turn|17","|","|move|p1a: Infernape|Flare Blitz|p2a: Skarmory","|-supereffective|p2a: Skarmory","|-damage|p2a: Skarmory|54/334","|-damage|p1a: Infernape|206/293|[from] recoil|[of] p2a: Skarmory","|-damage|p1a: Infernape|177/293|[from] item: Life Orb","|move|p2a: Skarmory|Stealth Rock|p1a: Infernape","|-sidestart|p1: Inferno Mamoswine|move: Stealth Rock","|","|-heal|p2a: Skarmory|74/334|[from] item: Leftovers","|turn|18","|","|move|p1a: Infernape|Flare Blitz|p2a: Skarmory","|-supereffective|p2a: Skarmory","|-damage|p2a: Skarmory|0 fnt","|-damage|p1a: Infernape|153/293|[from] recoil|[of] p2a: Skarmory","|-damage|p1a: Infernape|124/293|[from] item: Life Orb","|faint|p2a: Skarmory","|","|","|switch|p2a: Landorus-Therian|Landorus-Therian, M|319/319","|-ability|p2a: Landorus-Therian|Intimidate","|-unboost|p1a: Infernape|atk|1","|turn|19","|","|move|p2a: Landorus-Therian|Earthquake|p1a: Infernape","|-supereffective|p1a: Infernape","|-damage|p1a: Infernape|0 fnt","|faint|p1a: Infernape","|","|","|switch|p1a: Torkoal|Torkoal, M|344/344 par","|-damage|p1a: Torkoal|258/344 par|[from] Stealth Rock","|turn|20","|","|switch|p2a: Thundurus|Thundurus, M|243/299","|move|p1a: Torkoal|Rapid Spin|p2a: Thundurus","|-damage|p2a: Thundurus|225/299","|-sideend|p1: Inferno Mamoswine|Stealth Rock|[from] move: Rapid Spin|[of] p1a: Torkoal","|","|-heal|p2a: Thundurus|243/299|[from] item: Leftovers","|-heal|p1a: Torkoal|279/344 par|[from] item: Leftovers","|turn|21","|","|switch|p1a: Delphox|Delphox, M|180/291 par","|move|p2a: Thundurus|Nasty Plot|p2a: Thundurus","|-boost|p2a: Thundurus|spa|2","|","|-heal|p2a: Thundurus|261/299|[from] item: Leftovers","|turn|22","|","|move|p2a: Thundurus|Substitute|p2a: Thundurus","|-start|p2a: Thundurus|Substitute","|-damage|p2a: Thundurus|187/299","|cant|p1a: Delphox|par","|","|-heal|p2a: Thundurus|205/299|[from] item: Leftovers","|turn|23","|","|move|p2a: Thundurus|Nasty Plot|p2a: Thundurus","|-boost|p2a: Thundurus|spa|2","|cant|p1a: Delphox|par","|","|-heal|p2a: Thundurus|223/299|[from] item: Leftovers","|turn|24","|","|move|p2a: Thundurus|Nasty Plot|p2a: Thundurus","|-boost|p2a: Thundurus|spa|2","|move|p1a: Delphox|Fire Blast|p2a: Thundurus","|-end|p2a: Thundurus|Substitute","|","|-heal|p2a: Thundurus|241/299|[from] item: Leftovers","|turn|25","|","|move|p2a: Thundurus|Thunderbolt|p1a: Delphox","|-damage|p1a: Delphox|0 fnt","|faint|p1a: Delphox","|","|-heal|p2a: Thundurus|259/299|[from] item: Leftovers","|","|switch|p1a: Charizard|Charizard-Mega-X, M, shiny|297/297","|turn|26","|","|move|p2a: Thundurus|Thunderbolt|p1a: Charizard","|-resisted|p1a: Charizard","|-damage|p1a: Charizard|0 fnt","|faint|p1a: Charizard","|","|-heal|p2a: Thundurus|277/299|[from] item: Leftovers","|","|switch|p1a: Torkoal|Torkoal, M|279/344 par","|turn|27","|","|win|Guard wulf"],"p1rating":{"entryid":"7297985","serverid":"eos","formatid":"monotype","userid":"infernomamoswine","username":"Inferno Mamoswine","w":"7","l":18,"t":"0","gxe":33.5,"r":"1406.4208231953","rd":"72.106600421063","sigma":"0","rptime":"1438592400","rpr":1368.6387395683,"rprd":66.788216878449,"rpsigma":"0","acre":1006.1514224017,"lacre":1006.1514224017,"oldacre":"1013.3602344346"},"p2rating":{"entryid":"7326062","serverid":"eos","formatid":"monotype","userid":"guardwulf","username":"Guard Wulf","w":12,"l":"6","t":"0","gxe":59.4,"r":"1556.4129881256","rd":"89.09129900381","sigma":"0","rptime":"1438592400","rpr":1573.1791422741,"rprd":72.453412221118,"rpsigma":"0","acre":1175.3441068235,"lacre":1175.3441068235,"oldacre":"1160.3307968537"},"endType":"forfeit"}