{"seed":[34462,60174,6102,41888],"turns":26,"p1":"Alliance - Mxy","p2":"HB of 300","p1team":[{"name":"3 Eyes","species":"jirachi","item":"choicescarf","ability":"Serene Grace","moves":["ironhead","playrough","icepunch","healingwish"],"nature":"Adamant","evs":{"hp":0,"atk":252,"def":0,"spa":0,"spd":4,"spe":252},"ivs":{"hp":31,"atk":31,"def":31,"spa":31,"spd":31,"spe":31}},{"name":"Other sets viable?","species":"klefki","item":"lightclay","ability":"Prankster","moves":["reflect","lightscreen","thunderwave","spikes"],"nature":"Careful","evs":{"hp":248,"atk":0,"def":248,"spa":0,"spd":12,"spe":0},"ivs":{"hp":31,"atk":31,"def":31,"spa":31,"spd":31,"spe":31}},{"name":"CODNAME: Ghast","species":"doublade","item":"eviolite","ability":"No Guard","moves":["gyroball","sacredsword","shadowsneak","swordsdance"],"nature":"Relaxed","evs":{"hp":248,"atk":0,"def":196,"spa":0,"spd":64,"spe":0},"ivs":{"hp":31,"atk":31,"def":31,"spa":31,"spd":31,"spe":0}},{"name":"HOTSTUFF","species":"heatran","item":"leftovers","ability":"Flash Fire","moves":["stealthrock","roar","earthpower","lavaplume"],"nature":"Calm","evs":{"hp":248,"atk":0,"def":0,"spa":0,"spd":252,"spe":8},"ivs":{"hp":31,"atk":0,"def":31,"spa":31,"spd":31,"spe":31}},{"name":"Danzor-Jango","species":"scizor","item":"scizorite","ability":"Technician","moves":["bulletpunch","knockoff","roost","swordsdance"],"nature":"Adamant","evs":{"hp":160,"atk":200,"def":100,"spa":0,"spd":20,"spe":28},"ivs":{"hp":31,"atk":31,"def":31,"spa":31,"spd":31,"spe":31}},{"name":"CODNAME: Durant","species":"durant","item":"widelens","ability":"Hustle","moves":["superpower","xscissor","stoneedge","thunderfang"],"nature":"Jolly","evs":{"hp":0,"atk":252,"def":0,"spa":0,"spd":4,"spe":252},"ivs":{"hp":31,"atk":31,"def":31,"spa":31,"spd":31,"spe":31}}],"p2team":[{"name":"Garchomp","species":"Garchomp","item":"leftovers","ability":"Rough Skin","moves":["dragonclaw","earthquake","substitute","swordsdance"],"nature":"Jolly","evs":{"hp":12,"atk":244,"def":0,"spa":0,"spd":0,"spe":252},"ivs":{"hp":31,"atk":31,"def":31,"spa":31,"spd":31,"spe":31}},{"name":"Gliscor","species":"Gliscor","item":"toxicorb","ability":"Poison Heal","moves":["earthquake","knockoff","roost","swordsdance"],"nature":"Careful","evs":{"hp":244,"atk":0,"def":4,"spa":0,"spd":200,"spe":60},"ivs":{"hp":31,"atk":31,"def":31,"spa":31,"spd":31,"spe":31}},{"name":"Landorus","species":"Landorus","item":"lifeorb","ability":"Sheer Force","moves":["earthpower","psychic","focusblast","hiddenpowerice"],"nature":"Timid","evs":{"hp":0,"atk":0,"def":0,"spa":252,"spd":4,"spe":252},"ivs":{"hp":31,"atk":30,"def":30,"spa":31,"spd":31,"spe":31}},{"name":"Swampert","species":"Swampert","item":"rockyhelmet","ability":"Torrent","moves":["scald","stealthrock","toxic","earthquake"],"nature":"Relaxed","evs":{"hp":240,"atk":16,"def":252,"spa":0,"spd":0,"spe":0},"ivs":{"hp":31,"atk":31,"def":31,"spa":31,"spd":31,"spe":31}},{"name":"Camerupt","species":"Camerupt","item":"cameruptite","ability":"Solid Rock","moves":["willowisp","flamethrower","earthpower","ancientpower"],"nature":"Calm","evs":{"hp":248,"atk":0,"def":0,"spa":0,"spd":176,"spe":84},"ivs":{"hp":31,"atk":31,"def":31,"spa":31,"spd":31,"spe":31}},{"name":"Excadrill","species":"Excadrill","item":"assaultvest","ability":"Mold Breaker","moves":["earthquake","ironhead","rockslide","rapidspin"],"nature":"Careful","evs":{"hp":212,"atk":4,"def":0,"spa":0,"spd":252,"spe":40},"ivs":{"hp":31,"atk":31,"def":31,"spa":31,"spd":31,"spe":31}}],"log":["|player|p1|Alliance - Mxy|270","|player|p2|HB of 300|276","|gametype|singles","|gen|6","|tier|Monotype","|rated","|rule|Baton Pass Clause: Limit one Baton Passer, can't pass Spe and other stats simultaneously","|rule|Swagger Clause: Swagger is banned","|rule|Same Type Clause: Pokémon in a team must share a type","|clearpoke","|poke|p1|Jirachi","|poke|p1|Klefki, M","|poke|p1|Doublade, M","|poke|p1|Heatran, F","|poke|p1|Scizor, M","|poke|p1|Durant, F","|poke|p2|Garchomp, F","|poke|p2|Gliscor, M","|poke|p2|Landorus, M","|poke|p2|Swampert, F","|poke|p2|Camerupt, M","|poke|p2|Excadrill, F","|rule|Sleep Clause Mod: Limit one foe put to sleep","|rule|Species Clause: Limit one of each Pokémon","|rule|OHKO Clause: OHKO moves are banned","|rule|Moody Clause: Moody is banned","|rule|Evasion Moves Clause: Evasion moves are banned","|rule|Endless Battle Clause: Forcing endless battles is banned","|rule|HP Percentage Mod: HP is shown in percentages","|teampreview","|","|start","|switch|p1a: Other sets viable?|Klefki, M|317/317","|switch|p2a: Swampert|Swampert, F|401/401","|turn|1","|","|move|p1a: Other sets viable?|Reflect|p1a: Other sets viable?","|-sidestart|p1: Alliance - Mxy|Reflect","|move|p2a: Swampert|Stealth Rock|p1a: Other sets viable?","|-sidestart|p1: Alliance - Mxy|move: Stealth Rock","|","|turn|2","|","|move|p1a: Other sets viable?|Spikes|p2a: Swampert","|-sidestart|p2: HB of 300|Spikes","|move|p2a: Swampert|Scald|p1a: Other sets viable?","|-damage|p1a: Other sets viable?|232/317","|-status|p1a: Other sets viable?|brn","|","|-damage|p1a: Other sets viable?|193/317 brn|[from] brn","|turn|3","|","|switch|p2a: Excadrill|Excadrill, F|414/414","|-damage|p2a: Excadrill|363/414|[from] Spikes","|-ability|p2a: Excadrill|Mold Breaker","|move|p1a: Other sets viable?|Spikes|p2a: Excadrill","|-sidestart|p2: HB of 300|Spikes","|","|-damage|p1a: Other sets viable?|154/317 brn|[from] brn","|turn|4","|","|move|p1a: Other sets viable?|Light Screen|p1a: Other sets viable?","|-sidestart|p1: Alliance - Mxy|move: Light Screen","|move|p2a: Excadrill|Rapid Spin|p1a: Other sets viable?","|-resisted|p1a: Other sets viable?","|-damage|p1a: Other sets viable?|150/317 brn","|-sideend|p2: HB of 300|Spikes|[from] move: Rapid Spin|[of] p2a: Excadrill","|","|-damage|p1a: Other sets viable?|111/317 brn|[from] brn","|turn|5","|","|switch|p1a: HOTSTUFF|Heatran, F|385/385","|-damage|p1a: HOTSTUFF|337/385|[from] Stealth Rock","|move|p2a: Excadrill|Rapid Spin|p1a: HOTSTUFF","|-resisted|p1a: HOTSTUFF","|-damage|p1a: HOTSTUFF|332/385","|","|-heal|p1a: HOTSTUFF|356/385|[from] item: Leftovers","|turn|6","|","|switch|p2a: Swampert|Swampert, F|401/401","|move|p1a: HOTSTUFF|Stealth Rock|p2a: Swampert","|-sidestart|p2: HB of 300|move: Stealth Rock","|","|-heal|p1a: HOTSTUFF|380/385|[from] item: Leftovers","|turn|7","|","|move|p2a: Swampert|Earthquake|p1a: HOTSTUFF","|-supereffective|p1a: HOTSTUFF","|-damage|p1a: HOTSTUFF|138/385","|move|p1a: HOTSTUFF|Roar|p2a: Swampert","|drag|p2a: Excadrill|Excadrill, F|363/414","|-damage|p2a: Excadrill|351/414|[from] Stealth Rock","|-ability|p2a: Excadrill|Mold Breaker","|","|-heal|p1a: HOTSTUFF|162/385|[from] item: Leftovers","|turn|8","|","|switch|p1a: CODNAME: Ghast|Doublade, M|321/321","|-damage|p1a: CODNAME: Ghast|301/321|[from] Stealth Rock","|move|p2a: Excadrill|Earthquake|p1a: CODNAME: Ghast","|-supereffective|p1a: CODNAME: Ghast","|-damage|p1a: CODNAME: Ghast|243/321","|","|-sideend|p1: Alliance - Mxy|Reflect","|turn|9","|","|move|p2a: Excadrill|Earthquake|p1a: CODNAME: Ghast","|-supereffective|p1a: CODNAME: Ghast","|-damage|p1a: CODNAME: Ghast|121/321","|move|p1a: CODNAME: Ghast|Swords Dance|p1a: CODNAME: Ghast","|-boost|p1a: CODNAME: Ghast|atk|2","|","|turn|10","|","|move|p1a: CODNAME: Ghast|Shadow Sneak|p2a: Excadrill","|-damage|p2a: Excadrill|200/414","|move|p2a: Excadrill|Earthquake|p1a: CODNAME: Ghast","|-supereffective|p1a: CODNAME: Ghast","|-damage|p1a: CODNAME: Ghast|5/321","|","|turn|11","|","|move|p1a: CODNAME: Ghast|Shadow Sneak|p2a: Excadrill","|-damage|p2a: Excadrill|41/414","|move|p2a: Excadrill|Earthquake|p1a: CODNAME: Ghast","|-supereffective|p1a: CODNAME: Ghast","|-damage|p1a: CODNAME: Ghast|0 fnt","|faint|p1a: CODNAME: Ghast","|","|-sideend|p1: Alliance - Mxy|move: Light Screen","|","|switch|p1a: Danzor-Jango|Scizor, M|321/321","|-damage|p1a: Danzor-Jango|281/321|[from] Stealth Rock","|turn|12","|","|switch|p2a: Swampert|Swampert, F|401/401","|-damage|p2a: Swampert|376/401|[from] Stealth Rock","|detailschange|p1a: Danzor-Jango|Scizor-Mega, M","|-mega|p1a: Danzor-Jango|Scizor|Scizorite","|move|p1a: Danzor-Jango|Swords Dance|p1a: Danzor-Jango","|-boost|p1a: Danzor-Jango|atk|2","|","|turn|13","|","|move|p1a: Danzor-Jango|Swords Dance|p1a: Danzor-Jango","|-boost|p1a: Danzor-Jango|atk|2","|move|p2a: Swampert|Scald|p1a: Danzor-Jango","|-damage|p1a: Danzor-Jango|194/321","|","|turn|14","|","|move|p1a: Danzor-Jango|Knock Off|p2a: Swampert","|-damage|p2a: Swampert|81/401","|-damage|p1a: Danzor-Jango|141/321|[from] item: Rocky Helmet|[of] p2a: Swampert","|-enditem|p2a: Swampert|Rocky Helmet|[from] move: Knock Off|[of] p1a: Danzor-Jango","|move|p2a: Swampert|Scald|p1a: Danzor-Jango","|-damage|p1a: Danzor-Jango|30/321","|","|turn|15","|","|switch|p2a: Garchomp|Garchomp, F|360/360","|-damage|p2a: Garchomp|338/360|[from] Stealth Rock","|move|p1a: Danzor-Jango|Bullet Punch|p2a: Garchomp","|-damage|p2a: Garchomp|0 fnt","|-damage|p1a: Danzor-Jango|0 fnt|[from] ability: Rough Skin|[of] p2a: Garchomp","|faint|p1a: Danzor-Jango","|faint|p2a: Garchomp","|","|","|switch|p2a: Excadrill|Excadrill, F|41/414","|switch|p1a: Other sets viable?|Klefki, M|111/317 brn","|-damage|p2a: Excadrill|29/414|[from] Stealth Rock","|-ability|p2a: Excadrill|Mold Breaker","|-damage|p1a: Other sets viable?|92/317 brn|[from] Stealth Rock","|turn|16","|","|move|p1a: Other sets viable?|Reflect|p1a: Other sets viable?","|-sidestart|p1: Alliance - Mxy|Reflect","|move|p2a: Excadrill|Rapid Spin|p1a: Other sets viable?","|-resisted|p1a: Other sets viable?","|-damage|p1a: Other sets viable?|88/317 brn","|-sideend|p2: HB of 300|Stealth Rock|[from] move: Rapid Spin|[of] p2a: Excadrill","|","|-damage|p1a: Other sets viable?|49/317 brn|[from] brn","|turn|17","|","|move|p1a: Other sets viable?|Spikes|p2a: Excadrill","|-sidestart|p2: HB of 300|Spikes","|move|p2a: Excadrill|Earthquake|p1a: Other sets viable?","|-supereffective|p1a: Other sets viable?","|-damage|p1a: Other sets viable?|0 fnt","|faint|p1a: Other sets viable?","|","|","|switch|p1a: CODNAME: Durant|Durant, F|257/257","|-damage|p1a: CODNAME: Durant|225/257|[from] Stealth Rock","|turn|18","|","|move|p1a: CODNAME: Durant|X-Scissor|p2a: Excadrill","|-crit|p2a: Excadrill","|-resisted|p2a: Excadrill","|-damage|p2a: Excadrill|0 fnt","|faint|p2a: Excadrill","|","|","|switch|p2a: Landorus|Landorus, M|319/319","|turn|19","|","|move|p1a: CODNAME: Durant|Stone Edge|p2a: Landorus|[miss]","|-miss|p1a: CODNAME: Durant|p2a: Landorus","|move|p2a: Landorus|Earth Power|p1a: CODNAME: Durant","|-damage|p1a: CODNAME: Durant|0 fnt","|faint|p1a: CODNAME: Durant","|","|","|switch|p1a: 3 Eyes|Jirachi|341/341","|-damage|p1a: 3 Eyes|320/341|[from] Stealth Rock","|turn|20","|","|move|p1a: 3 Eyes|Ice Punch|p2a: Landorus","|-supereffective|p2a: Landorus","|-damage|p2a: Landorus|0 fnt","|faint|p2a: Landorus","|","|","|switch|p2a: Swampert|Swampert, F|81/401","|-damage|p2a: Swampert|31/401|[from] Spikes","|turn|21","|","|move|p1a: 3 Eyes|Ice Punch|p2a: Swampert","|-damage|p2a: Swampert|0 fnt","|faint|p2a: Swampert","|","|","|switch|p2a: Camerupt|Camerupt, M|343/343","|-damage|p2a: Camerupt|301/343|[from] Spikes","|turn|22","|","|switch|p1a: HOTSTUFF|Heatran, F|162/385","|-damage|p1a: HOTSTUFF|114/385|[from] Stealth Rock","|detailschange|p2a: Camerupt|Camerupt-Mega, M","|-mega|p2a: Camerupt|Camerupt|Cameruptite","|move|p2a: Camerupt|Earth Power|p1a: HOTSTUFF","|-supereffective|p1a: HOTSTUFF","|-damage|p1a: HOTSTUFF|0 fnt","|faint|p1a: HOTSTUFF","|","|","|switch|p1a: 3 Eyes|Jirachi|320/341","|-damage|p1a: 3 Eyes|299/341|[from] Stealth Rock","|turn|23","|","|move|p1a: 3 Eyes|Iron Head|p2a: Camerupt","|-resisted|p2a: Camerupt","|-damage|p2a: Camerupt|237/343","|cant|p2a: Camerupt|flinch","|","|-sideend|p1: Alliance - Mxy|Reflect","|turn|24","|","|move|p1a: 3 Eyes|Iron Head|p2a: Camerupt","|-resisted|p2a: Camerupt","|-damage|p2a: Camerupt|167/343","|cant|p2a: Camerupt|flinch","|","|turn|25","|","|move|p1a: 3 Eyes|Iron Head|p2a: Camerupt","|-resisted|p2a: Camerupt","|-damage|p2a: Camerupt|97/343","|cant|p2a: Camerupt|flinch","|","|turn|26","|","|move|p1a: 3 Eyes|Iron Head|p2a: Camerupt","|-resisted|p2a: Camerupt","|-damage|p2a: Camerupt|26/343","|move|p2a: Camerupt|Earth Power|p1a: 3 Eyes","|-supereffective|p1a: 3 Eyes","|-damage|p1a: 3 Eyes|0 fnt","|faint|p1a: 3 Eyes","|","|win|HB of 300"],"p1rating":{"entryid":"6690851","serverid":"eos","formatid":"monotype","userid":"alliancemxy","username":"Alliance - Mxy","w":"58","l":29,"t":"0","gxe":65.2,"r":"1634.4303757297","rd":"43.340767533071","sigma":"0","rptime":"1438592400","rpr":1618.9608920016,"rprd":40.891370654892,"rpsigma":"0","acre":1194.5631462648,"lacre":1194.5631462648,"oldacre":"1224.0613148703"},"p2rating":{"entryid":"7355565","serverid":"eos","formatid":"monotype","userid":"hbof300","username":"HB of 300","w":7,"l":"1","t":"0","gxe":69.1,"r":"1614.0120007072","rd":"99.627702522062","sigma":"0","rptime":"1438592400","rpr":1656.4569850021,"rprd":93.122067075987,"rpsigma":"0","acre":1190.3585250599,"lacre":1190.3585250599,"oldacre":"1160.8603564544"},"endType":"normal"}