{"seed":[48486,18953,49464,53980],"turns":36,"p1":"Traine✘ Redbraze","p2":"jackker","p1team":[{"name":"Elsa","species":"froslass","item":"focussash","ability":"Cursed Body","moves":["taunt","spikes","icebeam","destinybond"],"nature":"Timid","evs":{"hp":4,"atk":0,"def":0,"spa":252,"spd":0,"spe":252},"shiny":true,"ivs":{"hp":31,"atk":31,"def":31,"spa":31,"spd":31,"spe":31}},{"name":"Chandelure","species":"Chandelure","item":"leftovers","ability":"Flash Fire","moves":["calmmind","substitute","flamethrower","shadowball"],"nature":"Timid","evs":{"hp":4,"atk":0,"def":0,"spa":252,"spd":0,"spe":252},"shiny":true,"ivs":{"hp":31,"atk":31,"def":31,"spa":31,"spd":31,"spe":31}},{"name":"Jellicent","species":"Jellicent","item":"leftovers","ability":"Water Absorb","moves":["toxic","scald","shadowball","recover"],"nature":"Bold","evs":{"hp":252,"atk":0,"def":220,"spa":0,"spd":36,"spe":0},"shiny":true,"ivs":{"hp":31,"atk":31,"def":31,"spa":31,"spd":31,"spe":31}},{"name":"Demalo Black","species":"gengar","item":"lifeorb","ability":"Levitate","moves":["shadowball","sludgebomb","thunderbolt","dazzlinggleam"],"nature":"Timid","evs":{"hp":0,"atk":0,"def":0,"spa":252,"spd":4,"spe":252},"shiny":true,"ivs":{"hp":31,"atk":31,"def":31,"spa":31,"spd":31,"spe":31}},{"name":"Golurk","species":"Golurk","item":"choiceband","ability":"No Guard","moves":["dynamicpunch","earthquake","icepunch","shadowpunch"],"nature":"Adamant","evs":{"hp":80,"atk":252,"def":0,"spa":0,"spd":8,"spe":168},"ivs":{"hp":31,"atk":31,"def":31,"spa":31,"spd":31,"spe":31}},{"name":"Freddy","species":"banette","item":"banettite","ability":"Cursed Body","moves":["shadowsneak","knockoff","thunderwave","destinybond"],"nature":"Adamant","evs":{"hp":248,"atk":252,"def":0,"spa":0,"spd":8,"spe":0},"shiny":true,"ivs":{"hp":31,"atk":31,"def":31,"spa":31,"spd":31,"spe":31}}],"p2team":[{"name":"Azumarill","species":"Azumarill","item":"sitrusberry","ability":"Huge Power","moves":["aquajet","bellydrum","waterfall","brickbreak"],"nature":"Adamant","evs":{"hp":252,"atk":252,"def":4,"spa":0,"spd":0,"spe":0},"ivs":{"hp":31,"atk":31,"def":31,"spa":31,"spd":31,"spe":31}},{"name":"Granbull","species":"Granbull","item":"focussash","ability":"Intimidate","moves":["thunderwave","closecombat","earthquake","playrough"],"nature":"Adamant","evs":{"hp":252,"atk":152,"def":104,"spa":0,"spd":0,"spe":0},"ivs":{"hp":31,"atk":31,"def":31,"spa":31,"spd":31,"spe":31}},{"name":"Diancie","species":"Diancie","item":"diancite","ability":"Clear Body","moves":["moonblast","earthpower","diamondstorm","rockpolish"],"nature":"Modest","evs":{"hp":92,"atk":0,"def":0,"spa":208,"spd":0,"spe":208},"ivs":{"hp":31,"atk":31,"def":31,"spa":31,"spd":31,"spe":31}},{"name":"Togekiss","species":"Togekiss","item":"leftovers","ability":"Serene Grace","moves":["flamethrower","airslash","defog","roost"],"nature":"Modest","evs":{"hp":252,"atk":0,"def":0,"spa":0,"spd":252,"spe":0},"ivs":{"hp":31,"atk":31,"def":31,"spa":31,"spd":31,"spe":31}},{"name":"Gardevoir","species":"Gardevoir","item":"assaultvest","ability":"Trace","moves":["energyball","psyshock","moonblast","hiddenpowerfire"],"nature":"Calm","evs":{"hp":252,"atk":0,"def":0,"spa":212,"spd":44,"spe":0},"ivs":{"hp":31,"atk":30,"def":31,"spa":30,"spd":31,"spe":30}},{"name":"Klefki","species":"Klefki","item":"lightclay","ability":"Prankster","moves":["thunderwave","reflect","lightscreen","foulplay"],"nature":"Impish","evs":{"hp":252,"atk":0,"def":252,"spa":0,"spd":0,"spe":0},"ivs":{"hp":31,"atk":31,"def":31,"spa":31,"spd":31,"spe":31}}],"log":["|player|p1|Traine✘ Redbraze|106","|player|p2|jackker|196","|gametype|singles","|gen|6","|tier|Monotype","|rated","|rule|Baton Pass Clause: Limit one Baton Passer, can't pass Spe and other stats simultaneously","|rule|Swagger Clause: Swagger is banned","|rule|Same Type Clause: Pokémon in a team must share a type","|clearpoke","|poke|p1|Froslass, F, shiny","|poke|p1|Chandelure, M, shiny","|poke|p1|Jellicent, M, shiny","|poke|p1|Gengar, F, shiny","|poke|p1|Golurk","|poke|p1|Banette, F, shiny","|poke|p2|Azumarill, M","|poke|p2|Granbull, M","|poke|p2|Diancie","|poke|p2|Togekiss, M","|poke|p2|Gardevoir, M","|poke|p2|Klefki, M","|rule|Sleep Clause Mod: Limit one foe put to sleep","|rule|Species Clause: Limit one of each Pokémon","|rule|OHKO Clause: OHKO moves are banned","|rule|Moody Clause: Moody is banned","|rule|Evasion Moves Clause: Evasion moves are banned","|rule|Endless Battle Clause: Forcing endless battles is banned","|rule|HP Percentage Mod: HP is shown in percentages","|teampreview","|","|start","|switch|p1a: Elsa|Froslass, F, shiny|282/282","|switch|p2a: Klefki|Klefki, M|318/318","|turn|1","|","|move|p2a: Klefki|Light Screen|p2a: Klefki","|-sidestart|p2: jackker|move: Light Screen","|move|p1a: Elsa|Taunt|p2a: Klefki","|-start|p2a: Klefki|move: Taunt","|","|turn|2","|","|move|p1a: Elsa|Spikes|p2a: Klefki","|-sidestart|p2: jackker|Spikes","|move|p2a: Klefki|Foul Play|p1a: Elsa","|-supereffective|p1a: Elsa","|-damage|p1a: Elsa|132/282","|","|turn|3","|","|switch|p2a: Togekiss|Togekiss, M|374/374","|move|p1a: Elsa|Destiny Bond|p1a: Elsa","|-singlemove|p1a: Elsa|Destiny Bond","|","|turn|4","|","|move|p1a: Elsa|Taunt|p2a: Togekiss","|-start|p2a: Togekiss|move: Taunt","|move|p2a: Togekiss|Flamethrower|p1a: Elsa","|-supereffective|p1a: Elsa","|-damage|p1a: Elsa|0 fnt","|-start|p2a: Togekiss|Disable|Flamethrower","|faint|p1a: Elsa","|","|","|switch|p1a: Chandelure|Chandelure, M, shiny|262/262","|turn|5","|","|move|p1a: Chandelure|Substitute|p1a: Chandelure","|-start|p1a: Chandelure|Substitute","|-damage|p1a: Chandelure|197/262","|move|p2a: Togekiss|Air Slash|p1a: Chandelure","|-crit|p1a: Chandelure","|-end|p1a: Chandelure|Substitute","|","|-heal|p1a: Chandelure|213/262|[from] item: Leftovers","|turn|6","|","|switch|p1a: Freddy|Banette, F, shiny|331/331","|move|p2a: Togekiss|Air Slash|p1a: Freddy","|-damage|p1a: Freddy|157/331","|","|-end|p2a: Togekiss|move: Taunt","|turn|7","|","|detailschange|p1a: Freddy|Banette-Mega, F, shiny","|-mega|p1a: Freddy|Banette|Banettite","|move|p2a: Togekiss|Defog|p1a: Freddy","|-unboost|p1a: Freddy|evasion|1","|-sideend|p2: jackker|Spikes|[from] move: Defog|[of] p2a: Togekiss","|move|p1a: Freddy|Thunder Wave|p2a: Togekiss","|-status|p2a: Togekiss|par","|","|turn|8","|","|switch|p2a: Klefki|Klefki, M|318/318","|move|p1a: Freddy|Knock Off|p2a: Klefki","|-resisted|p2a: Klefki","|-damage|p2a: Klefki|261/318","|-enditem|p2a: Klefki|Light Clay|[from] move: Knock Off|[of] p1a: Freddy","|","|-sideend|p2: jackker|move: Light Screen","|turn|9","|","|move|p2a: Klefki|Reflect|p2a: Klefki","|-sidestart|p2: jackker|Reflect","|move|p1a: Freddy|Thunder Wave|p2a: Klefki","|-status|p2a: Klefki|par","|","|turn|10","|","|move|p1a: Freddy|Knock Off|p2a: Klefki","|-resisted|p2a: Klefki","|-damage|p2a: Klefki|243/318 par","|cant|p2a: Klefki|par","|","|turn|11","|","|move|p1a: Freddy|Shadow Sneak|p2a: Klefki","|-crit|p2a: Klefki","|-damage|p2a: Klefki|137/318 par","|move|p2a: Klefki|Foul Play|p1a: Freddy","|-supereffective|p1a: Freddy","|-damage|p1a: Freddy|0 fnt","|faint|p1a: Freddy","|","|","|switch|p1a: Chandelure|Chandelure, M, shiny|213/262","|turn|12","|","|move|p2a: Klefki|Thunder Wave|p1a: Chandelure","|-status|p1a: Chandelure|par","|move|p1a: Chandelure|Calm Mind|p1a: Chandelure","|-boost|p1a: Chandelure|spa|1","|-boost|p1a: Chandelure|spd|1","|","|-heal|p1a: Chandelure|229/262 par|[from] item: Leftovers","|turn|13","|","|move|p2a: Klefki|Light Screen|p2a: Klefki","|-sidestart|p2: jackker|move: Light Screen","|move|p1a: Chandelure|Substitute|p1a: Chandelure","|-start|p1a: Chandelure|Substitute","|-damage|p1a: Chandelure|164/262 par","|","|-heal|p1a: Chandelure|180/262 par|[from] item: Leftovers","|-sideend|p2: jackker|Reflect","|turn|14","|","|cant|p1a: Chandelure|par","|move|p2a: Klefki|Foul Play|p1a: Chandelure","|-supereffective|p1a: Chandelure","|-end|p1a: Chandelure|Substitute","|","|-heal|p1a: Chandelure|196/262 par|[from] item: Leftovers","|turn|15","|","|move|p1a: Chandelure|Flamethrower|p2a: Klefki","|-supereffective|p2a: Klefki","|-damage|p2a: Klefki|0 fnt","|faint|p2a: Klefki","|","|-heal|p1a: Chandelure|212/262 par|[from] item: Leftovers","|","|switch|p2a: Granbull|Granbull, M|384/384","|-ability|p2a: Granbull|Intimidate","|-unboost|p1a: Chandelure|atk|1","|turn|16","|","|switch|p1a: Golurk|Golurk|339/339","|move|p2a: Granbull|Earthquake|p1a: Golurk","|-damage|p1a: Golurk|208/339","|","|turn|17","|","|move|p1a: Golurk|Dynamic Punch|p2a: Granbull","|-resisted|p2a: Granbull","|-damage|p2a: Granbull|283/384","|-start|p2a: Granbull|confusion","|-activate|p2a: Granbull|confusion","|move|p2a: Granbull|Play Rough|p1a: Golurk","|-damage|p1a: Golurk|34/339","|","|-sideend|p2: jackker|move: Light Screen","|turn|18","|","|move|p1a: Golurk|Dynamic Punch|p2a: Granbull","|-resisted|p2a: Granbull","|-damage|p2a: Granbull|183/384","|-end|p2a: Granbull|confusion","|move|p2a: Granbull|Play Rough|p1a: Golurk","|-damage|p1a: Golurk|0 fnt","|faint|p1a: Golurk","|","|","|switch|p1a: Demalo Black|Gengar, F, shiny|261/261","|turn|19","|","|move|p1a: Demalo Black|Sludge Bomb|p2a: Granbull","|-supereffective|p2a: Granbull","|-damage|p2a: Granbull|0 fnt","|-damage|p1a: Demalo Black|235/261|[from] item: Life Orb","|faint|p2a: Granbull","|","|","|switch|p2a: Gardevoir|Gardevoir, M|340/340","|-ability|p2a: Gardevoir|Levitate|[from] ability: Trace|[of] p1a: Demalo Black","|turn|20","|","|switch|p1a: Chandelure|Chandelure, M, shiny|212/262 par","|move|p2a: Gardevoir|Psyshock|p1a: Chandelure","|-damage|p1a: Chandelure|52/262 par","|","|-heal|p1a: Chandelure|68/262 par|[from] item: Leftovers","|turn|21","|","|move|p2a: Gardevoir|Psyshock|p1a: Chandelure","|-damage|p1a: Chandelure|0 fnt","|faint|p1a: Chandelure","|","|","|switch|p1a: Jellicent|Jellicent, M, shiny|404/404","|turn|22","|","|switch|p2a: Togekiss|Togekiss, M|374/374 par","|move|p1a: Jellicent|Toxic|p2a: Togekiss","|-fail|p2a: Togekiss","|","|turn|23","|","|move|p1a: Jellicent|Scald|p2a: Togekiss","|-damage|p2a: Togekiss|310/374 par","|cant|p2a: Togekiss|par","|","|-heal|p2a: Togekiss|333/374 par|[from] item: Leftovers","|turn|24","|","|move|p1a: Jellicent|Shadow Ball|p2a: Togekiss","|-damage|p2a: Togekiss|273/374 par","|move|p2a: Togekiss|Air Slash|p1a: Jellicent","|-damage|p1a: Jellicent|296/404","|","|-heal|p1a: Jellicent|321/404|[from] item: Leftovers","|-heal|p2a: Togekiss|296/374 par|[from] item: Leftovers","|turn|25","|","|move|p1a: Jellicent|Shadow Ball|p2a: Togekiss","|-crit|p2a: Togekiss","|-damage|p2a: Togekiss|209/374 par","|move|p2a: Togekiss|Air Slash|p1a: Jellicent","|-damage|p1a: Jellicent|222/404","|","|-heal|p1a: Jellicent|247/404|[from] item: Leftovers","|-heal|p2a: Togekiss|232/374 par|[from] item: Leftovers","|turn|26","|","|move|p1a: Jellicent|Shadow Ball|p2a: Togekiss","|-damage|p2a: Togekiss|166/374 par","|move|p2a: Togekiss|Air Slash|p1a: Jellicent|[miss]","|-miss|p2a: Togekiss|p1a: Jellicent","|","|-heal|p1a: Jellicent|272/404|[from] item: Leftovers","|-heal|p2a: Togekiss|189/374 par|[from] item: Leftovers","|turn|27","|","|move|p1a: Jellicent|Shadow Ball|p2a: Togekiss","|-damage|p2a: Togekiss|134/374 par","|move|p2a: Togekiss|Air Slash|p1a: Jellicent|[miss]","|-miss|p2a: Togekiss|p1a: Jellicent","|","|-heal|p1a: Jellicent|297/404|[from] item: Leftovers","|-heal|p2a: Togekiss|157/374 par|[from] item: Leftovers","|turn|28","|","|move|p1a: Jellicent|Shadow Ball|p2a: Togekiss","|-damage|p2a: Togekiss|97/374 par","|move|p2a: Togekiss|Air Slash|p1a: Jellicent","|-damage|p1a: Jellicent|194/404","|","|-heal|p1a: Jellicent|219/404|[from] item: Leftovers","|-heal|p2a: Togekiss|120/374 par|[from] item: Leftovers","|turn|29","|","|move|p1a: Jellicent|Shadow Ball|p2a: Togekiss","|-damage|p2a: Togekiss|57/374 par","|move|p2a: Togekiss|Air Slash|p1a: Jellicent","|-damage|p1a: Jellicent|113/404","|","|-heal|p1a: Jellicent|138/404|[from] item: Leftovers","|-heal|p2a: Togekiss|80/374 par|[from] item: Leftovers","|turn|30","|","|move|p1a: Jellicent|Recover|p1a: Jellicent","|-heal|p1a: Jellicent|340/404","|move|p2a: Togekiss|Air Slash|p1a: Jellicent","|-damage|p1a: Jellicent|238/404","|","|-heal|p1a: Jellicent|263/404|[from] item: Leftovers","|-heal|p2a: Togekiss|103/374 par|[from] item: Leftovers","|turn|31","|","|move|p1a: Jellicent|Shadow Ball|p2a: Togekiss","|-damage|p2a: Togekiss|40/374 par","|cant|p2a: Togekiss|par","|","|-heal|p1a: Jellicent|288/404|[from] item: Leftovers","|-heal|p2a: Togekiss|63/374 par|[from] item: Leftovers","|turn|32","|","|move|p1a: Jellicent|Shadow Ball|p2a: Togekiss","|-damage|p2a: Togekiss|0 fnt","|faint|p2a: Togekiss","|","|-heal|p1a: Jellicent|313/404|[from] item: Leftovers","|","|switch|p2a: Gardevoir|Gardevoir, M|340/340","|-ability|p2a: Gardevoir|Water Absorb|[from] ability: Trace|[of] p1a: Jellicent","|turn|33","|","|move|p2a: Gardevoir|Energy Ball|p1a: Jellicent","|-supereffective|p1a: Jellicent","|-damage|p1a: Jellicent|123/404","|move|p1a: Jellicent|Shadow Ball|p2a: Gardevoir","|-supereffective|p2a: Gardevoir","|-damage|p2a: Gardevoir|260/340","|-unboost|p2a: Gardevoir|spd|1","|","|-heal|p1a: Jellicent|148/404|[from] item: Leftovers","|turn|34","|","|move|p2a: Gardevoir|Energy Ball|p1a: Jellicent","|-supereffective|p1a: Jellicent","|-damage|p1a: Jellicent|0 fnt","|faint|p1a: Jellicent","|","|","|switch|p1a: Demalo Black|Gengar, F, shiny|235/261","|turn|35","|","|move|p1a: Demalo Black|Sludge Bomb|p2a: Gardevoir","|-supereffective|p2a: Gardevoir","|-damage|p2a: Gardevoir|0 fnt","|-damage|p1a: Demalo Black|209/261|[from] item: Life Orb","|faint|p2a: Gardevoir","|","|","|switch|p2a: Diancie|Diancie|264/264","|turn|36","|","|detailschange|p2a: Diancie|Diancie-Mega","|-mega|p2a: Diancie|Diancie|Diancite","|move|p1a: Demalo Black|Shadow Ball|p2a: Diancie","|-damage|p2a: Diancie|81/264","|-damage|p1a: Demalo Black|183/261|[from] item: Life Orb","|move|p2a: Diancie|Diamond Storm|p1a: Demalo Black","|-damage|p1a: Demalo Black|0 fnt","|-boost|p2a: Diancie|def|1","|faint|p1a: Demalo Black","|","|win|jackker"],"p1rating":{"entryid":"7247602","serverid":"eos","formatid":"monotype","userid":"traineredbraze","username":"Traine✘ Redbraze","w":"19","l":19,"t":"0","gxe":50.8,"r":"1526.2624687204","rd":"57.913291298834","sigma":"0","rptime":"1438592400","rpr":1505.9801801518,"rprd":54.80864672212,"rpsigma":"0","acre":1082.4964247335,"lacre":1082.4964247335,"oldacre":"1095.340594915"},"p2rating":{"entryid":"6396823","serverid":"eos","formatid":"monotype","userid":"jackker","username":"jackker","w":20,"l":"6","t":"0","gxe":72.3,"r":"1682.6133122826","rd":"74.959178858919","sigma":"0","rptime":"1438592400","rpr":1684.1701601073,"rprd":70.189601596331,"rpsigma":"0","acre":1286.4210772994,"lacre":1286.4210772994,"oldacre":"1273.207502739"},"endType":"normal"}