{"seed":[9869,59998,59997,55701],"turns":28,"p1":"MrNyanNyanz","p2":"Alliance - Warner","p1team":[{"name":"Nyxia","species":"liepard","item":"ironball","ability":"Prankster","moves":["thunderwave","taunt","trick","assist"],"nature":"Naive","evs":{"hp":0,"atk":128,"def":0,"spa":128,"spd":0,"spe":252},"ivs":{"hp":31,"atk":31,"def":31,"spa":31,"spd":31,"spe":31}},{"name":"Houndoom","species":"Houndoom","item":"houndoominite","ability":"Flash Fire","moves":["nastyplot","protect","darkpulse","flamethrower"],"nature":"Timid","evs":{"hp":0,"atk":0,"def":0,"spa":252,"spd":4,"spe":252},"ivs":{"hp":31,"atk":31,"def":31,"spa":31,"spd":31,"spe":31}},{"name":"2Sharp","species":"bisharp","item":"choicescarf","ability":"Defiant","moves":["suckerpunch","ironhead","knockoff","stoneedge"],"nature":"Jolly","evs":{"hp":0,"atk":252,"def":0,"spa":0,"spd":4,"spe":252},"shiny":true,"ivs":{"hp":31,"atk":31,"def":31,"spa":31,"spd":31,"spe":31}},{"name":"Stall","species":"sableye","item":"leftovers","ability":"Prankster","moves":["recover","willowisp","toxic","shadowball"],"nature":"Calm","evs":{"hp":252,"atk":0,"def":0,"spa":4,"spd":252,"spe":0},"shiny":true,"ivs":{"hp":31,"atk":31,"def":31,"spa":31,"spd":31,"spe":31}},{"name":"Drago","species":"hydreigon","item":"choicescarf","ability":"Levitate","moves":["earthpower","darkpulse","dracometeor","flashcannon"],"nature":"Timid","evs":{"hp":0,"atk":0,"def":0,"spa":252,"spd":4,"spe":252},"shiny":true,"ivs":{"hp":31,"atk":31,"def":31,"spa":31,"spd":31,"spe":31}},{"name":"Mandibuzz","species":"Mandibuzz","item":"rockyhelmet","ability":"Overcoat","moves":["bravebird","roost","defog","knockoff"],"nature":"Impish","evs":{"hp":248,"atk":8,"def":252,"spa":0,"spd":0,"spe":0},"ivs":{"hp":31,"atk":31,"def":31,"spa":31,"spd":31,"spe":31}}],"p2team":[{"name":"Scizor","species":"Scizor","item":"choiceband","ability":"Technician","moves":["bulletpunch","uturn","knockoff","pursuit"],"nature":"Adamant","evs":{"hp":248,"atk":252,"def":0,"spa":0,"spd":8,"spe":0},"ivs":{"hp":31,"atk":31,"def":31,"spa":31,"spd":31,"spe":31}},{"name":"Forretress","species":"Forretress","item":"leftovers","ability":"Overcoat","moves":["stealthrock","toxic","rapidspin","voltswitch"],"nature":"Bold","evs":{"hp":252,"atk":0,"def":252,"spa":4,"spd":0,"spe":0},"ivs":{"hp":31,"atk":31,"def":31,"spa":31,"spd":31,"spe":31}},{"name":"Pinsir","species":"Pinsir","item":"pinsirite","ability":"Hyper Cutter","moves":["quickattack","return","swordsdance","earthquake"],"nature":"Jolly","evs":{"hp":0,"atk":252,"def":0,"spa":0,"spd":4,"spe":252},"ivs":{"hp":31,"atk":31,"def":31,"spa":31,"spd":31,"spe":31}},{"name":"Volcarona","species":"Volcarona","item":"sitrusberry","ability":"Flame Body","moves":["fierydance","roost","gigadrain","quiverdance"],"nature":"Timid","evs":{"hp":0,"atk":0,"def":0,"spa":128,"spd":128,"spe":252},"ivs":{"hp":31,"atk":0,"def":31,"spa":31,"spd":31,"spe":31}},{"name":"Heracross","species":"Heracross","item":"choicescarf","ability":"Moxie","moves":["earthquake","megahorn","knockoff","closecombat"],"nature":"Jolly","evs":{"hp":0,"atk":252,"def":0,"spa":0,"spd":4,"spe":252},"ivs":{"hp":31,"atk":31,"def":31,"spa":31,"spd":31,"spe":31}},{"name":"Genesect","species":"Genesect","item":"choicescarf","ability":"Download","moves":["uturn","thunderbolt","icebeam","energyball"],"nature":"Serious","evs":{"hp":0,"atk":0,"def":0,"spa":252,"spd":4,"spe":252},"ivs":{"hp":31,"atk":31,"def":31,"spa":31,"spd":31,"spe":31}}],"log":["|player|p1|MrNyanNyanz|mrnyannyanz.png","|player|p2|Alliance - Warner|167","|gametype|singles","|gen|6","|tier|Monotype","|rated","|rule|Baton Pass Clause: Limit one Baton Passer, can't pass Spe and other stats simultaneously","|rule|Swagger Clause: Swagger is banned","|rule|Same Type Clause: Pokémon in a team must share a type","|clearpoke","|poke|p1|Liepard, M","|poke|p1|Houndoom, M","|poke|p1|Bisharp, F, shiny","|poke|p1|Sableye, F, shiny","|poke|p1|Hydreigon, M, shiny","|poke|p1|Mandibuzz, F","|poke|p2|Scizor, M","|poke|p2|Forretress, F","|poke|p2|Pinsir, M","|poke|p2|Volcarona, M","|poke|p2|Heracross, M","|poke|p2|Genesect-*","|rule|Sleep Clause Mod: Limit one foe put to sleep","|rule|Species Clause: Limit one of each Pokémon","|rule|OHKO Clause: OHKO moves are banned","|rule|Moody Clause: Moody is banned","|rule|Evasion Moves Clause: Evasion moves are banned","|rule|Endless Battle Clause: Forcing endless battles is banned","|rule|HP Percentage Mod: HP is shown in percentages","|teampreview","|","|start","|switch|p1a: Nyxia|Liepard, M|269/269","|switch|p2a: Genesect|Genesect|283/283","|-boost|p2a: Genesect|spa|1|[from] ability: Download","|turn|1","|","|move|p1a: Nyxia|Thunder Wave|p2a: Genesect","|-status|p2a: Genesect|par","|cant|p2a: Genesect|par","|","|turn|2","|","|switch|p1a: Houndoom|Houndoom, M|291/291","|cant|p2a: Genesect|par","|","|turn|3","|","|switch|p2a: Volcarona|Volcarona, M|311/311","|detailschange|p1a: Houndoom|Houndoom-Mega, M","|-mega|p1a: Houndoom|Houndoom|Houndoominite","|move|p1a: Houndoom|Flamethrower|p2a: Volcarona","|-damage|p2a: Volcarona|166/311","|","|turn|4","|","|move|p1a: Houndoom|Flamethrower|p2a: Volcarona","|-damage|p2a: Volcarona|24/311","|-enditem|p2a: Volcarona|Sitrus Berry|[eat]","|-heal|p2a: Volcarona|101/311|[from] item: Sitrus Berry","|move|p2a: Volcarona|Quiver Dance|p2a: Volcarona","|-boost|p2a: Volcarona|spa|1","|-boost|p2a: Volcarona|spd|1","|-boost|p2a: Volcarona|spe|1","|","|turn|5","|","|move|p1a: Houndoom|Protect|p1a: Houndoom","|-singleturn|p1a: Houndoom|Protect","|move|p2a: Volcarona|Roost|p2a: Volcarona","|-heal|p2a: Volcarona|257/311","|","|turn|6","|","|switch|p1a: 2Sharp|Bisharp, F, shiny|271/271","|move|p2a: Volcarona|Quiver Dance|p2a: Volcarona","|-boost|p2a: Volcarona|spa|1","|-boost|p2a: Volcarona|spd|1","|-boost|p2a: Volcarona|spe|1","|","|turn|7","|","|move|p2a: Volcarona|Fiery Dance|p1a: 2Sharp","|-supereffective|p1a: 2Sharp","|-damage|p1a: 2Sharp|0 fnt","|-boost|p2a: Volcarona|spa|1","|faint|p1a: 2Sharp","|","|","|switch|p1a: Nyxia|Liepard, M|269/269","|turn|8","|","|move|p1a: Nyxia|Thunder Wave|p2a: Volcarona","|-status|p2a: Volcarona|par","|move|p2a: Volcarona|Quiver Dance|p2a: Volcarona","|-boost|p2a: Volcarona|spa|1","|-boost|p2a: Volcarona|spd|1","|-boost|p2a: Volcarona|spe|1","|","|turn|9","|","|move|p1a: Nyxia|Trick|p2a: Volcarona","|-activate|p1a: Nyxia|move: Trick|[of] p2a: Volcarona","|-item|p2a: Volcarona|Iron Ball|[from] move: Trick","|move|p2a: Volcarona|Fiery Dance|p1a: Nyxia","|-damage|p1a: Nyxia|0 fnt","|faint|p1a: Nyxia","|","|","|switch|p1a: Mandibuzz|Mandibuzz, F|423/423","|turn|10","|","|move|p1a: Mandibuzz|Brave Bird|p2a: Volcarona","|-supereffective|p2a: Volcarona","|-damage|p2a: Volcarona|0 fnt","|-damage|p1a: Mandibuzz|338/423|[from] recoil|[of] p2a: Volcarona","|faint|p2a: Volcarona","|","|","|switch|p2a: Forretress|Forretress, F|354/354","|turn|11","|","|move|p1a: Mandibuzz|Knock Off|p2a: Forretress","|-damage|p2a: Forretress|303/354","|-enditem|p2a: Forretress|Leftovers|[from] move: Knock Off|[of] p1a: Mandibuzz","|move|p2a: Forretress|Toxic|p1a: Mandibuzz","|-status|p1a: Mandibuzz|tox","|","|-damage|p1a: Mandibuzz|312/423 tox|[from] psn","|turn|12","|","|switch|p1a: Houndoom|Houndoom-Mega, M|291/291","|move|p2a: Forretress|Stealth Rock|p1a: Houndoom","|-sidestart|p1: MrNyanNyanz|move: Stealth Rock","|","|turn|13","|","|move|p1a: Houndoom|Flamethrower|p2a: Forretress","|-supereffective|p2a: Forretress","|-damage|p2a: Forretress|0 fnt","|faint|p2a: Forretress","|","|","|switch|p2a: Heracross|Heracross, M|301/301","|turn|14","|","|move|p1a: Houndoom|Protect|p1a: Houndoom","|-singleturn|p1a: Houndoom|Protect","|move|p2a: Heracross|Close Combat|p1a: Houndoom","|-activate|p1a: Houndoom|Protect","|","|turn|15","|","|switch|p2a: Genesect|Genesect|283/283 par","|-boost|p2a: Genesect|atk|1|[from] ability: Download","|move|p1a: Houndoom|Flamethrower|p2a: Genesect","|-supereffective|p2a: Genesect","|-damage|p2a: Genesect|0 fnt","|faint|p2a: Genesect","|","|","|switch|p2a: Heracross|Heracross, M|301/301","|turn|16","|","|move|p1a: Houndoom|Protect|p1a: Houndoom","|-singleturn|p1a: Houndoom|Protect","|move|p2a: Heracross|Close Combat|p1a: Houndoom","|-activate|p1a: Houndoom|Protect","|","|turn|17","|","|switch|p1a: Stall|Sableye, F, shiny|304/304","|-damage|p1a: Stall|266/304|[from] Stealth Rock","|move|p2a: Heracross|Close Combat|p1a: Stall","|-immune|p1a: Stall|[msg]","|","|-heal|p1a: Stall|285/304|[from] item: Leftovers","|turn|18","|","|switch|p2a: Scizor|Scizor, M|343/343","|move|p1a: Stall|Shadow Ball|p2a: Scizor","|-damage|p2a: Scizor|265/343","|","|-heal|p1a: Stall|304/304|[from] item: Leftovers","|turn|19","|","|move|p2a: Scizor|Bullet Punch|p1a: Stall","|-damage|p1a: Stall|76/304","|move|p1a: Stall|Will-O-Wisp|p2a: Scizor","|-status|p2a: Scizor|brn","|","|-heal|p1a: Stall|95/304|[from] item: Leftovers","|-damage|p2a: Scizor|223/343 brn|[from] brn","|turn|20","|","|switch|p1a: Mandibuzz|Mandibuzz, F|312/423 tox","|-damage|p1a: Mandibuzz|207/423 tox|[from] Stealth Rock","|move|p2a: Scizor|Bullet Punch|p1a: Mandibuzz","|-damage|p1a: Mandibuzz|147/423 tox","|-damage|p2a: Scizor|166/343 brn|[from] item: Rocky Helmet|[of] p1a: Mandibuzz","|","|-damage|p1a: Mandibuzz|121/423 tox|[from] psn","|-damage|p2a: Scizor|124/343 brn|[from] brn","|turn|21","|","|move|p2a: Scizor|Bullet Punch|p1a: Mandibuzz","|-damage|p1a: Mandibuzz|55/423 tox","|-damage|p2a: Scizor|67/343 brn|[from] item: Rocky Helmet|[of] p1a: Mandibuzz","|move|p1a: Mandibuzz|Roost|p1a: Mandibuzz","|-heal|p1a: Mandibuzz|267/423 tox","|","|-damage|p1a: Mandibuzz|215/423 tox|[from] psn","|-damage|p2a: Scizor|25/343 brn|[from] brn","|turn|22","|","|move|p2a: Scizor|Bullet Punch|p1a: Mandibuzz","|-damage|p1a: Mandibuzz|150/423 tox","|-damage|p2a: Scizor|0 fnt|[from] item: Rocky Helmet|[of] p1a: Mandibuzz","|faint|p2a: Scizor","|move|p1a: Mandibuzz|Roost|p1a: Mandibuzz","|-heal|p1a: Mandibuzz|362/423 tox","|","|-damage|p1a: Mandibuzz|284/423 tox|[from] psn","|","|switch|p2a: Pinsir|Pinsir, M|271/271","|turn|23","|","|detailschange|p2a: Pinsir|Pinsir-Mega, M","|-mega|p2a: Pinsir|Pinsir|Pinsirite","|move|p2a: Pinsir|Swords Dance|p2a: Pinsir","|-boost|p2a: Pinsir|atk|2","|move|p1a: Mandibuzz|Brave Bird|p2a: Pinsir","|-supereffective|p2a: Pinsir","|-damage|p2a: Pinsir|109/271","|-damage|p1a: Mandibuzz|231/423 tox|[from] recoil|[of] p2a: Pinsir","|","|-damage|p1a: Mandibuzz|127/423 tox|[from] psn","|turn|24","|","|move|p2a: Pinsir|Return|p1a: Mandibuzz","|-damage|p1a: Mandibuzz|0 fnt","|-damage|p2a: Pinsir|64/271|[from] item: Rocky Helmet|[of] p1a: Mandibuzz","|faint|p1a: Mandibuzz","|","|","|switch|p1a: Houndoom|Houndoom-Mega, M|291/291","|-damage|p1a: Houndoom|219/291|[from] Stealth Rock","|turn|25","|","|move|p2a: Pinsir|Quick Attack|p1a: Houndoom","|-damage|p1a: Houndoom|0 fnt","|faint|p1a: Houndoom","|","|","|switch|p1a: Drago|Hydreigon, M, shiny|325/325","|-damage|p1a: Drago|285/325|[from] Stealth Rock","|turn|26","|","|move|p2a: Pinsir|Quick Attack|p1a: Drago","|-damage|p1a: Drago|74/325","|move|p1a: Drago|Flash Cannon|p2a: Pinsir","|-damage|p2a: Pinsir|0 fnt","|faint|p2a: Pinsir","|","|","|switch|p2a: Heracross|Heracross, M|301/301","|turn|27","|","|switch|p1a: Stall|Sableye, F, shiny|95/304","|-damage|p1a: Stall|57/304|[from] Stealth Rock","|move|p2a: Heracross|Megahorn|p1a: Stall","|-damage|p1a: Stall|0 fnt","|faint|p1a: Stall","|-boost|p2a: Heracross|atk|1|[from] ability: Moxie","|","|","|switch|p1a: Drago|Hydreigon, M, shiny|74/325","|-damage|p1a: Drago|34/325|[from] Stealth Rock","|turn|28","|","|move|p1a: Drago|Draco Meteor|p2a: Heracross|[miss]","|-miss|p1a: Drago|p2a: Heracross","|move|p2a: Heracross|Megahorn|p1a: Drago","|-supereffective|p1a: Drago","|-damage|p1a: Drago|0 fnt","|faint|p1a: Drago","|-boost|p2a: Heracross|atk|1|[from] ability: Moxie","|","|win|Alliance - Warner"],"p1rating":{"entryid":"6703862","serverid":"eos","formatid":"monotype","userid":"mrnyannyanz","username":"MrNyanNyanz","w":"42","l":34,"t":"0","gxe":53.9,"r":"1538.8037937295","rd":"47.610146032348","sigma":"0","rptime":"1438592400","rpr":1529.9048400194,"rprd":41.35521662244,"rpsigma":"0","acre":1134.8513967789,"lacre":1134.8513967789,"oldacre":"1156.0446831363"},"p2rating":{"entryid":"7343610","serverid":"eos","formatid":"monotype","userid":"alliancewarner","username":"Alliance - Warner","w":8,"l":"1","t":"0","gxe":67.5,"r":"1514.8543579572","rd":"112.77191578172","sigma":"0","rptime":"1438592400","rpr":1641.7936117872,"rprd":89.592181032667,"rpsigma":"0","acre":1230.5561331931,"lacre":1230.5561331931,"oldacre":"1209.3628468357"},"endType":"normal"}