{"seed":[15795,18543,19523,36501],"turns":40,"p1":"Void Wiley","p2":"jackker","p1team":[{"name":"Tuba","species":"slurpuff","item":"sitrusberry","ability":"Unburden","moves":["bellydrum","drainpunch","playrough","aromatherapy"],"nature":"Jolly","evs":{"hp":4,"atk":252,"def":0,"spa":0,"spd":0,"spe":252},"ivs":{"hp":31,"atk":31,"def":31,"spa":31,"spd":31,"spe":31}},{"name":"Clarinet","species":"azumarill","item":"sitrusberry","ability":"Huge Power","moves":["bellydrum","aquajet","brickbreak","playrough"],"nature":"Adamant","evs":{"hp":252,"atk":252,"def":0,"spa":0,"spd":4,"spe":0},"ivs":{"hp":31,"atk":31,"def":31,"spa":31,"spd":31,"spe":31}},{"name":"Flute","species":"gardevoir","item":"gardevoirite","ability":"Synchronize","moves":["psyshock","hypervoice","energyball","focusblast"],"nature":"Modest","evs":{"hp":248,"atk":0,"def":0,"spa":252,"spd":8,"spe":0},"ivs":{"hp":31,"atk":31,"def":31,"spa":31,"spd":31,"spe":31}},{"name":"Alto","species":"togekiss","item":"choicescarf","ability":"Serene Grace","moves":["airslash","flamethrower","aurasphere","dazzlinggleam"],"nature":"Timid","evs":{"hp":0,"atk":0,"def":0,"spa":252,"spd":4,"spe":252},"ivs":{"hp":31,"atk":31,"def":31,"spa":31,"spd":31,"spe":31}},{"name":"Sax","species":"klefki","item":"lightclay","ability":"Prankster","moves":["thunderwave","lightscreen","reflect","foulplay"],"nature":"Bold","evs":{"hp":248,"atk":0,"def":252,"spa":0,"spd":8,"spe":0},"ivs":{"hp":31,"atk":31,"def":31,"spa":31,"spd":31,"spe":31}},{"name":"Trumpet","species":"sylveon","item":"leftovers","ability":"Pixilate","moves":["hypervoice","wish","protect","calmmind"],"nature":"Calm","evs":{"hp":252,"atk":0,"def":0,"spa":4,"spd":252,"spe":0},"ivs":{"hp":31,"atk":31,"def":31,"spa":31,"spd":31,"spe":31}}],"p2team":[{"name":"animated.objt","species":"rotommow","item":"choicescarf","ability":"Levitate","moves":["thunderbolt","hiddenpowerice","leafstorm","trick"],"nature":"Modest","evs":{"hp":0,"atk":0,"def":0,"spa":252,"spd":0,"spe":252},"ivs":{"hp":31,"atk":30,"def":30,"spa":31,"spd":31,"spe":31}},{"name":"Ferrozzila","species":"ferrothorn","item":"leftovers","ability":"Iron Barbs","moves":["gyroball","leechseed","protect","stealthrock"],"nature":"Impish","evs":{"hp":252,"atk":8,"def":240,"spa":0,"spd":8,"spe":0},"ivs":{"hp":31,"atk":31,"def":31,"spa":31,"spd":31,"spe":0}},{"name":"tiny.monster","species":"celebi","item":"leftovers","ability":"Natural Cure","moves":["thunderwave","psychic","earthpower","recover"],"nature":"Calm","evs":{"hp":252,"atk":0,"def":0,"spa":4,"spd":252,"spe":0},"ivs":{"hp":31,"atk":31,"def":31,"spa":31,"spd":31,"spe":31}},{"name":"bulkysaur","species":"venusaur","item":"venusaurite","ability":"Chlorophyll","moves":["hiddenpowerfire","earthquake","synthesis","sludgebomb"],"nature":"Relaxed","evs":{"hp":252,"atk":0,"def":120,"spa":12,"spd":124,"spe":0},"ivs":{"hp":31,"atk":30,"def":31,"spa":30,"spd":31,"spe":30}},{"name":"grand.pa.san","species":"shiftry","item":"focussash","ability":"Chlorophyll","moves":["knockoff","suckerpunch","rockslide","swordsdance"],"nature":"Adamant","evs":{"hp":0,"atk":252,"def":0,"spa":0,"spd":0,"spe":252},"ivs":{"hp":31,"atk":31,"def":31,"spa":31,"spd":31,"spe":31}},{"name":"mariachi","species":"ludicolo","item":"damprock","ability":"Swift Swim","moves":["raindance","surf","icebeam","gigadrain"],"nature":"Modest","evs":{"hp":0,"atk":0,"def":0,"spa":252,"spd":0,"spe":252},"ivs":{"hp":31,"atk":31,"def":31,"spa":31,"spd":31,"spe":31}}],"log":["|player|p1|Void Wiley|voidwiley.png","|player|p2|jackker|196","|gametype|singles","|gen|6","|tier|Monotype","|rated","|rule|Baton Pass Clause: Limit one Baton Passer, can't pass Spe and other stats simultaneously","|rule|Swagger Clause: Swagger is banned","|rule|Same Type Clause: Pokémon in a team must share a type","|clearpoke","|poke|p1|Slurpuff, M","|poke|p1|Azumarill, M","|poke|p1|Gardevoir, M","|poke|p1|Togekiss, F","|poke|p1|Klefki, M","|poke|p1|Sylveon, F","|poke|p2|Rotom-Mow","|poke|p2|Ferrothorn, F","|poke|p2|Celebi","|poke|p2|Venusaur, F","|poke|p2|Shiftry, F","|poke|p2|Ludicolo, F","|rule|Sleep Clause Mod: Limit one foe put to sleep","|rule|Species Clause: Limit one of each Pokémon","|rule|OHKO Clause: OHKO moves are banned","|rule|Moody Clause: Moody is banned","|rule|Evasion Moves Clause: Evasion moves are banned","|rule|Endless Battle Clause: Forcing endless battles is banned","|rule|HP Percentage Mod: HP is shown in percentages","|teampreview","|","|start","|switch|p1a: Alto|Togekiss, F|311/311","|switch|p2a: animated.objt|Rotom-Mow|241/241","|turn|1","|","|switch|p1a: Sax|Klefki, M|317/317","|move|p2a: animated.objt|Thunderbolt|p1a: Sax","|-damage|p1a: Sax|146/317","|","|turn|2","|","|move|p1a: Sax|Light Screen|p1a: Sax","|-sidestart|p1: Void Wiley|move: Light Screen","|move|p2a: animated.objt|Thunderbolt|p1a: Sax","|-damage|p1a: Sax|69/317","|-status|p1a: Sax|par","|","|turn|3","|","|move|p1a: Sax|Reflect|p1a: Sax","|-sidestart|p1: Void Wiley|Reflect","|move|p2a: animated.objt|Thunderbolt|p1a: Sax","|-damage|p1a: Sax|0 fnt","|faint|p1a: Sax","|","|","|switch|p1a: Flute|Gardevoir, M|339/339","|turn|4","|","|switch|p2a: tiny.monster|Celebi|404/404","|detailschange|p1a: Flute|Gardevoir-Mega, M","|-mega|p1a: Flute|Gardevoir|Gardevoirite","|move|p1a: Flute|Hyper Voice|p2a: tiny.monster","|-damage|p2a: tiny.monster|193/404","|","|-heal|p2a: tiny.monster|218/404|[from] item: Leftovers","|turn|5","|","|move|p1a: Flute|Hyper Voice|p2a: tiny.monster","|-damage|p2a: tiny.monster|20/404","|move|p2a: tiny.monster|Thunder Wave|p1a: Flute","|-status|p1a: Flute|par","|","|-heal|p2a: tiny.monster|45/404|[from] item: Leftovers","|turn|6","|","|move|p2a: tiny.monster|Recover|p2a: tiny.monster","|-heal|p2a: tiny.monster|247/404","|move|p1a: Flute|Hyper Voice|p2a: tiny.monster","|-damage|p2a: tiny.monster|42/404","|","|-heal|p2a: tiny.monster|67/404|[from] item: Leftovers","|turn|7","|","|move|p2a: tiny.monster|Recover|p2a: tiny.monster","|-heal|p2a: tiny.monster|269/404","|cant|p1a: Flute|par","|","|-heal|p2a: tiny.monster|294/404|[from] item: Leftovers","|turn|8","|","|move|p2a: tiny.monster|Earth Power|p1a: Flute","|-damage|p1a: Flute|312/339 par","|move|p1a: Flute|Hyper Voice|p2a: tiny.monster","|-damage|p2a: tiny.monster|104/404","|","|-heal|p2a: tiny.monster|129/404|[from] item: Leftovers","|turn|9","|","|move|p2a: tiny.monster|Recover|p2a: tiny.monster","|-heal|p2a: tiny.monster|331/404","|move|p1a: Flute|Hyper Voice|p2a: tiny.monster","|-damage|p2a: tiny.monster|120/404","|","|-heal|p2a: tiny.monster|145/404|[from] item: Leftovers","|-sideend|p1: Void Wiley|move: Light Screen","|turn|10","|","|move|p2a: tiny.monster|Recover|p2a: tiny.monster","|-heal|p2a: tiny.monster|347/404","|move|p1a: Flute|Hyper Voice|p2a: tiny.monster","|-damage|p2a: tiny.monster|145/404","|","|-heal|p2a: tiny.monster|170/404|[from] item: Leftovers","|-sideend|p1: Void Wiley|Reflect","|turn|11","|","|switch|p1a: Alto|Togekiss, F|311/311","|move|p2a: tiny.monster|Recover|p2a: tiny.monster","|-heal|p2a: tiny.monster|372/404","|","|-heal|p2a: tiny.monster|397/404|[from] item: Leftovers","|turn|12","|","|move|p1a: Alto|Air Slash|p2a: tiny.monster","|-supereffective|p2a: tiny.monster","|-damage|p2a: tiny.monster|217/404","|move|p2a: tiny.monster|Thunder Wave|p1a: Alto","|-status|p1a: Alto|par","|","|-heal|p2a: tiny.monster|242/404|[from] item: Leftovers","|turn|13","|","|switch|p2a: animated.objt|Rotom-Mow|241/241","|cant|p1a: Alto|par","|","|turn|14","|","|move|p2a: animated.objt|Thunderbolt|p1a: Alto","|-supereffective|p1a: Alto","|-damage|p1a: Alto|57/311 par","|move|p1a: Alto|Air Slash|p2a: animated.objt","|-damage|p2a: animated.objt|126/241","|","|turn|15","|","|move|p2a: animated.objt|Thunderbolt|p1a: Alto","|-supereffective|p1a: Alto","|-damage|p1a: Alto|0 fnt","|faint|p1a: Alto","|","|","|switch|p1a: Tuba|Slurpuff, M|306/306","|turn|16","|","|move|p2a: animated.objt|Thunderbolt|p1a: Tuba","|-damage|p1a: Tuba|126/306","|-status|p1a: Tuba|par","|-enditem|p1a: Tuba|Sitrus Berry|[eat]","|-heal|p1a: Tuba|202/306 par|[from] item: Sitrus Berry","|move|p1a: Tuba|Play Rough|p2a: animated.objt","|-damage|p2a: animated.objt|6/241","|","|turn|17","|","|move|p2a: animated.objt|Thunderbolt|p1a: Tuba","|-damage|p1a: Tuba|19/306 par","|move|p1a: Tuba|Aromatherapy|p1a: Tuba","|-cureteam|p1a: Tuba|[from] move: Aromatherapy","|","|turn|18","|","|move|p1a: Tuba|Play Rough|p2a: animated.objt","|-damage|p2a: animated.objt|0 fnt","|faint|p2a: animated.objt","|","|","|switch|p2a: grand.pa.san|Shiftry, F|321/321","|turn|19","|","|move|p1a: Tuba|Drain Punch|p2a: grand.pa.san","|-supereffective|p2a: grand.pa.san","|-damage|p2a: grand.pa.san|137/321","|-heal|p1a: Tuba|111/306|[from] drain|[of] p2a: grand.pa.san","|move|p2a: grand.pa.san|Knock Off|p1a: Tuba","|-resisted|p1a: Tuba","|-damage|p1a: Tuba|51/306","|","|turn|20","|","|move|p2a: grand.pa.san|Sucker Punch|p1a: Tuba","|-resisted|p1a: Tuba","|-damage|p1a: Tuba|0 fnt","|faint|p1a: Tuba","|","|","|switch|p1a: Trumpet|Sylveon, F|394/394","|turn|21","|","|move|p2a: grand.pa.san|Sucker Punch|p1a: Trumpet","|-resisted|p1a: Trumpet","|-damage|p1a: Trumpet|304/394","|move|p1a: Trumpet|Hyper Voice|p2a: grand.pa.san","|-supereffective|p2a: grand.pa.san","|-damage|p2a: grand.pa.san|0 fnt","|faint|p2a: grand.pa.san","|","|-heal|p1a: Trumpet|328/394|[from] item: Leftovers","|","|switch|p2a: tiny.monster|Celebi|242/404","|turn|22","|","|move|p2a: tiny.monster|Thunder Wave|p1a: Trumpet","|-status|p1a: Trumpet|par","|move|p1a: Trumpet|Calm Mind|p1a: Trumpet","|-boost|p1a: Trumpet|spa|1","|-boost|p1a: Trumpet|spd|1","|","|-heal|p2a: tiny.monster|267/404|[from] item: Leftovers","|-heal|p1a: Trumpet|352/394 par|[from] item: Leftovers","|turn|23","|","|switch|p2a: Ferrozzila|Ferrothorn, F|352/352","|move|p1a: Trumpet|Calm Mind|p1a: Trumpet","|-boost|p1a: Trumpet|spa|1","|-boost|p1a: Trumpet|spd|1","|","|-heal|p1a: Trumpet|376/394 par|[from] item: Leftovers","|turn|24","|","|move|p2a: Ferrozzila|Leech Seed|p1a: Trumpet","|-start|p1a: Trumpet|move: Leech Seed","|move|p1a: Trumpet|Calm Mind|p1a: Trumpet","|-boost|p1a: Trumpet|spa|1","|-boost|p1a: Trumpet|spd|1","|","|-heal|p1a: Trumpet|394/394 par|[from] item: Leftovers","|-damage|p1a: Trumpet|345/394 par|[from] Leech Seed|[of] p2a: Ferrozzila","|turn|25","|","|move|p2a: Ferrozzila|Gyro Ball|p1a: Trumpet","|-supereffective|p1a: Trumpet","|-damage|p1a: Trumpet|267/394 par","|move|p1a: Trumpet|Hyper Voice|p2a: Ferrozzila","|-crit|p2a: Ferrozzila","|-resisted|p2a: Ferrozzila","|-damage|p2a: Ferrozzila|102/352","|","|-heal|p2a: Ferrozzila|124/352|[from] item: Leftovers","|-heal|p1a: Trumpet|291/394 par|[from] item: Leftovers","|-damage|p1a: Trumpet|242/394 par|[from] Leech Seed|[of] p2a: Ferrozzila","|-heal|p2a: Ferrozzila|173/352|[silent]","|turn|26","|","|move|p2a: Ferrozzila|Gyro Ball|p1a: Trumpet","|-supereffective|p1a: Trumpet","|-damage|p1a: Trumpet|174/394 par","|move|p1a: Trumpet|Hyper Voice|p2a: Ferrozzila","|-resisted|p2a: Ferrozzila","|-damage|p2a: Ferrozzila|15/352","|","|-heal|p2a: Ferrozzila|37/352|[from] item: Leftovers","|-heal|p1a: Trumpet|198/394 par|[from] item: Leftovers","|-damage|p1a: Trumpet|149/394 par|[from] Leech Seed|[of] p2a: Ferrozzila","|-heal|p2a: Ferrozzila|86/352|[silent]","|turn|27","|","|move|p2a: Ferrozzila|Protect|p2a: Ferrozzila","|-singleturn|p2a: Ferrozzila|Protect","|move|p1a: Trumpet|Hyper Voice|p2a: Ferrozzila","|-activate|p2a: Ferrozzila|Protect","|","|-heal|p2a: Ferrozzila|108/352|[from] item: Leftovers","|-heal|p1a: Trumpet|173/394 par|[from] item: Leftovers","|-damage|p1a: Trumpet|124/394 par|[from] Leech Seed|[of] p2a: Ferrozzila","|-heal|p2a: Ferrozzila|157/352|[silent]","|turn|28","|","|switch|p2a: tiny.monster|Celebi|267/404","|move|p1a: Trumpet|Hyper Voice|p2a: tiny.monster","|-damage|p2a: tiny.monster|21/404","|","|-heal|p2a: tiny.monster|46/404|[from] item: Leftovers","|-heal|p1a: Trumpet|148/394 par|[from] item: Leftovers","|-damage|p1a: Trumpet|99/394 par|[from] Leech Seed|[of] p2a: tiny.monster","|-heal|p2a: tiny.monster|95/404|[silent]","|turn|29","|","|move|p2a: tiny.monster|Recover|p2a: tiny.monster","|-heal|p2a: tiny.monster|297/404","|move|p1a: Trumpet|Hyper Voice|p2a: tiny.monster","|-damage|p2a: tiny.monster|21/404","|","|-heal|p2a: tiny.monster|46/404|[from] item: Leftovers","|-heal|p1a: Trumpet|123/394 par|[from] item: Leftovers","|-damage|p1a: Trumpet|74/394 par|[from] Leech Seed|[of] p2a: tiny.monster","|-heal|p2a: tiny.monster|95/404|[silent]","|turn|30","|","|move|p2a: tiny.monster|Recover|p2a: tiny.monster","|-heal|p2a: tiny.monster|297/404","|move|p1a: Trumpet|Hyper Voice|p2a: tiny.monster","|-damage|p2a: tiny.monster|39/404","|","|-heal|p2a: tiny.monster|64/404|[from] item: Leftovers","|-heal|p1a: Trumpet|98/394 par|[from] item: Leftovers","|-damage|p1a: Trumpet|49/394 par|[from] Leech Seed|[of] p2a: tiny.monster","|-heal|p2a: tiny.monster|113/404|[silent]","|turn|31","|","|move|p2a: tiny.monster|Recover|p2a: tiny.monster","|-heal|p2a: tiny.monster|315/404","|cant|p1a: Trumpet|par","|","|-heal|p2a: tiny.monster|340/404|[from] item: Leftovers","|-heal|p1a: Trumpet|73/394 par|[from] item: Leftovers","|-damage|p1a: Trumpet|24/394 par|[from] Leech Seed|[of] p2a: tiny.monster","|-heal|p2a: tiny.monster|389/404|[silent]","|turn|32","|","|move|p2a: tiny.monster|Psychic|p1a: Trumpet","|-damage|p1a: Trumpet|0 fnt","|faint|p1a: Trumpet","|","|-heal|p2a: tiny.monster|404/404|[from] item: Leftovers","|","|switch|p1a: Flute|Gardevoir-Mega, M|312/339","|turn|33","|","|move|p1a: Flute|Hyper Voice|p2a: tiny.monster","|-damage|p2a: tiny.monster|199/404","|move|p2a: tiny.monster|Thunder Wave|p1a: Flute","|-status|p1a: Flute|par","|","|-heal|p2a: tiny.monster|224/404|[from] item: Leftovers","|turn|34","|","|move|p2a: tiny.monster|Earth Power|p1a: Flute","|-damage|p1a: Flute|257/339 par","|cant|p1a: Flute|par","|","|-heal|p2a: tiny.monster|249/404|[from] item: Leftovers","|turn|35","|","|move|p2a: tiny.monster|Earth Power|p1a: Flute","|-damage|p1a: Flute|202/339 par","|move|p1a: Flute|Hyper Voice|p2a: tiny.monster","|-damage|p2a: tiny.monster|48/404","|","|-heal|p2a: tiny.monster|73/404|[from] item: Leftovers","|turn|36","|","|move|p2a: tiny.monster|Earth Power|p1a: Flute","|-damage|p1a: Flute|147/339 par","|cant|p1a: Flute|par","|","|-heal|p2a: tiny.monster|98/404|[from] item: Leftovers","|turn|37","|","|move|p2a: tiny.monster|Earth Power|p1a: Flute","|-damage|p1a: Flute|95/339 par","|move|p1a: Flute|Hyper Voice|p2a: tiny.monster","|-damage|p2a: tiny.monster|0 fnt","|faint|p2a: tiny.monster","|","|","|switch|p2a: bulkysaur|Venusaur, F|364/364","|turn|38","|","|detailschange|p2a: bulkysaur|Venusaur-Mega, F","|-mega|p2a: bulkysaur|Venusaur|Venusaurite","|move|p2a: bulkysaur|Sludge Bomb|p1a: Flute","|-supereffective|p1a: Flute","|-damage|p1a: Flute|0 fnt","|faint|p1a: Flute","|","|","|switch|p1a: Clarinet|Azumarill, M|404/404","|turn|39","|","|move|p2a: bulkysaur|Sludge Bomb|p1a: Clarinet","|-supereffective|p1a: Clarinet","|-damage|p1a: Clarinet|114/404","|-enditem|p1a: Clarinet|Sitrus Berry|[eat]","|-heal|p1a: Clarinet|215/404|[from] item: Sitrus Berry","|move|p1a: Clarinet|Play Rough|p2a: bulkysaur","|-resisted|p2a: bulkysaur","|-damage|p2a: bulkysaur|299/364","|","|turn|40","|","|move|p2a: bulkysaur|Sludge Bomb|p1a: Clarinet","|-supereffective|p1a: Clarinet","|-damage|p1a: Clarinet|0 fnt","|faint|p1a: Clarinet","|","|win|jackker"],"p1rating":{"entryid":"5697050","serverid":"eos","formatid":"monotype","userid":"voidwiley","username":"Void Wiley","w":"157","l":138,"t":"0","gxe":55.2,"r":"1536.7228521162","rd":"28.343538317993","sigma":"0","rptime":"1438592400","rpr":1539.7072536927,"rprd":27.687093557787,"rpsigma":"0","acre":1166.4378590955,"lacre":1166.4378590955,"oldacre":"1187.5389936265"},"p2rating":{"entryid":"6396823","serverid":"eos","formatid":"monotype","userid":"jackker","username":"jackker","w":18,"l":"6","t":"0","gxe":70.6,"r":"1682.6133122826","rd":"74.959178858919","sigma":"0","rptime":"1438592400","rpr":1668.1327297781,"rprd":72.451571367611,"rpsigma":"0","acre":1263.2701229231,"lacre":1263.2701229231,"oldacre":"1242.1689883921"},"endType":"normal"}