{"seed":[26356,50164,2088,26059],"turns":20,"p1":"Alliance - Mxy","p2":"Sage.13","p1team":[{"name":"Heracross","species":"Heracross","item":"heracronite","ability":"Moxie","moves":["closecombat","rockblast","bulletseed","substitute"],"nature":"Adamant","evs":{"hp":0,"atk":252,"def":4,"spa":0,"spd":0,"spe":252},"ivs":{"hp":31,"atk":31,"def":31,"spa":31,"spd":31,"spe":31}},{"name":"Shuckle","species":"Shuckle","item":"leftovers","ability":"Sturdy","moves":["toxic","stealthrock","stickyweb","rocktomb"],"nature":"Impish","evs":{"hp":252,"atk":0,"def":172,"spa":0,"spd":84,"spe":0},"ivs":{"hp":31,"atk":31,"def":31,"spa":31,"spd":31,"spe":31}},{"name":"Genesect","species":"Genesect","item":"choicescarf","ability":"Download","moves":["uturn","flamethrower","thunderbolt","icebeam"],"nature":"Naive","evs":{"hp":0,"atk":4,"def":0,"spa":252,"spd":0,"spe":252},"ivs":{"hp":31,"atk":31,"def":31,"spa":31,"spd":31,"spe":31}},{"name":"Scizor","species":"Scizor","item":"choiceband","ability":"Technician","moves":["bulletpunch","superpower","uturn","knockoff"],"nature":"Adamant","evs":{"hp":144,"atk":252,"def":4,"spa":0,"spd":0,"spe":108},"ivs":{"hp":31,"atk":31,"def":31,"spa":31,"spd":31,"spe":31}},{"name":"Armaldo","species":"Armaldo","item":"assaultvest","ability":"Battle Armor","moves":["rocktomb","rapidspin","earthquake","aquajet"],"nature":"Careful","evs":{"hp":248,"atk":8,"def":0,"spa":0,"spd":252,"spe":0},"ivs":{"hp":31,"atk":31,"def":31,"spa":31,"spd":31,"spe":31}},{"name":"Vivillon","species":"Vivillon","item":"focussash","ability":"Compound Eyes","moves":["sleeppowder","aromatherapy","quiverdance","hurricane"],"nature":"Timid","evs":{"hp":0,"atk":0,"def":0,"spa":252,"spd":4,"spe":252},"ivs":{"hp":31,"atk":31,"def":31,"spa":31,"spd":31,"spe":31}}],"p2team":[{"name":"Ludicolo","species":"Ludicolo","item":"leftovers","ability":"Swift Swim","moves":["teeterdance","scald","icebeam","gigadrain"],"nature":"Modest","evs":{"hp":0,"atk":0,"def":0,"spa":252,"spd":4,"spe":252},"shiny":true,"ivs":{"hp":31,"atk":31,"def":31,"spa":31,"spd":31,"spe":31}},{"name":"Azumarill","species":"Azumarill","item":"sitrusberry","ability":"Huge Power","moves":["aquajet","playrough","bellydrum","knockoff"],"nature":"Adamant","evs":{"hp":252,"atk":252,"def":0,"spa":0,"spd":4,"spe":0},"ivs":{"hp":31,"atk":31,"def":31,"spa":31,"spd":31,"spe":31}},{"name":"Swampert","species":"Swampert","item":"swampertite","ability":"Damp","moves":["superpower","waterfall","earthquake","icepunch"],"nature":"Adamant","evs":{"hp":248,"atk":252,"def":0,"spa":0,"spd":8,"spe":0},"ivs":{"hp":31,"atk":31,"def":31,"spa":31,"spd":31,"spe":31}},{"name":"Milotic","species":"Milotic","item":"leftovers","ability":"Competitive","moves":["scald","icebeam","raindance","toxic"],"nature":"Bold","evs":{"hp":252,"atk":0,"def":252,"spa":4,"spd":0,"spe":0},"shiny":true,"ivs":{"hp":31,"atk":31,"def":31,"spa":31,"spd":31,"spe":31}},{"name":"Politoed","species":"Politoed","item":"widelens","ability":"Drizzle","moves":["icebeam","surf","hypnosis","perishsong"],"nature":"Modest","evs":{"hp":248,"atk":0,"def":0,"spa":252,"spd":8,"spe":0},"shiny":true,"ivs":{"hp":31,"atk":31,"def":31,"spa":31,"spd":31,"spe":31}},{"name":"Clawitzer","species":"Clawitzer","item":"lifeorb","ability":"Mega Launcher","moves":["scald","icebeam","darkpulse","aurasphere"],"nature":"Modest","evs":{"hp":0,"atk":0,"def":0,"spa":252,"spd":4,"spe":252},"shiny":true,"ivs":{"hp":31,"atk":31,"def":31,"spa":31,"spd":31,"spe":31}}],"log":["|player|p1|Alliance - Mxy|270","|player|p2|Sage.13|154","|gametype|singles","|gen|6","|tier|Monotype","|rated","|rule|Baton Pass Clause: Limit one Baton Passer, can't pass Spe and other stats simultaneously","|rule|Swagger Clause: Swagger is banned","|rule|Same Type Clause: Pokémon in a team must share a type","|clearpoke","|poke|p1|Heracross, F","|poke|p1|Shuckle, M","|poke|p1|Genesect-*","|poke|p1|Scizor, F","|poke|p1|Armaldo, F","|poke|p1|Vivillon, M","|poke|p2|Ludicolo, F, shiny","|poke|p2|Azumarill, M","|poke|p2|Swampert, M","|poke|p2|Milotic, M, shiny","|poke|p2|Politoed, M, shiny","|poke|p2|Clawitzer, F, shiny","|rule|Sleep Clause Mod: Limit one foe put to sleep","|rule|Species Clause: Limit one of each Pokémon","|rule|OHKO Clause: OHKO moves are banned","|rule|Moody Clause: Moody is banned","|rule|Evasion Moves Clause: Evasion moves are banned","|rule|Endless Battle Clause: Forcing endless battles is banned","|rule|HP Percentage Mod: HP is shown in percentages","|teampreview","|","|start","|switch|p1a: Shuckle|Shuckle, M|244/244","|switch|p2a: Milotic|Milotic, M, shiny|394/394","|turn|1","|","|move|p2a: Milotic|Rain Dance|p2a: Milotic","|-weather|RainDance","|move|p1a: Shuckle|Sticky Web|p2a: Milotic","|-sidestart|p2: Sage.13|move: Sticky Web","|","|-weather|RainDance|[upkeep]","|turn|2","|","|move|p2a: Milotic|Toxic|p1a: Shuckle","|-status|p1a: Shuckle|tox","|move|p1a: Shuckle|Stealth Rock|p2a: Milotic","|-sidestart|p2: Sage.13|move: Stealth Rock","|","|-weather|RainDance|[upkeep]","|-damage|p1a: Shuckle|229/244 tox|[from] psn","|turn|3","|","|switch|p2a: Azumarill|Azumarill, M|404/404","|-activate|p2a: Azumarill|move: Sticky Web","|-unboost|p2a: Azumarill|spe|1","|-damage|p2a: Azumarill|354/404|[from] Stealth Rock","|move|p1a: Shuckle|Rock Tomb|p2a: Azumarill","|-damage|p2a: Azumarill|332/404","|-unboost|p2a: Azumarill|spe|1","|","|-weather|RainDance|[upkeep]","|-heal|p1a: Shuckle|244/244 tox|[from] item: Leftovers","|-damage|p1a: Shuckle|214/244 tox|[from] psn","|turn|4","|","|move|p2a: Azumarill|Belly Drum|p2a: Azumarill","|-damage|p2a: Azumarill|130/404","|-setboost|p2a: Azumarill|atk|6|[from] move: Belly Drum","|-enditem|p2a: Azumarill|Sitrus Berry|[eat]","|-heal|p2a: Azumarill|231/404|[from] item: Sitrus Berry","|move|p1a: Shuckle|Toxic|p2a: Azumarill","|-status|p2a: Azumarill|tox","|","|-weather|RainDance|[upkeep]","|-heal|p1a: Shuckle|229/244 tox|[from] item: Leftovers","|-damage|p2a: Azumarill|206/404 tox|[from] psn","|-damage|p1a: Shuckle|184/244 tox|[from] psn","|turn|5","|","|move|p2a: Azumarill|Knock Off|p1a: Shuckle","|-damage|p1a: Shuckle|0 fnt","|-enditem|p1a: Shuckle|Leftovers|[from] move: Knock Off|[of] p2a: Azumarill","|faint|p1a: Shuckle","|","|-weather|none","|-damage|p2a: Azumarill|156/404 tox|[from] psn","|","|switch|p1a: Scizor|Scizor, F|317/317","|turn|6","|","|move|p1a: Scizor|Bullet Punch|p2a: Azumarill","|-damage|p2a: Azumarill|0 fnt","|faint|p2a: Azumarill","|","|","|switch|p2a: Milotic|Milotic, M, shiny|394/394","|-damage|p2a: Milotic|345/394|[from] Stealth Rock","|-activate|p2a: Milotic|move: Sticky Web","|-unboost|p2a: Milotic|spe|1","|-boost|p2a: Milotic|spa|2|[from] ability: Competitive","|turn|7","|","|switch|p1a: Armaldo|Armaldo, F|353/353","|move|p2a: Milotic|Scald|p1a: Armaldo","|-supereffective|p1a: Armaldo","|-damage|p1a: Armaldo|159/353","|","|-heal|p2a: Milotic|369/394|[from] item: Leftovers","|turn|8","|","|move|p2a: Milotic|Scald|p1a: Armaldo","|-supereffective|p1a: Armaldo","|-damage|p1a: Armaldo|0 fnt","|faint|p1a: Armaldo","|","|-heal|p2a: Milotic|393/394|[from] item: Leftovers","|","|switch|p1a: Heracross|Heracross, F|301/301","|turn|9","|","|detailschange|p1a: Heracross|Heracross-Mega, F","|-mega|p1a: Heracross|Heracross|Heracronite","|move|p1a: Heracross|Bullet Seed|p2a: Milotic","|-supereffective|p2a: Milotic","|-damage|p2a: Milotic|323/394","|-supereffective|p2a: Milotic","|-damage|p2a: Milotic|247/394","|-supereffective|p2a: Milotic","|-damage|p2a: Milotic|177/394","|-supereffective|p2a: Milotic","|-damage|p2a: Milotic|97/394","|-supereffective|p2a: Milotic","|-damage|p2a: Milotic|21/394","|-hitcount|p2a: Milotic|5","|move|p2a: Milotic|Scald|p1a: Heracross","|-damage|p1a: Heracross|114/301","|-status|p1a: Heracross|brn","|","|-heal|p2a: Milotic|45/394|[from] item: Leftovers","|-damage|p1a: Heracross|77/301 brn|[from] brn","|turn|10","|","|switch|p2a: Politoed|Politoed, M, shiny|383/383","|-activate|p2a: Politoed|move: Sticky Web","|-unboost|p2a: Politoed|spe|1","|-damage|p2a: Politoed|336/383|[from] Stealth Rock","|-weather|RainDance","|move|p1a: Heracross|Bullet Seed|p2a: Politoed","|-supereffective|p2a: Politoed","|-damage|p2a: Politoed|281/383","|-supereffective|p2a: Politoed","|-damage|p2a: Politoed|224/383","|-supereffective|p2a: Politoed","|-damage|p2a: Politoed|170/383","|-supereffective|p2a: Politoed","|-damage|p2a: Politoed|116/383","|-supereffective|p2a: Politoed","|-damage|p2a: Politoed|65/383","|-hitcount|p2a: Politoed|5","|","|-weather|RainDance|[upkeep]","|-damage|p1a: Heracross|40/301 brn|[from] brn","|turn|11","|","|switch|p2a: Milotic|Milotic, M, shiny|45/394","|-activate|p2a: Milotic|move: Sticky Web","|-unboost|p2a: Milotic|spe|1","|-boost|p2a: Milotic|spa|2|[from] ability: Competitive","|-damage|p2a: Milotic|0 fnt|[from] Stealth Rock","|faint|p2a: Milotic","|move|p1a: Heracross|Bullet Seed|p2: Milotic|[notarget]","|-notarget","|","|-weather|RainDance|[upkeep]","|-damage|p1a: Heracross|3/301 brn|[from] brn","|","|switch|p2a: Ludicolo|Ludicolo, F, shiny|301/301","|-activate|p2a: Ludicolo|move: Sticky Web","|-unboost|p2a: Ludicolo|spe|1","|-damage|p2a: Ludicolo|264/301|[from] Stealth Rock","|turn|12","|","|switch|p1a: Scizor|Scizor, F|317/317","|move|p2a: Ludicolo|Giga Drain|p1a: Scizor","|-resisted|p1a: Scizor","|-damage|p1a: Scizor|282/317","|-heal|p2a: Ludicolo|282/301|[from] drain|[of] p1a: Scizor","|","|-weather|RainDance|[upkeep]","|-heal|p2a: Ludicolo|300/301|[from] item: Leftovers","|turn|13","|","|move|p2a: Ludicolo|Scald|p1a: Scizor","|-damage|p1a: Scizor|66/317","|-status|p1a: Scizor|brn","|move|p1a: Scizor|U-turn|p2a: Ludicolo","|-crit|p2a: Ludicolo","|-supereffective|p2a: Ludicolo","|-damage|p2a: Ludicolo|0 fnt","|faint|p2a: Ludicolo","|","|switch|p1a: Vivillon|Vivillon, M|301/301","|","|-weather|RainDance|[upkeep]","|","|switch|p2a: Clawitzer|Clawitzer, F, shiny|283/283","|-damage|p2a: Clawitzer|248/283|[from] Stealth Rock","|-activate|p2a: Clawitzer|move: Sticky Web","|-unboost|p2a: Clawitzer|spe|1","|turn|14","|","|move|p1a: Vivillon|Sleep Powder|p2a: Clawitzer","|-status|p2a: Clawitzer|slp","|cant|p2a: Clawitzer|slp","|","|-weather|none","|turn|15","|","|switch|p2a: Politoed|Politoed, M, shiny|65/383","|-activate|p2a: Politoed|move: Sticky Web","|-unboost|p2a: Politoed|spe|1","|-damage|p2a: Politoed|18/383|[from] Stealth Rock","|-weather|RainDance","|move|p1a: Vivillon|Aromatherapy|p1a: Vivillon","|-cureteam|p1a: Vivillon|[from] move: Aromatherapy","|","|-weather|RainDance|[upkeep]","|turn|16","|","|move|p1a: Vivillon|Quiver Dance|p1a: Vivillon","|-boost|p1a: Vivillon|spa|1","|-boost|p1a: Vivillon|spd|1","|-boost|p1a: Vivillon|spe|1","|move|p2a: Politoed|Hypnosis|p1a: Vivillon|[miss]","|-miss|p2a: Politoed|p1a: Vivillon","|","|-weather|RainDance|[upkeep]","|turn|17","|","|move|p1a: Vivillon|Quiver Dance|p1a: Vivillon","|-boost|p1a: Vivillon|spa|1","|-boost|p1a: Vivillon|spd|1","|-boost|p1a: Vivillon|spe|1","|move|p2a: Politoed|Perish Song|p2a: Politoed","|-start|p1a: Vivillon|perish3|[silent]","|-start|p2a: Politoed|perish3|[silent]","|-fieldactivate|move: Perish Song","|","|-start|p1a: Vivillon|perish3","|-start|p2a: Politoed|perish3","|-weather|RainDance|[upkeep]","|turn|18","|","|move|p1a: Vivillon|Hurricane|p2a: Politoed","|-damage|p2a: Politoed|0 fnt","|faint|p2a: Politoed","|","|-start|p1a: Vivillon|perish2","|-weather|RainDance|[upkeep]","|","|switch|p2a: Clawitzer|Clawitzer, F, shiny|248/283 slp","|-damage|p2a: Clawitzer|213/283 slp|[from] Stealth Rock","|-activate|p2a: Clawitzer|move: Sticky Web","|-unboost|p2a: Clawitzer|spe|1","|turn|19","|","|move|p1a: Vivillon|Hurricane|p2a: Clawitzer","|-damage|p2a: Clawitzer|0 fnt","|faint|p2a: Clawitzer","|","|-start|p1a: Vivillon|perish1","|-weather|none","|","|switch|p2a: Swampert|Swampert, M|403/403","|-activate|p2a: Swampert|move: Sticky Web","|-unboost|p2a: Swampert|spe|1","|-damage|p2a: Swampert|378/403|[from] Stealth Rock","|turn|20","|","|detailschange|p2a: Swampert|Swampert-Mega, M","|-mega|p2a: Swampert|Swampert|Swampertite","|move|p1a: Vivillon|Hurricane|p2a: Swampert","|-damage|p2a: Swampert|117/403","|move|p2a: Swampert|Waterfall|p1a: Vivillon","|-damage|p1a: Vivillon|10/301","|","|-start|p1a: Vivillon|perish0","|faint|p1a: Vivillon","|","|win|Sage.13"],"p1rating":{"entryid":"6690851","serverid":"eos","formatid":"monotype","userid":"alliancemxy","username":"Alliance - Mxy","w":"57","l":27,"t":"0","gxe":66.1,"r":"1634.4303757297","rd":"43.340767533071","sigma":"0","rptime":"1438592400","rpr":1626.3798495907,"rprd":41.639512239747,"rpsigma":"0","acre":1242.5172436993,"lacre":1242.5172436993,"oldacre":"1281.4926497358"},"p2rating":{"entryid":"7365108","serverid":"eos","formatid":"monotype","userid":"sage13","username":"Sage.13","w":3,"l":"2","t":"0","gxe":53,"r":"1500","rd":"130","sigma":"0","rptime":"1438592400","rpr":1523.4160567045,"rprd":102.10738422227,"rpsigma":"0","acre":1109.9548332656,"lacre":1109.9548332656,"oldacre":"1062.1214317674"},"endType":"forfeit"}