{"seed":[52713,49119,50664,35431],"turns":39,"p1":"HB of 300","p2":"Seven Swell","p1team":[{"name":"Garchomp","species":"Garchomp","item":"leftovers","ability":"Rough Skin","moves":["dragonclaw","earthquake","substitute","swordsdance"],"nature":"Jolly","evs":{"hp":12,"atk":244,"def":0,"spa":0,"spd":0,"spe":252},"ivs":{"hp":31,"atk":31,"def":31,"spa":31,"spd":31,"spe":31}},{"name":"Gliscor","species":"Gliscor","item":"toxicorb","ability":"Poison Heal","moves":["earthquake","knockoff","roost","swordsdance"],"nature":"Careful","evs":{"hp":244,"atk":0,"def":4,"spa":0,"spd":200,"spe":60},"ivs":{"hp":31,"atk":31,"def":31,"spa":31,"spd":31,"spe":31}},{"name":"Landorus","species":"Landorus","item":"lifeorb","ability":"Sheer Force","moves":["earthpower","psychic","focusblast","hiddenpowerice"],"nature":"Timid","evs":{"hp":0,"atk":0,"def":0,"spa":252,"spd":4,"spe":252},"ivs":{"hp":31,"atk":30,"def":30,"spa":31,"spd":31,"spe":31}},{"name":"Swampert","species":"Swampert","item":"rockyhelmet","ability":"Torrent","moves":["scald","stealthrock","toxic","earthquake"],"nature":"Relaxed","evs":{"hp":240,"atk":16,"def":252,"spa":0,"spd":0,"spe":0},"ivs":{"hp":31,"atk":31,"def":31,"spa":31,"spd":31,"spe":31}},{"name":"Camerupt","species":"Camerupt","item":"cameruptite","ability":"Solid Rock","moves":["willowisp","flamethrower","earthpower","ancientpower"],"nature":"Calm","evs":{"hp":248,"atk":0,"def":0,"spa":0,"spd":176,"spe":84},"ivs":{"hp":31,"atk":31,"def":31,"spa":31,"spd":31,"spe":31}},{"name":"Excadrill","species":"Excadrill","item":"assaultvest","ability":"Mold Breaker","moves":["earthquake","ironhead","rockslide","rapidspin"],"nature":"Careful","evs":{"hp":212,"atk":4,"def":0,"spa":0,"spd":252,"spe":40},"ivs":{"hp":31,"atk":31,"def":31,"spa":31,"spd":31,"spe":31}}],"p2team":[{"name":"Mew","species":"Mew","item":"leftovers","ability":"Synchronize","moves":["roost","toxic","healbell","aurasphere"],"nature":"Calm","evs":{"hp":252,"atk":0,"def":0,"spa":4,"spd":252,"spe":0},"ivs":{"hp":31,"atk":31,"def":31,"spa":31,"spd":31,"spe":31}},{"name":"Slowbro","species":"Slowbro","item":"rockyhelmet","ability":"Regenerator","moves":["scald","yawn","flamethrower","slackoff"],"nature":"Bold","evs":{"hp":252,"atk":0,"def":252,"spa":4,"spd":0,"spe":0},"ivs":{"hp":31,"atk":31,"def":31,"spa":31,"spd":31,"spe":31}},{"name":"Deoxys-Speed","species":"Deoxys-Speed","item":"focussash","ability":"Pressure","moves":["stealthrock","spikes","thunderwave","icebeam"],"nature":"Timid","evs":{"hp":252,"atk":0,"def":44,"spa":0,"spd":0,"spe":212},"ivs":{"hp":31,"atk":31,"def":31,"spa":31,"spd":31,"spe":31}},{"name":"Gardevoir","species":"Gardevoir","item":"gardevoirite","ability":"Trace","moves":["hypervoice","psyshock","destinybond","thunderbolt"],"nature":"Timid","evs":{"hp":0,"atk":0,"def":4,"spa":252,"spd":0,"spe":252},"ivs":{"hp":31,"atk":0,"def":31,"spa":31,"spd":31,"spe":31}},{"name":"Latias","species":"Latias","item":"leftovers","ability":"Levitate","moves":["dracometeor","psyshock","roost","defog"],"nature":"Timid","evs":{"hp":252,"atk":0,"def":0,"spa":4,"spd":0,"spe":252},"ivs":{"hp":31,"atk":31,"def":31,"spa":31,"spd":31,"spe":31}},{"name":"Hoopa-Unbound","species":"Hoopa-Unbound","item":"focussash","ability":"Magician","moves":["hyperspacefury","drainpunch","firepunch","gunkshot"],"nature":"Adamant","evs":{"hp":0,"atk":252,"def":0,"spa":0,"spd":4,"spe":252},"ivs":{"hp":31,"atk":31,"def":31,"spa":31,"spd":31,"spe":31}}],"log":["|player|p1|HB of 300|276","|player|p2|Seven Swell|sevenswell.png","|gametype|singles","|gen|6","|tier|Monotype","|rated","|rule|Baton Pass Clause: Limit one Baton Passer, can't pass Spe and other stats simultaneously","|rule|Swagger Clause: Swagger is banned","|rule|Same Type Clause: Pokémon in a team must share a type","|clearpoke","|poke|p1|Garchomp, M","|poke|p1|Gliscor, F","|poke|p1|Landorus, M","|poke|p1|Swampert, F","|poke|p1|Camerupt, F","|poke|p1|Excadrill, F","|poke|p2|Mew","|poke|p2|Slowbro, M","|poke|p2|Deoxys-Speed","|poke|p2|Gardevoir, M","|poke|p2|Latias, F","|poke|p2|Hoopa-Unbound","|rule|Sleep Clause Mod: Limit one foe put to sleep","|rule|Species Clause: Limit one of each Pokémon","|rule|OHKO Clause: OHKO moves are banned","|rule|Moody Clause: Moody is banned","|rule|Evasion Moves Clause: Evasion moves are banned","|rule|Endless Battle Clause: Forcing endless battles is banned","|rule|HP Percentage Mod: HP is shown in percentages","|teampreview","|","|start","|switch|p1a: Swampert|Swampert, F|401/401","|switch|p2a: Gardevoir|Gardevoir, M|277/277","|-ability|p2a: Gardevoir|Torrent|[from] ability: Trace|[of] p1a: Swampert","|turn|1","|","|switch|p1a: Excadrill|Excadrill, F|414/414","|-ability|p1a: Excadrill|Mold Breaker","|detailschange|p2a: Gardevoir|Gardevoir-Mega, M","|-mega|p2a: Gardevoir|Gardevoir|Gardevoirite","|move|p2a: Gardevoir|Hyper Voice|p1a: Excadrill","|-crit|p1a: Excadrill","|-resisted|p1a: Excadrill","|-damage|p1a: Excadrill|294/414","|","|turn|2","|","|switch|p2a: Slowbro|Slowbro, M|394/394","|move|p1a: Excadrill|Iron Head|p2a: Slowbro","|-resisted|p2a: Slowbro","|-damage|p2a: Slowbro|352/394","|-damage|p1a: Excadrill|225/414|[from] item: Rocky Helmet|[of] p2a: Slowbro","|","|turn|3","|","|switch|p1a: Swampert|Swampert, F|401/401","|move|p2a: Slowbro|Scald|p1a: Swampert","|-damage|p1a: Swampert|293/401","|","|turn|4","|","|move|p1a: Swampert|Stealth Rock|p2a: Slowbro","|-sidestart|p2: Seven Swell|move: Stealth Rock","|move|p2a: Slowbro|Yawn|p1a: Swampert","|-start|p1a: Swampert|move: Yawn|[of] p2a: Slowbro","|","|turn|5","|","|move|p1a: Swampert|Toxic|p2a: Slowbro|[miss]","|-miss|p1a: Swampert|p2a: Slowbro","|move|p2a: Slowbro|Scald|p1a: Swampert","|-damage|p1a: Swampert|194/401","|","|-end|p1a: Swampert|move: Yawn|[silent]","|-status|p1a: Swampert|slp","|turn|6","|","|cant|p1a: Swampert|slp","|move|p2a: Slowbro|Scald|p1a: Swampert","|-damage|p1a: Swampert|86/401 slp","|","|turn|7","|","|cant|p1a: Swampert|slp","|move|p2a: Slowbro|Scald|p1a: Swampert","|-damage|p1a: Swampert|0 fnt","|faint|p1a: Swampert","|","|","|switch|p1a: Garchomp|Garchomp, M|360/360","|turn|8","|","|move|p1a: Garchomp|Substitute|p1a: Garchomp","|-start|p1a: Garchomp|Substitute","|-damage|p1a: Garchomp|270/360","|move|p2a: Slowbro|Scald|p1a: Garchomp","|-end|p1a: Garchomp|Substitute","|","|-heal|p1a: Garchomp|292/360|[from] item: Leftovers","|turn|9","|","|move|p1a: Garchomp|Swords Dance|p1a: Garchomp","|-boost|p1a: Garchomp|atk|2","|move|p2a: Slowbro|Scald|p1a: Garchomp","|-damage|p1a: Garchomp|186/360","|","|-heal|p1a: Garchomp|208/360|[from] item: Leftovers","|turn|10","|","|move|p1a: Garchomp|Earthquake|p2a: Slowbro","|-damage|p2a: Slowbro|106/394","|move|p2a: Slowbro|Yawn|p1a: Garchomp","|-start|p1a: Garchomp|move: Yawn|[of] p2a: Slowbro","|","|-heal|p1a: Garchomp|230/360|[from] item: Leftovers","|turn|11","|","|switch|p2a: Latias|Latias, F|364/364","|-damage|p2a: Latias|319/364|[from] Stealth Rock","|move|p1a: Garchomp|Earthquake|p2a: Latias","|-immune|p2a: Latias|[msg]","|","|-end|p1a: Garchomp|move: Yawn|[silent]","|-status|p1a: Garchomp|slp","|-heal|p2a: Latias|341/364|[from] item: Leftovers","|-heal|p1a: Garchomp|252/360 slp|[from] item: Leftovers","|turn|12","|","|move|p2a: Latias|Draco Meteor|p1a: Garchomp","|-supereffective|p1a: Garchomp","|-damage|p1a: Garchomp|0 fnt","|-unboost|p2a: Latias|spa|2","|faint|p1a: Garchomp","|","|-heal|p2a: Latias|363/364|[from] item: Leftovers","|","|switch|p1a: Gliscor|Gliscor, F|352/352","|turn|13","|","|move|p2a: Latias|Defog|p1a: Gliscor","|-unboost|p1a: Gliscor|evasion|1","|-sideend|p2: Seven Swell|Stealth Rock|[from] move: Defog|[of] p2a: Latias","|move|p1a: Gliscor|Swords Dance|p1a: Gliscor","|-boost|p1a: Gliscor|atk|2","|","|-heal|p2a: Latias|364/364|[from] item: Leftovers","|-status|p1a: Gliscor|tox|[from] item: Toxic Orb","|turn|14","|","|move|p2a: Latias|Draco Meteor|p1a: Gliscor","|-damage|p1a: Gliscor|273/352 tox","|-unboost|p2a: Latias|spa|2","|move|p1a: Gliscor|Knock Off|p2a: Latias","|-supereffective|p2a: Latias","|-damage|p2a: Latias|32/364","|-enditem|p2a: Latias|Leftovers|[from] move: Knock Off|[of] p1a: Gliscor","|","|-heal|p1a: Gliscor|317/352 tox|[from] ability: Poison Heal","|turn|15","|","|move|p2a: Latias|Draco Meteor|p1a: Gliscor","|-damage|p1a: Gliscor|266/352 tox","|-unboost|p2a: Latias|spa|2","|move|p1a: Gliscor|Swords Dance|p1a: Gliscor","|-boost|p1a: Gliscor|atk|2","|","|-heal|p1a: Gliscor|310/352 tox|[from] ability: Poison Heal","|turn|16","|","|move|p2a: Latias|Draco Meteor|p1a: Gliscor","|-damage|p1a: Gliscor|274/352 tox","|move|p1a: Gliscor|Knock Off|p2a: Latias","|-supereffective|p2a: Latias","|-damage|p2a: Latias|0 fnt","|faint|p2a: Latias","|","|-heal|p1a: Gliscor|318/352 tox|[from] ability: Poison Heal","|","|switch|p2a: Deoxys-Speed|Deoxys-Speed|304/304","|-ability|p2a: Deoxys-Speed|Pressure","|turn|17","|","|switch|p1a: Excadrill|Excadrill, F|225/414","|-ability|p1a: Excadrill|Mold Breaker","|move|p2a: Deoxys-Speed|Ice Beam|p1a: Excadrill","|-damage|p1a: Excadrill|181/414","|","|turn|18","|","|switch|p2a: Mew|Mew|404/404","|move|p1a: Excadrill|Earthquake|p2a: Mew","|-damage|p2a: Mew|238/404","|","|-heal|p2a: Mew|263/404|[from] item: Leftovers","|turn|19","|","|switch|p1a: Gliscor|Gliscor, F|318/352 tox","|move|p2a: Mew|Aura Sphere|p1a: Gliscor","|-resisted|p1a: Gliscor","|-damage|p1a: Gliscor|290/352 tox","|","|-heal|p2a: Mew|288/404|[from] item: Leftovers","|-heal|p1a: Gliscor|334/352 tox|[from] ability: Poison Heal","|turn|20","|","|switch|p2a: Slowbro|Slowbro, M|237/394","|move|p1a: Gliscor|Swords Dance|p1a: Gliscor","|-boost|p1a: Gliscor|atk|2","|","|-heal|p1a: Gliscor|352/352 tox|[from] ability: Poison Heal","|turn|21","|","|switch|p2a: Mew|Mew|288/404","|move|p1a: Gliscor|Knock Off|p2a: Mew","|-supereffective|p2a: Mew","|-damage|p2a: Mew|0 fnt","|-enditem|p2a: Mew|Leftovers|[from] move: Knock Off|[of] p1a: Gliscor","|faint|p2a: Mew","|","|","|switch|p2a: Deoxys-Speed|Deoxys-Speed|304/304","|-ability|p2a: Deoxys-Speed|Pressure","|turn|22","|","|move|p2a: Deoxys-Speed|Ice Beam|p1a: Gliscor","|-supereffective|p1a: Gliscor","|-damage|p1a: Gliscor|108/352 tox","|move|p1a: Gliscor|Roost|p1a: Gliscor","|-heal|p1a: Gliscor|284/352 tox","|","|-heal|p1a: Gliscor|328/352 tox|[from] ability: Poison Heal","|turn|23","|","|move|p2a: Deoxys-Speed|Ice Beam|p1a: Gliscor","|-supereffective|p1a: Gliscor","|-damage|p1a: Gliscor|104/352 tox","|move|p1a: Gliscor|Knock Off|p2a: Deoxys-Speed","|-supereffective|p2a: Deoxys-Speed","|-damage|p2a: Deoxys-Speed|20/304","|-enditem|p2a: Deoxys-Speed|Focus Sash|[from] move: Knock Off|[of] p1a: Gliscor","|","|-heal|p1a: Gliscor|148/352 tox|[from] ability: Poison Heal","|turn|24","|","|switch|p1a: Excadrill|Excadrill, F|181/414","|-ability|p1a: Excadrill|Mold Breaker","|move|p2a: Deoxys-Speed|Ice Beam|p1a: Excadrill","|-damage|p1a: Excadrill|138/414","|","|turn|25","|","|switch|p2a: Slowbro|Slowbro, M|368/394","|move|p1a: Excadrill|Earthquake|p2a: Slowbro","|-damage|p2a: Slowbro|269/394","|","|turn|26","|","|move|p1a: Excadrill|Earthquake|p2a: Slowbro","|-damage|p2a: Slowbro|166/394","|move|p2a: Slowbro|Scald|p1a: Excadrill","|-supereffective|p1a: Excadrill","|-damage|p1a: Excadrill|24/414","|","|turn|27","|","|move|p1a: Excadrill|Earthquake|p2a: Slowbro","|-damage|p2a: Slowbro|67/394","|move|p2a: Slowbro|Slack Off|p2a: Slowbro","|-heal|p2a: Slowbro|264/394","|","|turn|28","|","|move|p1a: Excadrill|Earthquake|p2a: Slowbro","|-damage|p2a: Slowbro|153/394","|move|p2a: Slowbro|Slack Off|p2a: Slowbro","|-heal|p2a: Slowbro|350/394","|","|turn|29","|","|move|p1a: Excadrill|Earthquake|p2a: Slowbro","|-damage|p2a: Slowbro|251/394","|move|p2a: Slowbro|Slack Off|p2a: Slowbro","|-heal|p2a: Slowbro|394/394","|","|turn|30","|","|move|p1a: Excadrill|Earthquake|p2a: Slowbro","|-damage|p2a: Slowbro|297/394","|move|p2a: Slowbro|Scald|p1a: Excadrill","|-supereffective|p1a: Excadrill","|-damage|p1a: Excadrill|0 fnt","|faint|p1a: Excadrill","|","|","|switch|p1a: Camerupt|Camerupt, F|343/343","|turn|31","|","|move|p1a: Camerupt|Will-O-Wisp|p2a: Slowbro","|-status|p2a: Slowbro|brn","|move|p2a: Slowbro|Scald|p1a: Camerupt","|-supereffective|p1a: Camerupt","|-damage|p1a: Camerupt|88/343","|","|-damage|p2a: Slowbro|248/394 brn|[from] brn","|turn|32","|","|detailschange|p1a: Camerupt|Camerupt-Mega, F","|-mega|p1a: Camerupt|Camerupt|Cameruptite","|move|p1a: Camerupt|Earth Power|p2a: Slowbro","|-damage|p2a: Slowbro|34/394 brn","|move|p2a: Slowbro|Slack Off|p2a: Slowbro","|-heal|p2a: Slowbro|231/394 brn","|","|-damage|p2a: Slowbro|182/394 brn|[from] brn","|turn|33","|","|switch|p2a: Gardevoir|Gardevoir-Mega, M|277/277","|move|p1a: Camerupt|Earth Power|p2a: Gardevoir","|-damage|p2a: Gardevoir|130/277","|","|turn|34","|","|move|p2a: Gardevoir|Psyshock|p1a: Camerupt","|-damage|p1a: Camerupt|0 fnt","|faint|p1a: Camerupt","|","|","|switch|p1a: Landorus|Landorus, M|319/319","|turn|35","|","|move|p1a: Landorus|Earth Power|p2a: Gardevoir","|-damage|p2a: Gardevoir|0 fnt","|faint|p2a: Gardevoir","|","|","|switch|p2a: Hoopa-Unbound|Hoopa-Unbound|301/301","|turn|36","|","|move|p1a: Landorus|Earth Power|p2a: Hoopa-Unbound","|-damage|p2a: Hoopa-Unbound|109/301","|move|p2a: Hoopa-Unbound|Hyperspace Fury|p1a: Landorus","|-damage|p1a: Landorus|57/319","|-unboost|p2a: Hoopa-Unbound|def|1","|","|turn|37","|","|move|p1a: Landorus|Earth Power|p2a: Hoopa-Unbound","|-crit|p2a: Hoopa-Unbound","|-damage|p2a: Hoopa-Unbound|0 fnt","|faint|p2a: Hoopa-Unbound","|","|","|switch|p2a: Deoxys-Speed|Deoxys-Speed|20/304","|-ability|p2a: Deoxys-Speed|Pressure","|turn|38","|","|move|p2a: Deoxys-Speed|Ice Beam|p1a: Landorus","|-supereffective|p1a: Landorus","|-damage|p1a: Landorus|0 fnt","|faint|p1a: Landorus","|","|","|switch|p1a: Gliscor|Gliscor, F|148/352 tox","|turn|39","|","|move|p2a: Deoxys-Speed|Ice Beam|p1a: Gliscor","|-supereffective|p1a: Gliscor","|-damage|p1a: Gliscor|0 fnt","|faint|p1a: Gliscor","|","|win|Seven Swell"],"p1rating":{"entryid":"7355565","serverid":"eos","formatid":"monotype","userid":"hbof300","username":"HB of 300","w":"7","l":2,"t":"0","gxe":65.9,"r":"1614.0120007072","rd":"99.627702522062","sigma":"0","rptime":"1438592400","rpr":1628.0108493255,"rprd":90.07675052443,"rpsigma":"0","acre":1162.2163997836,"lacre":1162.2163997836,"oldacre":"1190.3585250599"},"p2rating":{"entryid":"7267988","serverid":"eos","formatid":"monotype","userid":"sevenswell","username":"Seven Swell","w":24,"l":"16","t":"0","gxe":60.5,"r":"1572.309210045","rd":"54.856714065649","sigma":"0","rptime":"1438592400","rpr":1581.307317092,"rprd":54.253266713376,"rpsigma":"0","acre":1174.6010665453,"lacre":1174.6010665453,"oldacre":"1146.458941269"},"endType":"normal"}