{"seed":[58169,6886,14977,63841],"turns":24,"p1":"Guard Darkrai","p2":"CaneParadox","p1team":[{"name":"Beedrill","species":"Beedrill","item":"beedrillite","ability":"Sniper","moves":["fellstinger","poisonjab","uturn","protect"],"nature":"Jolly","evs":{"hp":0,"atk":252,"def":0,"spa":0,"spd":4,"spe":252},"shiny":true,"ivs":{"hp":31,"atk":31,"def":31,"spa":31,"spd":31,"spe":31}},{"name":"Durant","species":"Durant","item":"lifeorb","ability":"Hustle","moves":["ironhead","xscissor","superpower","honeclaws"],"nature":"Jolly","evs":{"hp":0,"atk":252,"def":0,"spa":0,"spd":4,"spe":252},"shiny":true,"ivs":{"hp":31,"atk":31,"def":31,"spa":31,"spd":31,"spe":31}},{"name":"Venomoth","species":"Venomoth","item":"focussash","ability":"Wonder Skin","moves":["quiverdance","bugbuzz","sludgebomb","sleeppowder"],"nature":"Modest","evs":{"hp":0,"atk":0,"def":0,"spa":252,"spd":4,"spe":252},"shiny":true,"ivs":{"hp":31,"atk":31,"def":31,"spa":31,"spd":31,"spe":31}},{"name":"Shuckle","species":"Shuckle","item":"leftovers","ability":"Contrary","moves":["shellsmash","stickyweb","infestation","stealthrock"],"nature":"Modest","evs":{"hp":0,"atk":0,"def":0,"spa":252,"spd":4,"spe":252},"shiny":true,"ivs":{"hp":31,"atk":31,"def":31,"spa":31,"spd":31,"spe":31}},{"name":"Heracross","species":"Heracross","item":"choicescarf","ability":"Moxie","moves":["closecombat","stoneedge","megahorn","knockoff"],"nature":"Jolly","evs":{"hp":0,"atk":252,"def":0,"spa":0,"spd":4,"spe":252},"shiny":true,"ivs":{"hp":31,"atk":31,"def":31,"spa":31,"spd":31,"spe":31}},{"name":"Illumise","species":"Illumise","item":"leftovers","ability":"Prankster","moves":["thunderwave","encore","uturn","tailwind"],"nature":"Careful","evs":{"hp":252,"atk":0,"def":4,"spa":0,"spd":252,"spe":0},"shiny":true,"ivs":{"hp":31,"atk":31,"def":31,"spa":31,"spd":31,"spe":31}}],"p2team":[{"name":"Venusaur","species":"Venusaur","item":"venusaurite","ability":"Overgrow","moves":["leechseed","earthquake","sludgebomb","synthesis"],"nature":"Gentle","evs":{"hp":248,"atk":8,"def":0,"spa":0,"spd":252,"spe":0},"ivs":{"hp":31,"atk":31,"def":31,"spa":31,"spd":31,"spe":31}},{"name":"Toxicroak","species":"Toxicroak","item":"assaultvest","ability":"Dry Skin","moves":["bulletpunch","drainpunch","fakeout","suckerpunch"],"nature":"Adamant","evs":{"hp":0,"atk":252,"def":0,"spa":0,"spd":8,"spe":0},"ivs":{"hp":31,"atk":31,"def":31,"spa":31,"spd":31,"spe":31}},{"name":"Skuntank","species":"Skuntank","item":"airballoon","ability":"Stench","moves":["flamethrower","crunch","playrough","poisonjab"],"nature":"Naughty","evs":{"hp":248,"atk":252,"def":0,"spa":8,"spd":0,"spe":0},"ivs":{"hp":31,"atk":31,"def":31,"spa":31,"spd":31,"spe":31}},{"name":"Nidoqueen","species":"Nidoqueen","item":"choicescarf","ability":"Sheer Force","moves":["earthpower","icebeam","stealthrock","sludgewave"],"nature":"Modest","evs":{"hp":40,"atk":0,"def":0,"spa":252,"spd":0,"spe":216},"shiny":true,"ivs":{"hp":31,"atk":31,"def":31,"spa":31,"spd":31,"spe":31}},{"name":"Muk","species":"Muk","item":"assaultvest","ability":"Poison Touch","moves":["poisonjab","shadowsneak","gigadrain","firepunch"],"nature":"Brave","evs":{"hp":252,"atk":252,"def":4,"spa":0,"spd":0,"spe":0},"ivs":{"hp":31,"atk":31,"def":31,"spa":31,"spd":31,"spe":31}},{"name":"Gengar","species":"Gengar","item":"choicescarf","ability":"Levitate","moves":["dazzlinggleam","sludgebomb","thunderbolt","willowisp"],"nature":"Timid","evs":{"hp":0,"atk":0,"def":0,"spa":252,"spd":4,"spe":252},"ivs":{"hp":31,"atk":31,"def":31,"spa":31,"spd":31,"spe":31}}],"log":["|player|p1|Guard Darkrai|guarddarkrai.png","|player|p2|CaneParadox|247","|gametype|singles","|gen|6","|tier|Monotype","|rated","|rule|Baton Pass Clause: Limit one Baton Passer, can't pass Spe and other stats simultaneously","|rule|Swagger Clause: Swagger is banned","|rule|Same Type Clause: Pokémon in a team must share a type","|clearpoke","|poke|p1|Beedrill, M, shiny","|poke|p1|Durant, M, shiny","|poke|p1|Venomoth, F, shiny","|poke|p1|Shuckle, M, shiny","|poke|p1|Heracross, M, shiny","|poke|p1|Illumise, F, shiny","|poke|p2|Venusaur, M","|poke|p2|Toxicroak, M","|poke|p2|Skuntank, F","|poke|p2|Nidoqueen, F, shiny","|poke|p2|Muk, M","|poke|p2|Gengar, M","|rule|Sleep Clause Mod: Limit one foe put to sleep","|rule|Species Clause: Limit one of each Pokémon","|rule|OHKO Clause: OHKO moves are banned","|rule|Moody Clause: Moody is banned","|rule|Evasion Moves Clause: Evasion moves are banned","|rule|Endless Battle Clause: Forcing endless battles is banned","|rule|HP Percentage Mod: HP is shown in percentages","|teampreview","|","|start","|switch|p1a: Shuckle|Shuckle, M, shiny|181/181","|switch|p2a: Muk|Muk, M|414/414","|turn|1","|","|move|p2a: Muk|Fire Punch|p1a: Shuckle","|-damage|p1a: Shuckle|143/181","|-status|p1a: Shuckle|brn","|move|p1a: Shuckle|Stealth Rock|p2a: Muk","|-sidestart|p2: CaneParadox|move: Stealth Rock","|","|-heal|p1a: Shuckle|154/181 brn|[from] item: Leftovers","|-damage|p1a: Shuckle|132/181 brn|[from] brn","|turn|2","|","|move|p2a: Muk|Fire Punch|p1a: Shuckle","|-damage|p1a: Shuckle|90/181 brn","|move|p1a: Shuckle|Sticky Web|p2a: Muk","|-sidestart|p2: CaneParadox|move: Sticky Web","|","|-heal|p1a: Shuckle|101/181 brn|[from] item: Leftovers","|-damage|p1a: Shuckle|79/181 brn|[from] brn","|turn|3","|","|move|p2a: Muk|Fire Punch|p1a: Shuckle","|-damage|p1a: Shuckle|36/181 brn","|move|p1a: Shuckle|Infestation|p2a: Muk","|-resisted|p2a: Muk","|-damage|p2a: Muk|410/414","|-activate|p2a: Muk|move: Infestation|[of] p1a: Shuckle","|","|-heal|p1a: Shuckle|47/181 brn|[from] item: Leftovers","|-damage|p1a: Shuckle|25/181 brn|[from] brn","|-damage|p2a: Muk|359/414|[from] move: Infestation|[partiallytrapped]","|turn|4","|","|move|p2a: Muk|Fire Punch|p1a: Shuckle","|-damage|p1a: Shuckle|0 fnt","|faint|p1a: Shuckle","|","|","|switch|p1a: Venomoth|Venomoth, F, shiny|281/281","|turn|5","|","|move|p1a: Venomoth|Sleep Powder|p2a: Muk","|-status|p2a: Muk|slp","|cant|p2a: Muk|slp","|","|turn|6","|","|move|p1a: Venomoth|Quiver Dance|p1a: Venomoth","|-boost|p1a: Venomoth|spa|1","|-boost|p1a: Venomoth|spd|1","|-boost|p1a: Venomoth|spe|1","|cant|p2a: Muk|slp","|","|turn|7","|","|move|p1a: Venomoth|Quiver Dance|p1a: Venomoth","|-boost|p1a: Venomoth|spa|1","|-boost|p1a: Venomoth|spd|1","|-boost|p1a: Venomoth|spe|1","|-curestatus|p2a: Muk|slp","|move|p2a: Muk|Fire Punch|p1a: Venomoth","|-supereffective|p1a: Venomoth","|-damage|p1a: Venomoth|29/281","|","|turn|8","|","|move|p2a: Muk|Shadow Sneak|p1a: Venomoth","|-damage|p1a: Venomoth|0 fnt","|faint|p1a: Venomoth","|","|","|switch|p1a: Durant|Durant, M, shiny|257/257","|turn|9","|","|move|p1a: Durant|Hone Claws|p1a: Durant","|-boost|p1a: Durant|atk|1","|-boost|p1a: Durant|accuracy|1","|move|p2a: Muk|Fire Punch|p1a: Durant","|-supereffective|p1a: Durant","|-damage|p1a: Durant|0 fnt","|faint|p1a: Durant","|","|","|switch|p1a: Heracross|Heracross, M, shiny|301/301","|turn|10","|","|move|p1a: Heracross|Knock Off|p2a: Muk","|-damage|p2a: Muk|219/414","|-enditem|p2a: Muk|Assault Vest|[from] move: Knock Off|[of] p1a: Heracross","|move|p2a: Muk|Fire Punch|p1a: Heracross","|-supereffective|p1a: Heracross","|-damage|p1a: Heracross|69/301","|","|turn|11","|","|move|p1a: Heracross|Knock Off|p2a: Muk","|-crit|p2a: Muk","|-damage|p2a: Muk|78/414","|move|p2a: Muk|Fire Punch|p1a: Heracross","|-supereffective|p1a: Heracross","|-damage|p1a: Heracross|0 fnt","|faint|p1a: Heracross","|","|","|switch|p1a: Beedrill|Beedrill, M, shiny|271/271","|turn|12","|","|switch|p2a: Nidoqueen|Nidoqueen, F, shiny|331/331","|-activate|p2a: Nidoqueen|move: Sticky Web","|-unboost|p2a: Nidoqueen|spe|1","|-damage|p2a: Nidoqueen|311/331|[from] Stealth Rock","|detailschange|p1a: Beedrill|Beedrill-Mega, M, shiny","|-mega|p1a: Beedrill|Beedrill|Beedrillite","|move|p1a: Beedrill|Fell Stinger|p2a: Nidoqueen","|-resisted|p2a: Nidoqueen","|-damage|p2a: Nidoqueen|263/331","|","|turn|13","|","|move|p1a: Beedrill|U-turn|p2a: Nidoqueen","|-resisted|p2a: Nidoqueen","|-damage|p2a: Nidoqueen|155/331","|","|switch|p1a: Illumise|Illumise, F, shiny|334/334","|move|p2a: Nidoqueen|Earth Power|p1a: Illumise","|-resisted|p1a: Illumise","|-damage|p1a: Illumise|265/334","|","|-heal|p1a: Illumise|285/334|[from] item: Leftovers","|turn|14","|","|move|p2a: Nidoqueen|Earth Power|p1a: Illumise","|-resisted|p1a: Illumise","|-damage|p1a: Illumise|216/334","|move|p1a: Illumise|U-turn|p2a: Nidoqueen","|-resisted|p2a: Nidoqueen","|-damage|p2a: Nidoqueen|131/331","|","|switch|p1a: Beedrill|Beedrill-Mega, M, shiny|271/271","|","|turn|15","|","|move|p1a: Beedrill|U-turn|p2a: Nidoqueen","|-resisted|p2a: Nidoqueen","|-damage|p2a: Nidoqueen|30/331","|","|switch|p1a: Illumise|Illumise, F, shiny|216/334","|move|p2a: Nidoqueen|Earth Power|p1a: Illumise","|-resisted|p1a: Illumise","|-damage|p1a: Illumise|142/334","|","|-heal|p1a: Illumise|162/334|[from] item: Leftovers","|turn|16","|","|move|p2a: Nidoqueen|Earth Power|p1a: Illumise","|-resisted|p1a: Illumise","|-damage|p1a: Illumise|90/334","|move|p1a: Illumise|U-turn|p2a: Nidoqueen","|-resisted|p2a: Nidoqueen","|-damage|p2a: Nidoqueen|5/331","|","|switch|p1a: Beedrill|Beedrill-Mega, M, shiny|271/271","|","|turn|17","|","|switch|p2a: Toxicroak|Toxicroak, M|307/307","|-activate|p2a: Toxicroak|move: Sticky Web","|-unboost|p2a: Toxicroak|spe|1","|-damage|p2a: Toxicroak|288/307|[from] Stealth Rock","|move|p1a: Beedrill|Fell Stinger|p2a: Toxicroak","|-resisted|p2a: Toxicroak","|-damage|p2a: Toxicroak|260/307","|","|turn|18","|","|move|p1a: Beedrill|Protect|p1a: Beedrill","|-singleturn|p1a: Beedrill|Protect","|move|p2a: Toxicroak|Fake Out|p1a: Beedrill","|-activate|p1a: Beedrill|Protect","|","|turn|19","|","|move|p2a: Toxicroak|Sucker Punch|p1a: Beedrill","|-damage|p1a: Beedrill|99/271","|move|p1a: Beedrill|Poison Jab|p2a: Toxicroak","|-resisted|p2a: Toxicroak","|-damage|p2a: Toxicroak|104/307","|","|turn|20","|","|switch|p1a: Illumise|Illumise, F, shiny|90/334","|move|p2a: Toxicroak|Bullet Punch|p1a: Illumise","|-damage|p1a: Illumise|18/334","|","|-heal|p1a: Illumise|38/334|[from] item: Leftovers","|turn|21","|","|move|p1a: Illumise|Thunder Wave|p2a: Toxicroak","|-status|p2a: Toxicroak|par","|move|p2a: Toxicroak|Bullet Punch|p1a: Illumise","|-damage|p1a: Illumise|0 fnt","|faint|p1a: Illumise","|","|","|switch|p1a: Beedrill|Beedrill-Mega, M, shiny|99/271","|turn|22","|","|cant|p2a: Toxicroak|par","|move|p1a: Beedrill|Poison Jab|p2a: Toxicroak","|-resisted|p2a: Toxicroak","|-damage|p2a: Toxicroak|0 fnt","|faint|p2a: Toxicroak","|","|","|switch|p2a: Skuntank|Skuntank, F|409/409","|-damage|p2a: Skuntank|358/409|[from] Stealth Rock","|-item|p2a: Skuntank|Air Balloon","|turn|23","|","|move|p1a: Beedrill|Protect|p1a: Beedrill","|-singleturn|p1a: Beedrill|Protect","|move|p2a: Skuntank|Flamethrower|p1a: Beedrill","|-activate|p1a: Beedrill|Protect","|","|turn|24","|","|move|p1a: Beedrill|U-turn|p2a: Skuntank","|-damage|p2a: Skuntank|118/409","|-enditem|p2a: Skuntank|Air Balloon","|move|p2a: Skuntank|Flamethrower|p1a: Beedrill","|-supereffective|p1a: Beedrill","|-damage|p1a: Beedrill|0 fnt","|faint|p1a: Beedrill","|","|win|CaneParadox"],"p1rating":{"entryid":"6034648","serverid":"eos","formatid":"monotype","userid":"guarddarkrai","username":"Guard Darkrai","w":"57","l":64,"t":"0","gxe":47.3,"r":"1488.6159366829","rd":"39.621397946879","sigma":"0","rptime":"1438592400","rpr":1479.8162686958,"rprd":35.52498514004,"rpsigma":"0","acre":1044.9289322828,"lacre":1044.9289322828,"oldacre":"1058.0239580439"},"p2rating":{"entryid":"7371929","serverid":"eos","formatid":"monotype","userid":"caneparadox","username":"CaneParadox","w":7,"l":"1","t":"0","gxe":67.1,"r":"1500","rd":"130","sigma":"0","rptime":"1438592400","rpr":1639.087224036,"rprd":91.513097689538,"rpsigma":"0","acre":1183.0142002732,"lacre":1183.0142002732,"oldacre":"1165.5108450805"},"endType":"normal"}