{"seed":[4783,55542,29803,1545],"turns":21,"p1":"Kre8noyz","p2":"MrNyanNyanz","p1team":[{"name":"Swampert","species":"Swampert","item":"focussash","ability":"Damp","moves":["earthquake","brickbreak","icepunch","counter"],"nature":"Impish","evs":{"hp":8,"atk":252,"def":0,"spa":0,"spd":0,"spe":248},"happiness":0,"ivs":{"hp":31,"atk":31,"def":31,"spa":31,"spd":31,"spe":31}},{"name":"Starmie","species":"Starmie","item":"leftovers","ability":"Natural Cure","moves":["rapidspin","signalbeam","psychic","reflecttype"],"nature":"Timid","evs":{"hp":0,"atk":0,"def":4,"spa":188,"spd":64,"spe":252},"ivs":{"hp":31,"atk":31,"def":31,"spa":31,"spd":31,"spe":31}},{"name":"Keldeo-Resolute","species":"Keldeo-Resolute","item":"leftovers","ability":"Justified","moves":["surf","secretsword","hiddenpowerflying","calmmind"],"nature":"Timid","evs":{"hp":0,"atk":4,"def":0,"spa":252,"spd":0,"spe":252},"ivs":{"hp":30,"atk":30,"def":30,"spa":30,"spd":30,"spe":31}},{"name":"Politoed","species":"Politoed","item":"leftovers","ability":"Drizzle","moves":["endeavor","hypnosis","perishsong","scald"],"nature":"","evs":{"hp":0,"atk":0,"def":252,"spa":0,"spd":252,"spe":4},"ivs":{"hp":31,"atk":31,"def":31,"spa":31,"spd":31,"spe":31}},{"name":"Lapras","species":"Lapras","item":"leftovers","ability":"Hydration","moves":["raindance","confuseray","freezedry","surf"],"nature":"Timid","evs":{"hp":0,"atk":0,"def":4,"spa":252,"spd":0,"spe":252},"ivs":{"hp":31,"atk":31,"def":31,"spa":31,"spd":31,"spe":31}},{"name":"Kingdra","species":"Kingdra","item":"lifeorb","ability":"Swift Swim","moves":["clearsmog","dragonpulse","scald","raindance"],"nature":"","evs":{"hp":4,"atk":0,"def":0,"spa":252,"spd":0,"spe":252},"ivs":{"hp":31,"atk":31,"def":31,"spa":31,"spd":31,"spe":31}}],"p2team":[{"name":"Nyxia","species":"liepard","item":"ironball","ability":"Prankster","moves":["thunderwave","taunt","trick","assist"],"nature":"Naive","evs":{"hp":0,"atk":128,"def":0,"spa":128,"spd":0,"spe":252},"ivs":{"hp":31,"atk":31,"def":31,"spa":31,"spd":31,"spe":31}},{"name":"Houndoom","species":"Houndoom","item":"houndoominite","ability":"Flash Fire","moves":["nastyplot","protect","darkpulse","flamethrower"],"nature":"Timid","evs":{"hp":0,"atk":0,"def":0,"spa":252,"spd":4,"spe":252},"ivs":{"hp":31,"atk":31,"def":31,"spa":31,"spd":31,"spe":31}},{"name":"2Sharp","species":"bisharp","item":"choicescarf","ability":"Defiant","moves":["suckerpunch","ironhead","knockoff","stoneedge"],"nature":"Jolly","evs":{"hp":0,"atk":252,"def":0,"spa":0,"spd":4,"spe":252},"shiny":true,"ivs":{"hp":31,"atk":31,"def":31,"spa":31,"spd":31,"spe":31}},{"name":"Stall","species":"sableye","item":"leftovers","ability":"Prankster","moves":["recover","willowisp","toxic","shadowball"],"nature":"Calm","evs":{"hp":252,"atk":0,"def":0,"spa":4,"spd":252,"spe":0},"shiny":true,"ivs":{"hp":31,"atk":31,"def":31,"spa":31,"spd":31,"spe":31}},{"name":"Drago","species":"hydreigon","item":"choicescarf","ability":"Levitate","moves":["earthpower","darkpulse","dracometeor","flashcannon"],"nature":"Timid","evs":{"hp":0,"atk":0,"def":0,"spa":252,"spd":4,"spe":252},"shiny":true,"ivs":{"hp":31,"atk":31,"def":31,"spa":31,"spd":31,"spe":31}},{"name":"Mandibuzz","species":"Mandibuzz","item":"rockyhelmet","ability":"Overcoat","moves":["bravebird","roost","defog","knockoff"],"nature":"Impish","evs":{"hp":248,"atk":8,"def":252,"spa":0,"spd":0,"spe":0},"ivs":{"hp":31,"atk":31,"def":31,"spa":31,"spd":31,"spe":31}}],"log":["|player|p1|Kre8noyz|163","|player|p2|MrNyanNyanz|mrnyannyanz.png","|gametype|singles","|gen|6","|tier|Monotype","|rated","|rule|Baton Pass Clause: Limit one Baton Passer, can't pass Spe and other stats simultaneously","|rule|Swagger Clause: Swagger is banned","|rule|Same Type Clause: Pokémon in a team must share a type","|clearpoke","|poke|p1|Swampert, F","|poke|p1|Starmie","|poke|p1|Keldeo-Resolute","|poke|p1|Politoed, M","|poke|p1|Lapras, F","|poke|p1|Kingdra, F","|poke|p2|Liepard, M","|poke|p2|Houndoom, F","|poke|p2|Bisharp, F, shiny","|poke|p2|Sableye, M, shiny","|poke|p2|Hydreigon, F, shiny","|poke|p2|Mandibuzz, F","|rule|Sleep Clause Mod: Limit one foe put to sleep","|rule|Species Clause: Limit one of each Pokémon","|rule|OHKO Clause: OHKO moves are banned","|rule|Moody Clause: Moody is banned","|rule|Evasion Moves Clause: Evasion moves are banned","|rule|Endless Battle Clause: Forcing endless battles is banned","|rule|HP Percentage Mod: HP is shown in percentages","|teampreview","|","|start","|switch|p1a: Politoed|Politoed, M|321/321","|switch|p2a: Nyxia|Liepard, M|269/269","|-weather|RainDance","|turn|1","|","|switch|p1a: Lapras|Lapras, F|401/401","|move|p2a: Nyxia|Taunt|p1a: Lapras","|-start|p1a: Lapras|move: Taunt","|","|-weather|RainDance|[upkeep]","|turn|2","|","|move|p2a: Nyxia|Trick|p1a: Lapras","|-activate|p2a: Nyxia|move: Trick|[of] p1a: Lapras","|-item|p1a: Lapras|Iron Ball|[from] move: Trick","|-item|p2a: Nyxia|Leftovers|[from] move: Trick","|move|p1a: Lapras|Surf|p2a: Nyxia","|-damage|p2a: Nyxia|0 fnt","|faint|p2a: Nyxia","|","|-weather|RainDance|[upkeep]","|","|switch|p2a: 2Sharp|Bisharp, F, shiny|271/271","|turn|3","|","|switch|p1a: Starmie|Starmie|261/261","|move|p2a: 2Sharp|Knock Off|p1a: Starmie","|-supereffective|p1a: Starmie","|-damage|p1a: Starmie|0 fnt","|-enditem|p1a: Starmie|Leftovers|[from] move: Knock Off|[of] p2a: 2Sharp","|faint|p1a: Starmie","|","|-weather|RainDance|[upkeep]","|","|switch|p1a: Kingdra|Kingdra, F|292/292","|turn|4","|","|switch|p2a: Drago|Hydreigon, F, shiny|325/325","|move|p1a: Kingdra|Scald|p2a: Drago","|-resisted|p2a: Drago","|-damage|p2a: Drago|198/325","|-status|p2a: Drago|brn","|-damage|p1a: Kingdra|263/292|[from] item: Life Orb","|","|-weather|RainDance|[upkeep]","|-damage|p2a: Drago|158/325 brn|[from] brn","|turn|5","|","|switch|p2a: 2Sharp|Bisharp, F, shiny|271/271","|move|p1a: Kingdra|Dragon Pulse|p2a: 2Sharp","|-resisted|p2a: 2Sharp","|-damage|p2a: 2Sharp|162/271","|-damage|p1a: Kingdra|234/292|[from] item: Life Orb","|","|-weather|none","|turn|6","|","|switch|p1a: Politoed|Politoed, M|321/321","|-weather|RainDance","|move|p2a: 2Sharp|Knock Off|p1a: Politoed","|-damage|p1a: Politoed|162/321","|-enditem|p1a: Politoed|Leftovers|[from] move: Knock Off|[of] p2a: 2Sharp","|","|-weather|RainDance|[upkeep]","|turn|7","|","|move|p2a: 2Sharp|Knock Off|p1a: Politoed","|-damage|p1a: Politoed|50/321","|move|p1a: Politoed|Scald|p2a: 2Sharp","|-damage|p2a: 2Sharp|0 fnt","|faint|p2a: 2Sharp","|","|-weather|RainDance|[upkeep]","|","|switch|p2a: Houndoom|Houndoom, F|291/291","|turn|8","|","|detailschange|p2a: Houndoom|Houndoom-Mega, F","|-mega|p2a: Houndoom|Houndoom|Houndoominite","|move|p2a: Houndoom|Dark Pulse|p1a: Politoed","|-damage|p1a: Politoed|0 fnt","|faint|p1a: Politoed","|","|-weather|RainDance|[upkeep]","|","|switch|p1a: Kingdra|Kingdra, F|234/292","|turn|9","|","|move|p2a: Houndoom|Protect|p2a: Houndoom","|-singleturn|p2a: Houndoom|Protect","|move|p1a: Kingdra|Scald|p2a: Houndoom","|-activate|p2a: Houndoom|Protect","|","|-weather|RainDance|[upkeep]","|turn|10","|","|switch|p2a: Stall|Sableye, M, shiny|304/304","|move|p1a: Kingdra|Scald|p2a: Stall","|-damage|p2a: Stall|92/304","|-status|p2a: Stall|brn","|-damage|p1a: Kingdra|205/292|[from] item: Life Orb","|","|-weather|none","|-heal|p2a: Stall|111/304 brn|[from] item: Leftovers","|-damage|p2a: Stall|73/304 brn|[from] brn","|turn|11","|","|move|p2a: Stall|Toxic|p1a: Kingdra","|-status|p1a: Kingdra|tox","|move|p1a: Kingdra|Rain Dance|p1a: Kingdra","|-weather|RainDance","|","|-weather|RainDance|[upkeep]","|-heal|p2a: Stall|92/304 brn|[from] item: Leftovers","|-damage|p1a: Kingdra|187/292 tox|[from] psn","|-damage|p2a: Stall|54/304 brn|[from] brn","|turn|12","|","|move|p2a: Stall|Recover|p2a: Stall","|-heal|p2a: Stall|206/304 brn","|move|p1a: Kingdra|Scald|p2a: Stall","|-damage|p2a: Stall|0 fnt","|-damage|p1a: Kingdra|158/292 tox|[from] item: Life Orb","|faint|p2a: Stall","|","|-weather|RainDance|[upkeep]","|-damage|p1a: Kingdra|122/292 tox|[from] psn","|","|switch|p2a: Houndoom|Houndoom-Mega, F|291/291","|turn|13","|","|move|p2a: Houndoom|Protect|p2a: Houndoom","|-singleturn|p2a: Houndoom|Protect","|move|p1a: Kingdra|Scald|p2a: Houndoom","|-activate|p2a: Houndoom|Protect","|","|-weather|RainDance|[upkeep]","|-damage|p1a: Kingdra|68/292 tox|[from] psn","|turn|14","|","|switch|p2a: Mandibuzz|Mandibuzz, F|423/423","|move|p1a: Kingdra|Scald|p2a: Mandibuzz","|-damage|p2a: Mandibuzz|177/423","|-status|p2a: Mandibuzz|brn","|-damage|p1a: Kingdra|39/292 tox|[from] item: Life Orb","|","|-weather|RainDance|[upkeep]","|-damage|p1a: Kingdra|0 fnt|[from] psn","|-damage|p2a: Mandibuzz|125/423 brn|[from] brn","|faint|p1a: Kingdra","|","|switch|p1a: Lapras|Lapras, F|401/401","|turn|15","|","|move|p2a: Mandibuzz|Brave Bird|p1a: Lapras","|-crit|p1a: Lapras","|-damage|p1a: Lapras|311/401","|-damage|p2a: Mandibuzz|95/423 brn|[from] recoil|[of] p1a: Lapras","|move|p1a: Lapras|Confuse Ray|p2a: Mandibuzz","|-start|p2a: Mandibuzz|confusion","|","|-weather|none","|-damage|p2a: Mandibuzz|43/423 brn|[from] brn","|turn|16","|","|-activate|p2a: Mandibuzz|confusion","|move|p2a: Mandibuzz|Brave Bird|p1a: Lapras","|-damage|p1a: Lapras|254/401","|-damage|p2a: Mandibuzz|24/423 brn|[from] recoil|[of] p1a: Lapras","|move|p1a: Lapras|Surf|p2a: Mandibuzz","|-damage|p2a: Mandibuzz|0 fnt","|faint|p2a: Mandibuzz","|","|","|switch|p2a: Houndoom|Houndoom-Mega, F|291/291","|turn|17","|","|move|p2a: Houndoom|Dark Pulse|p1a: Lapras","|-damage|p1a: Lapras|107/401","|move|p1a: Lapras|Rain Dance|p1a: Lapras","|-weather|RainDance","|","|-weather|RainDance|[upkeep]","|turn|18","|","|move|p2a: Houndoom|Dark Pulse|p1a: Lapras","|-damage|p1a: Lapras|0 fnt","|faint|p1a: Lapras","|","|-weather|RainDance|[upkeep]","|","|switch|p1a: Keldeo-Resolute|Keldeo-Resolute|322/322","|turn|19","|","|move|p2a: Houndoom|Protect|p2a: Houndoom","|-singleturn|p2a: Houndoom|Protect","|move|p1a: Keldeo-Resolute|Calm Mind|p1a: Keldeo-Resolute","|-boost|p1a: Keldeo-Resolute|spa|1","|-boost|p1a: Keldeo-Resolute|spd|1","|","|-weather|RainDance|[upkeep]","|turn|20","|","|move|p2a: Houndoom|Dark Pulse|p1a: Keldeo-Resolute","|-resisted|p1a: Keldeo-Resolute","|-damage|p1a: Keldeo-Resolute|263/322","|-boost|p1a: Keldeo-Resolute|atk|1|[from] ability: Justified","|move|p1a: Keldeo-Resolute|Secret Sword|p2a: Houndoom","|-supereffective|p2a: Houndoom","|-damage|p2a: Houndoom|0 fnt","|faint|p2a: Houndoom","|","|-weather|RainDance|[upkeep]","|-heal|p1a: Keldeo-Resolute|283/322|[from] item: Leftovers","|","|switch|p2a: Drago|Hydreigon, F, shiny|158/325 brn","|turn|21","|","|move|p2a: Drago|Draco Meteor|p1a: Keldeo-Resolute","|-damage|p1a: Keldeo-Resolute|103/322","|-unboost|p2a: Drago|spa|2","|move|p1a: Keldeo-Resolute|Secret Sword|p2a: Drago","|-supereffective|p2a: Drago","|-damage|p2a: Drago|0 fnt","|faint|p2a: Drago","|","|win|Kre8noyz"],"p1rating":{"entryid":"6510480","serverid":"eos","formatid":"monotype","userid":"kre8noyz","username":"Kre8noyz","w":28,"l":"44","t":"0","gxe":40.2,"r":"1419.1591347486","rd":"47.247291694619","sigma":"0","rptime":"1438592400","rpr":1424.5550674376,"rprd":46.579954566632,"rpsigma":"0","acre":1084.1122060491,"lacre":1084.1122060491,"oldacre":"1046.2761091628"},"p2rating":{"entryid":"6703862","serverid":"eos","formatid":"monotype","userid":"mrnyannyanz","username":"MrNyanNyanz","w":"37","l":31,"t":"0","gxe":52.8,"r":"1538.8037937295","rd":"47.610146032348","sigma":"0","rptime":"1438592400","rpr":1521.3311006212,"rprd":43.612811628812,"rpsigma":"0","acre":1068.7698381214,"lacre":1068.7698381214,"oldacre":"1096.8403037773"},"endType":"normal"}