{"seed":[2202,5552,2582,62050],"turns":23,"p1":"Amateurized","p2":"inferno RedSox","p1team":[{"name":"Hoopa","species":"Hoopa","item":"lifeorb","ability":"Magician","moves":["nastyplot","hyperspacehole","shadowball","focusblast"],"nature":"Quiet","evs":{"hp":252,"atk":0,"def":4,"spa":252,"spd":0,"spe":0},"ivs":{"hp":31,"atk":31,"def":31,"spa":31,"spd":31,"spe":0}},{"name":"Cofagrigus","species":"Cofagrigus","item":"leftovers","ability":"Mummy","moves":["willowisp","painsplit","trickroom","toxicspikes"],"nature":"Sassy","evs":{"hp":252,"atk":0,"def":4,"spa":0,"spd":252,"spe":0},"ivs":{"hp":31,"atk":31,"def":31,"spa":31,"spd":31,"spe":0}},{"name":"Gourgeist-Super","species":"Gourgeist-Super","item":"leftovers","ability":"Frisk","moves":["trickroom","leechseed","willowisp","phantomforce"],"nature":"Sassy","evs":{"hp":252,"atk":4,"def":0,"spa":0,"spd":252,"spe":0},"ivs":{"hp":31,"atk":31,"def":31,"spa":31,"spd":31,"spe":0}},{"name":"Froslass","species":"Froslass","item":"focussash","ability":"Cursed Body","moves":["destinybond","spikes","icebeam","taunt"],"nature":"Timid","evs":{"hp":248,"atk":0,"def":0,"spa":8,"spd":0,"spe":252},"ivs":{"hp":31,"atk":31,"def":31,"spa":31,"spd":31,"spe":31}},{"name":"Aegislash","species":"Aegislash","item":"lumberry","ability":"Stance Change","moves":["ironhead","swordsdance","shadowsneak","sacredsword"],"nature":"Brave","evs":{"hp":248,"atk":252,"def":0,"spa":0,"spd":8,"spe":0},"ivs":{"hp":31,"atk":31,"def":31,"spa":31,"spd":31,"spe":0}},{"name":"Jellicent","species":"Jellicent","item":"leftovers","ability":"Water Absorb","moves":["scald","taunt","willowisp","recover"],"nature":"Bold","evs":{"hp":252,"atk":0,"def":252,"spa":0,"spd":4,"spe":0},"ivs":{"hp":31,"atk":31,"def":31,"spa":31,"spd":31,"spe":31}}],"p2team":[{"name":"volcanic ash (dx)","species":"heatran","item":"airballoon","ability":"Flash Fire","moves":["lavaplume","flashcannon","ancientpower","earthpower"],"nature":"Modest","evs":{"hp":248,"atk":0,"def":0,"spa":252,"spd":8,"spe":0},"gender":"M","shiny":true,"ivs":{"hp":31,"atk":31,"def":31,"spa":31,"spd":31,"spe":31}},{"name":"Sexy drill","species":"excadrill","item":"choicescarf","ability":"Mold Breaker","moves":["earthquake","rapidspin","rockslide","ironhead"],"nature":"Jolly","evs":{"hp":0,"atk":252,"def":0,"spa":0,"spd":4,"spe":252},"gender":"F","shiny":true,"ivs":{"hp":31,"atk":31,"def":31,"spa":31,"spd":31,"spe":31}},{"name":"water staravia","species":"empoleon","item":"assaultvest","ability":"Torrent","moves":["scald","icebeam","flashcannon","grassknot"],"nature":"Modest","evs":{"hp":248,"atk":0,"def":0,"spa":252,"spd":8,"spe":0},"gender":"M","shiny":true,"ivs":{"hp":31,"atk":31,"def":31,"spa":31,"spd":31,"spe":31}},{"name":"4th muskateer","species":"doublade","item":"eviolite","ability":"No Guard","moves":["swordsdance","sacredsword","shadowsneak","ironhead"],"nature":"Adamant","evs":{"hp":248,"atk":252,"def":0,"spa":0,"spd":8,"spe":0},"ivs":{"hp":31,"atk":31,"def":31,"spa":31,"spd":31,"spe":31}},{"name":"get rekt","species":"scizor","item":"scizorite","ability":"Technician","moves":["swordsdance","roost","bulletpunch","superpower"],"nature":"Adamant","evs":{"hp":248,"atk":252,"def":0,"spa":0,"spd":8,"spe":0},"ivs":{"hp":31,"atk":31,"def":31,"spa":31,"spd":31,"spe":31}},{"name":"Lucario","species":"Lucario","item":"airballoon","ability":"Justified","moves":["nastyplot","aurasphere","vacuumwave","flashcannon"],"nature":"Timid","evs":{"hp":0,"atk":0,"def":0,"spa":252,"spd":4,"spe":252},"ivs":{"hp":31,"atk":31,"def":31,"spa":31,"spd":31,"spe":31}}],"log":["|player|p1|Amateurized|266","|player|p2|inferno RedSox|248","|gametype|singles","|gen|6","|tier|Monotype","|rated","|rule|Baton Pass Clause: Limit one Baton Passer, can't pass Spe and other stats simultaneously","|rule|Swagger Clause: Swagger is banned","|rule|Same Type Clause: Pokémon in a team must share a type","|clearpoke","|poke|p1|Hoopa","|poke|p1|Cofagrigus, M","|poke|p1|Gourgeist-*, M","|poke|p1|Froslass, F","|poke|p1|Aegislash, F","|poke|p1|Jellicent, M","|poke|p2|Heatran, M, shiny","|poke|p2|Excadrill, F, shiny","|poke|p2|Empoleon, M, shiny","|poke|p2|Doublade, M","|poke|p2|Scizor, F","|poke|p2|Lucario, F","|rule|Sleep Clause Mod: Limit one foe put to sleep","|rule|Species Clause: Limit one of each Pokémon","|rule|OHKO Clause: OHKO moves are banned","|rule|Moody Clause: Moody is banned","|rule|Evasion Moves Clause: Evasion moves are banned","|rule|Endless Battle Clause: Forcing endless battles is banned","|rule|HP Percentage Mod: HP is shown in percentages","|teampreview","|","|start","|switch|p1a: Froslass|Froslass, F|343/343","|switch|p2a: water staravia|Empoleon, M, shiny|371/371","|turn|1","|","|move|p1a: Froslass|Taunt|p2a: water staravia","|-start|p2a: water staravia|move: Taunt","|move|p2a: water staravia|Scald|p1a: Froslass","|-damage|p1a: Froslass|156/343","|-start|p2a: water staravia|Disable|Scald","|","|turn|2","|","|move|p1a: Froslass|Spikes|p2a: water staravia","|-sidestart|p2: inferno RedSox|Spikes","|move|p2a: water staravia|Ice Beam|p1a: Froslass","|-resisted|p1a: Froslass","|-damage|p1a: Froslass|91/343","|","|turn|3","|","|move|p1a: Froslass|Spikes|p2a: water staravia","|-sidestart|p2: inferno RedSox|Spikes","|move|p2a: water staravia|Flash Cannon|p1a: Froslass","|-supereffective|p1a: Froslass","|-damage|p1a: Froslass|0 fnt","|faint|p1a: Froslass","|","|-end|p2a: water staravia|move: Taunt","|","|switch|p1a: Cofagrigus|Cofagrigus, M|320/320","|turn|4","|","|move|p2a: water staravia|Flash Cannon|p1a: Cofagrigus","|-damage|p1a: Cofagrigus|221/320","|move|p1a: Cofagrigus|Trick Room|p1a: Cofagrigus","|-fieldstart|move: Trick Room|[of] p1a: Cofagrigus","|","|-heal|p1a: Cofagrigus|241/320|[from] item: Leftovers","|turn|5","|","|switch|p1a: Aegislash|Aegislash, F|323/323","|switch|p2a: 4th muskateer|Doublade, M|321/321","|-damage|p2a: 4th muskateer|268/321|[from] Spikes","|","|turn|6","|","|move|p2a: 4th muskateer|Swords Dance|p2a: 4th muskateer","|-boost|p2a: 4th muskateer|atk|2","|move|p1a: Aegislash|Swords Dance|p1a: Aegislash","|-boost|p1a: Aegislash|atk|2","|","|turn|7","|","|-formechange|p1a: Aegislash|Aegislash-Blade","|move|p1a: Aegislash|Shadow Sneak|p2a: 4th muskateer","|-supereffective|p2a: 4th muskateer","|-damage|p2a: 4th muskateer|106/321","|move|p2a: 4th muskateer|Swords Dance|p2a: 4th muskateer","|-boost|p2a: 4th muskateer|atk|2","|","|turn|8","|","|move|p2a: 4th muskateer|Shadow Sneak|p1a: Aegislash","|-supereffective|p1a: Aegislash","|-damage|p1a: Aegislash|0 fnt","|faint|p1a: Aegislash","|","|-fieldend|move: Trick Room","|","|switch|p1a: Gourgeist-Super|Gourgeist-Super, M|374/374","|-item|p2a: 4th muskateer|Eviolite|[from] ability: Frisk|[of] p1a: Gourgeist-Super|[identify]","|turn|9","|","|move|p2a: 4th muskateer|Shadow Sneak|p1a: Gourgeist-Super","|-supereffective|p1a: Gourgeist-Super","|-damage|p1a: Gourgeist-Super|30/374","|move|p1a: Gourgeist-Super|Will-O-Wisp|p2a: 4th muskateer","|-status|p2a: 4th muskateer|brn","|","|-heal|p1a: Gourgeist-Super|53/374|[from] item: Leftovers","|-damage|p2a: 4th muskateer|66/321 brn|[from] brn","|turn|10","|","|move|p2a: 4th muskateer|Shadow Sneak|p1a: Gourgeist-Super","|-supereffective|p1a: Gourgeist-Super","|-damage|p1a: Gourgeist-Super|0 fnt","|faint|p1a: Gourgeist-Super","|","|-damage|p2a: 4th muskateer|26/321 brn|[from] brn","|","|switch|p1a: Cofagrigus|Cofagrigus, M|241/320","|turn|11","|","|switch|p2a: water staravia|Empoleon, M, shiny|371/371","|-damage|p2a: water staravia|310/371|[from] Spikes","|move|p1a: Cofagrigus|Trick Room|p1a: Cofagrigus","|-fieldstart|move: Trick Room|[of] p1a: Cofagrigus","|","|-heal|p1a: Cofagrigus|261/320|[from] item: Leftovers","|turn|12","|","|switch|p1a: Hoopa|Hoopa|364/364","|move|p2a: water staravia|Grass Knot|p1a: Hoopa","|-damage|p1a: Hoopa|344/364","|","|turn|13","|","|move|p1a: Hoopa|Nasty Plot|p1a: Hoopa","|-boost|p1a: Hoopa|spa|2","|move|p2a: water staravia|Scald|p1a: Hoopa","|-damage|p1a: Hoopa|229/364","|","|turn|14","|","|move|p1a: Hoopa|Shadow Ball|p2a: water staravia","|-damage|p2a: water staravia|0 fnt","|-damage|p1a: Hoopa|193/364|[from] item: Life Orb","|faint|p2a: water staravia","|","|","|switch|p2a: volcanic ash (dx)|Heatran, M, shiny|385/385","|-item|p2a: volcanic ash (dx)|Air Balloon","|turn|15","|","|move|p1a: Hoopa|Focus Blast|p2a: volcanic ash (dx)","|-supereffective|p2a: volcanic ash (dx)","|-damage|p2a: volcanic ash (dx)|0 fnt","|-enditem|p2a: volcanic ash (dx)|Air Balloon","|-damage|p1a: Hoopa|157/364|[from] item: Life Orb","|faint|p2a: volcanic ash (dx)","|","|-fieldend|move: Trick Room","|","|switch|p2a: Lucario|Lucario, F|281/281","|-item|p2a: Lucario|Air Balloon","|turn|16","|","|switch|p1a: Jellicent|Jellicent, M|404/404","|move|p2a: Lucario|Nasty Plot|p2a: Lucario","|-boost|p2a: Lucario|spa|2","|","|turn|17","|","|move|p2a: Lucario|Nasty Plot|p2a: Lucario","|-boost|p2a: Lucario|spa|2","|move|p1a: Jellicent|Taunt|p2a: Lucario","|-start|p2a: Lucario|move: Taunt","|","|turn|18","|","|move|p2a: Lucario|Flash Cannon|p1a: Jellicent","|-resisted|p1a: Jellicent","|-damage|p1a: Jellicent|209/404","|-unboost|p1a: Jellicent|spd|1","|move|p1a: Jellicent|Scald|p2a: Lucario","|-damage|p2a: Lucario|175/281","|-enditem|p2a: Lucario|Air Balloon","|","|-heal|p1a: Jellicent|234/404|[from] item: Leftovers","|turn|19","|","|move|p2a: Lucario|Flash Cannon|p1a: Jellicent","|-crit|p1a: Jellicent","|-resisted|p1a: Jellicent","|-damage|p1a: Jellicent|0 fnt","|faint|p1a: Jellicent","|","|","|switch|p1a: Cofagrigus|Cofagrigus, M|261/320","|turn|20","|","|move|p2a: Lucario|Flash Cannon|p1a: Cofagrigus","|-damage|p1a: Cofagrigus|8/320","|move|p1a: Cofagrigus|Trick Room|p1a: Cofagrigus","|-fieldstart|move: Trick Room|[of] p1a: Cofagrigus","|","|-heal|p1a: Cofagrigus|28/320|[from] item: Leftovers","|-end|p2a: Lucario|move: Taunt","|turn|21","|","|move|p1a: Cofagrigus|Will-O-Wisp|p2a: Lucario","|-status|p2a: Lucario|brn","|move|p2a: Lucario|Flash Cannon|p1a: Cofagrigus","|-damage|p1a: Cofagrigus|0 fnt","|faint|p1a: Cofagrigus","|","|-damage|p2a: Lucario|140/281 brn|[from] brn","|","|switch|p1a: Hoopa|Hoopa|157/364","|turn|22","|","|move|p1a: Hoopa|Hyperspace Hole|p2a: Lucario","|-damage|p2a: Lucario|0 fnt","|-damage|p1a: Hoopa|121/364|[from] item: Life Orb","|faint|p2a: Lucario","|","|","|switch|p2a: get rekt|Scizor, F|343/343","|-damage|p2a: get rekt|286/343|[from] Spikes","|turn|23","|","|detailschange|p2a: get rekt|Scizor-Mega, F","|-mega|p2a: get rekt|Scizor|Scizorite","|move|p2a: get rekt|Bullet Punch|p1a: Hoopa","|-damage|p1a: Hoopa|0 fnt","|faint|p1a: Hoopa","|","|win|inferno RedSox"],"p1rating":{"entryid":"6102252","serverid":"eos","formatid":"monotype","userid":"amateurized","username":"Amateurized","w":"8","l":11,"t":"0","gxe":41,"r":"1463.1393272439","rd":"82.252611866501","sigma":"0","rptime":"1438592400","rpr":1429.535204934,"rprd":78.331665345329,"rpsigma":"0","acre":1075.0611478471,"lacre":1075.0611478471,"oldacre":"1107.5627609761"},"p2rating":{"entryid":7376650,"formatid":"monotype","userid":"infernoredsox","username":"inferno RedSox","r":1500,"rd":130,"sigma":0,"rpr":1537.3997050732,"rprd":122.30995696025,"rpsigma":0,"rptime":1438592400,"w":1,"l":0,"t":0,"gxe":54.7,"acre":1052.0025810064,"lacre":1052.0025810064,"oldacre":1000},"endType":"normal"}