{"seed":[24739,564,23718,9603],"turns":36,"p1":"Guard wulf - ⓛⓞⓛ","p2":"Kre8noyz","p1team":[{"name":"Hard body X","species":"charizard","item":"charizarditey","ability":"Blaze","moves":["overheat","airslash","focusblast","roost"],"nature":"Timid","evs":{"hp":0,"atk":0,"def":0,"spa":252,"spd":4,"spe":252},"ivs":{"hp":31,"atk":31,"def":31,"spa":31,"spd":31,"spe":31}},{"name":"Wall among Men","species":"skarmory","item":"leftovers","ability":"Sturdy","moves":["roost","whirlwind","stealthrock","ironhead"],"nature":"Impish","evs":{"hp":252,"atk":0,"def":232,"spa":0,"spd":0,"spe":24},"ivs":{"hp":31,"atk":31,"def":31,"spa":31,"spd":31,"spe":31}},{"name":"SUCK IT","species":"togekiss","item":"leftovers","ability":"Serene Grace","moves":["thunderwave","airslash","defog","roost"],"nature":"Calm","evs":{"hp":252,"atk":0,"def":0,"spa":4,"spd":252,"spe":0},"ivs":{"hp":31,"atk":31,"def":31,"spa":31,"spd":31,"spe":31}},{"name":"d dance or nah","species":"dragonite","item":"weaknesspolicy","ability":"Multiscale","moves":["extremespeed","earthquake","dragonclaw","dragondance"],"nature":"Jolly","evs":{"hp":0,"atk":252,"def":0,"spa":0,"spd":4,"spe":252},"ivs":{"hp":31,"atk":31,"def":31,"spa":31,"spd":31,"spe":31}},{"name":"Fast Nigga","species":"landorustherian","item":"choicescarf","ability":"Intimidate","moves":["earthquake","stoneedge","uturn","knockoff"],"nature":"Jolly","evs":{"hp":0,"atk":252,"def":0,"spa":0,"spd":4,"spe":252},"ivs":{"hp":31,"atk":31,"def":31,"spa":31,"spd":31,"spe":31}},{"name":"Ocho Cinco","species":"thundurus","item":"leftovers","ability":"Prankster","moves":["nastyplot","substitute","thunderbolt","hiddenpowerice"],"nature":"Timid","evs":{"hp":0,"atk":0,"def":0,"spa":252,"spd":4,"spe":252},"ivs":{"hp":31,"atk":30,"def":30,"spa":31,"spd":31,"spe":31}}],"p2team":[{"name":"Swampert","species":"Swampert","item":"focussash","ability":"Damp","moves":["earthquake","brickbreak","icepunch","counter"],"nature":"Impish","evs":{"hp":8,"atk":252,"def":0,"spa":0,"spd":0,"spe":248},"happiness":0,"ivs":{"hp":31,"atk":31,"def":31,"spa":31,"spd":31,"spe":31}},{"name":"Starmie","species":"Starmie","item":"leftovers","ability":"Natural Cure","moves":["rapidspin","signalbeam","psychic","reflecttype"],"nature":"Timid","evs":{"hp":0,"atk":0,"def":4,"spa":188,"spd":64,"spe":252},"ivs":{"hp":31,"atk":31,"def":31,"spa":31,"spd":31,"spe":31}},{"name":"Keldeo-Resolute","species":"Keldeo-Resolute","item":"leftovers","ability":"Justified","moves":["surf","secretsword","hiddenpowerflying","calmmind"],"nature":"Timid","evs":{"hp":0,"atk":4,"def":0,"spa":252,"spd":0,"spe":252},"ivs":{"hp":30,"atk":30,"def":30,"spa":30,"spd":30,"spe":31}},{"name":"Politoed","species":"Politoed","item":"leftovers","ability":"Drizzle","moves":["endeavor","hypnosis","perishsong","scald"],"nature":"","evs":{"hp":0,"atk":0,"def":252,"spa":0,"spd":252,"spe":4},"ivs":{"hp":31,"atk":31,"def":31,"spa":31,"spd":31,"spe":31}},{"name":"Lapras","species":"Lapras","item":"leftovers","ability":"Hydration","moves":["raindance","confuseray","freezedry","surf"],"nature":"Timid","evs":{"hp":0,"atk":0,"def":4,"spa":252,"spd":0,"spe":252},"ivs":{"hp":31,"atk":31,"def":31,"spa":31,"spd":31,"spe":31}},{"name":"Kingdra","species":"Kingdra","item":"lifeorb","ability":"Swift Swim","moves":["clearsmog","dragonpulse","scald","raindance"],"nature":"","evs":{"hp":4,"atk":0,"def":0,"spa":252,"spd":0,"spe":252},"ivs":{"hp":31,"atk":31,"def":31,"spa":31,"spd":31,"spe":31}}],"log":["|player|p1|Guard wulf - ⓛⓞⓛ|143","|player|p2|Kre8noyz|163","|gametype|singles","|gen|6","|tier|Monotype","|rated","|rule|Baton Pass Clause: Limit one Baton Passer, can't pass Spe and other stats simultaneously","|rule|Swagger Clause: Swagger is banned","|rule|Same Type Clause: Pokémon in a team must share a type","|clearpoke","|poke|p1|Charizard, F","|poke|p1|Skarmory, M","|poke|p1|Togekiss, F","|poke|p1|Dragonite, F","|poke|p1|Landorus-Therian, M","|poke|p1|Thundurus, M","|poke|p2|Swampert, F","|poke|p2|Starmie","|poke|p2|Keldeo-Resolute","|poke|p2|Politoed, F","|poke|p2|Lapras, M","|poke|p2|Kingdra, M","|rule|Sleep Clause Mod: Limit one foe put to sleep","|rule|Species Clause: Limit one of each Pokémon","|rule|OHKO Clause: OHKO moves are banned","|rule|Moody Clause: Moody is banned","|rule|Evasion Moves Clause: Evasion moves are banned","|rule|Endless Battle Clause: Forcing endless battles is banned","|rule|HP Percentage Mod: HP is shown in percentages","|teampreview","|","|start","|switch|p1a: Hard body X|Charizard, F|297/297","|switch|p2a: Politoed|Politoed, F|321/321","|-weather|RainDance","|turn|1","|","|detailschange|p1a: Hard body X|Charizard-Mega-Y, F","|-mega|p1a: Hard body X|Charizard|Charizardite Y","|-weather|SunnyDay","|move|p1a: Hard body X|Air Slash|p2a: Politoed","|-damage|p2a: Politoed|195/321","|move|p2a: Politoed|Scald|p1a: Hard body X","|-supereffective|p1a: Hard body X","|-damage|p1a: Hard body X|213/297","|","|-weather|SunnyDay|[upkeep]","|-heal|p2a: Politoed|215/321|[from] item: Leftovers","|turn|2","|","|switch|p2a: Starmie|Starmie|261/261","|move|p1a: Hard body X|Focus Blast|p2a: Starmie","|-resisted|p2a: Starmie","|-damage|p2a: Starmie|169/261","|","|-weather|SunnyDay|[upkeep]","|-heal|p2a: Starmie|185/261|[from] item: Leftovers","|turn|3","|","|switch|p1a: SUCK IT|Togekiss, F|374/374","|move|p2a: Starmie|Reflect Type|p1a: SUCK IT","|-start|p2a: Starmie|typechange|[from] move: Reflect Type|[of] p1a: SUCK IT","|","|-weather|SunnyDay|[upkeep]","|-heal|p2a: Starmie|201/261|[from] item: Leftovers","|turn|4","|","|move|p2a: Starmie|Psychic|p1a: SUCK IT","|-damage|p1a: SUCK IT|314/374","|move|p1a: SUCK IT|Thunder Wave|p2a: Starmie","|-status|p2a: Starmie|par","|","|-weather|SunnyDay|[upkeep]","|-heal|p1a: SUCK IT|337/374|[from] item: Leftovers","|-heal|p2a: Starmie|217/261 par|[from] item: Leftovers","|turn|5","|","|switch|p2a: Politoed|Politoed, F|215/321","|-weather|RainDance","|move|p1a: SUCK IT|Air Slash|p2a: Politoed","|-damage|p2a: Politoed|134/321","|","|-weather|RainDance|[upkeep]","|-heal|p1a: SUCK IT|360/374|[from] item: Leftovers","|-heal|p2a: Politoed|154/321|[from] item: Leftovers","|turn|6","|","|switch|p2a: Lapras|Lapras, M|401/401","|move|p1a: SUCK IT|Thunder Wave|p2a: Lapras","|-status|p2a: Lapras|par","|","|-weather|RainDance|[upkeep]","|-heal|p1a: SUCK IT|374/374|[from] item: Leftovers","|-curestatus|p2a: Lapras|par","|turn|7","|","|switch|p1a: Ocho Cinco|Thundurus, M|299/299","|move|p2a: Lapras|Confuse Ray|p1a: Ocho Cinco","|-start|p1a: Ocho Cinco|confusion","|","|-weather|RainDance|[upkeep]","|turn|8","|","|switch|p1a: Hard body X|Charizard-Mega-Y, F|213/297","|-weather|SunnyDay","|move|p2a: Lapras|Freeze-Dry|p1a: Hard body X","|-damage|p1a: Hard body X|132/297","|","|-weather|SunnyDay|[upkeep]","|turn|9","|","|switch|p2a: Politoed|Politoed, F|154/321","|-weather|RainDance","|move|p1a: Hard body X|Roost|p1a: Hard body X","|-heal|p1a: Hard body X|281/297","|","|-weather|RainDance|[upkeep]","|-heal|p2a: Politoed|174/321|[from] item: Leftovers","|turn|10","|","|switch|p1a: SUCK IT|Togekiss, F|374/374","|move|p2a: Politoed|Scald|p1a: SUCK IT","|-damage|p1a: SUCK IT|292/374","|","|-weather|RainDance|[upkeep]","|-heal|p1a: SUCK IT|315/374|[from] item: Leftovers","|-heal|p2a: Politoed|194/321|[from] item: Leftovers","|turn|11","|","|switch|p2a: Lapras|Lapras, M|401/401","|move|p1a: SUCK IT|Thunder Wave|p2a: Lapras","|-status|p2a: Lapras|par","|","|-weather|RainDance|[upkeep]","|-heal|p1a: SUCK IT|338/374|[from] item: Leftovers","|-curestatus|p2a: Lapras|par","|turn|12","|","|move|p2a: Lapras|Freeze-Dry|p1a: SUCK IT","|-supereffective|p1a: SUCK IT","|-damage|p1a: SUCK IT|206/374","|move|p1a: SUCK IT|Air Slash|p2a: Lapras","|-damage|p2a: Lapras|298/401","|","|-weather|RainDance|[upkeep]","|-heal|p2a: Lapras|323/401|[from] item: Leftovers","|-heal|p1a: SUCK IT|229/374|[from] item: Leftovers","|turn|13","|","|switch|p1a: Hard body X|Charizard-Mega-Y, F|281/297","|-weather|SunnyDay","|move|p2a: Lapras|Freeze-Dry|p1a: Hard body X","|-damage|p1a: Hard body X|190/297","|","|-weather|SunnyDay|[upkeep]","|-heal|p2a: Lapras|348/401|[from] item: Leftovers","|turn|14","|","|switch|p2a: Politoed|Politoed, F|194/321","|-weather|RainDance","|move|p1a: Hard body X|Focus Blast|p2a: Politoed","|-damage|p2a: Politoed|62/321","|","|-weather|RainDance|[upkeep]","|-heal|p2a: Politoed|82/321|[from] item: Leftovers","|turn|15","|","|switch|p1a: SUCK IT|Togekiss, F|229/374","|move|p2a: Politoed|Endeavor|p1a: SUCK IT","|-damage|p1a: SUCK IT|82/374","|","|-weather|RainDance|[upkeep]","|-heal|p1a: SUCK IT|105/374|[from] item: Leftovers","|-heal|p2a: Politoed|102/321|[from] item: Leftovers","|turn|16","|","|move|p1a: SUCK IT|Roost|p1a: SUCK IT","|-heal|p1a: SUCK IT|292/374","|move|p2a: Politoed|Scald|p1a: SUCK IT","|-damage|p1a: SUCK IT|211/374","|-status|p1a: SUCK IT|brn","|","|-weather|RainDance|[upkeep]","|-heal|p1a: SUCK IT|234/374 brn|[from] item: Leftovers","|-heal|p2a: Politoed|122/321|[from] item: Leftovers","|-damage|p1a: SUCK IT|188/374 brn|[from] brn","|turn|17","|","|switch|p1a: Hard body X|Charizard-Mega-Y, F|190/297","|-weather|SunnyDay","|switch|p2a: Swampert|Swampert, F|343/343","|","|-weather|SunnyDay|[upkeep]","|turn|18","|","|switch|p2a: Politoed|Politoed, F|122/321","|-weather|RainDance","|move|p1a: Hard body X|Air Slash|p2a: Politoed","|-damage|p2a: Politoed|7/321","|","|-weather|RainDance|[upkeep]","|-heal|p2a: Politoed|27/321|[from] item: Leftovers","|turn|19","|","|move|p1a: Hard body X|Air Slash|p2a: Politoed","|-damage|p2a: Politoed|0 fnt","|faint|p2a: Politoed","|","|-weather|RainDance|[upkeep]","|","|switch|p2a: Kingdra|Kingdra, M|292/292","|turn|20","|","|switch|p1a: SUCK IT|Togekiss, F|188/374 brn","|move|p2a: Kingdra|Scald|p1a: SUCK IT","|-damage|p1a: SUCK IT|32/374 brn","|-damage|p2a: Kingdra|263/292|[from] item: Life Orb","|","|-weather|RainDance|[upkeep]","|-heal|p1a: SUCK IT|55/374 brn|[from] item: Leftovers","|-damage|p1a: SUCK IT|9/374 brn|[from] brn","|turn|21","|","|move|p2a: Kingdra|Scald|p1a: SUCK IT","|-damage|p1a: SUCK IT|0 fnt","|-damage|p2a: Kingdra|234/292|[from] item: Life Orb","|faint|p1a: SUCK IT","|","|-weather|RainDance|[upkeep]","|","|switch|p1a: Hard body X|Charizard-Mega-Y, F|190/297","|-weather|SunnyDay","|turn|22","|","|switch|p1a: Wall among Men|Skarmory, M|334/334","|move|p2a: Kingdra|Rain Dance|p2a: Kingdra","|-weather|RainDance","|","|-weather|RainDance|[upkeep]","|turn|23","|","|move|p2a: Kingdra|Scald|p1a: Wall among Men","|-damage|p1a: Wall among Men|32/334","|-damage|p2a: Kingdra|205/292|[from] item: Life Orb","|move|p1a: Wall among Men|Stealth Rock|p2a: Kingdra","|-sidestart|p2: Kre8noyz|move: Stealth Rock","|","|-weather|RainDance|[upkeep]","|-heal|p1a: Wall among Men|52/334|[from] item: Leftovers","|turn|24","|","|move|p2a: Kingdra|Scald|p1a: Wall among Men","|-damage|p1a: Wall among Men|0 fnt","|-damage|p2a: Kingdra|176/292|[from] item: Life Orb","|faint|p1a: Wall among Men","|","|-weather|RainDance|[upkeep]","|","|switch|p1a: Hard body X|Charizard-Mega-Y, F|190/297","|-weather|SunnyDay","|turn|25","|","|move|p1a: Hard body X|Air Slash|p2a: Kingdra","|-damage|p2a: Kingdra|13/292","|move|p2a: Kingdra|Rain Dance|p2a: Kingdra","|-weather|RainDance","|","|-weather|RainDance|[upkeep]","|turn|26","|","|switch|p1a: d dance or nah|Dragonite, F|323/323","|move|p2a: Kingdra|Scald|p1a: d dance or nah","|-crit|p1a: d dance or nah","|-resisted|p1a: d dance or nah","|-damage|p1a: d dance or nah|235/323","|-status|p1a: d dance or nah|brn","|-damage|p2a: Kingdra|0 fnt|[from] item: Life Orb","|faint|p2a: Kingdra","|","|-weather|RainDance|[upkeep]","|-damage|p1a: d dance or nah|195/323 brn|[from] brn","|","|switch|p2a: Starmie|Starmie|217/261","|-damage|p2a: Starmie|185/261|[from] Stealth Rock","|turn|27","|","|move|p2a: Starmie|Rapid Spin|p1a: d dance or nah","|-damage|p1a: d dance or nah|182/323 brn","|-sideend|p2: Kre8noyz|Stealth Rock|[from] move: Rapid Spin|[of] p2a: Starmie","|move|p1a: d dance or nah|Dragon Claw|p2a: Starmie","|-damage|p2a: Starmie|105/261","|","|-weather|RainDance|[upkeep]","|-heal|p2a: Starmie|121/261|[from] item: Leftovers","|-damage|p1a: d dance or nah|142/323 brn|[from] brn","|turn|28","|","|move|p2a: Starmie|Psychic|p1a: d dance or nah","|-damage|p1a: d dance or nah|24/323 brn","|move|p1a: d dance or nah|Dragon Claw|p2a: Starmie","|-damage|p2a: Starmie|37/261","|","|-weather|RainDance|[upkeep]","|-heal|p2a: Starmie|53/261|[from] item: Leftovers","|-damage|p1a: d dance or nah|0 fnt|[from] brn","|faint|p1a: d dance or nah","|","|switch|p1a: Fast Nigga|Landorus-Therian, M|319/319","|-ability|p1a: Fast Nigga|Intimidate","|-unboost|p2a: Starmie|atk|1","|turn|29","|","|move|p1a: Fast Nigga|U-turn|p2a: Starmie","|-crit|p2a: Starmie","|-supereffective|p2a: Starmie","|-damage|p2a: Starmie|0 fnt","|faint|p2a: Starmie","|","|switch|p1a: Hard body X|Charizard-Mega-Y, F|190/297","|-weather|SunnyDay","|","|-weather|SunnyDay|[upkeep]","|","|switch|p2a: Lapras|Lapras, M|348/401","|turn|30","|","|move|p1a: Hard body X|Focus Blast|p2a: Lapras","|-supereffective|p2a: Lapras","|-damage|p2a: Lapras|2/401","|move|p2a: Lapras|Rain Dance|p2a: Lapras","|-weather|RainDance","|","|-weather|RainDance|[upkeep]","|-heal|p2a: Lapras|27/401|[from] item: Leftovers","|turn|31","|","|switch|p2a: Keldeo-Resolute|Keldeo-Resolute|322/322","|move|p1a: Hard body X|Air Slash|p2a: Keldeo-Resolute","|-supereffective|p2a: Keldeo-Resolute","|-damage|p2a: Keldeo-Resolute|0 fnt","|faint|p2a: Keldeo-Resolute","|","|-weather|RainDance|[upkeep]","|","|switch|p2a: Swampert|Swampert, F|343/343","|turn|32","|","|switch|p1a: Ocho Cinco|Thundurus, M|299/299","|move|p2a: Swampert|Ice Punch|p1a: Ocho Cinco","|-supereffective|p1a: Ocho Cinco","|-damage|p1a: Ocho Cinco|75/299","|","|-weather|RainDance|[upkeep]","|-heal|p1a: Ocho Cinco|93/299|[from] item: Leftovers","|turn|33","|","|move|p1a: Ocho Cinco|Hidden Power|p2a: Swampert","|-damage|p2a: Swampert|267/343","|move|p2a: Swampert|Ice Punch|p1a: Ocho Cinco","|-supereffective|p1a: Ocho Cinco","|-damage|p1a: Ocho Cinco|0 fnt","|faint|p1a: Ocho Cinco","|","|-weather|RainDance|[upkeep]","|","|switch|p1a: Hard body X|Charizard-Mega-Y, F|190/297","|-weather|SunnyDay","|turn|34","|","|move|p1a: Hard body X|Air Slash|p2a: Swampert","|-damage|p2a: Swampert|111/343","|move|p2a: Swampert|Ice Punch|p1a: Hard body X","|-crit|p1a: Hard body X","|-damage|p1a: Hard body X|54/297","|","|-weather|SunnyDay|[upkeep]","|turn|35","|","|move|p1a: Hard body X|Air Slash|p2a: Swampert","|-damage|p2a: Swampert|0 fnt","|faint|p2a: Swampert","|","|-weather|SunnyDay|[upkeep]","|","|switch|p2a: Lapras|Lapras, M|27/401","|turn|36","|","|move|p1a: Hard body X|Overheat|p2a: Lapras","|-damage|p2a: Lapras|0 fnt","|-unboost|p1a: Hard body X|spa|2","|faint|p2a: Lapras","|","|win|Guard wulf - ⓛⓞⓛ"],"p1rating":{"entryid":"7326062","serverid":"eos","formatid":"monotype","userid":"guardwulf","username":"Guard Wulf","w":13,"l":"6","t":"0","gxe":60.5,"r":"1556.4129881256","rd":"89.09129900381","sigma":"0","rptime":"1438592400","rpr":1581.6391681379,"rprd":71.161199914382,"rpsigma":"0","acre":1198.7468325594,"lacre":1198.7468325594,"oldacre":"1175.3441068235"},"p2rating":{"entryid":"6510480","serverid":"eos","formatid":"monotype","userid":"kre8noyz","username":"Kre8noyz","w":"31","l":45,"t":"0","gxe":42.4,"r":"1419.1591347486","rd":"47.247291694619","sigma":"0","rptime":"1438592400","rpr":1441.9556990157,"rprd":45.197960904931,"rpsigma":"0","acre":1129.7131056358,"lacre":1129.7131056358,"oldacre":"1153.1158313717"},"endType":"normal"}