{"seed":[29001,19712,19606,46158],"turns":46,"p1":"Emg_DemZii","p2":"Guard Wulf","p1team":[{"name":"Hoopa-Unbound","species":"Hoopa-Unbound","item":"choicescarf","ability":"Magician","moves":["energyball","focusblast","thunderbolt","hyperspacehole"],"nature":"Timid","evs":{"hp":0,"atk":0,"def":0,"spa":252,"spd":4,"spe":252},"ivs":{"hp":31,"atk":30,"def":30,"spa":31,"spd":31,"spe":31}},{"name":"Sableye","species":"Sableye","item":"sablenite","ability":"Prankster","moves":["recover","willowisp","calmmind","snarl"],"nature":"Calm","evs":{"hp":248,"atk":0,"def":252,"spa":0,"spd":8,"spe":0},"ivs":{"hp":31,"atk":31,"def":31,"spa":31,"spd":31,"spe":31}},{"name":"Drapion","species":"Drapion","item":"muscleband","ability":"Sniper","moves":["crosspoison","firefang","nightslash","rockslide"],"nature":"Adamant","evs":{"hp":248,"atk":252,"def":0,"spa":0,"spd":8,"spe":0},"ivs":{"hp":31,"atk":31,"def":31,"spa":31,"spd":31,"spe":31}},{"name":"Umbreon","species":"Umbreon","item":"leftovers","ability":"Synchronize","moves":["moonlight","healbell","toxic","darkpulse"],"nature":"Calm","evs":{"hp":252,"atk":0,"def":0,"spa":4,"spd":252,"spe":0},"ivs":{"hp":31,"atk":31,"def":31,"spa":31,"spd":31,"spe":31}},{"name":"Mandibuzz","species":"Mandibuzz","item":"rockyhelmet","ability":"Big Pecks","moves":["roost","knockoff","defog","heatwave"],"nature":"Lax","evs":{"hp":248,"atk":8,"def":252,"spa":0,"spd":0,"spe":0},"happiness":0,"ivs":{"hp":31,"atk":31,"def":31,"spa":31,"spd":31,"spe":31}},{"name":"Bisharp","species":"Bisharp","item":"choicescarf","ability":"Defiant","moves":["brickbreak","ironhead","knockoff","nightslash"],"nature":"Jolly","evs":{"hp":0,"atk":252,"def":0,"spa":0,"spd":4,"spe":252},"ivs":{"hp":31,"atk":31,"def":31,"spa":31,"spd":31,"spe":31}}],"p2team":[{"name":"Camerupt","species":"Camerupt","item":"cameruptite","ability":"Solid Rock","moves":["ancientpower","fireblast","earthpower","protect"],"nature":"Modest","evs":{"hp":248,"atk":0,"def":0,"spa":252,"spd":8,"spe":0},"ivs":{"hp":31,"atk":31,"def":31,"spa":31,"spd":31,"spe":31}},{"name":"Seismitoad","species":"Seismitoad","item":"leftovers","ability":"Water Absorb","moves":["scald","knockoff","icepunch","drainpunch"],"nature":"Sassy","evs":{"hp":232,"atk":16,"def":0,"spa":8,"spd":252,"spe":0},"ivs":{"hp":31,"atk":31,"def":31,"spa":31,"spd":31,"spe":31}},{"name":"Landorus","species":"Landorus","item":"lifeorb","ability":"Sheer Force","moves":["earthpower","grassknot","psychic","sludgewave"],"nature":"Timid","evs":{"hp":0,"atk":0,"def":0,"spa":252,"spd":4,"spe":252},"ivs":{"hp":31,"atk":31,"def":31,"spa":31,"spd":31,"spe":31}},{"name":"Mamoswine","species":"Mamoswine","item":"focussash","ability":"Thick Fat","moves":["stealthrock","endeavor","iciclecrash","iceshard"],"nature":"Impish","evs":{"hp":0,"atk":32,"def":252,"spa":0,"spd":0,"spe":224},"ivs":{"hp":31,"atk":31,"def":31,"spa":31,"spd":31,"spe":31}},{"name":"Garchomp","species":"Garchomp","item":"choicescarf","ability":"Rough Skin","moves":["outrage","fireblast","earthquake","stoneedge"],"nature":"Naive","evs":{"hp":0,"atk":252,"def":0,"spa":4,"spd":0,"spe":252},"ivs":{"hp":31,"atk":31,"def":31,"spa":31,"spd":31,"spe":31}},{"name":"Gliscor","species":"Gliscor","item":"toxicorb","ability":"Poison Heal","moves":["swordsdance","earthquake","knockoff","roost"],"nature":"Careful","evs":{"hp":244,"atk":0,"def":8,"spa":0,"spd":200,"spe":56},"ivs":{"hp":31,"atk":31,"def":31,"spa":31,"spd":31,"spe":31}}],"log":["|player|p1|Emg_DemZii|274","|player|p2|Guard Wulf|143","|gametype|singles","|gen|6","|tier|Monotype","|rated","|rule|Baton Pass Clause: Limit one Baton Passer, can't pass Spe and other stats simultaneously","|rule|Swagger Clause: Swagger is banned","|rule|Same Type Clause: Pokémon in a team must share a type","|clearpoke","|poke|p1|Hoopa-Unbound","|poke|p1|Sableye, M","|poke|p1|Drapion, F","|poke|p1|Umbreon, M","|poke|p1|Mandibuzz, F","|poke|p1|Bisharp, M","|poke|p2|Camerupt, M","|poke|p2|Seismitoad, F","|poke|p2|Landorus, M","|poke|p2|Mamoswine, M","|poke|p2|Garchomp, F","|poke|p2|Gliscor, M","|rule|Sleep Clause Mod: Limit one foe put to sleep","|rule|Species Clause: Limit one of each Pokémon","|rule|OHKO Clause: OHKO moves are banned","|rule|Moody Clause: Moody is banned","|rule|Evasion Moves Clause: Evasion moves are banned","|rule|Endless Battle Clause: Forcing endless battles is banned","|rule|HP Percentage Mod: HP is shown in percentages","|teampreview","|","|start","|switch|p1a: Hoopa-Unbound|Hoopa-Unbound|301/301","|switch|p2a: Camerupt|Camerupt, M|343/343","|turn|1","|","|switch|p1a: Umbreon|Umbreon, M|394/394","|switch|p2a: Garchomp|Garchomp, F|357/357","|","|turn|2","|","|move|p2a: Garchomp|Earthquake|p1a: Umbreon","|-damage|p1a: Umbreon|243/394","|move|p1a: Umbreon|Toxic|p2a: Garchomp","|-status|p2a: Garchomp|tox","|","|-heal|p1a: Umbreon|267/394|[from] item: Leftovers","|-damage|p2a: Garchomp|335/357 tox|[from] psn","|turn|3","|","|move|p2a: Garchomp|Earthquake|p1a: Umbreon","|-damage|p1a: Umbreon|116/394","|move|p1a: Umbreon|Moonlight|p1a: Umbreon","|-heal|p1a: Umbreon|313/394","|","|-heal|p1a: Umbreon|337/394|[from] item: Leftovers","|-damage|p2a: Garchomp|291/357 tox|[from] psn","|turn|4","|","|switch|p1a: Mandibuzz|Mandibuzz, F|423/423","|move|p2a: Garchomp|Earthquake|p1a: Mandibuzz","|-immune|p1a: Mandibuzz|[msg]","|","|-damage|p2a: Garchomp|225/357 tox|[from] psn","|turn|5","|","|switch|p2a: Mamoswine|Mamoswine, M|361/361","|move|p1a: Mandibuzz|Knock Off|p2a: Mamoswine","|-damage|p2a: Mamoswine|289/361","|-enditem|p2a: Mamoswine|Focus Sash|[from] move: Knock Off|[of] p1a: Mandibuzz","|","|turn|6","|","|switch|p1a: Hoopa-Unbound|Hoopa-Unbound|301/301","|move|p2a: Mamoswine|Stealth Rock|p1a: Hoopa-Unbound","|-sidestart|p1: Emg_DemZii|move: Stealth Rock","|","|turn|7","|","|move|p1a: Hoopa-Unbound|Focus Blast|p2a: Mamoswine","|-supereffective|p2a: Mamoswine","|-damage|p2a: Mamoswine|0 fnt","|faint|p2a: Mamoswine","|","|","|switch|p2a: Gliscor|Gliscor, M|352/352","|turn|8","|","|switch|p1a: Mandibuzz|Mandibuzz, F|423/423","|-damage|p1a: Mandibuzz|318/423|[from] Stealth Rock","|move|p2a: Gliscor|Earthquake|p1a: Mandibuzz","|-immune|p1a: Mandibuzz|[msg]","|","|-status|p2a: Gliscor|tox|[from] item: Toxic Orb","|turn|9","|","|move|p2a: Gliscor|Knock Off|p1a: Mandibuzz","|-resisted|p1a: Mandibuzz","|-damage|p1a: Mandibuzz|293/423","|-damage|p2a: Gliscor|294/352 tox|[from] item: Rocky Helmet|[of] p1a: Mandibuzz","|-enditem|p1a: Mandibuzz|Rocky Helmet|[from] move: Knock Off|[of] p2a: Gliscor","|move|p1a: Mandibuzz|Defog|p2a: Gliscor","|-unboost|p2a: Gliscor|evasion|1","|-sideend|p1: Emg_DemZii|Stealth Rock|[from] move: Defog|[of] p1a: Mandibuzz","|","|-heal|p2a: Gliscor|338/352 tox|[from] ability: Poison Heal","|turn|10","|","|switch|p2a: Camerupt|Camerupt, M|343/343","|move|p1a: Mandibuzz|Knock Off|p2a: Camerupt","|-damage|p2a: Camerupt|268/343","|","|turn|11","|","|switch|p1a: Umbreon|Umbreon, M|337/394","|detailschange|p2a: Camerupt|Camerupt-Mega, M","|-mega|p2a: Camerupt|Camerupt|Cameruptite","|move|p2a: Camerupt|Fire Blast|p1a: Umbreon","|-crit|p1a: Umbreon","|-damage|p1a: Umbreon|52/394","|","|-heal|p1a: Umbreon|76/394|[from] item: Leftovers","|turn|12","|","|move|p1a: Umbreon|Moonlight|p1a: Umbreon","|-heal|p1a: Umbreon|273/394","|move|p2a: Camerupt|Earth Power|p1a: Umbreon","|-damage|p1a: Umbreon|137/394","|","|-heal|p1a: Umbreon|161/394|[from] item: Leftovers","|turn|13","|","|move|p1a: Umbreon|Toxic|p2a: Camerupt","|-status|p2a: Camerupt|tox","|move|p2a: Camerupt|Fire Blast|p1a: Umbreon","|-damage|p1a: Umbreon|0 fnt","|faint|p1a: Umbreon","|","|-damage|p2a: Camerupt|247/343 tox|[from] psn","|","|switch|p1a: Sableye|Sableye, M|303/303","|turn|14","|","|detailschange|p1a: Sableye|Sableye-Mega, M","|-mega|p1a: Sableye|Sableye|Sablenite","|move|p1a: Sableye|Calm Mind|p1a: Sableye","|-boost|p1a: Sableye|spa|1","|-boost|p1a: Sableye|spd|1","|move|p2a: Camerupt|Fire Blast|p1a: Sableye","|-damage|p1a: Sableye|138/303","|","|-damage|p2a: Camerupt|205/343 tox|[from] psn","|turn|15","|","|move|p1a: Sableye|Recover|p1a: Sableye","|-heal|p1a: Sableye|290/303","|move|p2a: Camerupt|Fire Blast|p1a: Sableye","|-damage|p1a: Sableye|133/303","|","|-damage|p2a: Camerupt|142/343 tox|[from] psn","|turn|16","|","|switch|p2a: Gliscor|Gliscor, M|338/352 tox","|move|p1a: Sableye|Recover|p1a: Sableye","|-heal|p1a: Sableye|285/303","|","|-heal|p2a: Gliscor|352/352 tox|[from] ability: Poison Heal","|turn|17","|","|move|p2a: Gliscor|Swords Dance|p2a: Gliscor","|-boost|p2a: Gliscor|atk|2","|move|p1a: Sableye|Snarl|p2a: Gliscor","|-damage|p2a: Gliscor|270/352 tox","|-unboost|p2a: Gliscor|spa|1","|","|-heal|p2a: Gliscor|314/352 tox|[from] ability: Poison Heal","|turn|18","|","|move|p2a: Gliscor|Earthquake|p1a: Sableye","|-damage|p1a: Sableye|123/303","|move|p1a: Sableye|Calm Mind|p1a: Sableye","|-boost|p1a: Sableye|spa|1","|-boost|p1a: Sableye|spd|1","|","|-heal|p2a: Gliscor|352/352 tox|[from] ability: Poison Heal","|turn|19","|","|move|p2a: Gliscor|Earthquake|p1a: Sableye","|-damage|p1a: Sableye|0 fnt","|faint|p1a: Sableye","|","|","|switch|p1a: Hoopa-Unbound|Hoopa-Unbound|301/301","|turn|20","|","|move|p1a: Hoopa-Unbound|Hyperspace Hole|p2a: Gliscor","|-damage|p2a: Gliscor|201/352 tox","|move|p2a: Gliscor|Earthquake|p1a: Hoopa-Unbound","|-damage|p1a: Hoopa-Unbound|0 fnt","|faint|p1a: Hoopa-Unbound","|","|-heal|p2a: Gliscor|245/352 tox|[from] ability: Poison Heal","|","|switch|p1a: Mandibuzz|Mandibuzz, F|293/423","|turn|21","|","|switch|p2a: Camerupt|Camerupt-Mega, M|142/343 tox","|move|p1a: Mandibuzz|Knock Off|p2a: Camerupt","|-damage|p2a: Camerupt|82/343 tox","|","|-damage|p2a: Camerupt|61/343 tox|[from] psn","|turn|22","|","|move|p1a: Mandibuzz|Roost|p1a: Mandibuzz","|-heal|p1a: Mandibuzz|423/423","|move|p2a: Camerupt|Fire Blast|p1a: Mandibuzz|[miss]","|-miss|p2a: Camerupt|p1a: Mandibuzz","|","|-damage|p2a: Camerupt|19/343 tox|[from] psn","|turn|23","|","|move|p1a: Mandibuzz|Knock Off|p2a: Camerupt","|-damage|p2a: Camerupt|0 fnt","|faint|p2a: Camerupt","|","|","|switch|p2a: Garchomp|Garchomp, F|225/357 tox","|turn|24","|","|move|p2a: Garchomp|Stone Edge|p1a: Mandibuzz","|-supereffective|p1a: Mandibuzz","|-damage|p1a: Mandibuzz|257/423","|move|p1a: Mandibuzz|Knock Off|p2a: Garchomp","|-damage|p2a: Garchomp|146/357 tox","|-damage|p1a: Mandibuzz|205/423|[from] ability: Rough Skin|[of] p2a: Garchomp","|-enditem|p2a: Garchomp|Choice Scarf|[from] move: Knock Off|[of] p1a: Mandibuzz","|","|-damage|p2a: Garchomp|124/357 tox|[from] psn","|turn|25","|","|move|p2a: Garchomp|Fire Blast|p1a: Mandibuzz","|-damage|p1a: Mandibuzz|114/423","|move|p1a: Mandibuzz|Roost|p1a: Mandibuzz","|-heal|p1a: Mandibuzz|326/423","|","|-damage|p2a: Garchomp|80/357 tox|[from] psn","|turn|26","|","|move|p2a: Garchomp|Outrage|p1a: Mandibuzz","|-damage|p1a: Mandibuzz|178/423","|move|p1a: Mandibuzz|Roost|p1a: Mandibuzz","|-heal|p1a: Mandibuzz|390/423","|","|-damage|p2a: Garchomp|14/357 tox|[from] psn","|turn|27","|","|move|p2a: Garchomp|Outrage|p1a: Mandibuzz|[from]lockedmove","|-damage|p1a: Mandibuzz|240/423","|move|p1a: Mandibuzz|Roost|p1a: Mandibuzz","|-heal|p1a: Mandibuzz|423/423","|","|-damage|p2a: Garchomp|0 fnt|[from] psn","|faint|p2a: Garchomp","|","|switch|p2a: Seismitoad|Seismitoad, F|409/409","|turn|28","|","|move|p1a: Mandibuzz|Knock Off|p2a: Seismitoad","|-damage|p2a: Seismitoad|313/409","|-enditem|p2a: Seismitoad|Leftovers|[from] move: Knock Off|[of] p1a: Mandibuzz","|move|p2a: Seismitoad|Knock Off|p1a: Mandibuzz","|-resisted|p1a: Mandibuzz","|-damage|p1a: Mandibuzz|405/423","|","|turn|29","|","|switch|p1a: Drapion|Drapion, F|343/343","|move|p2a: Seismitoad|Scald|p1a: Drapion","|-damage|p1a: Drapion|246/343","|","|turn|30","|","|switch|p2a: Landorus|Landorus, M|319/319","|move|p1a: Drapion|Night Slash|p2a: Landorus","|-crit|p2a: Landorus","|-damage|p2a: Landorus|27/319","|","|turn|31","|","|switch|p1a: Mandibuzz|Mandibuzz, F|405/423","|move|p2a: Landorus|Earth Power|p1a: Mandibuzz","|-immune|p1a: Mandibuzz|[msg]","|","|turn|32","|","|move|p2a: Landorus|Sludge Wave|p1a: Mandibuzz","|-damage|p1a: Mandibuzz|205/423","|move|p1a: Mandibuzz|Knock Off|p2a: Landorus","|-damage|p2a: Landorus|0 fnt","|-enditem|p2a: Landorus|Life Orb|[from] move: Knock Off|[of] p1a: Mandibuzz","|faint|p2a: Landorus","|","|","|switch|p2a: Seismitoad|Seismitoad, F|313/409","|turn|33","|","|move|p1a: Mandibuzz|Roost|p1a: Mandibuzz","|-heal|p1a: Mandibuzz|417/423","|move|p2a: Seismitoad|Scald|p1a: Mandibuzz","|-damage|p1a: Mandibuzz|323/423","|","|turn|34","|","|switch|p1a: Drapion|Drapion, F|246/343","|move|p2a: Seismitoad|Scald|p1a: Drapion","|-damage|p1a: Drapion|141/343","|","|turn|35","|","|move|p1a: Drapion|Night Slash|p2a: Seismitoad","|-damage|p2a: Seismitoad|157/409","|move|p2a: Seismitoad|Scald|p1a: Drapion","|-damage|p1a: Drapion|42/343","|","|turn|36","|","|move|p1a: Drapion|Night Slash|p2a: Seismitoad","|-damage|p2a: Seismitoad|19/409","|move|p2a: Seismitoad|Scald|p1a: Drapion","|-damage|p1a: Drapion|0 fnt","|faint|p1a: Drapion","|","|","|switch|p1a: Mandibuzz|Mandibuzz, F|323/423","|turn|37","|","|move|p1a: Mandibuzz|Knock Off|p2a: Seismitoad","|-damage|p2a: Seismitoad|0 fnt","|faint|p2a: Seismitoad","|","|","|switch|p2a: Gliscor|Gliscor, M|245/352 tox","|turn|38","|","|switch|p1a: Bisharp|Bisharp, M|271/271","|move|p2a: Gliscor|Swords Dance|p2a: Gliscor","|-boost|p2a: Gliscor|atk|2","|","|-heal|p2a: Gliscor|289/352 tox|[from] ability: Poison Heal","|turn|39","|","|move|p1a: Bisharp|Night Slash|p2a: Gliscor","|-damage|p2a: Gliscor|186/352 tox","|move|p2a: Gliscor|Earthquake|p1a: Bisharp","|-crit|p1a: Bisharp","|-supereffective|p1a: Bisharp","|-damage|p1a: Bisharp|0 fnt","|faint|p1a: Bisharp","|","|-heal|p2a: Gliscor|230/352 tox|[from] ability: Poison Heal","|","|switch|p1a: Mandibuzz|Mandibuzz, F|323/423","|turn|40","|","|move|p2a: Gliscor|Swords Dance|p2a: Gliscor","|-boost|p2a: Gliscor|atk|2","|move|p1a: Mandibuzz|Heat Wave|p2a: Gliscor","|-damage|p2a: Gliscor|191/352 tox","|","|-heal|p2a: Gliscor|235/352 tox|[from] ability: Poison Heal","|turn|41","|","|move|p2a: Gliscor|Knock Off|p1a: Mandibuzz","|-resisted|p1a: Mandibuzz","|-damage|p1a: Mandibuzz|272/423","|move|p1a: Mandibuzz|Knock Off|p2a: Gliscor","|-damage|p2a: Gliscor|163/352 tox","|-enditem|p2a: Gliscor|Toxic Orb|[from] move: Knock Off|[of] p1a: Mandibuzz","|","|-heal|p2a: Gliscor|207/352 tox|[from] ability: Poison Heal","|turn|42","|","|move|p2a: Gliscor|Swords Dance|p2a: Gliscor","|-boost|p2a: Gliscor|atk|2","|move|p1a: Mandibuzz|Knock Off|p2a: Gliscor","|-damage|p2a: Gliscor|164/352 tox","|","|-heal|p2a: Gliscor|208/352 tox|[from] ability: Poison Heal","|turn|43","|","|move|p2a: Gliscor|Knock Off|p1a: Mandibuzz","|-resisted|p1a: Mandibuzz","|-damage|p1a: Mandibuzz|200/423","|move|p1a: Mandibuzz|Roost|p1a: Mandibuzz","|-heal|p1a: Mandibuzz|412/423","|","|-heal|p2a: Gliscor|252/352 tox|[from] ability: Poison Heal","|turn|44","|","|move|p2a: Gliscor|Knock Off|p1a: Mandibuzz","|-resisted|p1a: Mandibuzz","|-damage|p1a: Mandibuzz|345/423","|move|p1a: Mandibuzz|Knock Off|p2a: Gliscor","|-damage|p2a: Gliscor|204/352 tox","|","|-heal|p2a: Gliscor|248/352 tox|[from] ability: Poison Heal","|turn|45","|","|move|p2a: Gliscor|Knock Off|p1a: Mandibuzz","|-resisted|p1a: Mandibuzz","|-damage|p1a: Mandibuzz|283/423","|move|p1a: Mandibuzz|Knock Off|p2a: Gliscor","|-damage|p2a: Gliscor|205/352 tox","|","|-heal|p2a: Gliscor|249/352 tox|[from] ability: Poison Heal","|turn|46","|","|win|Emg_DemZii"],"p1rating":{"entryid":"7361210","serverid":"eos","formatid":"monotype","userid":"emgdemzii","username":"Emg_DemZii","w":2,"l":"3","t":"0","gxe":45.1,"r":"1500","rd":"130","sigma":"0","rptime":"1438592400","rpr":1461.6254761234,"rprd":101.35719296718,"rpsigma":"0","acre":1084.768384781,"lacre":1084.768384781,"oldacre":"1040"},"p2rating":{"entryid":"7326062","serverid":"eos","formatid":"monotype","userid":"guardwulf","username":"Guard Wulf","w":"8","l":5,"t":"0","gxe":55.4,"r":"1556.4129881256","rd":"89.09129900381","sigma":"0","rptime":"1438592400","rpr":1542.2045004655,"rprd":80.368848431231,"rpsigma":"0","acre":1121.0388778614,"lacre":1121.0388778614,"oldacre":"1153.9568078474"},"endType":"forfeit"}