{"seed":[13179,49925,22079,23871],"turns":24,"p1":"Guard Darkrai","p2":"Knight♕Miku","p1team":[{"name":"Beedrill","species":"Beedrill","item":"beedrillite","ability":"Sniper","moves":["fellstinger","poisonjab","uturn","protect"],"nature":"Jolly","evs":{"hp":0,"atk":252,"def":0,"spa":0,"spd":4,"spe":252},"shiny":true,"ivs":{"hp":31,"atk":31,"def":31,"spa":31,"spd":31,"spe":31}},{"name":"Durant","species":"Durant","item":"lifeorb","ability":"Hustle","moves":["ironhead","xscissor","superpower","honeclaws"],"nature":"Jolly","evs":{"hp":0,"atk":252,"def":0,"spa":0,"spd":4,"spe":252},"shiny":true,"ivs":{"hp":31,"atk":31,"def":31,"spa":31,"spd":31,"spe":31}},{"name":"Venomoth","species":"Venomoth","item":"focussash","ability":"Wonder Skin","moves":["quiverdance","bugbuzz","sludgebomb","sleeppowder"],"nature":"Modest","evs":{"hp":0,"atk":0,"def":0,"spa":252,"spd":4,"spe":252},"shiny":true,"ivs":{"hp":31,"atk":31,"def":31,"spa":31,"spd":31,"spe":31}},{"name":"Shuckle","species":"Shuckle","item":"leftovers","ability":"Contrary","moves":["shellsmash","stickyweb","infestation","stealthrock"],"nature":"Modest","evs":{"hp":0,"atk":0,"def":0,"spa":252,"spd":4,"spe":252},"shiny":true,"ivs":{"hp":31,"atk":31,"def":31,"spa":31,"spd":31,"spe":31}},{"name":"Heracross","species":"Heracross","item":"choicescarf","ability":"Moxie","moves":["closecombat","stoneedge","megahorn","knockoff"],"nature":"Jolly","evs":{"hp":0,"atk":252,"def":0,"spa":0,"spd":4,"spe":252},"shiny":true,"ivs":{"hp":31,"atk":31,"def":31,"spa":31,"spd":31,"spe":31}},{"name":"Illumise","species":"Illumise","item":"leftovers","ability":"Prankster","moves":["thunderwave","encore","uturn","tailwind"],"nature":"Careful","evs":{"hp":252,"atk":0,"def":4,"spa":0,"spd":252,"spe":0},"shiny":true,"ivs":{"hp":31,"atk":31,"def":31,"spa":31,"spd":31,"spe":31}}],"p2team":[{"name":"Amphy","species":"ampharos","item":"ampharosite","ability":"Static","moves":["toxic","healbell","powergem","dragonpulse"],"nature":"Calm","evs":{"hp":248,"atk":0,"def":0,"spa":8,"spd":252,"spe":0},"gender":"M","shiny":true,"ivs":{"hp":31,"atk":31,"def":31,"spa":31,"spd":31,"spe":31}},{"name":"Spooky","species":"rotomwash","item":"leftovers","ability":"Levitate","moves":["willowisp","voltswitch","hydropump","painsplit"],"nature":"Bold","evs":{"hp":252,"atk":0,"def":252,"spa":4,"spd":0,"spe":0},"ivs":{"hp":31,"atk":31,"def":31,"spa":31,"spd":31,"spe":31}},{"name":"Palmtop Tiger","species":"raikou","item":"choicespecs","ability":"Pressure","moves":["hiddenpowerice","extrasensory","thunderbolt","shadowball"],"nature":"Timid","evs":{"hp":0,"atk":0,"def":0,"spa":252,"spd":4,"spe":252},"ivs":{"hp":31,"atk":30,"def":30,"spa":31,"spd":31,"spe":31},"shiny":true},{"name":"Kami-sama","species":"thundurus","item":"lifeorb","ability":"Prankster","moves":["thunderwave","uturn","grassknot","taunt"],"nature":"Hasty","evs":{"hp":0,"atk":20,"def":0,"spa":252,"spd":0,"spe":23},"ivs":{"hp":31,"atk":31,"def":31,"spa":31,"spd":31,"spe":31}},{"name":"Fluffy","species":"electivire","item":"choicescarf","ability":"Vital Spirit","moves":["voltswitch","earthquake","icepunch","rockslide"],"nature":"Naive","evs":{"hp":0,"atk":252,"def":0,"spa":4,"spd":0,"spe":252},"ivs":{"hp":31,"atk":31,"def":31,"spa":31,"spd":31,"spe":31}},{"name":"Zappy","species":"zapdos","item":"leftovers","ability":"Pressure","moves":["heatwave","roost","defog","discharge"],"nature":"Calm","evs":{"hp":252,"atk":0,"def":0,"spa":4,"spd":252,"spe":0},"ivs":{"hp":31,"atk":31,"def":31,"spa":31,"spd":31,"spe":31}}],"log":["|player|p1|Guard Darkrai|guarddarkrai.png","|player|p2|Knight♕Miku|gtxbronze.gif","|gametype|singles","|gen|6","|tier|Monotype","|rated","|rule|Baton Pass Clause: Limit one Baton Passer, can't pass Spe and other stats simultaneously","|rule|Swagger Clause: Swagger is banned","|rule|Same Type Clause: Pokémon in a team must share a type","|clearpoke","|poke|p1|Beedrill, F, shiny","|poke|p1|Durant, M, shiny","|poke|p1|Venomoth, M, shiny","|poke|p1|Shuckle, F, shiny","|poke|p1|Heracross, F, shiny","|poke|p1|Illumise, F, shiny","|poke|p2|Ampharos, M, shiny","|poke|p2|Rotom-Wash","|poke|p2|Raikou, shiny","|poke|p2|Thundurus, M","|poke|p2|Electivire, M","|poke|p2|Zapdos","|rule|Sleep Clause Mod: Limit one foe put to sleep","|rule|Species Clause: Limit one of each Pokémon","|rule|OHKO Clause: OHKO moves are banned","|rule|Moody Clause: Moody is banned","|rule|Evasion Moves Clause: Evasion moves are banned","|rule|Endless Battle Clause: Forcing endless battles is banned","|rule|HP Percentage Mod: HP is shown in percentages","|teampreview","|","|start","|switch|p1a: Shuckle|Shuckle, F, shiny|181/181","|switch|p2a: Kami-sama|Thundurus, M|299/299","|turn|1","|","|move|p2a: Kami-sama|Taunt|p1a: Shuckle","|-start|p1a: Shuckle|move: Taunt","|cant|p1a: Shuckle|move: Taunt|Stealth Rock","|","|turn|2","|","|move|p2a: Kami-sama|U-turn|p1a: Shuckle","|-damage|p1a: Shuckle|143/181","|-damage|p2a: Kami-sama|270/299|[from] item: Life Orb","|","|switch|p2a: Amphy|Ampharos, M, shiny|383/383","|move|p1a: Shuckle|Infestation|p2a: Amphy","|-damage|p2a: Amphy|373/383","|-status|p1a: Shuckle|par","|-activate|p2a: Amphy|move: Infestation|[of] p1a: Shuckle","|","|-heal|p1a: Shuckle|154/181 par|[from] item: Leftovers","|-damage|p2a: Amphy|326/383|[from] move: Infestation|[partiallytrapped]","|turn|3","|","|switch|p1a: Venomoth|Venomoth, M, shiny|281/281","|detailschange|p2a: Amphy|Ampharos-Mega, M, shiny","|-mega|p2a: Amphy|Ampharos|Ampharosite","|-ability|p2a: Amphy|Mold Breaker","|move|p2a: Amphy|Power Gem|p1a: Venomoth","|-supereffective|p1a: Venomoth","|-damage|p1a: Venomoth|33/281","|","|turn|4","|","|move|p1a: Venomoth|Sleep Powder|p2a: Amphy","|-status|p2a: Amphy|slp","|cant|p2a: Amphy|slp","|","|turn|5","|","|move|p1a: Venomoth|Quiver Dance|p1a: Venomoth","|-boost|p1a: Venomoth|spa|1","|-boost|p1a: Venomoth|spd|1","|-boost|p1a: Venomoth|spe|1","|cant|p2a: Amphy|slp","|","|turn|6","|","|move|p1a: Venomoth|Bug Buzz|p2a: Amphy","|-damage|p2a: Amphy|191/383 slp","|-curestatus|p2a: Amphy|slp","|move|p2a: Amphy|Power Gem|p1a: Venomoth","|-supereffective|p1a: Venomoth","|-damage|p1a: Venomoth|0 fnt","|faint|p1a: Venomoth","|","|","|switch|p1a: Heracross|Heracross, F, shiny|301/301","|turn|7","|","|switch|p2a: Spooky|Rotom-Wash|304/304","|move|p1a: Heracross|Knock Off|p2a: Spooky","|-damage|p2a: Spooky|220/304","|-enditem|p2a: Spooky|Leftovers|[from] move: Knock Off|[of] p1a: Heracross","|","|turn|8","|","|switch|p1a: Shuckle|Shuckle, F, shiny|154/181 par","|move|p2a: Spooky|Will-O-Wisp|p1a: Shuckle","|-fail|p1a: Shuckle","|","|-heal|p1a: Shuckle|165/181 par|[from] item: Leftovers","|turn|9","|","|move|p2a: Spooky|Hydro Pump|p1a: Shuckle","|-supereffective|p1a: Shuckle","|-damage|p1a: Shuckle|43/181 par","|move|p1a: Shuckle|Sticky Web|p2a: Spooky","|-sidestart|p2: Knight♕Miku|move: Sticky Web","|","|-heal|p1a: Shuckle|54/181 par|[from] item: Leftovers","|turn|10","|","|move|p2a: Spooky|Hydro Pump|p1a: Shuckle","|-supereffective|p1a: Shuckle","|-damage|p1a: Shuckle|0 fnt","|faint|p1a: Shuckle","|","|","|switch|p1a: Durant|Durant, M, shiny|257/257","|turn|11","|","|move|p1a: Durant|X-Scissor|p2a: Spooky","|-damage|p2a: Spooky|51/304","|-damage|p1a: Durant|232/257|[from] item: Life Orb","|move|p2a: Spooky|Will-O-Wisp|p1a: Durant","|-status|p1a: Durant|brn","|","|-damage|p1a: Durant|200/257 brn|[from] brn","|turn|12","|","|move|p1a: Durant|Iron Head|p2a: Spooky","|-resisted|p2a: Spooky","|-damage|p2a: Spooky|30/304","|-damage|p1a: Durant|175/257 brn|[from] item: Life Orb","|move|p2a: Spooky|Pain Split|p1a: Durant","|-sethp|p1a: Durant|102/257 brn|p2a: Spooky|102/304|[from] move: Pain Split","|","|-damage|p1a: Durant|70/257 brn|[from] brn","|turn|13","|","|switch|p2a: Zappy|Zapdos|384/384","|-ability|p2a: Zappy|Pressure","|move|p1a: Durant|X-Scissor|p2a: Zappy|[miss]","|-miss|p1a: Durant|p2a: Zappy","|","|-damage|p1a: Durant|38/257 brn|[from] brn","|turn|14","|","|move|p1a: Durant|Iron Head|p2a: Zappy","|-resisted|p2a: Zappy","|-damage|p2a: Zappy|313/384","|-damage|p1a: Durant|13/257 brn|[from] item: Life Orb","|move|p2a: Zappy|Defog|p1a: Durant","|-unboost|p1a: Durant|evasion|1","|-sideend|p2: Knight♕Miku|Sticky Web|[from] move: Defog|[of] p2a: Zappy","|","|-heal|p2a: Zappy|337/384|[from] item: Leftovers","|-damage|p1a: Durant|0 fnt|[from] brn","|faint|p1a: Durant","|","|switch|p1a: Heracross|Heracross, F, shiny|301/301","|turn|15","|","|switch|p2a: Spooky|Rotom-Wash|102/304","|move|p1a: Heracross|Stone Edge|p2a: Spooky","|-damage|p2a: Spooky|18/304","|","|turn|16","|","|move|p1a: Heracross|Stone Edge|p2a: Spooky","|-damage|p2a: Spooky|0 fnt","|faint|p2a: Spooky","|-boost|p1a: Heracross|atk|1|[from] ability: Moxie","|","|","|switch|p2a: Kami-sama|Thundurus, M|270/299","|turn|17","|","|move|p2a: Kami-sama|Thunder Wave|p1a: Heracross","|-status|p1a: Heracross|par","|move|p1a: Heracross|Stone Edge|p2a: Kami-sama","|-supereffective|p2a: Kami-sama","|-damage|p2a: Kami-sama|0 fnt","|faint|p2a: Kami-sama","|-boost|p1a: Heracross|atk|1|[from] ability: Moxie","|","|","|switch|p2a: Palmtop Tiger|Raikou, shiny|321/321","|-ability|p2a: Palmtop Tiger|Pressure","|turn|18","|","|move|p2a: Palmtop Tiger|Extrasensory|p1a: Heracross","|-supereffective|p1a: Heracross","|-damage|p1a: Heracross|47/301 par","|move|p1a: Heracross|Stone Edge|p2a: Palmtop Tiger","|-damage|p2a: Palmtop Tiger|7/321","|","|turn|19","|","|move|p2a: Palmtop Tiger|Extrasensory|p1a: Heracross","|-supereffective|p1a: Heracross","|-damage|p1a: Heracross|0 fnt","|faint|p1a: Heracross","|","|","|switch|p1a: Beedrill|Beedrill, F, shiny|271/271","|turn|20","|","|switch|p2a: Zappy|Zapdos|337/384","|-ability|p2a: Zappy|Pressure","|detailschange|p1a: Beedrill|Beedrill-Mega, F, shiny","|-mega|p1a: Beedrill|Beedrill|Beedrillite","|move|p1a: Beedrill|Protect|p1a: Beedrill","|-fail|p1a: Beedrill","|","|-heal|p2a: Zappy|361/384|[from] item: Leftovers","|turn|21","|","|move|p1a: Beedrill|Poison Jab|p2a: Zappy","|-damage|p2a: Zappy|101/384","|move|p2a: Zappy|Heat Wave|p1a: Beedrill","|-supereffective|p1a: Beedrill","|-damage|p1a: Beedrill|71/271","|","|-heal|p2a: Zappy|125/384|[from] item: Leftovers","|turn|22","|","|switch|p2a: Amphy|Ampharos-Mega, M, shiny|191/383","|-ability|p2a: Amphy|Mold Breaker","|move|p1a: Beedrill|Poison Jab|p2a: Amphy","|-damage|p2a: Amphy|0 fnt","|faint|p2a: Amphy","|","|","|switch|p2a: Fluffy|Electivire, M|291/291","|turn|23","|","|move|p2a: Fluffy|Volt Switch|p1a: Beedrill","|-damage|p1a: Beedrill|0 fnt","|faint|p1a: Beedrill","|","|switch|p2a: Zappy|Zapdos|125/384","|-ability|p2a: Zappy|Pressure","|","|-heal|p2a: Zappy|149/384|[from] item: Leftovers","|","|switch|p1a: Illumise|Illumise, F, shiny|334/334","|turn|24","|","|win|Knight♕Miku"],"p1rating":{"entryid":"6034648","serverid":"eos","formatid":"monotype","userid":"guarddarkrai","username":"Guard Darkrai","w":"51","l":58,"t":"0","gxe":47.2,"r":"1488.6159366829","rd":"39.621397946879","sigma":"0","rptime":"1438592400","rpr":1478.9940066868,"rprd":37.674981974258,"rpsigma":"0","acre":1051.8153092336,"lacre":1051.8153092336,"oldacre":"1067.3155599465"},"p2rating":{"entryid":"7210042","serverid":"eos","formatid":"monotype","userid":"knightmiku","username":"Knight♕Miku","w":10,"l":"5","t":"0","gxe":58.7,"r":"1543.822757463","rd":"85.978501639642","sigma":"0","rptime":"1438592400","rpr":1568.1662215144,"rprd":77.821113649243,"rpsigma":"0","acre":1167.5010599748,"lacre":1167.5010599748,"oldacre":"1148.2195837364"},"endType":"forfeit"}