{"seed":[40054,9127,65255,45175],"turns":37,"p1":"LightOfAKnowing","p2":"Amateurized","p1team":[{"name":"Chesnaught","species":"Chesnaught","item":"leftovers","ability":"Bulletproof","moves":["spikyshield","leechseed","seedbomb","drainpunch"],"nature":"Impish","evs":{"hp":248,"atk":8,"def":252,"spa":0,"spd":0,"spe":0},"ivs":{"hp":31,"atk":31,"def":31,"spa":31,"spd":31,"spe":31}},{"name":"Ferrothorn","species":"Ferrothorn","item":"rockyhelmet","ability":"Iron Barbs","moves":["leechseed","powerwhip","ironhead","stealthrock"],"nature":"Impish","evs":{"hp":248,"atk":8,"def":252,"spa":0,"spd":0,"spe":0},"ivs":{"hp":31,"atk":31,"def":31,"spa":31,"spd":31,"spe":31}},{"name":"Roserade","species":"Roserade","item":"focussash","ability":"Technician","moves":["weatherball","sludgebomb","gigadrain","sleeppowder"],"nature":"","evs":{"hp":248,"atk":8,"def":252,"spa":0,"spd":0,"spe":0},"ivs":{"hp":31,"atk":30,"def":30,"spa":31,"spd":31,"spe":31}},{"name":"Ludicolo","species":"Ludicolo","item":"damprock","ability":"Swift Swim","moves":["raindance","icebeam","scald","focusblast"],"nature":"Modest","evs":{"hp":0,"atk":0,"def":0,"spa":252,"spd":4,"spe":252},"ivs":{"hp":31,"atk":31,"def":31,"spa":31,"spd":31,"spe":31}},{"name":"Sceptile","species":"Sceptile","item":"sceptilite","ability":"Overgrow","moves":["dragonpulse","energyball","synthesis","hiddenpowerice"],"nature":"Timid","evs":{"hp":0,"atk":0,"def":0,"spa":252,"spd":4,"spe":252},"ivs":{"hp":31,"atk":30,"def":30,"spa":31,"spd":31,"spe":31}},{"name":"Rotom-Mow","species":"Rotom-Mow","item":"choicescarf","ability":"Levitate","moves":["thunderbolt","raindance","willowisp","leafstorm"],"nature":"Timid","evs":{"hp":0,"atk":0,"def":0,"spa":252,"spd":4,"spe":252},"ivs":{"hp":31,"atk":31,"def":31,"spa":31,"spd":31,"spe":31}}],"p2team":[{"name":"Hoopa","species":"Hoopa","item":"lifeorb","ability":"Magician","moves":["nastyplot","hyperspacehole","shadowball","focusblast"],"nature":"Quiet","evs":{"hp":252,"atk":0,"def":4,"spa":252,"spd":0,"spe":0},"ivs":{"hp":31,"atk":31,"def":31,"spa":31,"spd":31,"spe":0}},{"name":"Cofagrigus","species":"Cofagrigus","item":"leftovers","ability":"Mummy","moves":["willowisp","painsplit","trickroom","toxicspikes"],"nature":"Sassy","evs":{"hp":252,"atk":0,"def":4,"spa":0,"spd":252,"spe":0},"ivs":{"hp":31,"atk":31,"def":31,"spa":31,"spd":31,"spe":0}},{"name":"Gourgeist-Super","species":"Gourgeist-Super","item":"leftovers","ability":"Frisk","moves":["trickroom","leechseed","willowisp","phantomforce"],"nature":"Sassy","evs":{"hp":252,"atk":4,"def":0,"spa":0,"spd":252,"spe":0},"ivs":{"hp":31,"atk":31,"def":31,"spa":31,"spd":31,"spe":0}},{"name":"Froslass","species":"Froslass","item":"focussash","ability":"Cursed Body","moves":["destinybond","spikes","icebeam","taunt"],"nature":"Timid","evs":{"hp":248,"atk":0,"def":0,"spa":8,"spd":0,"spe":252},"ivs":{"hp":31,"atk":31,"def":31,"spa":31,"spd":31,"spe":31}},{"name":"Aegislash","species":"Aegislash","item":"lumberry","ability":"Stance Change","moves":["ironhead","swordsdance","shadowclaw","sacredsword"],"nature":"Brave","evs":{"hp":248,"atk":252,"def":0,"spa":0,"spd":8,"spe":0},"ivs":{"hp":31,"atk":31,"def":31,"spa":31,"spd":31,"spe":0}},{"name":"Jellicent","species":"Jellicent","item":"leftovers","ability":"Water Absorb","moves":["scald","taunt","willowisp","recover"],"nature":"Bold","evs":{"hp":252,"atk":0,"def":252,"spa":0,"spd":4,"spe":0},"ivs":{"hp":31,"atk":31,"def":31,"spa":31,"spd":31,"spe":31}}],"log":["|player|p1|LightOfAKnowing|lightofaknowing.gif","|player|p2|Amateurized|266","|gametype|singles","|gen|6","|tier|Monotype","|rated","|rule|Baton Pass Clause: Limit one Baton Passer, can't pass Spe and other stats simultaneously","|rule|Swagger Clause: Swagger is banned","|rule|Same Type Clause: Pokémon in a team must share a type","|clearpoke","|poke|p1|Chesnaught, M","|poke|p1|Ferrothorn, F","|poke|p1|Roserade, F","|poke|p1|Ludicolo, M","|poke|p1|Sceptile, F","|poke|p1|Rotom-Mow","|poke|p2|Hoopa","|poke|p2|Cofagrigus, F","|poke|p2|Gourgeist-*, F","|poke|p2|Froslass, F","|poke|p2|Aegislash, M","|poke|p2|Jellicent, F","|rule|Sleep Clause Mod: Limit one foe put to sleep","|rule|Species Clause: Limit one of each Pokémon","|rule|OHKO Clause: OHKO moves are banned","|rule|Moody Clause: Moody is banned","|rule|Evasion Moves Clause: Evasion moves are banned","|rule|Endless Battle Clause: Forcing endless battles is banned","|rule|HP Percentage Mod: HP is shown in percentages","|teampreview","|","|start","|switch|p1a: Ludicolo|Ludicolo, M|301/301","|switch|p2a: Froslass|Froslass, F|343/343","|turn|1","|","|move|p2a: Froslass|Taunt|p1a: Ludicolo","|-start|p1a: Ludicolo|move: Taunt","|cant|p1a: Ludicolo|move: Taunt|Rain Dance","|","|turn|2","|","|move|p2a: Froslass|Spikes|p1a: Ludicolo","|-sidestart|p1: LightOfAKnowing|Spikes","|move|p1a: Ludicolo|Scald|p2a: Froslass","|-crit|p2a: Froslass","|-damage|p2a: Froslass|111/343","|-start|p1a: Ludicolo|Disable|Scald","|","|turn|3","|","|switch|p1a: Ferrothorn|Ferrothorn, F|351/351","|-damage|p1a: Ferrothorn|308/351|[from] Spikes","|move|p2a: Froslass|Destiny Bond|p2a: Froslass","|-singlemove|p2a: Froslass|Destiny Bond","|","|turn|4","|","|move|p2a: Froslass|Taunt|p1a: Ferrothorn","|-start|p1a: Ferrothorn|move: Taunt","|cant|p1a: Ferrothorn|move: Taunt|Stealth Rock","|","|turn|5","|","|switch|p1a: Rotom-Mow|Rotom-Mow|241/241","|move|p2a: Froslass|Destiny Bond|p2a: Froslass","|-singlemove|p2a: Froslass|Destiny Bond","|","|turn|6","|","|move|p1a: Rotom-Mow|Will-O-Wisp|p2a: Froslass|[miss]","|-miss|p1a: Rotom-Mow|p2a: Froslass","|move|p2a: Froslass|Destiny Bond|p2a: Froslass","|-singlemove|p2a: Froslass|Destiny Bond","|","|turn|7","|","|move|p1a: Rotom-Mow|Will-O-Wisp|p2a: Froslass","|-status|p2a: Froslass|brn","|move|p2a: Froslass|Ice Beam|p1a: Rotom-Mow","|-supereffective|p1a: Rotom-Mow","|-damage|p1a: Rotom-Mow|77/241","|","|-damage|p2a: Froslass|69/343 brn|[from] brn","|turn|8","|","|switch|p1a: Ferrothorn|Ferrothorn, F|308/351","|-damage|p1a: Ferrothorn|265/351|[from] Spikes","|move|p2a: Froslass|Spikes|p1a: Ferrothorn","|-sidestart|p1: LightOfAKnowing|Spikes","|","|-damage|p2a: Froslass|27/343 brn|[from] brn","|turn|9","|","|move|p2a: Froslass|Taunt|p1a: Ferrothorn","|-start|p1a: Ferrothorn|move: Taunt","|cant|p1a: Ferrothorn|move: Taunt|Stealth Rock","|","|-damage|p2a: Froslass|0 fnt|[from] brn","|faint|p2a: Froslass","|","|switch|p2a: Cofagrigus|Cofagrigus, F|320/320","|turn|10","|","|switch|p1a: Ludicolo|Ludicolo, M|301/301","|-damage|p1a: Ludicolo|251/301|[from] Spikes","|move|p2a: Cofagrigus|Trick Room|p2a: Cofagrigus","|-fieldstart|move: Trick Room|[of] p2a: Cofagrigus","|","|turn|11","|","|move|p2a: Cofagrigus|Toxic Spikes|p1a: Ludicolo","|-sidestart|p1: LightOfAKnowing|move: Toxic Spikes","|move|p1a: Ludicolo|Scald|p2a: Cofagrigus","|-damage|p2a: Cofagrigus|238/320","|","|-heal|p2a: Cofagrigus|258/320|[from] item: Leftovers","|turn|12","|","|move|p2a: Cofagrigus|Toxic Spikes|p1a: Ludicolo","|-sidestart|p1: LightOfAKnowing|move: Toxic Spikes","|move|p1a: Ludicolo|Scald|p2a: Cofagrigus","|-damage|p2a: Cofagrigus|173/320","|","|-heal|p2a: Cofagrigus|193/320|[from] item: Leftovers","|turn|13","|","|move|p2a: Cofagrigus|Will-O-Wisp|p1a: Ludicolo","|-status|p1a: Ludicolo|brn","|move|p1a: Ludicolo|Scald|p2a: Cofagrigus","|-damage|p2a: Cofagrigus|114/320","|-status|p2a: Cofagrigus|brn","|","|-heal|p2a: Cofagrigus|134/320 brn|[from] item: Leftovers","|-damage|p2a: Cofagrigus|94/320 brn|[from] brn","|-damage|p1a: Ludicolo|214/301 brn|[from] brn","|turn|14","|","|switch|p2a: Gourgeist-Super|Gourgeist-Super, F|374/374","|-item|p1a: Ludicolo|Damp Rock|[from] ability: Frisk|[of] p2a: Gourgeist-Super|[identify]","|move|p1a: Ludicolo|Rain Dance|p1a: Ludicolo","|-weather|RainDance","|","|-weather|RainDance|[upkeep]","|-damage|p1a: Ludicolo|177/301 brn|[from] brn","|-fieldend|move: Trick Room","|turn|15","|","|move|p1a: Ludicolo|Ice Beam|p2a: Gourgeist-Super","|-supereffective|p2a: Gourgeist-Super","|-damage|p2a: Gourgeist-Super|224/374","|-status|p2a: Gourgeist-Super|frz","|cant|p2a: Gourgeist-Super|frz","|","|-weather|RainDance|[upkeep]","|-heal|p2a: Gourgeist-Super|247/374 frz|[from] item: Leftovers","|-damage|p1a: Ludicolo|140/301 brn|[from] brn","|turn|16","|","|move|p1a: Ludicolo|Ice Beam|p2a: Gourgeist-Super","|-supereffective|p2a: Gourgeist-Super","|-damage|p2a: Gourgeist-Super|89/374 frz","|cant|p2a: Gourgeist-Super|frz","|","|-weather|RainDance|[upkeep]","|-heal|p2a: Gourgeist-Super|112/374 frz|[from] item: Leftovers","|-damage|p1a: Ludicolo|103/301 brn|[from] brn","|turn|17","|","|switch|p2a: Jellicent|Jellicent, F|404/404","|move|p1a: Ludicolo|Ice Beam|p2a: Jellicent","|-resisted|p2a: Jellicent","|-damage|p2a: Jellicent|360/404","|","|-weather|RainDance|[upkeep]","|-heal|p2a: Jellicent|385/404|[from] item: Leftovers","|-damage|p1a: Ludicolo|66/301 brn|[from] brn","|turn|18","|","|switch|p1a: Ferrothorn|Ferrothorn, F|265/351","|-damage|p1a: Ferrothorn|207/351|[from] Spikes","|switch|p2a: Gourgeist-Super|Gourgeist-Super, F|112/374 frz","|-item|p1a: Ferrothorn|Rocky Helmet|[from] ability: Frisk|[of] p2a: Gourgeist-Super|[identify]","|","|-weather|RainDance|[upkeep]","|-heal|p2a: Gourgeist-Super|135/374 frz|[from] item: Leftovers","|turn|19","|","|move|p1a: Ferrothorn|Stealth Rock|p2a: Gourgeist-Super","|-sidestart|p2: Amateurized|move: Stealth Rock","|cant|p2a: Gourgeist-Super|frz","|","|-weather|RainDance|[upkeep]","|-heal|p2a: Gourgeist-Super|158/374 frz|[from] item: Leftovers","|turn|20","|","|move|p1a: Ferrothorn|Iron Head|p2a: Gourgeist-Super","|-damage|p2a: Gourgeist-Super|77/374 frz","|cant|p2a: Gourgeist-Super|frz","|","|-weather|RainDance|[upkeep]","|-heal|p2a: Gourgeist-Super|100/374 frz|[from] item: Leftovers","|turn|21","|","|move|p1a: Ferrothorn|Iron Head|p2a: Gourgeist-Super","|-damage|p2a: Gourgeist-Super|19/374 frz","|cant|p2a: Gourgeist-Super|frz","|","|-weather|none","|-heal|p2a: Gourgeist-Super|42/374 frz|[from] item: Leftovers","|turn|22","|","|move|p1a: Ferrothorn|Iron Head|p2a: Gourgeist-Super","|-damage|p2a: Gourgeist-Super|0 fnt","|faint|p2a: Gourgeist-Super","|","|","|switch|p2a: Cofagrigus|Cofagrigus, F|94/320 brn","|-damage|p2a: Cofagrigus|54/320 brn|[from] Stealth Rock","|turn|23","|","|move|p1a: Ferrothorn|Leech Seed|p2a: Cofagrigus","|-start|p2a: Cofagrigus|move: Leech Seed","|move|p2a: Cofagrigus|Trick Room|p2a: Cofagrigus","|-fieldstart|move: Trick Room|[of] p2a: Cofagrigus","|","|-heal|p2a: Cofagrigus|74/320 brn|[from] item: Leftovers","|-damage|p2a: Cofagrigus|34/320 brn|[from] Leech Seed|[of] p1a: Ferrothorn","|-heal|p1a: Ferrothorn|247/351|[silent]","|-damage|p2a: Cofagrigus|0 fnt|[from] brn","|faint|p2a: Cofagrigus","|","|switch|p2a: Hoopa|Hoopa|364/364","|-damage|p2a: Hoopa|319/364|[from] Stealth Rock","|turn|24","|","|move|p1a: Ferrothorn|Leech Seed|p2a: Hoopa","|-start|p2a: Hoopa|move: Leech Seed","|move|p2a: Hoopa|Focus Blast|p1a: Ferrothorn|[miss]","|-miss|p2a: Hoopa|p1a: Ferrothorn","|","|-damage|p2a: Hoopa|274/364|[from] Leech Seed|[of] p1a: Ferrothorn","|-heal|p1a: Ferrothorn|292/351|[silent]","|turn|25","|","|switch|p1a: Chesnaught|Chesnaught, M|379/379","|-damage|p1a: Chesnaught|316/379|[from] Spikes","|-status|p1a: Chesnaught|tox","|move|p2a: Hoopa|Focus Blast|p1a: Chesnaught","|-immune|p1a: Chesnaught|[msg]|[from] Bulletproof","|","|-heal|p1a: Chesnaught|339/379 tox|[from] item: Leftovers","|-damage|p2a: Hoopa|229/364|[from] Leech Seed|[of] p1a: Chesnaught","|-heal|p1a: Chesnaught|379/379 tox|[silent]","|-damage|p1a: Chesnaught|356/379 tox|[from] psn","|turn|26","|","|move|p2a: Hoopa|Hyperspace Hole|p1a: Chesnaught","|-supereffective|p1a: Chesnaught","|-damage|p1a: Chesnaught|0 fnt","|-damage|p2a: Hoopa|193/364|[from] item: Life Orb","|faint|p1a: Chesnaught","|","|","|switch|p1a: Roserade|Roserade, F|323/323","|-damage|p1a: Roserade|270/323|[from] Spikes","|-sideend|p1: LightOfAKnowing|move: Toxic Spikes|[of] p1a: Roserade","|turn|27","|","|switch|p1a: Ferrothorn|Ferrothorn, F|292/351","|-damage|p1a: Ferrothorn|234/351|[from] Spikes","|move|p2a: Hoopa|Hyperspace Hole|p1a: Ferrothorn","|-resisted|p1a: Ferrothorn","|-damage|p1a: Ferrothorn|134/351","|-damage|p2a: Hoopa|157/364|[from] item: Life Orb","|","|-damage|p2a: Hoopa|112/364|[from] Leech Seed|[of] p1a: Ferrothorn","|-heal|p1a: Ferrothorn|179/351|[silent]","|-fieldend|move: Trick Room","|turn|28","|","|move|p2a: Hoopa|Shadow Ball|p1a: Ferrothorn","|-damage|p1a: Ferrothorn|0 fnt","|-damage|p2a: Hoopa|76/364|[from] item: Life Orb","|faint|p1a: Ferrothorn","|","|","|switch|p1a: Roserade|Roserade, F|270/323","|-damage|p1a: Roserade|217/323|[from] Spikes","|turn|29","|","|move|p1a: Roserade|Giga Drain|p2a: Hoopa","|-damage|p2a: Hoopa|0 fnt","|-heal|p1a: Roserade|255/323|[from] drain|[of] p2a: Hoopa","|faint|p2a: Hoopa","|","|","|switch|p2a: Aegislash|Aegislash, M|323/323","|-damage|p2a: Aegislash|303/323|[from] Stealth Rock","|turn|30","|","|switch|p1a: Ludicolo|Ludicolo, M|66/301 brn","|-damage|p1a: Ludicolo|16/301 brn|[from] Spikes","|move|p2a: Aegislash|Swords Dance|p2a: Aegislash","|-boost|p2a: Aegislash|atk|2","|","|-damage|p1a: Ludicolo|0 fnt|[from] brn","|faint|p1a: Ludicolo","|","|switch|p1a: Rotom-Mow|Rotom-Mow|77/241","|turn|31","|","|move|p1a: Rotom-Mow|Will-O-Wisp|p2a: Aegislash","|-status|p2a: Aegislash|brn","|-enditem|p2a: Aegislash|Lum Berry|[eat]","|-curestatus|p2a: Aegislash|brn","|-formechange|p2a: Aegislash|Aegislash-Blade","|move|p2a: Aegislash|Shadow Claw|p1a: Rotom-Mow","|-damage|p1a: Rotom-Mow|0 fnt","|faint|p1a: Rotom-Mow","|","|","|switch|p1a: Roserade|Roserade, F|255/323","|-damage|p1a: Roserade|202/323|[from] Spikes","|turn|32","|","|move|p1a: Roserade|Sleep Powder|p2a: Aegislash","|-status|p2a: Aegislash|slp","|cant|p2a: Aegislash|slp","|","|turn|33","|","|move|p1a: Roserade|Giga Drain|p2a: Aegislash","|-resisted|p2a: Aegislash","|-damage|p2a: Aegislash|213/323 slp","|-heal|p1a: Roserade|247/323|[from] drain|[of] p2a: Aegislash","|cant|p2a: Aegislash|slp","|","|turn|34","|","|move|p1a: Roserade|Giga Drain|p2a: Aegislash","|-resisted|p2a: Aegislash","|-damage|p2a: Aegislash|126/323 slp","|-heal|p1a: Roserade|291/323|[from] drain|[of] p2a: Aegislash","|-curestatus|p2a: Aegislash|slp","|move|p2a: Aegislash|Shadow Claw|p1a: Roserade","|-damage|p1a: Roserade|0 fnt","|faint|p1a: Roserade","|","|","|switch|p1a: Sceptile|Sceptile, F|281/281","|-damage|p1a: Sceptile|235/281|[from] Spikes","|turn|35","|","|detailschange|p1a: Sceptile|Sceptile-Mega, F","|-mega|p1a: Sceptile|Sceptile|Sceptilite","|move|p1a: Sceptile|Energy Ball|p2a: Aegislash","|-resisted|p2a: Aegislash","|-damage|p2a: Aegislash|0 fnt","|faint|p2a: Aegislash","|","|","|switch|p2a: Jellicent|Jellicent, F|385/404","|-damage|p2a: Jellicent|335/404|[from] Stealth Rock","|turn|36","|","|move|p1a: Sceptile|Energy Ball|p2a: Jellicent","|-supereffective|p2a: Jellicent","|-damage|p2a: Jellicent|3/404","|move|p2a: Jellicent|Recover|p2a: Jellicent","|-heal|p2a: Jellicent|205/404","|","|-heal|p2a: Jellicent|230/404|[from] item: Leftovers","|turn|37","|","|move|p1a: Sceptile|Energy Ball|p2a: Jellicent","|-supereffective|p2a: Jellicent","|-damage|p2a: Jellicent|0 fnt","|faint|p2a: Jellicent","|","|win|LightOfAKnowing"],"p1rating":{"entryid":"6481865","serverid":"eos","formatid":"monotype","userid":"lightofaknowing","username":"Light-Of-A-Knowing","w":109,"l":"143","t":"0","gxe":42.1,"r":"1437.2009489994","rd":"31.686940741979","sigma":"0","rptime":"1438592400","rpr":1439.7188454955,"rprd":31.242667827193,"rpsigma":"0","acre":1131.1508976526,"lacre":1131.1508976526,"oldacre":"1103.9377181276"},"p2rating":{"entryid":"6102252","serverid":"eos","formatid":"monotype","userid":"amateurized","username":"Amateurized","w":"8","l":10,"t":"0","gxe":42.7,"r":"1463.1393272439","rd":"82.252611866501","sigma":"0","rptime":"1438592400","rpr":1443.4161707512,"rprd":80.073035988517,"rpsigma":"0","acre":1107.5627609761,"lacre":1107.5627609761,"oldacre":"1134.7759405011"},"endType":"normal"}