{"seed":[55374,51396,43667,40621],"turns":20,"p1":"Sage.13","p2":"asdfghjklohhnhn","p1team":[{"name":"Ludicolo","species":"Ludicolo","item":"leftovers","ability":"Swift Swim","moves":["teeterdance","scald","icebeam","gigadrain"],"nature":"Modest","evs":{"hp":0,"atk":0,"def":0,"spa":252,"spd":4,"spe":252},"shiny":true,"ivs":{"hp":31,"atk":31,"def":31,"spa":31,"spd":31,"spe":31}},{"name":"Azumarill","species":"Azumarill","item":"sitrusberry","ability":"Huge Power","moves":["aquajet","playrough","bellydrum","knockoff"],"nature":"Adamant","evs":{"hp":252,"atk":252,"def":0,"spa":0,"spd":4,"spe":0},"ivs":{"hp":31,"atk":31,"def":31,"spa":31,"spd":31,"spe":31}},{"name":"Swampert","species":"Swampert","item":"swampertite","ability":"Damp","moves":["superpower","waterfall","earthquake","icepunch"],"nature":"Adamant","evs":{"hp":248,"atk":252,"def":0,"spa":0,"spd":8,"spe":0},"ivs":{"hp":31,"atk":31,"def":31,"spa":31,"spd":31,"spe":31}},{"name":"Milotic","species":"Milotic","item":"leftovers","ability":"Competitive","moves":["scald","icebeam","raindance","toxic"],"nature":"Bold","evs":{"hp":252,"atk":0,"def":252,"spa":4,"spd":0,"spe":0},"shiny":true,"ivs":{"hp":31,"atk":31,"def":31,"spa":31,"spd":31,"spe":31}},{"name":"Politoed","species":"Politoed","item":"widelens","ability":"Drizzle","moves":["icebeam","surf","hypnosis","perishsong"],"nature":"Modest","evs":{"hp":248,"atk":0,"def":0,"spa":252,"spd":8,"spe":0},"shiny":true,"ivs":{"hp":31,"atk":31,"def":31,"spa":31,"spd":31,"spe":31}},{"name":"Floatzel","species":"Floatzel","item":"lifeorb","ability":"Swift Swim","moves":["brickbreak","aquajet","waterfall","icepunch"],"nature":"Adamant","evs":{"hp":0,"atk":252,"def":0,"spa":0,"spd":4,"spe":252},"ivs":{"hp":31,"atk":31,"def":31,"spa":31,"spd":31,"spe":31}}],"p2team":[{"name":"LuClawIo","species":"lucario","item":"razorclaw","ability":"Steadfast","moves":["bulletpunch","drainpunch","extremespeed","swordsdance"],"nature":"Adamant","evs":{"hp":248,"atk":252,"def":0,"spa":0,"spd":8,"spe":0},"shiny":true,"ivs":{"hp":31,"atk":31,"def":31,"spa":31,"spd":31,"spe":31}},{"name":"Medical emergency","species":"medicham","item":"medichamite","ability":"Pure Power","moves":["bulkup","fakeout","drainpunch","bulletpunch"],"nature":"Adamant","evs":{"hp":248,"atk":252,"def":0,"spa":0,"spd":8,"spe":0},"shiny":true,"ivs":{"hp":31,"atk":31,"def":31,"spa":31,"spd":31,"spe":31}},{"name":"The Superhera","species":"heracross","item":"choicescarf","ability":"Moxie","moves":["frustration","megahorn","earthquake","doubleedge"],"nature":"Jolly","evs":{"hp":0,"atk":252,"def":0,"spa":0,"spd":4,"spe":252},"shiny":true,"happiness":0,"ivs":{"hp":31,"atk":31,"def":31,"spa":31,"spd":31,"spe":31}},{"name":"Kill (dem) dow","species":"keldeo","item":"splashplate","ability":"Justified","moves":["scald","secretsword","hydropump","icywind"],"nature":"Timid","evs":{"hp":0,"atk":0,"def":0,"spa":252,"spd":4,"spe":252},"ivs":{"hp":31,"atk":30,"def":30,"spa":31,"spd":30,"spe":31}},{"name":"TerSMACKion","species":"terrakion","item":"choicescarf","ability":"Justified","moves":["closecombat","stoneedge","earthquake","ironhead"],"nature":"Jolly","evs":{"hp":0,"atk":252,"def":0,"spa":0,"spd":4,"spe":252},"shiny":true,"ivs":{"hp":31,"atk":31,"def":31,"spa":31,"spd":31,"spe":31}},{"name":"Emboar","species":"Emboar","item":"lifeorb","ability":"Reckless","moves":["suckerpunch","earthquake","poweruppunch","firepunch"],"nature":"Adamant","evs":{"hp":248,"atk":252,"def":0,"spa":0,"spd":8,"spe":0},"shiny":true,"ivs":{"hp":31,"atk":31,"def":31,"spa":31,"spd":31,"spe":31}}],"log":["|player|p1|Sage.13|154","|player|p2|asdfghjklohhnhn|1","|gametype|singles","|gen|6","|tier|Monotype","|rated","|rule|Baton Pass Clause: Limit one Baton Passer, can't pass Spe and other stats simultaneously","|rule|Swagger Clause: Swagger is banned","|rule|Same Type Clause: Pokémon in a team must share a type","|clearpoke","|poke|p1|Ludicolo, M, shiny","|poke|p1|Azumarill, M","|poke|p1|Swampert, M","|poke|p1|Milotic, F, shiny","|poke|p1|Politoed, M, shiny","|poke|p1|Floatzel, F","|poke|p2|Lucario, M, shiny","|poke|p2|Medicham, M, shiny","|poke|p2|Heracross, F, shiny","|poke|p2|Keldeo","|poke|p2|Terrakion, shiny","|poke|p2|Emboar, M, shiny","|rule|Sleep Clause Mod: Limit one foe put to sleep","|rule|Species Clause: Limit one of each Pokémon","|rule|OHKO Clause: OHKO moves are banned","|rule|Moody Clause: Moody is banned","|rule|Evasion Moves Clause: Evasion moves are banned","|rule|Endless Battle Clause: Forcing endless battles is banned","|rule|HP Percentage Mod: HP is shown in percentages","|teampreview","|","|start","|switch|p1a: Milotic|Milotic, F, shiny|394/394","|switch|p2a: Medical emergency|Medicham, M, shiny|323/323","|turn|1","|","|switch|p1a: Politoed|Politoed, M, shiny|383/383","|-weather|RainDance","|detailschange|p2a: Medical emergency|Medicham-Mega, M, shiny","|-mega|p2a: Medical emergency|Medicham|Medichamite","|move|p2a: Medical emergency|Fake Out|p1a: Politoed","|-damage|p1a: Politoed|267/383","|","|-weather|RainDance|[upkeep]","|turn|2","|","|switch|p1a: Azumarill|Azumarill, M|404/404","|move|p2a: Medical emergency|Bulk Up|p2a: Medical emergency","|-boost|p2a: Medical emergency|atk|1","|-boost|p2a: Medical emergency|def|1","|","|-weather|RainDance|[upkeep]","|turn|3","|","|move|p2a: Medical emergency|Bullet Punch|p1a: Azumarill","|-damage|p1a: Azumarill|253/404","|move|p1a: Azumarill|Play Rough|p2a: Medical emergency","|-supereffective|p2a: Medical emergency","|-damage|p2a: Medical emergency|21/323","|","|-weather|RainDance|[upkeep]","|turn|4","|","|move|p2a: Medical emergency|Bullet Punch|p1a: Azumarill","|-damage|p1a: Azumarill|102/404","|-enditem|p1a: Azumarill|Sitrus Berry|[eat]","|-heal|p1a: Azumarill|203/404|[from] item: Sitrus Berry","|move|p1a: Azumarill|Aqua Jet|p2a: Medical emergency","|-damage|p2a: Medical emergency|0 fnt","|faint|p2a: Medical emergency","|","|-weather|RainDance|[upkeep]","|","|switch|p2a: Kill (dem) dow|Keldeo|323/323","|turn|5","|","|switch|p1a: Milotic|Milotic, F, shiny|394/394","|move|p2a: Kill (dem) dow|Scald|p1a: Milotic","|-crit|p1a: Milotic","|-resisted|p1a: Milotic","|-damage|p1a: Milotic|246/394","|","|-weather|none","|-heal|p1a: Milotic|270/394|[from] item: Leftovers","|turn|6","|","|move|p2a: Kill (dem) dow|Scald|p1a: Milotic","|-resisted|p1a: Milotic","|-damage|p1a: Milotic|195/394","|move|p1a: Milotic|Toxic|p2a: Kill (dem) dow","|-status|p2a: Kill (dem) dow|tox","|","|-heal|p1a: Milotic|219/394|[from] item: Leftovers","|-damage|p2a: Kill (dem) dow|303/323 tox|[from] psn","|turn|7","|","|switch|p1a: Politoed|Politoed, M, shiny|267/383","|-weather|RainDance","|move|p2a: Kill (dem) dow|Icy Wind|p1a: Politoed","|-resisted|p1a: Politoed","|-damage|p1a: Politoed|232/383","|-unboost|p1a: Politoed|spe|1","|","|-weather|RainDance|[upkeep]","|-damage|p2a: Kill (dem) dow|263/323 tox|[from] psn","|turn|8","|","|move|p2a: Kill (dem) dow|Scald|p1a: Politoed","|-resisted|p1a: Politoed","|-damage|p1a: Politoed|111/383","|-status|p1a: Politoed|brn","|move|p1a: Politoed|Perish Song|p1a: Politoed","|-start|p1a: Politoed|perish3|[silent]","|-start|p2a: Kill (dem) dow|perish3|[silent]","|-fieldactivate|move: Perish Song","|","|-start|p2a: Kill (dem) dow|perish3","|-start|p1a: Politoed|perish3","|-weather|RainDance|[upkeep]","|-damage|p2a: Kill (dem) dow|203/323 tox|[from] psn","|-damage|p1a: Politoed|64/383 brn|[from] brn","|turn|9","|","|switch|p1a: Ludicolo|Ludicolo, M, shiny|301/301","|move|p2a: Kill (dem) dow|Scald|p1a: Ludicolo","|-resisted|p1a: Ludicolo","|-damage|p1a: Ludicolo|241/301","|","|-start|p2a: Kill (dem) dow|perish2","|-weather|RainDance|[upkeep]","|-heal|p1a: Ludicolo|259/301|[from] item: Leftovers","|-damage|p2a: Kill (dem) dow|123/323 tox|[from] psn","|turn|10","|","|move|p1a: Ludicolo|Giga Drain|p2a: Kill (dem) dow","|-supereffective|p2a: Kill (dem) dow","|-damage|p2a: Kill (dem) dow|0 fnt","|-heal|p1a: Ludicolo|301/301|[from] drain|[of] p2a: Kill (dem) dow","|faint|p2a: Kill (dem) dow","|","|-weather|RainDance|[upkeep]","|","|switch|p2a: The Superhera|Heracross, F, shiny|301/301","|turn|11","|","|switch|p1a: Azumarill|Azumarill, M|203/404","|move|p2a: The Superhera|Megahorn|p1a: Azumarill","|-resisted|p1a: Azumarill","|-damage|p1a: Azumarill|71/404","|","|-weather|none","|turn|12","|","|move|p1a: Azumarill|Aqua Jet|p2a: The Superhera","|-damage|p2a: The Superhera|193/301","|move|p2a: The Superhera|Megahorn|p1a: Azumarill","|-resisted|p1a: Azumarill","|-damage|p1a: Azumarill|0 fnt","|faint|p1a: Azumarill","|-boost|p2a: The Superhera|atk|1|[from] ability: Moxie","|","|","|switch|p1a: Swampert|Swampert, M|403/403","|turn|13","|","|detailschange|p1a: Swampert|Swampert-Mega, M","|-mega|p1a: Swampert|Swampert|Swampertite","|move|p2a: The Superhera|Megahorn|p1a: Swampert","|-damage|p1a: Swampert|130/403","|move|p1a: Swampert|Waterfall|p2a: The Superhera","|-damage|p2a: The Superhera|0 fnt","|faint|p2a: The Superhera","|","|","|switch|p2a: LuClawIo|Lucario, M, shiny|343/343","|turn|14","|","|switch|p1a: Politoed|Politoed, M, shiny|64/383 brn","|-weather|RainDance","|move|p2a: LuClawIo|Swords Dance|p2a: LuClawIo","|-boost|p2a: LuClawIo|atk|2","|","|-weather|RainDance|[upkeep]","|-damage|p1a: Politoed|17/383 brn|[from] brn","|turn|15","|","|move|p2a: LuClawIo|Swords Dance|p2a: LuClawIo","|-boost|p2a: LuClawIo|atk|2","|move|p1a: Politoed|Surf|p2a: LuClawIo","|-damage|p2a: LuClawIo|73/343","|","|-weather|RainDance|[upkeep]","|-damage|p1a: Politoed|0 fnt|[from] brn","|faint|p1a: Politoed","|","|switch|p1a: Floatzel|Floatzel, F|311/311","|turn|16","|","|move|p2a: LuClawIo|Extreme Speed|p1a: Floatzel","|-damage|p1a: Floatzel|0 fnt","|faint|p1a: Floatzel","|","|-weather|RainDance|[upkeep]","|","|switch|p1a: Ludicolo|Ludicolo, M, shiny|301/301","|turn|17","|","|move|p1a: Ludicolo|Scald|p2a: LuClawIo","|-crit|p2a: LuClawIo","|-damage|p2a: LuClawIo|0 fnt","|faint|p2a: LuClawIo","|","|-weather|RainDance|[upkeep]","|","|switch|p2a: TerSMACKion|Terrakion, shiny|323/323","|turn|18","|","|move|p2a: TerSMACKion|Iron Head|p1a: Ludicolo","|-resisted|p1a: Ludicolo","|-damage|p1a: Ludicolo|235/301","|move|p1a: Ludicolo|Giga Drain|p2a: TerSMACKion","|-crit|p2a: TerSMACKion","|-supereffective|p2a: TerSMACKion","|-damage|p2a: TerSMACKion|0 fnt","|-heal|p1a: Ludicolo|301/301|[from] drain|[of] p2a: TerSMACKion","|faint|p2a: TerSMACKion","|","|-weather|none","|","|switch|p2a: Emboar|Emboar, M, shiny|423/423","|turn|19","|","|move|p1a: Ludicolo|Scald|p2a: Emboar","|-supereffective|p2a: Emboar","|-damage|p2a: Emboar|109/423","|move|p2a: Emboar|Power-Up Punch|p1a: Ludicolo","|-damage|p1a: Ludicolo|161/301","|-boost|p2a: Emboar|atk|1","|-damage|p2a: Emboar|67/423|[from] item: Life Orb","|","|-heal|p1a: Ludicolo|179/301|[from] item: Leftovers","|turn|20","|","|move|p1a: Ludicolo|Scald|p2a: Emboar","|-supereffective|p2a: Emboar","|-damage|p2a: Emboar|0 fnt","|faint|p2a: Emboar","|","|win|Sage.13"],"p1rating":{"entryid":"7365108","serverid":"eos","formatid":"monotype","userid":"sage13","username":"Sage.13","w":4,"l":"3","t":"0","gxe":52,"r":"1500","rd":"130","sigma":"0","rptime":"1438592400","rpr":1515.4130798673,"rprd":94.881172114984,"rpsigma":"0","acre":1108.4681964589,"lacre":1108.4681964589,"oldacre":"1084.9158823132"},"p2rating":{"entryid":"7368901","serverid":"eos","formatid":"monotype","userid":"asdfghjklohhnhn","username":"asdfghjklohhnhn","w":"1","l":2,"t":"0","gxe":47.1,"r":"1500","rd":"130","sigma":"0","rptime":"1438592400","rpr":1477.330018387,"rprd":110.94979233641,"rpsigma":"0","acre":1023.8591264238,"lacre":1023.8591264238,"oldacre":"1037.3364496518"},"endType":"normal"}