{"seed":[58876,14519,32375,64487],"turns":33,"p1":"doomsquach","p2":"Void Wiley","p1team":[{"name":"Bre","species":"breloom","item":"focussash","ability":"Technician","moves":["swordsdance","machpunch","bulletseed","spore"],"nature":"Jolly","evs":{"hp":4,"atk":252,"def":0,"spa":0,"spd":0,"spe":252},"gender":"M","ivs":{"hp":31,"atk":31,"def":31,"spa":31,"spd":31,"spe":31}},{"name":"Conta","species":"serperior","item":"leftovers","ability":"Contrary","moves":["leafstorm","hiddenpowerfire","substitute","dragonpulse"],"nature":"Timid","evs":{"hp":116,"atk":0,"def":0,"spa":140,"spd":0,"spe":252},"gender":"M","ivs":{"hp":31,"atk":30,"def":31,"spa":30,"spd":31,"spe":30}},{"name":"Hammer","species":"abomasnow","item":"abomasite","ability":"Snow Warning","moves":["earthquake","iceshard","seedbomb","swordsdance"],"nature":"Adamant","evs":{"hp":156,"atk":252,"def":56,"spa":0,"spd":44,"spe":0},"gender":"M","ivs":{"hp":31,"atk":31,"def":31,"spa":31,"spd":31,"spe":31}},{"name":"Ferro","species":"ferrothorn","item":"rockyhelmet","ability":"Iron Barbs","moves":["leechseed","protect","stealthrock","spikes"],"nature":"Bold","evs":{"hp":64,"atk":0,"def":192,"spa":0,"spd":252,"spe":0},"gender":"M","ivs":{"hp":31,"atk":31,"def":31,"spa":31,"spd":31,"spe":31}},{"name":"Ludi","species":"ludicolo","item":"lifeorb","ability":"Swift Swim","moves":["raindance","hydropump","gigadrain","icebeam"],"nature":"Modest","evs":{"hp":0,"atk":0,"def":180,"spa":228,"spd":0,"spe":100},"gender":"M","ivs":{"hp":31,"atk":31,"def":31,"spa":31,"spd":31,"spe":31}},{"name":"Venu","species":"venusaur","item":"venusaurite","ability":"Chlorophyll","moves":["gigadrain","hiddenpowerpsychic","sludgebomb","synthesis"],"nature":"Modest","evs":{"hp":252,"atk":0,"def":0,"spa":252,"spd":4,"spe":0},"gender":"M","ivs":{"hp":31,"atk":30,"def":31,"spa":31,"spd":31,"spe":30}}],"p2team":[{"name":"Tuba","species":"slurpuff","item":"sitrusberry","ability":"Unburden","moves":["bellydrum","drainpunch","playrough","aromatherapy"],"nature":"Jolly","evs":{"hp":4,"atk":252,"def":0,"spa":0,"spd":0,"spe":252},"ivs":{"hp":31,"atk":31,"def":31,"spa":31,"spd":31,"spe":31}},{"name":"Clarinet","species":"azumarill","item":"sitrusberry","ability":"Huge Power","moves":["bellydrum","aquajet","brickbreak","playrough"],"nature":"Adamant","evs":{"hp":252,"atk":252,"def":0,"spa":0,"spd":4,"spe":0},"ivs":{"hp":31,"atk":31,"def":31,"spa":31,"spd":31,"spe":31}},{"name":"Flute","species":"gardevoir","item":"gardevoirite","ability":"Synchronize","moves":["psyshock","hypervoice","energyball","focusblast"],"nature":"Modest","evs":{"hp":248,"atk":0,"def":0,"spa":252,"spd":8,"spe":0},"ivs":{"hp":31,"atk":31,"def":31,"spa":31,"spd":31,"spe":31}},{"name":"Alto","species":"togekiss","item":"choicescarf","ability":"Serene Grace","moves":["airslash","flamethrower","aurasphere","dazzlinggleam"],"nature":"Timid","evs":{"hp":0,"atk":0,"def":0,"spa":252,"spd":4,"spe":252},"ivs":{"hp":31,"atk":31,"def":31,"spa":31,"spd":31,"spe":31}},{"name":"Sax","species":"klefki","item":"lightclay","ability":"Prankster","moves":["thunderwave","lightscreen","reflect","foulplay"],"nature":"Bold","evs":{"hp":248,"atk":0,"def":252,"spa":0,"spd":8,"spe":0},"ivs":{"hp":31,"atk":31,"def":31,"spa":31,"spd":31,"spe":31}},{"name":"Trumpet","species":"sylveon","item":"leftovers","ability":"Pixilate","moves":["hypervoice","wish","protect","calmmind"],"nature":"Calm","evs":{"hp":252,"atk":0,"def":0,"spa":4,"spd":252,"spe":0},"ivs":{"hp":31,"atk":31,"def":31,"spa":31,"spd":31,"spe":31}}],"log":["|player|p1|doomsquach|169","|player|p2|Void Wiley|voidwiley.png","|gametype|singles","|gen|6","|tier|Monotype","|rated","|rule|Baton Pass Clause: Limit one Baton Passer, can't pass Spe and other stats simultaneously","|rule|Swagger Clause: Swagger is banned","|rule|Same Type Clause: Pokémon in a team must share a type","|clearpoke","|poke|p1|Breloom, M","|poke|p1|Serperior, M","|poke|p1|Abomasnow, M","|poke|p1|Ferrothorn, M","|poke|p1|Ludicolo, M","|poke|p1|Venusaur, M","|poke|p2|Slurpuff, F","|poke|p2|Azumarill, M","|poke|p2|Gardevoir, M","|poke|p2|Togekiss, F","|poke|p2|Klefki, F","|poke|p2|Sylveon, F","|rule|Sleep Clause Mod: Limit one foe put to sleep","|rule|Species Clause: Limit one of each Pokémon","|rule|OHKO Clause: OHKO moves are banned","|rule|Moody Clause: Moody is banned","|rule|Evasion Moves Clause: Evasion moves are banned","|rule|Endless Battle Clause: Forcing endless battles is banned","|rule|HP Percentage Mod: HP is shown in percentages","|teampreview","|","|start","|switch|p1a: Bre|Breloom, M|262/262","|switch|p2a: Alto|Togekiss, F|311/311","|turn|1","|","|move|p2a: Alto|Air Slash|p1a: Bre","|-supereffective|p1a: Bre","|-enditem|p1a: Bre|Focus Sash","|-damage|p1a: Bre|1/262","|cant|p1a: Bre|flinch","|","|turn|2","|","|move|p1a: Bre|Mach Punch|p2a: Alto","|-resisted|p2a: Alto","|-damage|p2a: Alto|283/311","|move|p2a: Alto|Air Slash|p1a: Bre","|-supereffective|p1a: Bre","|-damage|p1a: Bre|0 fnt","|faint|p1a: Bre","|","|","|switch|p1a: Ferro|Ferrothorn, M|305/305","|turn|3","|","|switch|p2a: Flute|Gardevoir, M|339/339","|move|p1a: Ferro|Stealth Rock|p2a: Flute","|-sidestart|p2: Void Wiley|move: Stealth Rock","|","|turn|4","|","|detailschange|p2a: Flute|Gardevoir-Mega, M","|-mega|p2a: Flute|Gardevoir|Gardevoirite","|move|p2a: Flute|Focus Blast|p1a: Ferro|[miss]","|-miss|p2a: Flute|p1a: Ferro","|move|p1a: Ferro|Spikes|p2a: Flute","|-sidestart|p2: Void Wiley|Spikes","|","|turn|5","|","|move|p2a: Flute|Focus Blast|p1a: Ferro","|-crit|p1a: Ferro","|-supereffective|p1a: Ferro","|-damage|p1a: Ferro|0 fnt","|faint|p1a: Ferro","|","|","|switch|p1a: Hammer|Abomasnow, M|360/360","|-weather|Hail","|turn|6","|","|move|p2a: Flute|Focus Blast|p1a: Hammer","|-supereffective|p1a: Hammer","|-damage|p1a: Hammer|0 fnt","|faint|p1a: Hammer","|","|-weather|Hail|[upkeep]","|-damage|p2a: Flute|318/339|[from] hail","|","|switch|p1a: Conta|Serperior, M|320/320","|turn|7","|","|move|p1a: Conta|Leaf Storm|p2a: Flute","|-damage|p2a: Flute|207/339","|-boost|p1a: Conta|spa|2","|move|p2a: Flute|Hyper Voice|p1a: Conta","|-damage|p1a: Conta|22/320","|","|-weather|Hail|[upkeep]","|-damage|p1a: Conta|2/320|[from] hail","|-damage|p2a: Flute|186/339|[from] hail","|-heal|p1a: Conta|22/320|[from] item: Leftovers","|turn|8","|","|move|p1a: Conta|Leaf Storm|p2a: Flute","|-damage|p2a: Flute|0 fnt","|-boost|p1a: Conta|spa|2","|faint|p2a: Flute","|","|-weather|Hail|[upkeep]","|-damage|p1a: Conta|2/320|[from] hail","|-heal|p1a: Conta|22/320|[from] item: Leftovers","|","|switch|p2a: Alto|Togekiss, F|283/311","|-damage|p2a: Alto|206/311|[from] Stealth Rock","|turn|9","|","|move|p2a: Alto|Air Slash|p1a: Conta","|-supereffective|p1a: Conta","|-damage|p1a: Conta|0 fnt","|faint|p1a: Conta","|","|-weather|Hail|[upkeep]","|-damage|p2a: Alto|187/311|[from] hail","|","|switch|p1a: Ludi|Ludicolo, M|301/301","|turn|10","|","|move|p2a: Alto|Air Slash|p1a: Ludi","|-supereffective|p1a: Ludi","|-damage|p1a: Ludi|61/301","|move|p1a: Ludi|Ice Beam|p2a: Alto","|-supereffective|p2a: Alto","|-damage|p2a: Alto|0 fnt","|-damage|p1a: Ludi|31/301|[from] item: Life Orb","|faint|p2a: Alto","|","|-weather|none","|","|switch|p2a: Clarinet|Azumarill, M|404/404","|-damage|p2a: Clarinet|354/404|[from] Stealth Rock","|-damage|p2a: Clarinet|304/404|[from] Spikes","|turn|11","|","|move|p2a: Clarinet|Aqua Jet|p1a: Ludi","|-resisted|p1a: Ludi","|-damage|p1a: Ludi|9/301","|move|p1a: Ludi|Giga Drain|p2a: Clarinet","|-supereffective|p2a: Clarinet","|-damage|p2a: Clarinet|0 fnt","|-heal|p1a: Ludi|161/301|[from] drain|[of] p2a: Clarinet","|-damage|p1a: Ludi|131/301|[from] item: Life Orb","|faint|p2a: Clarinet","|","|","|switch|p2a: Tuba|Slurpuff, F|306/306","|-damage|p2a: Tuba|268/306|[from] Spikes","|-damage|p2a: Tuba|230/306|[from] Stealth Rock","|turn|12","|","|move|p2a: Tuba|Play Rough|p1a: Ludi","|-damage|p1a: Ludi|7/301","|move|p1a: Ludi|Hydro Pump|p2a: Tuba","|-damage|p2a: Tuba|0 fnt","|-damage|p1a: Ludi|0 fnt|[from] item: Life Orb","|faint|p2a: Tuba","|faint|p1a: Ludi","|","|","|switch|p1a: Venu|Venusaur, M|364/364","|switch|p2a: Trumpet|Sylveon, F|394/394","|-damage|p2a: Trumpet|345/394|[from] Stealth Rock","|-damage|p2a: Trumpet|296/394|[from] Spikes","|turn|13","|","|detailschange|p1a: Venu|Venusaur-Mega, M","|-mega|p1a: Venu|Venusaur|Venusaurite","|move|p1a: Venu|Sludge Bomb|p2a: Trumpet","|-supereffective|p2a: Trumpet","|-damage|p2a: Trumpet|108/394","|move|p2a: Trumpet|Wish|p2a: Trumpet","|","|-heal|p2a: Trumpet|132/394|[from] item: Leftovers","|turn|14","|","|move|p2a: Trumpet|Protect|p2a: Trumpet","|-singleturn|p2a: Trumpet|Protect","|move|p1a: Venu|Sludge Bomb|p2a: Trumpet","|-activate|p2a: Trumpet|Protect","|","|-heal|p2a: Trumpet|329/394|[from] move: Wish|[wisher] Trumpet","|-heal|p2a: Trumpet|353/394|[from] item: Leftovers","|turn|15","|","|move|p1a: Venu|Sludge Bomb|p2a: Trumpet","|-supereffective|p2a: Trumpet","|-damage|p2a: Trumpet|131/394","|move|p2a: Trumpet|Calm Mind|p2a: Trumpet","|-boost|p2a: Trumpet|spa|1","|-boost|p2a: Trumpet|spd|1","|","|-heal|p2a: Trumpet|155/394|[from] item: Leftovers","|turn|16","|","|move|p2a: Trumpet|Protect|p2a: Trumpet","|-singleturn|p2a: Trumpet|Protect","|move|p1a: Venu|Sludge Bomb|p2a: Trumpet","|-activate|p2a: Trumpet|Protect","|","|-heal|p2a: Trumpet|179/394|[from] item: Leftovers","|turn|17","|","|move|p1a: Venu|Sludge Bomb|p2a: Trumpet","|-supereffective|p2a: Trumpet","|-damage|p2a: Trumpet|41/394","|move|p2a: Trumpet|Wish|p2a: Trumpet","|","|-heal|p2a: Trumpet|65/394|[from] item: Leftovers","|turn|18","|","|move|p2a: Trumpet|Protect|p2a: Trumpet","|-singleturn|p2a: Trumpet|Protect","|move|p1a: Venu|Sludge Bomb|p2a: Trumpet","|-activate|p2a: Trumpet|Protect","|","|-heal|p2a: Trumpet|262/394|[from] move: Wish|[wisher] Trumpet","|-heal|p2a: Trumpet|286/394|[from] item: Leftovers","|turn|19","|","|move|p1a: Venu|Sludge Bomb|p2a: Trumpet","|-supereffective|p2a: Trumpet","|-damage|p2a: Trumpet|154/394","|move|p2a: Trumpet|Wish|p2a: Trumpet","|","|-heal|p2a: Trumpet|178/394|[from] item: Leftovers","|turn|20","|","|move|p2a: Trumpet|Protect|p2a: Trumpet","|-singleturn|p2a: Trumpet|Protect","|move|p1a: Venu|Sludge Bomb|p2a: Trumpet","|-activate|p2a: Trumpet|Protect","|","|-heal|p2a: Trumpet|375/394|[from] move: Wish|[wisher] Trumpet","|-heal|p2a: Trumpet|394/394|[from] item: Leftovers","|turn|21","|","|move|p1a: Venu|Sludge Bomb|p2a: Trumpet","|-supereffective|p2a: Trumpet","|-damage|p2a: Trumpet|254/394","|move|p2a: Trumpet|Calm Mind|p2a: Trumpet","|-boost|p2a: Trumpet|spa|1","|-boost|p2a: Trumpet|spd|1","|","|-heal|p2a: Trumpet|278/394|[from] item: Leftovers","|turn|22","|","|move|p1a: Venu|Sludge Bomb|p2a: Trumpet","|-supereffective|p2a: Trumpet","|-damage|p2a: Trumpet|176/394","|move|p2a: Trumpet|Calm Mind|p2a: Trumpet","|-boost|p2a: Trumpet|spa|1","|-boost|p2a: Trumpet|spd|1","|","|-heal|p2a: Trumpet|200/394|[from] item: Leftovers","|turn|23","|","|move|p1a: Venu|Sludge Bomb|p2a: Trumpet","|-supereffective|p2a: Trumpet","|-damage|p2a: Trumpet|126/394","|move|p2a: Trumpet|Wish|p2a: Trumpet","|","|-heal|p2a: Trumpet|150/394|[from] item: Leftovers","|turn|24","|","|move|p2a: Trumpet|Protect|p2a: Trumpet","|-singleturn|p2a: Trumpet|Protect","|move|p1a: Venu|Sludge Bomb|p2a: Trumpet","|-activate|p2a: Trumpet|Protect","|","|-heal|p2a: Trumpet|347/394|[from] move: Wish|[wisher] Trumpet","|-heal|p2a: Trumpet|371/394|[from] item: Leftovers","|turn|25","|","|move|p1a: Venu|Sludge Bomb|p2a: Trumpet","|-supereffective|p2a: Trumpet","|-damage|p2a: Trumpet|291/394","|move|p2a: Trumpet|Calm Mind|p2a: Trumpet","|-boost|p2a: Trumpet|spa|1","|-boost|p2a: Trumpet|spd|1","|","|-heal|p2a: Trumpet|315/394|[from] item: Leftovers","|turn|26","|","|move|p1a: Venu|Sludge Bomb|p2a: Trumpet","|-supereffective|p2a: Trumpet","|-damage|p2a: Trumpet|243/394","|-status|p2a: Trumpet|psn","|move|p2a: Trumpet|Calm Mind|p2a: Trumpet","|-boost|p2a: Trumpet|spa|1","|-boost|p2a: Trumpet|spd|1","|","|-heal|p2a: Trumpet|267/394 psn|[from] item: Leftovers","|-damage|p2a: Trumpet|218/394 psn|[from] psn","|turn|27","|","|move|p1a: Venu|Sludge Bomb|p2a: Trumpet","|-supereffective|p2a: Trumpet","|-damage|p2a: Trumpet|162/394 psn","|move|p2a: Trumpet|Wish|p2a: Trumpet","|","|-heal|p2a: Trumpet|186/394 psn|[from] item: Leftovers","|-damage|p2a: Trumpet|137/394 psn|[from] psn","|turn|28","|","|move|p2a: Trumpet|Protect|p2a: Trumpet","|-singleturn|p2a: Trumpet|Protect","|move|p1a: Venu|Giga Drain|p2a: Trumpet","|-activate|p2a: Trumpet|Protect","|","|-heal|p2a: Trumpet|334/394 psn|[from] move: Wish|[wisher] Trumpet","|-heal|p2a: Trumpet|358/394 psn|[from] item: Leftovers","|-damage|p2a: Trumpet|309/394 psn|[from] psn","|turn|29","|","|move|p1a: Venu|Sludge Bomb|p2a: Trumpet","|-supereffective|p2a: Trumpet","|-damage|p2a: Trumpet|249/394 psn","|move|p2a: Trumpet|Hyper Voice|p1a: Venu","|-resisted|p1a: Venu","|-damage|p1a: Venu|148/364","|","|-heal|p2a: Trumpet|273/394 psn|[from] item: Leftovers","|-damage|p2a: Trumpet|224/394 psn|[from] psn","|turn|30","|","|move|p1a: Venu|Synthesis|p1a: Venu","|-heal|p1a: Venu|330/364","|move|p2a: Trumpet|Hyper Voice|p1a: Venu","|-resisted|p1a: Venu","|-damage|p1a: Venu|105/364","|","|-heal|p2a: Trumpet|248/394 psn|[from] item: Leftovers","|-damage|p2a: Trumpet|199/394 psn|[from] psn","|turn|31","|","|move|p1a: Venu|Synthesis|p1a: Venu","|-heal|p1a: Venu|287/364","|move|p2a: Trumpet|Wish|p2a: Trumpet","|","|-heal|p2a: Trumpet|223/394 psn|[from] item: Leftovers","|-damage|p2a: Trumpet|174/394 psn|[from] psn","|turn|32","|","|move|p1a: Venu|Synthesis|p1a: Venu","|-heal|p1a: Venu|364/364","|move|p2a: Trumpet|Hyper Voice|p1a: Venu","|-crit|p1a: Venu","|-resisted|p1a: Venu","|-damage|p1a: Venu|37/364","|","|-heal|p2a: Trumpet|371/394 psn|[from] move: Wish|[wisher] Trumpet","|-heal|p2a: Trumpet|394/394 psn|[from] item: Leftovers","|-damage|p2a: Trumpet|345/394 psn|[from] psn","|turn|33","|","|move|p1a: Venu|Synthesis|p1a: Venu","|-heal|p1a: Venu|219/364","|move|p2a: Trumpet|Hyper Voice|p1a: Venu","|-resisted|p1a: Venu","|-damage|p1a: Venu|0 fnt","|faint|p1a: Venu","|","|win|Void Wiley"],"p1rating":{"entryid":"6925117","serverid":"eos","formatid":"monotype","userid":"doomsquach","username":"doomsquach","w":"6","l":9,"t":"0","gxe":41,"r":"1490.5131255428","rd":"89.599228566394","sigma":"0","rptime":"1438592400","rpr":1429.9441319345,"rprd":78.784715985369,"rpsigma":"0","acre":1035.1094610832,"lacre":1035.1094610832,"oldacre":"1044.4637807723"},"p2rating":{"entryid":"5697050","serverid":"eos","formatid":"monotype","userid":"voidwiley","username":"Void Wiley","w":157,"l":"136","t":"0","gxe":55.8,"r":"1536.7228521162","rd":"28.343538317993","sigma":"0","rptime":"1438592400","rpr":1543.8228564177,"rprd":27.832298985377,"rpsigma":"0","acre":1222.0624815322,"lacre":1222.0624815322,"oldacre":"1208.0334434292"},"endType":"normal"}