{"seed":[14652,24846,47171,33138],"turns":28,"p1":"MrNyanNyanz","p2":"Knight♕Miku","p1team":[{"name":"Nyxia","species":"liepard","item":"ironball","ability":"Prankster","moves":["thunderwave","taunt","trick","assist"],"nature":"Naive","evs":{"hp":0,"atk":128,"def":0,"spa":128,"spd":0,"spe":252},"ivs":{"hp":31,"atk":31,"def":31,"spa":31,"spd":31,"spe":31}},{"name":"Houndoom","species":"Houndoom","item":"houndoominite","ability":"Flash Fire","moves":["nastyplot","protect","darkpulse","flamethrower"],"nature":"Timid","evs":{"hp":0,"atk":0,"def":0,"spa":252,"spd":4,"spe":252},"ivs":{"hp":31,"atk":31,"def":31,"spa":31,"spd":31,"spe":31}},{"name":"2Sharp","species":"bisharp","item":"choicescarf","ability":"Defiant","moves":["suckerpunch","ironhead","knockoff","stoneedge"],"nature":"Jolly","evs":{"hp":0,"atk":252,"def":0,"spa":0,"spd":4,"spe":252},"shiny":true,"ivs":{"hp":31,"atk":31,"def":31,"spa":31,"spd":31,"spe":31}},{"name":"Stall","species":"sableye","item":"leftovers","ability":"Prankster","moves":["recover","willowisp","toxic","shadowball"],"nature":"Calm","evs":{"hp":252,"atk":0,"def":0,"spa":4,"spd":252,"spe":0},"shiny":true,"ivs":{"hp":31,"atk":31,"def":31,"spa":31,"spd":31,"spe":31}},{"name":"Drago","species":"hydreigon","item":"choicescarf","ability":"Levitate","moves":["earthpower","darkpulse","dracometeor","flashcannon"],"nature":"Timid","evs":{"hp":0,"atk":0,"def":0,"spa":252,"spd":4,"spe":252},"shiny":true,"ivs":{"hp":31,"atk":31,"def":31,"spa":31,"spd":31,"spe":31}},{"name":"Mandibuzz","species":"Mandibuzz","item":"rockyhelmet","ability":"Overcoat","moves":["bravebird","roost","defog","knockoff"],"nature":"Impish","evs":{"hp":248,"atk":8,"def":252,"spa":0,"spd":0,"spe":0},"ivs":{"hp":31,"atk":31,"def":31,"spa":31,"spd":31,"spe":31}}],"p2team":[{"name":"Amphy","species":"ampharos","item":"ampharosite","ability":"Static","moves":["toxic","healbell","powergem","dragonpulse"],"nature":"Calm","evs":{"hp":248,"atk":0,"def":0,"spa":8,"spd":252,"spe":0},"gender":"M","shiny":true,"ivs":{"hp":31,"atk":31,"def":31,"spa":31,"spd":31,"spe":31}},{"name":"Spooky","species":"rotomwash","item":"leftovers","ability":"Levitate","moves":["willowisp","voltswitch","hydropump","painsplit"],"nature":"Bold","evs":{"hp":252,"atk":0,"def":252,"spa":4,"spd":0,"spe":0},"ivs":{"hp":31,"atk":31,"def":31,"spa":31,"spd":31,"spe":31}},{"name":"Palmtop Tiger","species":"raikou","item":"choicespecs","ability":"Pressure","moves":["hiddenpowerice","extrasensory","thunderbolt","shadowball"],"nature":"Timid","evs":{"hp":0,"atk":0,"def":0,"spa":252,"spd":4,"spe":252},"ivs":{"hp":31,"atk":30,"def":30,"spa":31,"spd":31,"spe":31},"shiny":true},{"name":"Kami-sama","species":"thundurus","item":"lifeorb","ability":"Prankster","moves":["thunderwave","uturn","grassknot","taunt"],"nature":"Hasty","evs":{"hp":0,"atk":20,"def":0,"spa":252,"spd":0,"spe":23},"ivs":{"hp":31,"atk":31,"def":31,"spa":31,"spd":31,"spe":31}},{"name":"Fluffy","species":"electivire","item":"choicescarf","ability":"Vital Spirit","moves":["voltswitch","earthquake","icepunch","rockslide"],"nature":"Naive","evs":{"hp":0,"atk":252,"def":0,"spa":4,"spd":0,"spe":252},"ivs":{"hp":31,"atk":31,"def":31,"spa":31,"spd":31,"spe":31}},{"name":"Zappy","species":"zapdos","item":"leftovers","ability":"Pressure","moves":["heatwave","roost","defog","discharge"],"nature":"Calm","evs":{"hp":252,"atk":0,"def":0,"spa":4,"spd":252,"spe":0},"ivs":{"hp":31,"atk":31,"def":31,"spa":31,"spd":31,"spe":31}}],"log":["|player|p1|MrNyanNyanz|mrnyannyanz.png","|player|p2|Knight♕Miku|4","|gametype|singles","|gen|6","|tier|Monotype","|rated","|rule|Baton Pass Clause: Limit one Baton Passer, can't pass Spe and other stats simultaneously","|rule|Swagger Clause: Swagger is banned","|rule|Same Type Clause: Pokémon in a team must share a type","|clearpoke","|poke|p1|Liepard, F","|poke|p1|Houndoom, F","|poke|p1|Bisharp, M, shiny","|poke|p1|Sableye, M, shiny","|poke|p1|Hydreigon, F, shiny","|poke|p1|Mandibuzz, F","|poke|p2|Ampharos, M, shiny","|poke|p2|Rotom-Wash","|poke|p2|Raikou, shiny","|poke|p2|Thundurus, M","|poke|p2|Electivire, F","|poke|p2|Zapdos","|rule|Sleep Clause Mod: Limit one foe put to sleep","|rule|Species Clause: Limit one of each Pokémon","|rule|OHKO Clause: OHKO moves are banned","|rule|Moody Clause: Moody is banned","|rule|Evasion Moves Clause: Evasion moves are banned","|rule|Endless Battle Clause: Forcing endless battles is banned","|rule|HP Percentage Mod: HP is shown in percentages","|teampreview","|","|start","|switch|p1a: Nyxia|Liepard, F|269/269","|switch|p2a: Kami-sama|Thundurus, M|299/299","|turn|1","|","|move|p1a: Nyxia|Trick|p2a: Kami-sama","|-activate|p1a: Nyxia|move: Trick|[of] p2a: Kami-sama","|-item|p2a: Kami-sama|Iron Ball|[from] move: Trick","|-item|p1a: Nyxia|Life Orb|[from] move: Trick","|move|p2a: Kami-sama|Grass Knot|p1a: Nyxia","|-damage|p1a: Nyxia|132/269","|","|turn|2","|","|move|p1a: Nyxia|Assist|p1a: Nyxia","|move|p1a: Nyxia|Flash Cannon|p2a: Kami-sama|[from]Assist","|-resisted|p2a: Kami-sama","|-damage|p2a: Kami-sama|247/299","|-damage|p1a: Nyxia|106/269|[from] item: Life Orb","|move|p2a: Kami-sama|U-turn|p1a: Nyxia","|-crit|p1a: Nyxia","|-supereffective|p1a: Nyxia","|-damage|p1a: Nyxia|0 fnt","|faint|p1a: Nyxia","|","|switch|p2a: Amphy|Ampharos, M, shiny|383/383","|","|","|switch|p1a: 2Sharp|Bisharp, M, shiny|271/271","|turn|3","|","|switch|p2a: Zappy|Zapdos|384/384","|-ability|p2a: Zappy|Pressure","|move|p1a: 2Sharp|Knock Off|p2a: Zappy","|-damage|p2a: Zappy|179/384","|-enditem|p2a: Zappy|Leftovers|[from] move: Knock Off|[of] p1a: 2Sharp","|","|turn|4","|","|switch|p1a: Houndoom|Houndoom, F|291/291","|move|p2a: Zappy|Roost|p2a: Zappy","|-heal|p2a: Zappy|371/384","|","|turn|5","|","|detailschange|p1a: Houndoom|Houndoom-Mega, F","|-mega|p1a: Houndoom|Houndoom|Houndoominite","|move|p1a: Houndoom|Protect|p1a: Houndoom","|-singleturn|p1a: Houndoom|Protect","|move|p2a: Zappy|Discharge|p1a: Houndoom","|-activate|p1a: Houndoom|Protect","|","|turn|6","|","|move|p1a: Houndoom|Nasty Plot|p1a: Houndoom","|-boost|p1a: Houndoom|spa|2","|move|p2a: Zappy|Discharge|p1a: Houndoom","|-damage|p1a: Houndoom|170/291","|","|turn|7","|","|move|p1a: Houndoom|Flamethrower|p2a: Zappy","|-damage|p2a: Zappy|109/384","|move|p2a: Zappy|Discharge|p1a: Houndoom","|-damage|p1a: Houndoom|37/291","|","|turn|8","|","|switch|p2a: Spooky|Rotom-Wash|304/304","|move|p1a: Houndoom|Dark Pulse|p2a: Spooky","|-damage|p2a: Spooky|34/304","|","|-heal|p2a: Spooky|53/304|[from] item: Leftovers","|turn|9","|","|move|p1a: Houndoom|Dark Pulse|p2a: Spooky","|-damage|p2a: Spooky|0 fnt","|faint|p2a: Spooky","|","|","|switch|p2a: Fluffy|Electivire, F|291/291","|turn|10","|","|move|p1a: Houndoom|Protect|p1a: Houndoom","|-singleturn|p1a: Houndoom|Protect","|move|p2a: Fluffy|Volt Switch|p1a: Houndoom","|-activate|p1a: Houndoom|Protect","|","|turn|11","|","|switch|p1a: Drago|Hydreigon, F, shiny|325/325","|move|p2a: Fluffy|Volt Switch|p1a: Drago","|-resisted|p1a: Drago","|-damage|p1a: Drago|285/325","|","|switch|p2a: Kami-sama|Thundurus, M|247/299","|","|turn|12","|","|move|p2a: Kami-sama|Thunder Wave|p1a: Drago","|-status|p1a: Drago|par","|move|p1a: Drago|Earth Power|p2a: Kami-sama","|-damage|p2a: Kami-sama|116/299","|","|turn|13","|","|switch|p1a: 2Sharp|Bisharp, M, shiny|271/271","|move|p2a: Kami-sama|U-turn|p1a: 2Sharp","|-damage|p1a: 2Sharp|207/271","|","|switch|p2a: Zappy|Zapdos|109/384","|-ability|p2a: Zappy|Pressure","|","|turn|14","|","|move|p1a: 2Sharp|Knock Off|p2a: Zappy","|-damage|p2a: Zappy|0 fnt","|faint|p2a: Zappy","|","|","|switch|p2a: Fluffy|Electivire, F|291/291","|turn|15","|","|move|p2a: Fluffy|Earthquake|p1a: 2Sharp","|-supereffective|p1a: 2Sharp","|-damage|p1a: 2Sharp|0 fnt","|faint|p1a: 2Sharp","|","|","|switch|p1a: Drago|Hydreigon, F, shiny|285/325 par","|turn|16","|","|switch|p2a: Kami-sama|Thundurus, M|116/299","|move|p1a: Drago|Draco Meteor|p2a: Kami-sama","|-damage|p2a: Kami-sama|0 fnt","|-unboost|p1a: Drago|spa|2","|faint|p2a: Kami-sama","|","|","|switch|p2a: Palmtop Tiger|Raikou, shiny|321/321","|-ability|p2a: Palmtop Tiger|Pressure","|turn|17","|","|switch|p1a: Stall|Sableye, M, shiny|304/304","|move|p2a: Palmtop Tiger|Hidden Power|p1a: Stall","|-damage|p1a: Stall|217/304","|","|-heal|p1a: Stall|236/304|[from] item: Leftovers","|turn|18","|","|switch|p2a: Amphy|Ampharos, M, shiny|383/383","|move|p1a: Stall|Toxic|p2a: Amphy","|-status|p2a: Amphy|tox","|","|-heal|p1a: Stall|255/304|[from] item: Leftovers","|-damage|p2a: Amphy|360/383 tox|[from] psn","|turn|19","|","|detailschange|p2a: Amphy|Ampharos-Mega, M, shiny","|-mega|p2a: Amphy|Ampharos|Ampharosite","|-ability|p2a: Amphy|Mold Breaker","|move|p1a: Stall|Recover|p1a: Stall","|-heal|p1a: Stall|304/304","|move|p2a: Amphy|Heal Bell|p2a: Amphy","|-cureteam|p2a: Amphy|[from] move: HealBell","|","|turn|20","|","|move|p1a: Stall|Toxic|p2a: Amphy","|-status|p2a: Amphy|tox","|move|p2a: Amphy|Toxic|p1a: Stall","|-status|p1a: Stall|tox","|","|-damage|p1a: Stall|285/304 tox|[from] psn","|-damage|p2a: Amphy|337/383 tox|[from] psn","|turn|21","|","|switch|p1a: Drago|Hydreigon, F, shiny|285/325 par","|move|p2a: Amphy|Heal Bell|p2a: Amphy","|-cureteam|p2a: Amphy|[from] move: HealBell","|","|turn|22","|","|move|p2a: Amphy|Dragon Pulse|p1a: Drago","|-supereffective|p1a: Drago","|-damage|p1a: Drago|0 fnt","|faint|p1a: Drago","|","|","|switch|p1a: Houndoom|Houndoom-Mega, F|37/291","|turn|23","|","|move|p1a: Houndoom|Dark Pulse|p2a: Amphy","|-damage|p2a: Amphy|235/383","|move|p2a: Amphy|Power Gem|p1a: Houndoom","|-supereffective|p1a: Houndoom","|-damage|p1a: Houndoom|0 fnt","|faint|p1a: Houndoom","|","|","|switch|p1a: Stall|Sableye, M, shiny|285/304 tox","|turn|24","|","|switch|p2a: Fluffy|Electivire, F|291/291","|move|p1a: Stall|Shadow Ball|p2a: Fluffy","|-damage|p2a: Fluffy|198/291","|","|-heal|p1a: Stall|304/304 tox|[from] item: Leftovers","|-damage|p1a: Stall|285/304 tox|[from] psn","|turn|25","|","|move|p1a: Stall|Will-O-Wisp|p2a: Fluffy","|-status|p2a: Fluffy|brn","|move|p2a: Fluffy|Rock Slide|p1a: Stall","|-damage|p1a: Stall|228/304 tox","|","|-heal|p1a: Stall|247/304 tox|[from] item: Leftovers","|-damage|p2a: Fluffy|162/291 brn|[from] brn","|-damage|p1a: Stall|209/304 tox|[from] psn","|turn|26","|","|switch|p2a: Palmtop Tiger|Raikou, shiny|321/321","|-ability|p2a: Palmtop Tiger|Pressure","|move|p1a: Stall|Recover|p1a: Stall","|-heal|p1a: Stall|304/304 tox","|","|-damage|p1a: Stall|247/304 tox|[from] psn","|turn|27","|","|move|p1a: Stall|Toxic|p2a: Palmtop Tiger|[miss]","|-miss|p1a: Stall|p2a: Palmtop Tiger","|move|p2a: Palmtop Tiger|Thunderbolt|p1a: Stall","|-damage|p1a: Stall|57/304 tox","|","|-heal|p1a: Stall|76/304 tox|[from] item: Leftovers","|-damage|p1a: Stall|0 fnt|[from] psn","|faint|p1a: Stall","|","|switch|p1a: Mandibuzz|Mandibuzz, F|423/423","|turn|28","|","|move|p2a: Palmtop Tiger|Thunderbolt|p1a: Mandibuzz","|-supereffective|p1a: Mandibuzz","|-damage|p1a: Mandibuzz|0 fnt","|faint|p1a: Mandibuzz","|","|win|Knight♕Miku"],"p1rating":{"entryid":"6703862","serverid":"eos","formatid":"monotype","userid":"mrnyannyanz","username":"MrNyanNyanz","w":"38","l":33,"t":"0","gxe":52.2,"r":"1538.8037937295","rd":"47.610146032348","sigma":"0","rptime":"1438592400","rpr":1517.0532788681,"rprd":42.70257172505,"rpsigma":"0","acre":1073.7324364853,"lacre":1073.7324364853,"oldacre":"1094.3493987798"},"p2rating":{"entryid":"7210042","serverid":"eos","formatid":"monotype","userid":"knightmiku","username":"Knight♕Miku","w":8,"l":"4","t":"0","gxe":58.1,"r":"1543.822757463","rd":"85.978501639642","sigma":"0","rptime":"1438592400","rpr":1563.3889910141,"rprd":83.515208702007,"rpsigma":"0","acre":1166.91574916,"lacre":1166.91574916,"oldacre":"1145.5752675572"},"endType":"normal"}