{"seed":[33697,43405,32288,55654],"turns":21,"p1":"Recruiter♅Ttar - ⓝ","p2":"Emg kess","p1team":[{"name":"Staraptor","species":"Staraptor","item":"lifeorb","ability":"Reckless","moves":["bravebird","closecombat","return","uturn"],"nature":"Jolly","evs":{"hp":0,"atk":252,"def":0,"spa":0,"spd":4,"spe":252},"ivs":{"hp":31,"atk":31,"def":31,"spa":31,"spd":31,"spe":31}},{"name":"Meloetta","species":"Meloetta","item":"choicescarf","ability":"Serene Grace","moves":["psychic","hypervoice","energyball","dazzlinggleam"],"nature":"Timid","evs":{"hp":40,"atk":0,"def":0,"spa":252,"spd":0,"spe":216},"ivs":{"hp":31,"atk":31,"def":31,"spa":31,"spd":31,"spe":31}},{"name":"Chansey","species":"Chansey","item":"eviolite","ability":"Natural Cure","moves":["protect","toxic","wish","softboiled"],"nature":"Bold","evs":{"hp":4,"atk":0,"def":252,"spa":0,"spd":252,"spe":0},"ivs":{"hp":31,"atk":31,"def":31,"spa":31,"spd":31,"spe":31}},{"name":"Diggersby","species":"Diggersby","item":"lifeorb","ability":"Huge Power","moves":["firepunch","quickattack","earthquake","return"],"nature":"Jolly","evs":{"hp":0,"atk":252,"def":0,"spa":0,"spd":4,"spe":252},"ivs":{"hp":31,"atk":31,"def":31,"spa":31,"spd":31,"spe":31}},{"name":"Lopunny","species":"Lopunny","item":"lopunnite","ability":"Limber","moves":["fakeout","highjumpkick","return","thunderpunch"],"nature":"Jolly","evs":{"hp":0,"atk":252,"def":0,"spa":0,"spd":4,"spe":252},"ivs":{"hp":31,"atk":31,"def":31,"spa":31,"spd":31,"spe":31}},{"name":"Exploud","species":"Exploud","item":"chopleberry","ability":"Scrappy","moves":["surf","boomburst","fireblast"],"nature":"Modest","evs":{"hp":216,"atk":0,"def":0,"spa":252,"spd":0,"spe":40},"ivs":{"hp":31,"atk":31,"def":31,"spa":31,"spd":31,"spe":31}}],"p2team":[{"name":"Gengar","species":"Gengar","item":"choicespecs","ability":"Levitate","moves":["shadowball","focusblast","sludgewave","trick"],"nature":"Timid","evs":{"hp":0,"atk":0,"def":0,"spa":252,"spd":4,"spe":252},"shiny":true,"ivs":{"hp":31,"atk":31,"def":31,"spa":31,"spd":31,"spe":31}},{"name":"Drifblim","species":"Drifblim","item":"chestoberry","ability":"Unburden","moves":["calmmind","rest","shadowball","thunderbolt"],"nature":"Modest","evs":{"hp":8,"atk":0,"def":32,"spa":252,"spd":40,"spe":1},"ivs":{"hp":31,"atk":31,"def":31,"spa":31,"spd":31,"spe":31}},{"name":"Chandelure","species":"Chandelure","item":"choicescarf","ability":"Infiltrator","moves":["fireblast","shadowball","energyball","trick"],"nature":"Timid","evs":{"hp":0,"atk":0,"def":0,"spa":252,"spd":4,"spe":252},"ivs":{"hp":31,"atk":31,"def":31,"spa":31,"spd":31,"spe":31}},{"name":"Banette","species":"Banette","item":"banettite","ability":"Insomnia","moves":["destinybond","shadowsneak","knockoff","taunt"],"nature":"Adamant","evs":{"hp":248,"atk":252,"def":0,"spa":0,"spd":8,"spe":0},"ivs":{"hp":31,"atk":31,"def":31,"spa":31,"spd":31,"spe":31}},{"name":"Aegislash","species":"Aegislash","item":"leftovers","ability":"Stance Change","moves":["kingsshield","gyroball","toxic","shadowsneak"],"nature":"Sassy","evs":{"hp":252,"atk":0,"def":4,"spa":0,"spd":252,"spe":0},"ivs":{"hp":31,"atk":31,"def":31,"spa":31,"spd":31,"spe":0}},{"name":"Gourgeist-Super","species":"Gourgeist-Super","item":"leftovers","ability":"Frisk","moves":["willowisp","leechseed","synthesis","foulplay"],"nature":"Bold","evs":{"hp":248,"atk":0,"def":200,"spa":0,"spd":60,"spe":0},"ivs":{"hp":31,"atk":31,"def":31,"spa":31,"spd":31,"spe":31}}],"log":["|player|p1|Recruiter♅Ttar - ⓝ|recruiterttar.png","|player|p2|Emg kess|94","|gametype|singles","|gen|6","|tier|Monotype","|rated","|rule|Baton Pass Clause: Limit one Baton Passer, can't pass Spe and other stats simultaneously","|rule|Swagger Clause: Swagger is banned","|rule|Same Type Clause: Pokémon in a team must share a type","|clearpoke","|poke|p1|Staraptor, F","|poke|p1|Meloetta","|poke|p1|Chansey, F","|poke|p1|Diggersby, F","|poke|p1|Lopunny, F","|poke|p1|Exploud, M","|poke|p2|Gengar, F, shiny","|poke|p2|Drifblim, F","|poke|p2|Chandelure, F","|poke|p2|Banette, F","|poke|p2|Aegislash, M","|poke|p2|Gourgeist-*, F","|rule|Sleep Clause Mod: Limit one foe put to sleep","|rule|Species Clause: Limit one of each Pokémon","|rule|OHKO Clause: OHKO moves are banned","|rule|Moody Clause: Moody is banned","|rule|Evasion Moves Clause: Evasion moves are banned","|rule|Endless Battle Clause: Forcing endless battles is banned","|rule|HP Percentage Mod: HP is shown in percentages","|teampreview","|","|start","|switch|p1a: Staraptor|Staraptor, F|311/311","|switch|p2a: Gourgeist-Super|Gourgeist-Super, F|373/373","|-item|p1a: Staraptor|Life Orb|[from] ability: Frisk|[of] p2a: Gourgeist-Super|[identify]","|turn|1","|","|switch|p2a: Aegislash|Aegislash, M|324/324","|move|p1a: Staraptor|Brave Bird|p2a: Aegislash","|-resisted|p2a: Aegislash","|-damage|p2a: Aegislash|215/324","|-damage|p1a: Staraptor|275/311|[from] recoil|[of] p2a: Aegislash","|-damage|p1a: Staraptor|244/311|[from] item: Life Orb","|","|-heal|p2a: Aegislash|235/324|[from] item: Leftovers","|turn|2","|","|move|p2a: Aegislash|King's Shield|p2a: Aegislash","|-singleturn|p2a: Aegislash|Protect","|move|p1a: Staraptor|U-turn|p2a: Aegislash","|-activate|p2a: Aegislash|Protect","|-unboost|p1a: Staraptor|atk|2","|","|-heal|p2a: Aegislash|255/324|[from] item: Leftovers","|turn|3","|","|switch|p1a: Diggersby|Diggersby, F|311/311","|move|p2a: Aegislash|Toxic|p1a: Diggersby","|-status|p1a: Diggersby|tox","|","|-heal|p2a: Aegislash|275/324|[from] item: Leftovers","|-damage|p1a: Diggersby|292/311 tox|[from] psn","|turn|4","|","|switch|p2a: Gourgeist-Super|Gourgeist-Super, F|373/373","|-item|p1a: Diggersby|Life Orb|[from] ability: Frisk|[of] p2a: Gourgeist-Super|[identify]","|move|p1a: Diggersby|Earthquake|p2a: Gourgeist-Super","|-resisted|p2a: Gourgeist-Super","|-damage|p2a: Gourgeist-Super|289/373","|-damage|p1a: Diggersby|261/311 tox|[from] item: Life Orb","|","|-heal|p2a: Gourgeist-Super|312/373|[from] item: Leftovers","|-damage|p1a: Diggersby|223/311 tox|[from] psn","|turn|5","|","|switch|p1a: Exploud|Exploud, M|403/403","|move|p2a: Gourgeist-Super|Will-O-Wisp|p1a: Exploud","|-status|p1a: Exploud|brn","|","|-heal|p2a: Gourgeist-Super|335/373|[from] item: Leftovers","|-damage|p1a: Exploud|353/403 brn|[from] brn","|turn|6","|","|switch|p2a: Aegislash|Aegislash, M|275/324","|move|p1a: Exploud|Fire Blast|p2a: Aegislash","|-supereffective|p2a: Aegislash","|-damage|p2a: Aegislash|151/324","|","|-heal|p2a: Aegislash|171/324|[from] item: Leftovers","|-damage|p1a: Exploud|303/403 brn|[from] brn","|turn|7","|","|move|p2a: Aegislash|King's Shield|p2a: Aegislash","|-singleturn|p2a: Aegislash|Protect","|move|p1a: Exploud|Fire Blast|p2a: Aegislash","|-activate|p2a: Aegislash|Protect","|","|-heal|p2a: Aegislash|191/324|[from] item: Leftovers","|-damage|p1a: Exploud|253/403 brn|[from] brn","|turn|8","|","|switch|p2a: Chandelure|Chandelure, F|261/261","|move|p1a: Exploud|Fire Blast|p2a: Chandelure","|-resisted|p2a: Chandelure","|-damage|p2a: Chandelure|205/261","|","|-damage|p1a: Exploud|203/403 brn|[from] brn","|turn|9","|","|move|p2a: Chandelure|Fire Blast|p1a: Exploud","|-damage|p1a: Exploud|0 fnt","|faint|p1a: Exploud","|","|","|switch|p1a: Meloetta|Meloetta|351/351","|turn|10","|","|move|p1a: Meloetta|Psychic|p2a: Chandelure","|-damage|p2a: Chandelure|37/261","|move|p2a: Chandelure|Fire Blast|p1a: Meloetta","|-damage|p1a: Meloetta|174/351","|-status|p1a: Meloetta|brn","|","|-damage|p1a: Meloetta|131/351 brn|[from] brn","|turn|11","|","|switch|p2a: Aegislash|Aegislash, M|191/324","|move|p1a: Meloetta|Psychic|p2a: Aegislash","|-resisted|p2a: Aegislash","|-damage|p2a: Aegislash|151/324","|","|-heal|p2a: Aegislash|171/324|[from] item: Leftovers","|-damage|p1a: Meloetta|88/351 brn|[from] brn","|turn|12","|","|switch|p1a: Diggersby|Diggersby, F|223/311 tox","|move|p2a: Aegislash|King's Shield|p2a: Aegislash","|-fail|p2a: Aegislash","|","|-heal|p2a: Aegislash|191/324|[from] item: Leftovers","|-damage|p1a: Diggersby|204/311 tox|[from] psn","|turn|13","|","|switch|p2a: Gengar|Gengar, F, shiny|261/261","|move|p1a: Diggersby|Earthquake|p2a: Gengar","|-immune|p2a: Gengar|[msg]","|","|-damage|p1a: Diggersby|166/311 tox|[from] psn","|turn|14","|","|switch|p1a: Meloetta|Meloetta|88/351 brn","|move|p2a: Gengar|Focus Blast|p1a: Meloetta","|-damage|p1a: Meloetta|0 fnt","|faint|p1a: Meloetta","|","|","|switch|p1a: Lopunny|Lopunny, F|271/271","|turn|15","|","|detailschange|p1a: Lopunny|Lopunny-Mega, F","|-mega|p1a: Lopunny|Lopunny|Lopunnite","|move|p1a: Lopunny|Fake Out|p2a: Gengar","|-damage|p2a: Gengar|158/261","|cant|p2a: Gengar|flinch","|","|turn|16","|","|move|p1a: Lopunny|Return|p2a: Gengar","|-damage|p2a: Gengar|0 fnt","|faint|p2a: Gengar","|","|","|switch|p2a: Aegislash|Aegislash, M|191/324","|turn|17","|","|switch|p1a: Diggersby|Diggersby, F|166/311 tox","|move|p2a: Aegislash|King's Shield|p2a: Aegislash","|-fail|p2a: Aegislash","|","|-heal|p2a: Aegislash|211/324|[from] item: Leftovers","|-damage|p1a: Diggersby|147/311 tox|[from] psn","|turn|18","|","|switch|p2a: Gourgeist-Super|Gourgeist-Super, F|335/373","|-item|p1a: Diggersby|Life Orb|[from] ability: Frisk|[of] p2a: Gourgeist-Super|[identify]","|move|p1a: Diggersby|Earthquake|p2a: Gourgeist-Super","|-resisted|p2a: Gourgeist-Super","|-damage|p2a: Gourgeist-Super|253/373","|-damage|p1a: Diggersby|116/311 tox|[from] item: Life Orb","|","|-heal|p2a: Gourgeist-Super|276/373|[from] item: Leftovers","|-damage|p1a: Diggersby|78/311 tox|[from] psn","|turn|19","|","|switch|p1a: Staraptor|Staraptor, F|244/311","|move|p2a: Gourgeist-Super|Will-O-Wisp|p1a: Staraptor","|-status|p1a: Staraptor|brn","|","|-heal|p2a: Gourgeist-Super|299/373|[from] item: Leftovers","|-damage|p1a: Staraptor|206/311 brn|[from] brn","|turn|20","|","|move|p1a: Staraptor|Brave Bird|p2a: Gourgeist-Super","|-supereffective|p2a: Gourgeist-Super","|-damage|p2a: Gourgeist-Super|87/373","|-damage|p1a: Staraptor|136/311 brn|[from] recoil|[of] p2a: Gourgeist-Super","|-damage|p1a: Staraptor|105/311 brn|[from] item: Life Orb","|move|p2a: Gourgeist-Super|Synthesis|p2a: Gourgeist-Super","|-heal|p2a: Gourgeist-Super|273/373","|","|-heal|p2a: Gourgeist-Super|296/373|[from] item: Leftovers","|-damage|p1a: Staraptor|67/311 brn|[from] brn","|turn|21","|","|switch|p2a: Aegislash|Aegislash, M|211/324","|move|p1a: Staraptor|Brave Bird|p2a: Aegislash","|-resisted|p2a: Aegislash","|-damage|p2a: Aegislash|159/324","|-damage|p1a: Staraptor|50/311 brn|[from] recoil|[of] p2a: Aegislash","|-damage|p1a: Staraptor|19/311 brn|[from] item: Life Orb","|","|-heal|p2a: Aegislash|179/324|[from] item: Leftovers","|-damage|p1a: Staraptor|0 fnt|[from] brn","|faint|p1a: Staraptor","|","|win|Emg kess"],"p1rating":{"entryid":"7315512","serverid":"eos","formatid":"monotype","userid":"recruiterttar","username":"Recruiter♅Ttar","w":"4","l":9,"t":"0","gxe":35.9,"r":1398.8109837258,"rd":82.746330366309,"sigma":"0","rptime":1438592400,"rpr":1388.0518668449,"rprd":81.031164226787,"rpsigma":"0","acre":1005.2940557852,"lacre":1005.2940557852,"oldacre":"1016.7746762386"},"p2rating":{"entryid":"7322121","serverid":"eos","formatid":"monotype","userid":"emgkess","username":"Emg kess","w":5,"l":"4","t":"0","gxe":51.3,"r":"1553.7368461771","rd":"106.80611136242","sigma":"0","rptime":"1438592400","rpr":1510.2084094995,"rprd":89.968123573842,"rpsigma":"0","acre":1076.005242173,"lacre":1076.005242173,"oldacre":"1045.5871005098"},"endType":"forfeit"}