{"seed":[59240,40579,42280,55386],"turns":21,"p1":"Alliance - Glacia","p2":"V Monocle","p1team":[{"name":"Ninetales","species":"Ninetales","item":"heatrock","ability":"Drought","moves":["solarbeam","flamethrower","hypnosis","willowisp"],"nature":"Calm","evs":{"hp":252,"atk":0,"def":0,"spa":52,"spd":204,"spe":0},"ivs":{"hp":31,"atk":31,"def":31,"spa":31,"spd":31,"spe":31}},{"name":"Entei","species":"Entei","item":"choicescarf","ability":"Pressure","moves":["sacredfire","ironhead","stoneedge","bulldoze"],"nature":"Jolly","evs":{"hp":0,"atk":252,"def":0,"spa":0,"spd":4,"spe":252},"ivs":{"hp":31,"atk":31,"def":31,"spa":31,"spd":31,"spe":31}},{"name":"Victini","species":"Victini","item":"focussash","ability":"Victory Star","moves":["trickroom","vcreate","boltstrike","brickbreak"],"nature":"Brave","evs":{"hp":252,"atk":252,"def":0,"spa":0,"spd":4,"spe":0},"ivs":{"hp":31,"atk":31,"def":31,"spa":31,"spd":31,"spe":0}},{"name":"Torkoal","species":"Torkoal","item":"heatrock","ability":"White Smoke","moves":["rapidspin","sunnyday","willowisp","gyroball"],"nature":"Sassy","evs":{"hp":248,"atk":8,"def":100,"spa":0,"spd":152,"spe":0},"ivs":{"hp":31,"atk":31,"def":31,"spa":31,"spd":31,"spe":0}},{"name":"Heatran","species":"Heatran","item":"airballoon","ability":"Flash Fire","moves":["lavaplume","stealthrock","flashcannon","earthpower"],"nature":"Quiet","evs":{"hp":248,"atk":0,"def":0,"spa":0,"spd":220,"spe":40},"ivs":{"hp":31,"atk":31,"def":31,"spa":31,"spd":31,"spe":31}},{"name":"Charizard","species":"Charizard","item":"charizarditex","ability":"Blaze","moves":["dragondance","dragonclaw","firepunch","thunderpunch"],"nature":"Jolly","evs":{"hp":128,"atk":124,"def":0,"spa":0,"spd":4,"spe":252},"ivs":{"hp":31,"atk":31,"def":31,"spa":31,"spd":31,"spe":31}}],"p2team":[{"name":"Terrakion","species":"Terrakion","item":"choicescarf","ability":"Justified","moves":["earthquake","closecombat","stoneedge","poisonjab"],"nature":"Jolly","evs":{"hp":0,"atk":252,"def":0,"spa":0,"spd":4,"spe":252},"ivs":{"hp":31,"atk":31,"def":31,"spa":31,"spd":31,"spe":31}},{"name":"Archeops","species":"Archeops","item":"choicespecs","ability":"Defeatist","moves":["ancientpower","earthpower","dragonpulse","heatwave"],"nature":"Hasty","evs":{"hp":4,"atk":0,"def":0,"spa":252,"spd":0,"spe":252},"ivs":{"hp":31,"atk":31,"def":31,"spa":31,"spd":31,"spe":31}},{"name":"Carracosta","species":"Carracosta","item":"whiteherb","ability":"Sturdy","moves":["aquajet","shellsmash","knockoff","earthquake"],"nature":"Adamant","evs":{"hp":0,"atk":252,"def":0,"spa":0,"spd":4,"spe":252},"ivs":{"hp":31,"atk":31,"def":31,"spa":31,"spd":31,"spe":31}},{"name":"Cradily","species":"Cradily","item":"leftovers","ability":"Storm Drain","moves":["ancientpower","gigadrain","recover","toxic"],"nature":"Calm","evs":{"hp":252,"atk":0,"def":0,"spa":4,"spd":252,"spe":0},"ivs":{"hp":31,"atk":31,"def":31,"spa":31,"spd":31,"spe":31}},{"name":"Aggron","species":"Aggron","item":"aggronite","ability":"Sturdy","moves":["heavyslam","curse","rest","sleeptalk"],"nature":"Impish","evs":{"hp":248,"atk":8,"def":252,"spa":0,"spd":0,"spe":0},"ivs":{"hp":31,"atk":31,"def":31,"spa":31,"spd":31,"spe":31}},{"name":"Tyranitar","species":"Tyranitar","item":"focussash","ability":"Sand Stream","moves":["crunch","stealthrock","earthquake","superpower"],"nature":"Adamant","evs":{"hp":248,"atk":252,"def":0,"spa":0,"spd":8,"spe":0},"ivs":{"hp":31,"atk":31,"def":31,"spa":31,"spd":31,"spe":31}}],"log":["|player|p1|Alliance - Glacia|79","|player|p2|V Monocle|vmonocle.png","|gametype|singles","|gen|6","|tier|Monotype","|rated","|rule|Baton Pass Clause: Limit one Baton Passer, can't pass Spe and other stats simultaneously","|rule|Swagger Clause: Swagger is banned","|rule|Same Type Clause: Pokémon in a team must share a type","|clearpoke","|poke|p1|Ninetales, M","|poke|p1|Entei","|poke|p1|Victini","|poke|p1|Torkoal, M","|poke|p1|Heatran, F","|poke|p1|Charizard, M","|poke|p2|Terrakion","|poke|p2|Archeops, F","|poke|p2|Carracosta, F","|poke|p2|Cradily, F","|poke|p2|Aggron, M","|poke|p2|Tyranitar, M","|rule|Sleep Clause Mod: Limit one foe put to sleep","|rule|Species Clause: Limit one of each Pokémon","|rule|OHKO Clause: OHKO moves are banned","|rule|Moody Clause: Moody is banned","|rule|Evasion Moves Clause: Evasion moves are banned","|rule|Endless Battle Clause: Forcing endless battles is banned","|rule|HP Percentage Mod: HP is shown in percentages","|teampreview","|","|start","|switch|p1a: Ninetales|Ninetales, M|350/350","|switch|p2a: Tyranitar|Tyranitar, M|403/403","|-weather|SunnyDay","|-weather|Sandstorm","|turn|1","|","|move|p1a: Ninetales|Hypnosis|p2a: Tyranitar","|-status|p2a: Tyranitar|slp","|cant|p2a: Tyranitar|slp","|","|-weather|Sandstorm|[upkeep]","|-damage|p1a: Ninetales|329/350|[from] sandstorm","|turn|2","|","|switch|p1a: Torkoal|Torkoal, M|343/343","|switch|p2a: Carracosta|Carracosta, F|289/289","|","|-weather|Sandstorm|[upkeep]","|-damage|p1a: Torkoal|322/343|[from] sandstorm","|turn|3","|","|move|p2a: Carracosta|Knock Off|p1a: Torkoal","|-damage|p1a: Torkoal|242/343","|-enditem|p1a: Torkoal|Heat Rock|[from] move: Knock Off|[of] p2a: Carracosta","|move|p1a: Torkoal|Will-O-Wisp|p2a: Carracosta","|-status|p2a: Carracosta|brn","|","|-weather|Sandstorm|[upkeep]","|-damage|p1a: Torkoal|221/343|[from] sandstorm","|-damage|p2a: Carracosta|253/289 brn|[from] brn","|turn|4","|","|move|p2a: Carracosta|Shell Smash|p2a: Carracosta","|-unboost|p2a: Carracosta|def|1","|-unboost|p2a: Carracosta|spd|1","|-boost|p2a: Carracosta|atk|2","|-boost|p2a: Carracosta|spa|2","|-boost|p2a: Carracosta|spe|2","|-enditem|p2a: Carracosta|White Herb","|-restoreboost|p2a: Carracosta|[silent]","|move|p1a: Torkoal|Sunny Day|p1a: Torkoal","|-weather|SunnyDay","|","|-weather|SunnyDay|[upkeep]","|-damage|p2a: Carracosta|217/289 brn|[from] brn","|turn|5","|","|move|p2a: Carracosta|Earthquake|p1a: Torkoal","|-supereffective|p1a: Torkoal","|-damage|p1a: Torkoal|68/343","|move|p1a: Torkoal|Gyro Ball|p2a: Carracosta","|-damage|p2a: Carracosta|133/289 brn","|","|-weather|SunnyDay|[upkeep]","|-damage|p2a: Carracosta|97/289 brn|[from] brn","|turn|6","|","|switch|p1a: Heatran|Heatran, F|385/385","|-item|p1a: Heatran|Air Balloon","|move|p2a: Carracosta|Earthquake|p1a: Heatran","|-immune|p1a: Heatran|[msg]","|","|-weather|SunnyDay|[upkeep]","|-damage|p2a: Carracosta|61/289 brn|[from] brn","|turn|7","|","|move|p2a: Carracosta|Aqua Jet|p1a: Heatran","|-supereffective|p1a: Heatran","|-damage|p1a: Heatran|313/385","|-enditem|p1a: Heatran|Air Balloon","|move|p1a: Heatran|Flash Cannon|p2a: Carracosta","|-damage|p2a: Carracosta|0 fnt","|faint|p2a: Carracosta","|","|-weather|SunnyDay|[upkeep]","|","|switch|p2a: Tyranitar|Tyranitar, M|403/403 slp","|-weather|Sandstorm","|turn|8","|","|move|p1a: Heatran|Flash Cannon|p2a: Tyranitar","|-supereffective|p2a: Tyranitar","|-damage|p2a: Tyranitar|233/403 slp","|-unboost|p2a: Tyranitar|spd|1","|-curestatus|p2a: Tyranitar|slp","|move|p2a: Tyranitar|Stealth Rock|p1a: Heatran","|-sidestart|p1: Alliance - Glacia|move: Stealth Rock","|","|-weather|Sandstorm|[upkeep]","|turn|9","|","|move|p1a: Heatran|Flash Cannon|p2a: Tyranitar","|-supereffective|p2a: Tyranitar","|-damage|p2a: Tyranitar|0 fnt","|faint|p2a: Tyranitar","|","|-weather|Sandstorm|[upkeep]","|","|switch|p2a: Archeops|Archeops, F|292/292","|turn|10","|","|move|p2a: Archeops|Earth Power|p1a: Heatran","|-supereffective|p1a: Heatran","|-damage|p1a: Heatran|0 fnt","|faint|p1a: Heatran","|","|-weather|Sandstorm|[upkeep]","|","|switch|p1a: Torkoal|Torkoal, M|68/343","|-damage|p1a: Torkoal|0 fnt|[from] Stealth Rock","|faint|p1a: Torkoal","|","|switch|p1a: Entei|Entei|371/371","|-damage|p1a: Entei|279/371|[from] Stealth Rock","|-ability|p1a: Entei|Pressure","|turn|11","|","|switch|p2a: Aggron|Aggron, M|343/343","|move|p1a: Entei|Stone Edge|p2a: Aggron","|-resisted|p2a: Aggron","|-damage|p2a: Aggron|318/343","|","|-weather|Sandstorm|[upkeep]","|-damage|p1a: Entei|256/371|[from] sandstorm","|turn|12","|","|switch|p1a: Ninetales|Ninetales, M|329/350","|-damage|p1a: Ninetales|242/350|[from] Stealth Rock","|-weather|SunnyDay","|move|p2a: Aggron|Curse|p2a: Aggron","|-unboost|p2a: Aggron|spe|1","|-boost|p2a: Aggron|atk|1","|-boost|p2a: Aggron|def|1","|","|-weather|SunnyDay|[upkeep]","|turn|13","|","|move|p1a: Ninetales|Flamethrower|p2a: Aggron","|-damage|p2a: Aggron|105/343","|move|p2a: Aggron|Heavy Slam|p1a: Ninetales","|-resisted|p1a: Ninetales","|-damage|p1a: Ninetales|92/350","|","|-weather|SunnyDay|[upkeep]","|turn|14","|","|move|p1a: Ninetales|Flamethrower|p2a: Aggron","|-damage|p2a: Aggron|0 fnt","|faint|p2a: Aggron","|","|-weather|SunnyDay|[upkeep]","|","|switch|p2a: Archeops|Archeops, F|292/292","|turn|15","|","|switch|p1a: Victini|Victini|404/404","|-damage|p1a: Victini|303/404|[from] Stealth Rock","|move|p2a: Archeops|Ancient Power|p1a: Victini","|-supereffective|p1a: Victini","|-damage|p1a: Victini|39/404","|","|-weather|SunnyDay|[upkeep]","|turn|16","|","|switch|p2a: Cradily|Cradily, F|376/376","|move|p1a: Victini|Trick Room|p1a: Victini","|-fieldstart|move: Trick Room|[of] p1a: Victini","|","|-weather|SunnyDay|[upkeep]","|turn|17","|","|move|p2a: Cradily|Ancient Power|p1a: Victini","|-supereffective|p1a: Victini","|-damage|p1a: Victini|0 fnt","|faint|p1a: Victini","|","|-weather|SunnyDay|[upkeep]","|","|switch|p1a: Entei|Entei|256/371","|-damage|p1a: Entei|164/371|[from] Stealth Rock","|-ability|p1a: Entei|Pressure","|turn|18","|","|move|p2a: Cradily|Ancient Power|p1a: Entei","|-supereffective|p1a: Entei","|-damage|p1a: Entei|14/371","|-boost|p2a: Cradily|atk|1","|-boost|p2a: Cradily|def|1","|-boost|p2a: Cradily|spa|1","|-boost|p2a: Cradily|spd|1","|-boost|p2a: Cradily|spe|1","|move|p1a: Entei|Iron Head|p2a: Cradily","|-supereffective|p2a: Cradily","|-damage|p2a: Cradily|246/376","|","|-weather|SunnyDay|[upkeep]","|-heal|p2a: Cradily|269/376|[from] item: Leftovers","|turn|19","|","|move|p2a: Cradily|Giga Drain|p1a: Entei","|-resisted|p1a: Entei","|-damage|p1a: Entei|0 fnt","|-heal|p2a: Cradily|276/376|[from] drain|[of] p1a: Entei","|faint|p1a: Entei","|","|-weather|none","|-heal|p2a: Cradily|299/376|[from] item: Leftovers","|","|switch|p1a: Ninetales|Ninetales, M|92/350","|-damage|p1a: Ninetales|5/350|[from] Stealth Rock","|-weather|SunnyDay","|turn|20","|","|move|p2a: Cradily|Giga Drain|p1a: Ninetales","|-resisted|p1a: Ninetales","|-damage|p1a: Ninetales|0 fnt","|-heal|p2a: Cradily|302/376|[from] drain|[of] p1a: Ninetales","|faint|p1a: Ninetales","|","|-weather|SunnyDay|[upkeep]","|-heal|p2a: Cradily|325/376|[from] item: Leftovers","|-fieldend|move: Trick Room","|","|switch|p1a: Charizard|Charizard, M|329/329","|-damage|p1a: Charizard|165/329|[from] Stealth Rock","|turn|21","|","|detailschange|p1a: Charizard|Charizard-Mega-X, M","|-mega|p1a: Charizard|Charizard|Charizardite X","|move|p1a: Charizard|Dragon Dance|p1a: Charizard","|-boost|p1a: Charizard|atk|1","|-boost|p1a: Charizard|spe|1","|move|p2a: Cradily|Ancient Power|p1a: Charizard","|-supereffective|p1a: Charizard","|-damage|p1a: Charizard|0 fnt","|faint|p1a: Charizard","|","|win|V Monocle"],"p1rating":{"entryid":"6141190","serverid":"eos","formatid":"monotype","userid":"allianceglacia","username":"Alliance - Glacia","w":"14","l":14,"t":"0","gxe":51.1,"r":"1514.3429347407","rd":"69.815278229297","sigma":"0","rptime":"1438592400","rpr":1508.7164220336,"rprd":65.293669547564,"rpsigma":"0","acre":1120.3626978147,"lacre":1120.3626978147,"oldacre":"1150.4811245531"},"p2rating":{"entryid":"7320079","serverid":"eos","formatid":"monotype","userid":"vmonocle","username":"V Monocle","w":7,"l":"11","t":"0","gxe":42.7,"r":"1433.17272151","rd":"76.549615224921","sigma":"0","rptime":"1438592400","rpr":1443.1606417504,"rprd":73.594571333329,"rpsigma":"0","acre":1112.3632044518,"lacre":1112.3632044518,"oldacre":"1078.3285107448"},"endType":"normal"}