{"seed":[26478,48745,24991,19286],"turns":22,"p1":"doomsquach","p2":"jackker","p1team":[{"name":"Bre","species":"breloom","item":"focussash","ability":"Technician","moves":["swordsdance","machpunch","bulletseed","spore"],"nature":"Jolly","evs":{"hp":4,"atk":252,"def":0,"spa":0,"spd":0,"spe":252},"gender":"M","ivs":{"hp":31,"atk":31,"def":31,"spa":31,"spd":31,"spe":31}},{"name":"Conta","species":"serperior","item":"leftovers","ability":"Contrary","moves":["leafstorm","hiddenpowerfire","substitute","dragonpulse"],"nature":"Timid","evs":{"hp":116,"atk":0,"def":0,"spa":140,"spd":0,"spe":252},"gender":"M","ivs":{"hp":31,"atk":30,"def":31,"spa":30,"spd":31,"spe":30}},{"name":"Hammer","species":"abomasnow","item":"abomasite","ability":"Snow Warning","moves":["earthquake","iceshard","seedbomb","swordsdance"],"nature":"Adamant","evs":{"hp":156,"atk":252,"def":56,"spa":0,"spd":44,"spe":0},"gender":"M","ivs":{"hp":31,"atk":31,"def":31,"spa":31,"spd":31,"spe":31}},{"name":"Ferro","species":"ferrothorn","item":"rockyhelmet","ability":"Iron Barbs","moves":["leechseed","protect","stealthrock","spikes"],"nature":"Bold","evs":{"hp":64,"atk":0,"def":192,"spa":0,"spd":252,"spe":0},"gender":"M","ivs":{"hp":31,"atk":31,"def":31,"spa":31,"spd":31,"spe":31}},{"name":"Ludi","species":"ludicolo","item":"lifeorb","ability":"Swift Swim","moves":["raindance","hydropump","gigadrain","icebeam"],"nature":"Modest","evs":{"hp":0,"atk":0,"def":180,"spa":228,"spd":0,"spe":100},"gender":"M","ivs":{"hp":31,"atk":31,"def":31,"spa":31,"spd":31,"spe":31}},{"name":"Shiffy","species":"shiftry","item":"focussash","ability":"Early Bird","moves":["swordsdance","rockslide","suckerpunch","fakeout"],"nature":"Adamant","evs":{"hp":20,"atk":252,"def":0,"spa":0,"spd":0,"spe":236},"gender":"M","ivs":{"hp":31,"atk":31,"def":31,"spa":31,"spd":31,"spe":31}}],"p2team":[{"name":"Whimsicott","species":"Whimsicott","item":"lifeorb","ability":"Prankster","moves":["encore","moonblast","hiddenpowerfire","stunspore"],"nature":"Modest","evs":{"hp":0,"atk":0,"def":0,"spa":252,"spd":0,"spe":252},"ivs":{"hp":31,"atk":30,"def":31,"spa":30,"spd":31,"spe":30}},{"name":"Breloom","species":"Breloom","item":"focussash","ability":"Technician","moves":["machpunch","spore","rocktomb","bulletseed"],"nature":"Jolly","evs":{"hp":0,"atk":252,"def":0,"spa":0,"spd":0,"spe":252},"ivs":{"hp":31,"atk":31,"def":31,"spa":31,"spd":31,"spe":31}},{"name":"Rotom-Mow","species":"Rotom-Mow","item":"choicescarf","ability":"Levitate","moves":["thunderbolt","leafstorm","trick","hiddenpowerice"],"nature":"Modest","evs":{"hp":0,"atk":0,"def":0,"spa":252,"spd":0,"spe":252},"ivs":{"hp":31,"atk":30,"def":30,"spa":31,"spd":31,"spe":31}},{"name":"Ferrothorn","species":"Ferrothorn","item":"leftovers","ability":"Iron Barbs","moves":["curse","gyroball","leechseed","protect"],"nature":"Impish","evs":{"hp":252,"atk":4,"def":120,"spa":0,"spd":132,"spe":0},"ivs":{"hp":31,"atk":31,"def":31,"spa":31,"spd":31,"spe":0}},{"name":"Shiftry","species":"Shiftry","item":"focussash","ability":"Chlorophyll","moves":["swordsdance","knockoff","suckerpunch","rockslide"],"nature":"Adamant","evs":{"hp":0,"atk":252,"def":0,"spa":0,"spd":0,"spe":252},"ivs":{"hp":31,"atk":31,"def":31,"spa":31,"spd":31,"spe":31}},{"name":"Celebi","species":"Celebi","item":"leftovers","ability":"Natural Cure","moves":["thunderwave","recover","psychic","earthpower"],"nature":"Calm","evs":{"hp":252,"atk":0,"def":0,"spa":4,"spd":252,"spe":0},"ivs":{"hp":31,"atk":31,"def":31,"spa":31,"spd":31,"spe":31}}],"log":["|player|p1|doomsquach|169","|player|p2|jackker|196","|gametype|singles","|gen|6","|tier|Monotype","|rated","|rule|Baton Pass Clause: Limit one Baton Passer, can't pass Spe and other stats simultaneously","|rule|Swagger Clause: Swagger is banned","|rule|Same Type Clause: Pokémon in a team must share a type","|clearpoke","|poke|p1|Breloom, M","|poke|p1|Serperior, M","|poke|p1|Abomasnow, M","|poke|p1|Ferrothorn, M","|poke|p1|Ludicolo, M","|poke|p1|Shiftry, M","|poke|p2|Whimsicott, F","|poke|p2|Breloom, M","|poke|p2|Rotom-Mow","|poke|p2|Ferrothorn, M","|poke|p2|Shiftry, F","|poke|p2|Celebi","|rule|Sleep Clause Mod: Limit one foe put to sleep","|rule|Species Clause: Limit one of each Pokémon","|rule|OHKO Clause: OHKO moves are banned","|rule|Moody Clause: Moody is banned","|rule|Evasion Moves Clause: Evasion moves are banned","|rule|Endless Battle Clause: Forcing endless battles is banned","|rule|HP Percentage Mod: HP is shown in percentages","|teampreview","|","|start","|switch|p1a: Shiffy|Shiftry, M|326/326","|switch|p2a: Whimsicott|Whimsicott, F|261/261","|turn|1","|","|move|p1a: Shiffy|Fake Out|p2a: Whimsicott","|-damage|p2a: Whimsicott|213/261","|cant|p2a: Whimsicott|flinch","|","|turn|2","|","|move|p2a: Whimsicott|Moonblast|p1a: Shiffy","|-supereffective|p1a: Shiffy","|-enditem|p1a: Shiffy|Focus Sash","|-damage|p1a: Shiffy|1/326","|-damage|p2a: Whimsicott|187/261|[from] item: Life Orb","|move|p1a: Shiffy|Swords Dance|p1a: Shiffy","|-boost|p1a: Shiffy|atk|2","|","|turn|3","|","|switch|p2a: Breloom|Breloom, M|261/261","|move|p1a: Shiffy|Sucker Punch|p2a: Breloom","|-fail|p1a: Shiffy","|","|turn|4","|","|move|p2a: Breloom|Mach Punch|p1a: Shiffy","|-supereffective|p1a: Shiffy","|-damage|p1a: Shiffy|0 fnt","|faint|p1a: Shiffy","|","|","|switch|p1a: Bre|Breloom, M|262/262","|turn|5","|","|switch|p2a: Celebi|Celebi|404/404","|move|p1a: Bre|Swords Dance|p1a: Bre","|-boost|p1a: Bre|atk|2","|","|turn|6","|","|move|p1a: Bre|Bullet Seed|p2a: Celebi","|-resisted|p2a: Celebi","|-damage|p2a: Celebi|334/404","|-resisted|p2a: Celebi","|-damage|p2a: Celebi|274/404","|-resisted|p2a: Celebi","|-damage|p2a: Celebi|205/404","|-hitcount|p2a: Celebi|3","|move|p2a: Celebi|Psychic|p1a: Bre","|-supereffective|p1a: Bre","|-enditem|p1a: Bre|Focus Sash","|-damage|p1a: Bre|1/262","|","|-heal|p2a: Celebi|230/404|[from] item: Leftovers","|turn|7","|","|move|p1a: Bre|Bullet Seed|p2a: Celebi","|-resisted|p2a: Celebi","|-damage|p2a: Celebi|158/404","|-resisted|p2a: Celebi","|-damage|p2a: Celebi|98/404","|-resisted|p2a: Celebi","|-damage|p2a: Celebi|35/404","|-hitcount|p2a: Celebi|3","|move|p2a: Celebi|Recover|p2a: Celebi","|-heal|p2a: Celebi|237/404","|","|-heal|p2a: Celebi|262/404|[from] item: Leftovers","|turn|8","|","|move|p1a: Bre|Bullet Seed|p2a: Celebi","|-resisted|p2a: Celebi","|-damage|p2a: Celebi|201/404","|-resisted|p2a: Celebi","|-damage|p2a: Celebi|141/404","|-hitcount|p2a: Celebi|2","|move|p2a: Celebi|Psychic|p1a: Bre","|-supereffective|p1a: Bre","|-damage|p1a: Bre|0 fnt","|faint|p1a: Bre","|","|-heal|p2a: Celebi|166/404|[from] item: Leftovers","|","|switch|p1a: Hammer|Abomasnow, M|360/360","|-weather|Hail","|turn|9","|","|detailschange|p1a: Hammer|Abomasnow-Mega, M","|-mega|p1a: Hammer|Abomasnow|Abomasite","|move|p2a: Celebi|Psychic|p1a: Hammer","|-damage|p1a: Hammer|269/360","|move|p1a: Hammer|Swords Dance|p1a: Hammer","|-boost|p1a: Hammer|atk|2","|","|-weather|Hail|[upkeep]","|-damage|p2a: Celebi|141/404|[from] hail","|-heal|p2a: Celebi|166/404|[from] item: Leftovers","|turn|10","|","|switch|p2a: Ferrothorn|Ferrothorn, M|352/352","|move|p1a: Hammer|Ice Shard|p2a: Ferrothorn","|-damage|p2a: Ferrothorn|244/352","|","|-weather|Hail|[upkeep]","|-damage|p2a: Ferrothorn|222/352|[from] hail","|-heal|p2a: Ferrothorn|244/352|[from] item: Leftovers","|turn|11","|","|move|p1a: Hammer|Earthquake|p2a: Ferrothorn","|-damage|p2a: Ferrothorn|81/352","|move|p2a: Ferrothorn|Gyro Ball|p1a: Hammer","|-supereffective|p1a: Hammer","|-damage|p1a: Hammer|161/360","|","|-weather|Hail|[upkeep]","|-damage|p2a: Ferrothorn|59/352|[from] hail","|-heal|p2a: Ferrothorn|81/352|[from] item: Leftovers","|turn|12","|","|move|p1a: Hammer|Earthquake|p2a: Ferrothorn","|-damage|p2a: Ferrothorn|0 fnt","|faint|p2a: Ferrothorn","|","|-weather|Hail|[upkeep]","|","|switch|p2a: Breloom|Breloom, M|261/261","|turn|13","|","|move|p2a: Breloom|Mach Punch|p1a: Hammer","|-supereffective|p1a: Hammer","|-damage|p1a: Hammer|0 fnt","|faint|p1a: Hammer","|","|-weather|none","|","|switch|p1a: Conta|Serperior, M|320/320","|turn|14","|","|move|p1a: Conta|Leaf Storm|p2a: Breloom","|-resisted|p2a: Breloom","|-damage|p2a: Breloom|148/261","|-boost|p1a: Conta|spa|2","|move|p2a: Breloom|Rock Tomb|p1a: Conta","|-crit|p1a: Conta","|-damage|p1a: Conta|156/320","|-boost|p1a: Conta|spe|1","|","|-heal|p1a: Conta|176/320|[from] item: Leftovers","|turn|15","|","|move|p2a: Breloom|Mach Punch|p1a: Conta","|-damage|p1a: Conta|59/320","|move|p1a: Conta|Leaf Storm|p2a: Breloom","|-resisted|p2a: Breloom","|-damage|p2a: Breloom|0 fnt","|-boost|p1a: Conta|spa|2","|faint|p2a: Breloom","|","|-heal|p1a: Conta|79/320|[from] item: Leftovers","|","|switch|p2a: Shiftry|Shiftry, F|321/321","|turn|16","|","|move|p2a: Shiftry|Sucker Punch|p1a: Conta","|-fail|p2a: Shiftry","|move|p1a: Conta|Substitute|p1a: Conta","|-fail|p1a: Conta|move: Substitute|[weak]","|","|-heal|p1a: Conta|99/320|[from] item: Leftovers","|turn|17","|","|move|p1a: Conta|Hidden Power|p2a: Shiftry","|-supereffective|p2a: Shiftry","|-enditem|p2a: Shiftry|Focus Sash","|-damage|p2a: Shiftry|1/321","|move|p2a: Shiftry|Knock Off|p1a: Conta","|-damage|p1a: Conta|0 fnt","|-enditem|p1a: Conta|Leftovers|[from] move: Knock Off|[of] p2a: Shiftry","|faint|p1a: Conta","|","|","|switch|p1a: Ferro|Ferrothorn, M|305/305","|turn|18","|","|move|p2a: Shiftry|Knock Off|p1a: Ferro","|-damage|p1a: Ferro|203/305","|-damage|p2a: Shiftry|0 fnt|[from] ability: Iron Barbs|[of] p1a: Ferro","|faint|p2a: Shiftry","|move|p1a: Ferro|Stealth Rock|p2: Shiftry","|-sidestart|p2: jackker|move: Stealth Rock","|","|","|switch|p2a: Whimsicott|Whimsicott, F|187/261","|-damage|p2a: Whimsicott|155/261|[from] Stealth Rock","|turn|19","|","|move|p2a: Whimsicott|Hidden Power|p1a: Ferro","|-supereffective|p1a: Ferro","|-damage|p1a: Ferro|0 fnt","|-damage|p2a: Whimsicott|129/261|[from] item: Life Orb","|faint|p1a: Ferro","|","|","|switch|p1a: Ludi|Ludicolo, M|301/301","|turn|20","|","|move|p2a: Whimsicott|Moonblast|p1a: Ludi","|-damage|p1a: Ludi|120/301","|-damage|p2a: Whimsicott|103/261|[from] item: Life Orb","|move|p1a: Ludi|Rain Dance|p1a: Ludi","|-weather|RainDance","|","|-weather|RainDance|[upkeep]","|turn|21","|","|move|p2a: Whimsicott|Encore|p1a: Ludi","|-start|p1a: Ludi|Encore","|move|p1a: Ludi|Rain Dance|p1a: Ludi","|-fail|p1a: Ludi","|","|-weather|RainDance|[upkeep]","|turn|22","|","|move|p1a: Ludi|Rain Dance|p1a: Ludi","|-fail|p1a: Ludi","|move|p2a: Whimsicott|Moonblast|p1a: Ludi","|-damage|p1a: Ludi|0 fnt","|-damage|p2a: Whimsicott|77/261|[from] item: Life Orb","|faint|p1a: Ludi","|","|win|jackker"],"p1rating":{"entryid":"6925117","serverid":"eos","formatid":"monotype","userid":"doomsquach","username":"doomsquach","w":"6","l":11,"t":"0","gxe":38.7,"r":"1490.5131255428","rd":"89.599228566394","sigma":"0","rptime":"1438592400","rpr":1411.4008001279,"rprd":75.781603758679,"rpsigma":"0","acre":1015.8511198797,"lacre":1015.8511198797,"oldacre":"1021.0831387509"},"p2rating":{"entryid":"6396823","serverid":"eos","formatid":"monotype","userid":"jackker","username":"jackker","w":19,"l":"6","t":"0","gxe":71.4,"r":"1682.6133122826","rd":"74.959178858919","sigma":"0","rptime":"1438592400","rpr":1675.8002648696,"rprd":71.364428474414,"rpsigma":"0","acre":1273.207502739,"lacre":1273.207502739,"oldacre":"1263.2701229231"},"endType":"normal"}