{"seed":[39291,27592,31123,62400],"turns":27,"p1":"DJMadness","p2":"Void Wiley","p1team":[{"name":"Venusaur","species":"Venusaur","item":"venusaurite","ability":"Chlorophyll","moves":["growth","synthesis","sludgebomb","hiddenpowerfire"],"nature":"Bold","evs":{"hp":252,"atk":0,"def":252,"spa":4,"spd":0,"spe":0},"gender":"F","ivs":{"hp":31,"atk":30,"def":31,"spa":30,"spd":31,"spe":30},"shiny":true},{"name":"Serperior","species":"Serperior","item":"assaultvest","ability":"Contrary","moves":["dragonpulse","leafstorm","hiddenpowerfire","dragontail"],"nature":"Hasty","evs":{"hp":0,"atk":4,"def":0,"spa":252,"spd":0,"spe":252},"gender":"F","ivs":{"hp":31,"atk":30,"def":31,"spa":30,"spd":31,"spe":30},"shiny":true},{"name":"Whimsicott","species":"Whimsicott","item":"heatrock","ability":"Prankster","moves":["sunnyday","leechseed","cottonguard","moonblast"],"nature":"Calm","evs":{"hp":248,"atk":0,"def":0,"spa":8,"spd":252,"spe":0},"gender":"F","shiny":true,"ivs":{"hp":31,"atk":31,"def":31,"spa":31,"spd":31,"spe":31}},{"name":"Ferrothorn","species":"Ferrothorn","item":"rockyhelmet","ability":"Iron Barbs","moves":["leechseed","thunderwave","protect","knockoff"],"nature":"Impish","evs":{"hp":248,"atk":8,"def":252,"spa":0,"spd":0,"spe":0},"gender":"M","shiny":true,"ivs":{"hp":31,"atk":31,"def":31,"spa":31,"spd":31,"spe":31}},{"name":"Cradily","species":"Cradily","item":"leftovers","ability":"Storm Drain","moves":["stealthrock","rockslide","recover","toxic"],"nature":"Careful","evs":{"hp":252,"atk":4,"def":0,"spa":0,"spd":252,"spe":0},"gender":"M","shiny":true,"ivs":{"hp":31,"atk":31,"def":31,"spa":31,"spd":31,"spe":31}},{"name":"Trevenant","species":"Trevenant","item":"sitrusberry","ability":"Harvest","moves":["willowisp","leechseed","hornleech","growth"],"nature":"Careful","evs":{"hp":248,"atk":8,"def":0,"spa":0,"spd":252,"spe":0},"gender":"M","shiny":true,"ivs":{"hp":31,"atk":31,"def":31,"spa":31,"spd":31,"spe":31}}],"p2team":[{"name":"Tuba","species":"slurpuff","item":"sitrusberry","ability":"Unburden","moves":["bellydrum","drainpunch","playrough","aromatherapy"],"nature":"Jolly","evs":{"hp":4,"atk":252,"def":0,"spa":0,"spd":0,"spe":252},"ivs":{"hp":31,"atk":31,"def":31,"spa":31,"spd":31,"spe":31}},{"name":"Clarinet","species":"azumarill","item":"sitrusberry","ability":"Huge Power","moves":["bellydrum","aquajet","brickbreak","playrough"],"nature":"Adamant","evs":{"hp":252,"atk":252,"def":0,"spa":0,"spd":4,"spe":0},"ivs":{"hp":31,"atk":31,"def":31,"spa":31,"spd":31,"spe":31}},{"name":"Flute","species":"gardevoir","item":"gardevoirite","ability":"Synchronize","moves":["psyshock","hypervoice","energyball","focusblast"],"nature":"Modest","evs":{"hp":248,"atk":0,"def":0,"spa":252,"spd":8,"spe":0},"ivs":{"hp":31,"atk":31,"def":31,"spa":31,"spd":31,"spe":31}},{"name":"Alto","species":"togekiss","item":"choicescarf","ability":"Serene Grace","moves":["airslash","flamethrower","aurasphere","dazzlinggleam"],"nature":"Timid","evs":{"hp":0,"atk":0,"def":0,"spa":252,"spd":4,"spe":252},"ivs":{"hp":31,"atk":31,"def":31,"spa":31,"spd":31,"spe":31}},{"name":"Sax","species":"klefki","item":"lightclay","ability":"Prankster","moves":["thunderwave","lightscreen","reflect","foulplay"],"nature":"Bold","evs":{"hp":248,"atk":0,"def":252,"spa":0,"spd":8,"spe":0},"ivs":{"hp":31,"atk":31,"def":31,"spa":31,"spd":31,"spe":31}},{"name":"Trumpet","species":"sylveon","item":"leftovers","ability":"Pixilate","moves":["hypervoice","wish","protect","calmmind"],"nature":"Calm","evs":{"hp":252,"atk":0,"def":0,"spa":4,"spd":252,"spe":0},"ivs":{"hp":31,"atk":31,"def":31,"spa":31,"spd":31,"spe":31}}],"log":["|player|p1|DJMadness|92","|player|p2|Void Wiley|voidwiley.png","|gametype|singles","|gen|6","|tier|Monotype","|rated","|rule|Baton Pass Clause: Limit one Baton Passer, can't pass Spe and other stats simultaneously","|rule|Swagger Clause: Swagger is banned","|rule|Same Type Clause: Pokémon in a team must share a type","|clearpoke","|poke|p1|Venusaur, F, shiny","|poke|p1|Serperior, F, shiny","|poke|p1|Whimsicott, F, shiny","|poke|p1|Ferrothorn, M, shiny","|poke|p1|Cradily, M, shiny","|poke|p1|Trevenant, M, shiny","|poke|p2|Slurpuff, F","|poke|p2|Azumarill, F","|poke|p2|Gardevoir, M","|poke|p2|Togekiss, M","|poke|p2|Klefki, F","|poke|p2|Sylveon, F","|rule|Sleep Clause Mod: Limit one foe put to sleep","|rule|Species Clause: Limit one of each Pokémon","|rule|OHKO Clause: OHKO moves are banned","|rule|Moody Clause: Moody is banned","|rule|Evasion Moves Clause: Evasion moves are banned","|rule|Endless Battle Clause: Forcing endless battles is banned","|rule|HP Percentage Mod: HP is shown in percentages","|teampreview","|","|start","|switch|p1a: Cradily|Cradily, M, shiny|376/376","|switch|p2a: Alto|Togekiss, M|311/311","|turn|1","|","|move|p2a: Alto|Air Slash|p1a: Cradily|[miss]","|-miss|p2a: Alto|p1a: Cradily","|move|p1a: Cradily|Toxic|p2a: Alto","|-status|p2a: Alto|tox","|","|-damage|p2a: Alto|292/311 tox|[from] psn","|turn|2","|","|switch|p2a: Tuba|Slurpuff, F|306/306","|move|p1a: Cradily|Stealth Rock|p2a: Tuba","|-sidestart|p2: Void Wiley|move: Stealth Rock","|","|turn|3","|","|switch|p1a: Ferrothorn|Ferrothorn, M, shiny|351/351","|move|p2a: Tuba|Belly Drum|p2a: Tuba","|-damage|p2a: Tuba|153/306","|-setboost|p2a: Tuba|atk|6|[from] move: Belly Drum","|-enditem|p2a: Tuba|Sitrus Berry|[eat]","|-heal|p2a: Tuba|229/306|[from] item: Sitrus Berry","|","|turn|4","|","|move|p2a: Tuba|Drain Punch|p1a: Ferrothorn","|-supereffective|p1a: Ferrothorn","|-damage|p1a: Ferrothorn|59/351","|-heal|p2a: Tuba|306/306|[from] drain|[of] p1a: Ferrothorn","|-damage|p2a: Tuba|268/306|[from] ability: Iron Barbs|[of] p1a: Ferrothorn","|-damage|p2a: Tuba|217/306|[from] item: Rocky Helmet|[of] p1a: Ferrothorn","|move|p1a: Ferrothorn|Thunder Wave|p2a: Tuba","|-status|p2a: Tuba|par","|","|turn|5","|","|move|p2a: Tuba|Aromatherapy|p2a: Tuba","|-cureteam|p2a: Tuba|[from] move: Aromatherapy","|move|p1a: Ferrothorn|Leech Seed|p2a: Tuba","|-start|p2a: Tuba|move: Leech Seed","|","|-damage|p2a: Tuba|179/306|[from] Leech Seed|[of] p1a: Ferrothorn","|-heal|p1a: Ferrothorn|97/351|[silent]","|turn|6","|","|move|p1a: Ferrothorn|Protect|p1a: Ferrothorn","|-singleturn|p1a: Ferrothorn|Protect","|move|p2a: Tuba|Drain Punch|p1a: Ferrothorn","|-activate|p1a: Ferrothorn|Protect","|","|-damage|p2a: Tuba|141/306|[from] Leech Seed|[of] p1a: Ferrothorn","|-heal|p1a: Ferrothorn|135/351|[silent]","|turn|7","|","|move|p2a: Tuba|Drain Punch|p1a: Ferrothorn","|-supereffective|p1a: Ferrothorn","|-damage|p1a: Ferrothorn|0 fnt","|-heal|p2a: Tuba|209/306|[from] drain|[of] p1a: Ferrothorn","|-damage|p2a: Tuba|171/306|[from] ability: Iron Barbs|[of] p1a: Ferrothorn","|-damage|p2a: Tuba|120/306|[from] item: Rocky Helmet|[of] p1a: Ferrothorn","|faint|p1a: Ferrothorn","|","|","|switch|p1a: Whimsicott|Whimsicott, F, shiny|323/323","|turn|8","|","|move|p1a: Whimsicott|Cotton Guard|p1a: Whimsicott","|-boost|p1a: Whimsicott|def|3","|move|p2a: Tuba|Play Rough|p1a: Whimsicott","|-damage|p1a: Whimsicott|100/323","|","|-damage|p2a: Tuba|82/306|[from] Leech Seed|[of] p1a: Whimsicott","|-heal|p1a: Whimsicott|138/323|[silent]","|turn|9","|","|move|p2a: Tuba|Play Rough|p1a: Whimsicott","|-damage|p1a: Whimsicott|0 fnt","|faint|p1a: Whimsicott","|","|","|switch|p1a: Venusaur|Venusaur, F, shiny|364/364","|turn|10","|","|detailschange|p1a: Venusaur|Venusaur-Mega, F, shiny","|-mega|p1a: Venusaur|Venusaur|Venusaurite","|move|p2a: Tuba|Play Rough|p1a: Venusaur","|-resisted|p1a: Venusaur","|-damage|p1a: Venusaur|217/364","|move|p1a: Venusaur|Sludge Bomb|p2a: Tuba","|-supereffective|p2a: Tuba","|-damage|p2a: Tuba|0 fnt","|faint|p2a: Tuba","|","|","|switch|p2a: Alto|Togekiss, M|292/311","|-damage|p2a: Alto|215/311|[from] Stealth Rock","|turn|11","|","|switch|p1a: Cradily|Cradily, M, shiny|376/376","|move|p2a: Alto|Air Slash|p1a: Cradily","|-damage|p1a: Cradily|289/376","|","|-heal|p1a: Cradily|312/376|[from] item: Leftovers","|turn|12","|","|switch|p2a: Sax|Klefki, F|317/317","|-damage|p2a: Sax|298/317|[from] Stealth Rock","|move|p1a: Cradily|Toxic|p2a: Sax","|-immune|p2a: Sax|[msg]","|","|-heal|p1a: Cradily|335/376|[from] item: Leftovers","|turn|13","|","|switch|p1a: Trevenant|Trevenant, M, shiny|373/373","|move|p2a: Sax|Thunder Wave|p1a: Trevenant","|-status|p1a: Trevenant|par","|","|turn|14","|","|move|p2a: Sax|Foul Play|p1a: Trevenant","|-supereffective|p1a: Trevenant","|-damage|p1a: Trevenant|157/373 par","|-enditem|p1a: Trevenant|Sitrus Berry|[eat]","|-heal|p1a: Trevenant|250/373 par|[from] item: Sitrus Berry","|move|p1a: Trevenant|Will-O-Wisp|p2a: Sax","|-status|p2a: Sax|brn","|","|-damage|p2a: Sax|259/317 brn|[from] brn","|-item|p1a: Trevenant|Sitrus Berry|[from] ability: Harvest","|turn|15","|","|switch|p1a: Cradily|Cradily, M, shiny|335/376","|move|p2a: Sax|Foul Play|p1a: Cradily","|-damage|p1a: Cradily|301/376","|","|-heal|p1a: Cradily|324/376|[from] item: Leftovers","|-damage|p2a: Sax|220/317 brn|[from] brn","|turn|16","|","|switch|p1a: Trevenant|Trevenant, M, shiny|250/373 par","|move|p2a: Sax|Thunder Wave|p1a: Trevenant","|-fail|p1a: Trevenant|par","|","|-damage|p2a: Sax|181/317 brn|[from] brn","|turn|17","|","|switch|p2a: Alto|Togekiss, M|215/311","|-damage|p2a: Alto|138/311|[from] Stealth Rock","|move|p1a: Trevenant|Leech Seed|p2a: Alto","|-start|p2a: Alto|move: Leech Seed","|","|-damage|p2a: Alto|100/311|[from] Leech Seed|[of] p1a: Trevenant","|-heal|p1a: Trevenant|288/373 par|[silent]","|turn|18","|","|switch|p1a: Cradily|Cradily, M, shiny|324/376","|move|p2a: Alto|Air Slash|p1a: Cradily","|-damage|p1a: Cradily|237/376","|","|-heal|p1a: Cradily|260/376|[from] item: Leftovers","|-damage|p2a: Alto|62/311|[from] Leech Seed|[of] p1a: Cradily","|-heal|p1a: Cradily|298/376|[silent]","|turn|19","|","|switch|p2a: Clarinet|Azumarill, F|404/404","|-damage|p2a: Clarinet|354/404|[from] Stealth Rock","|move|p1a: Cradily|Rock Slide|p2a: Clarinet","|-damage|p2a: Clarinet|260/404","|","|-heal|p1a: Cradily|321/376|[from] item: Leftovers","|turn|20","|","|move|p2a: Clarinet|Belly Drum|p2a: Clarinet","|-damage|p2a: Clarinet|58/404","|-setboost|p2a: Clarinet|atk|6|[from] move: Belly Drum","|-enditem|p2a: Clarinet|Sitrus Berry|[eat]","|-heal|p2a: Clarinet|159/404|[from] item: Sitrus Berry","|move|p1a: Cradily|Toxic|p2a: Clarinet|[miss]","|-miss|p1a: Cradily|p2a: Clarinet","|","|-heal|p1a: Cradily|344/376|[from] item: Leftovers","|turn|21","|","|move|p2a: Clarinet|Brick Break|p1a: Cradily","|-supereffective|p1a: Cradily","|-damage|p1a: Cradily|0 fnt","|faint|p1a: Cradily","|","|","|switch|p1a: Venusaur|Venusaur-Mega, F, shiny|217/364","|turn|22","|","|move|p1a: Venusaur|Sludge Bomb|p2a: Clarinet","|-supereffective|p2a: Clarinet","|-damage|p2a: Clarinet|0 fnt","|faint|p2a: Clarinet","|","|","|switch|p2a: Alto|Togekiss, M|62/311","|-damage|p2a: Alto|0 fnt|[from] Stealth Rock","|faint|p2a: Alto","|","|switch|p2a: Flute|Gardevoir, M|339/339","|-damage|p2a: Flute|297/339|[from] Stealth Rock","|turn|23","|","|detailschange|p2a: Flute|Gardevoir-Mega, M","|-mega|p2a: Flute|Gardevoir|Gardevoirite","|move|p2a: Flute|Psyshock|p1a: Venusaur","|-supereffective|p1a: Venusaur","|-damage|p1a: Venusaur|0 fnt","|faint|p1a: Venusaur","|","|","|switch|p1a: Serperior|Serperior, F, shiny|291/291","|turn|24","|","|move|p1a: Serperior|Leaf Storm|p2a: Flute|[miss]","|-miss|p1a: Serperior|p2a: Flute","|move|p2a: Flute|Hyper Voice|p1a: Serperior","|-damage|p1a: Serperior|92/291","|","|turn|25","|","|move|p1a: Serperior|Leaf Storm|p2a: Flute","|-damage|p2a: Flute|180/339","|-boost|p1a: Serperior|spa|2","|move|p2a: Flute|Hyper Voice|p1a: Serperior","|-damage|p1a: Serperior|0 fnt","|faint|p1a: Serperior","|","|","|switch|p1a: Trevenant|Trevenant, M, shiny|288/373 par","|turn|26","|","|move|p2a: Flute|Hyper Voice|p1a: Trevenant","|-damage|p1a: Trevenant|65/373 par","|-enditem|p1a: Trevenant|Sitrus Berry|[eat]","|-heal|p1a: Trevenant|158/373 par|[from] item: Sitrus Berry","|move|p1a: Trevenant|Leech Seed|p2a: Flute","|-start|p2a: Flute|move: Leech Seed","|","|-damage|p2a: Flute|138/339|[from] Leech Seed|[of] p1a: Trevenant","|-heal|p1a: Trevenant|200/373 par|[silent]","|-item|p1a: Trevenant|Sitrus Berry|[from] ability: Harvest","|turn|27","|","|move|p2a: Flute|Hyper Voice|p1a: Trevenant","|-crit|p1a: Trevenant","|-damage|p1a: Trevenant|0 fnt","|faint|p1a: Trevenant","|","|win|Void Wiley"],"p1rating":{"entryid":"7355209","serverid":"eos","formatid":"monotype","userid":"djmadness","username":"DJMadness","w":"0","l":8,"t":"0","gxe":24.8,"r":"1303.5258224739","rd":"99.460287779891","sigma":"0","rptime":"1438592400","rpr":1283.2311814879,"rprd":94.760335679011,"rpsigma":"0","acre":1000,"lacre":1000,"oldacre":"1000"},"p2rating":{"entryid":"5697050","serverid":"eos","formatid":"monotype","userid":"voidwiley","username":"Void Wiley","w":153,"l":"135","t":"0","gxe":55.3,"r":"1536.7228521162","rd":"28.343538317993","sigma":"0","rptime":"1438592400","rpr":1539.7773153615,"rprd":28.202917410244,"rpsigma":"0","acre":1207.4578150512,"lacre":1207.4578150512,"oldacre":"1195.1906814711"},"endType":"normal"}