{"seed":[41129,64003,48366,56803],"turns":29,"p1":"Alliance - Mxy","p2":"Traine✘ Chief","p1team":[{"name":"Gengar","species":"Gengar","item":"choicescarf","ability":"Levitate","moves":["shadowball","sludgewave","focusblast","destinybond"],"nature":"Timid","evs":{"hp":0,"atk":0,"def":0,"spa":252,"spd":4,"spe":252},"ivs":{"hp":31,"atk":31,"def":31,"spa":31,"spd":31,"spe":31}},{"name":"Beedrill","species":"Beedrill","item":"beedrillite","ability":"Swarm","moves":["uturn","poisonjab","drillrun","protect"],"nature":"Jolly","evs":{"hp":0,"atk":252,"def":0,"spa":0,"spd":4,"spe":252},"ivs":{"hp":31,"atk":31,"def":31,"spa":31,"spd":31,"spe":31}},{"name":"Venusaur","species":"Venusaur","item":"venusaurite","ability":"Overgrow","moves":["synthesis","gigadrain","sludgebomb","hiddenpowerfire"],"nature":"Bold","evs":{"hp":248,"atk":0,"def":160,"spa":20,"spd":80,"spe":0},"ivs":{"hp":31,"atk":30,"def":31,"spa":30,"spd":31,"spe":30}},{"name":"Nidoqueen","species":"Nidoqueen","item":"airballoon","ability":"Sheer Force","moves":["stealthrock","flamethrower","earthpower","icebeam"],"nature":"Modest","evs":{"hp":248,"atk":0,"def":108,"spa":132,"spd":0,"spe":20},"ivs":{"hp":31,"atk":31,"def":31,"spa":31,"spd":31,"spe":31}},{"name":"Drapion","species":"Drapion","item":"blacksludge","ability":"Battle Armor","moves":["knockoff","taunt","toxicspikes","earthquake"],"nature":"Jolly","evs":{"hp":200,"atk":56,"def":0,"spa":0,"spd":0,"spe":252},"ivs":{"hp":31,"atk":31,"def":31,"spa":31,"spd":31,"spe":31}},{"name":"Scolipede","species":"Scolipede","item":"lifeorb","ability":"Speed Boost","moves":["megahorn","superpower","rockslide","protect"],"nature":"Jolly","evs":{"hp":0,"atk":252,"def":0,"spa":0,"spd":4,"spe":252},"shiny":true,"ivs":{"hp":31,"atk":31,"def":31,"spa":31,"spd":31,"spe":31}}],"p2team":[{"name":"Hippowdon","species":"Hippowdon","item":"leftovers","ability":"Sand Stream","moves":["toxic","slackoff","earthquake","stealthrock"],"nature":"Impish","evs":{"hp":252,"atk":4,"def":252,"spa":0,"spd":0,"spe":0},"ivs":{"hp":31,"atk":31,"def":31,"spa":31,"spd":31,"spe":31}},{"name":"Excadrill","species":"Excadrill","item":"lifeorb","ability":"Sand Rush","moves":["swordsdance","ironhead","earthquake","xscissor"],"nature":"Adamant","evs":{"hp":0,"atk":252,"def":0,"spa":0,"spd":4,"spe":252},"ivs":{"hp":31,"atk":31,"def":31,"spa":31,"spd":31,"spe":31}},{"name":"Nidoking","species":"Nidoking","item":"lifeorb","ability":"Sheer Force","moves":["icebeam","sludgewave","thunderbolt","fireblast"],"nature":"Timid","evs":{"hp":0,"atk":0,"def":0,"spa":252,"spd":4,"spe":252},"ivs":{"hp":31,"atk":31,"def":31,"spa":31,"spd":31,"spe":31}},{"name":"Landorus-Therian","species":"Landorus-Therian","item":"choicescarf","ability":"Intimidate","moves":["uturn","earthquake","knockoff","superpower"],"nature":"Jolly","evs":{"hp":0,"atk":252,"def":0,"spa":0,"spd":4,"spe":252},"ivs":{"hp":31,"atk":31,"def":31,"spa":31,"spd":31,"spe":31}},{"name":"Garchomp","species":"Garchomp","item":"rockyhelmet","ability":"Rough Skin","moves":["earthquake","swordsdance","outrage","ironhead"],"nature":"Jolly","evs":{"hp":0,"atk":252,"def":0,"spa":0,"spd":4,"spe":252},"ivs":{"hp":31,"atk":31,"def":31,"spa":31,"spd":31,"spe":31}},{"name":"Golurk","species":"Golurk","item":"choicescarf","ability":"No Guard","moves":["dynamicpunch","earthquake","icepunch","shadowpunch"],"nature":"Jolly","evs":{"hp":0,"atk":252,"def":0,"spa":0,"spd":4,"spe":252},"ivs":{"hp":31,"atk":31,"def":31,"spa":31,"spd":31,"spe":31}}],"log":["|player|p1|Alliance - Mxy|270","|player|p2|Traine✘ Chief|127","|gametype|singles","|gen|6","|tier|Monotype","|rated","|rule|Baton Pass Clause: Limit one Baton Passer, can't pass Spe and other stats simultaneously","|rule|Swagger Clause: Swagger is banned","|rule|Same Type Clause: Pokémon in a team must share a type","|clearpoke","|poke|p1|Gengar, M","|poke|p1|Beedrill, M","|poke|p1|Venusaur, M","|poke|p1|Nidoqueen, F","|poke|p1|Drapion, F","|poke|p1|Scolipede, M, shiny","|poke|p2|Hippowdon, M","|poke|p2|Excadrill, M","|poke|p2|Nidoking, M","|poke|p2|Landorus-Therian, M","|poke|p2|Garchomp, M","|poke|p2|Golurk","|rule|Sleep Clause Mod: Limit one foe put to sleep","|rule|Species Clause: Limit one of each Pokémon","|rule|OHKO Clause: OHKO moves are banned","|rule|Moody Clause: Moody is banned","|rule|Evasion Moves Clause: Evasion moves are banned","|rule|Endless Battle Clause: Forcing endless battles is banned","|rule|HP Percentage Mod: HP is shown in percentages","|teampreview","|","|start","|switch|p1a: Beedrill|Beedrill, M|271/271","|switch|p2a: Hippowdon|Hippowdon, M|420/420","|-weather|Sandstorm","|turn|1","|","|move|p1a: Beedrill|U-turn|p2a: Hippowdon","|-damage|p2a: Hippowdon|359/420","|","|switch|p1a: Drapion|Drapion, F|331/331","|move|p2a: Hippowdon|Stealth Rock|p1a: Drapion","|-sidestart|p1: Alliance - Mxy|move: Stealth Rock","|","|-weather|Sandstorm|[upkeep]","|-damage|p1a: Drapion|311/331|[from] sandstorm","|-heal|p1a: Drapion|331/331|[from] item: Black Sludge","|-heal|p2a: Hippowdon|385/420|[from] item: Leftovers","|turn|2","|","|move|p1a: Drapion|Knock Off|p2a: Hippowdon","|-damage|p2a: Hippowdon|318/420","|-enditem|p2a: Hippowdon|Leftovers|[from] move: Knock Off|[of] p1a: Drapion","|move|p2a: Hippowdon|Earthquake|p1a: Drapion","|-supereffective|p1a: Drapion","|-damage|p1a: Drapion|85/331","|","|-weather|Sandstorm|[upkeep]","|-damage|p1a: Drapion|65/331|[from] sandstorm","|-heal|p1a: Drapion|85/331|[from] item: Black Sludge","|turn|3","|","|switch|p1a: Gengar|Gengar, M|261/261","|-damage|p1a: Gengar|229/261|[from] Stealth Rock","|move|p2a: Hippowdon|Slack Off|p2a: Hippowdon","|-heal|p2a: Hippowdon|420/420","|","|-weather|Sandstorm|[upkeep]","|-damage|p1a: Gengar|213/261|[from] sandstorm","|turn|4","|","|switch|p2a: Excadrill|Excadrill, M|361/361","|move|p1a: Gengar|Shadow Ball|p2a: Excadrill","|-damage|p2a: Excadrill|154/361","|","|-weather|Sandstorm|[upkeep]","|-damage|p1a: Gengar|197/261|[from] sandstorm","|turn|5","|","|switch|p1a: Beedrill|Beedrill, M|271/271","|-damage|p1a: Beedrill|204/271|[from] Stealth Rock","|move|p2a: Excadrill|Iron Head|p1a: Beedrill","|-damage|p1a: Beedrill|0 fnt","|-damage|p2a: Excadrill|118/361|[from] item: Life Orb","|faint|p1a: Beedrill","|","|-weather|none","|","|switch|p1a: Gengar|Gengar, M|197/261","|-damage|p1a: Gengar|165/261|[from] Stealth Rock","|turn|6","|","|switch|p2a: Hippowdon|Hippowdon, M|420/420","|-weather|Sandstorm","|move|p1a: Gengar|Shadow Ball|p2a: Hippowdon","|-damage|p2a: Hippowdon|219/420","|","|-weather|Sandstorm|[upkeep]","|-damage|p1a: Gengar|149/261|[from] sandstorm","|turn|7","|","|move|p1a: Gengar|Shadow Ball|p2a: Hippowdon","|-damage|p2a: Hippowdon|24/420","|move|p2a: Hippowdon|Slack Off|p2a: Hippowdon","|-heal|p2a: Hippowdon|234/420","|","|-weather|Sandstorm|[upkeep]","|-damage|p1a: Gengar|133/261|[from] sandstorm","|turn|8","|","|move|p1a: Gengar|Shadow Ball|p2a: Hippowdon","|-damage|p2a: Hippowdon|47/420","|move|p2a: Hippowdon|Slack Off|p2a: Hippowdon","|-heal|p2a: Hippowdon|257/420","|","|-weather|Sandstorm|[upkeep]","|-damage|p1a: Gengar|117/261|[from] sandstorm","|turn|9","|","|move|p1a: Gengar|Shadow Ball|p2a: Hippowdon","|-crit|p2a: Hippowdon","|-damage|p2a: Hippowdon|0 fnt","|faint|p2a: Hippowdon","|","|-weather|Sandstorm|[upkeep]","|-damage|p1a: Gengar|101/261|[from] sandstorm","|","|switch|p2a: Excadrill|Excadrill, M|118/361","|turn|10","|","|switch|p1a: Drapion|Drapion, F|85/331","|-damage|p1a: Drapion|44/331|[from] Stealth Rock","|move|p2a: Excadrill|Iron Head|p1a: Drapion","|-damage|p1a: Drapion|0 fnt","|-damage|p2a: Excadrill|82/361|[from] item: Life Orb","|faint|p1a: Drapion","|","|-weather|none","|","|switch|p1a: Gengar|Gengar, M|101/261","|-damage|p1a: Gengar|69/261|[from] Stealth Rock","|turn|11","|","|move|p1a: Gengar|Shadow Ball|p2a: Excadrill","|-damage|p2a: Excadrill|0 fnt","|faint|p2a: Excadrill","|","|","|switch|p2a: Landorus-Therian|Landorus-Therian, M|319/319","|-ability|p2a: Landorus-Therian|Intimidate","|-unboost|p1a: Gengar|atk|1","|turn|12","|","|move|p1a: Gengar|Shadow Ball|p2a: Landorus-Therian","|-damage|p2a: Landorus-Therian|162/319","|move|p2a: Landorus-Therian|Knock Off|p1a: Gengar","|-supereffective|p1a: Gengar","|-damage|p1a: Gengar|0 fnt","|-enditem|p1a: Gengar|Choice Scarf|[from] move: Knock Off|[of] p2a: Landorus-Therian","|faint|p1a: Gengar","|","|","|switch|p1a: Venusaur|Venusaur, M|363/363","|-damage|p1a: Venusaur|318/363|[from] Stealth Rock","|turn|13","|","|switch|p2a: Nidoking|Nidoking, M|303/303","|detailschange|p1a: Venusaur|Venusaur-Mega, M","|-mega|p1a: Venusaur|Venusaur|Venusaurite","|move|p1a: Venusaur|Giga Drain|p2a: Nidoking","|-damage|p2a: Nidoking|177/303","|-heal|p1a: Venusaur|363/363|[from] drain|[of] p2a: Nidoking","|","|turn|14","|","|move|p2a: Nidoking|Sludge Wave|p1a: Venusaur","|-damage|p1a: Venusaur|198/363","|move|p1a: Venusaur|Giga Drain|p2a: Nidoking","|-damage|p2a: Nidoking|47/303","|-heal|p1a: Venusaur|263/363|[from] drain|[of] p2a: Nidoking","|","|turn|15","|","|switch|p1a: Scolipede|Scolipede, M, shiny|261/261","|-damage|p1a: Scolipede|196/261|[from] Stealth Rock","|move|p2a: Nidoking|Fire Blast|p1a: Scolipede","|-supereffective|p1a: Scolipede","|-damage|p1a: Scolipede|0 fnt","|faint|p1a: Scolipede","|","|","|switch|p1a: Nidoqueen|Nidoqueen, F|383/383","|-damage|p1a: Nidoqueen|360/383|[from] Stealth Rock","|-item|p1a: Nidoqueen|Air Balloon","|turn|16","|","|move|p2a: Nidoking|Ice Beam|p1a: Nidoqueen","|-supereffective|p1a: Nidoqueen","|-damage|p1a: Nidoqueen|64/383","|-enditem|p1a: Nidoqueen|Air Balloon","|move|p1a: Nidoqueen|Ice Beam|p2a: Nidoking","|-supereffective|p2a: Nidoking","|-damage|p2a: Nidoking|0 fnt","|faint|p2a: Nidoking","|","|","|switch|p2a: Landorus-Therian|Landorus-Therian, M|162/319","|-ability|p2a: Landorus-Therian|Intimidate","|-unboost|p1a: Nidoqueen|atk|1","|turn|17","|","|move|p2a: Landorus-Therian|Earthquake|p1a: Nidoqueen","|-supereffective|p1a: Nidoqueen","|-damage|p1a: Nidoqueen|0 fnt","|faint|p1a: Nidoqueen","|","|","|switch|p1a: Venusaur|Venusaur-Mega, M|263/363","|-damage|p1a: Venusaur|218/363|[from] Stealth Rock","|turn|18","|","|move|p2a: Landorus-Therian|Earthquake|p1a: Venusaur","|-damage|p1a: Venusaur|85/363","|move|p1a: Venusaur|Giga Drain|p2a: Landorus-Therian","|-damage|p2a: Landorus-Therian|35/319","|-heal|p1a: Venusaur|149/363|[from] drain|[of] p2a: Landorus-Therian","|","|turn|19","|","|move|p2a: Landorus-Therian|Earthquake|p1a: Venusaur","|-damage|p1a: Venusaur|11/363","|move|p1a: Venusaur|Synthesis|p1a: Venusaur","|-heal|p1a: Venusaur|192/363","|","|turn|20","|","|move|p2a: Landorus-Therian|Earthquake|p1a: Venusaur","|-damage|p1a: Venusaur|59/363","|move|p1a: Venusaur|Synthesis|p1a: Venusaur","|-heal|p1a: Venusaur|240/363","|","|turn|21","|","|move|p2a: Landorus-Therian|Earthquake|p1a: Venusaur","|-damage|p1a: Venusaur|113/363","|move|p1a: Venusaur|Synthesis|p1a: Venusaur","|-heal|p1a: Venusaur|294/363","|","|turn|22","|","|move|p2a: Landorus-Therian|Earthquake|p1a: Venusaur","|-damage|p1a: Venusaur|168/363","|move|p1a: Venusaur|Synthesis|p1a: Venusaur","|-heal|p1a: Venusaur|349/363","|","|turn|23","|","|move|p2a: Landorus-Therian|Earthquake|p1a: Venusaur","|-damage|p1a: Venusaur|228/363","|move|p1a: Venusaur|Giga Drain|p2a: Landorus-Therian","|-damage|p2a: Landorus-Therian|0 fnt","|-heal|p1a: Venusaur|246/363|[from] drain|[of] p2a: Landorus-Therian","|faint|p2a: Landorus-Therian","|","|","|switch|p2a: Golurk|Golurk|319/319","|turn|24","|","|move|p2a: Golurk|Dynamic Punch|p1a: Venusaur","|-resisted|p1a: Venusaur","|-damage|p1a: Venusaur|209/363","|-start|p1a: Venusaur|confusion","|-activate|p1a: Venusaur|confusion","|-damage|p1a: Venusaur|189/363|[from] confusion","|","|turn|25","|","|switch|p2a: Garchomp|Garchomp, M|357/357","|-activate|p1a: Venusaur|confusion","|-damage|p1a: Venusaur|170/363|[from] confusion","|","|turn|26","|","|move|p2a: Garchomp|Earthquake|p1a: Venusaur","|-damage|p1a: Venusaur|46/363","|-end|p1a: Venusaur|confusion","|move|p1a: Venusaur|Synthesis|p1a: Venusaur","|-heal|p1a: Venusaur|227/363","|","|turn|27","|","|move|p2a: Garchomp|Swords Dance|p2a: Garchomp","|-boost|p2a: Garchomp|atk|2","|move|p1a: Venusaur|Synthesis|p1a: Venusaur","|-heal|p1a: Venusaur|363/363","|","|turn|28","|","|move|p2a: Garchomp|Earthquake|p1a: Venusaur","|-damage|p1a: Venusaur|129/363","|move|p1a: Venusaur|Giga Drain|p2a: Garchomp","|-damage|p2a: Garchomp|240/357","|-heal|p1a: Venusaur|188/363|[from] drain|[of] p2a: Garchomp","|","|turn|29","|","|move|p2a: Garchomp|Earthquake|p1a: Venusaur","|-damage|p1a: Venusaur|0 fnt","|faint|p1a: Venusaur","|","|win|Traine✘ Chief"],"p1rating":{"entryid":"6690851","serverid":"eos","formatid":"monotype","userid":"alliancemxy","username":"Alliance - Mxy","w":"58","l":28,"t":"0","gxe":65.8,"r":"1634.4303757297","rd":"43.340767533071","sigma":"0","rptime":"1438592400","rpr":1623.6714735366,"rprd":41.150480085156,"rpsigma":"0","acre":1224.0613148703,"lacre":1224.0613148703,"oldacre":"1252.4394947495"},"p2rating":{"entryid":"7268014","serverid":"eos","formatid":"monotype","userid":"trainechief","username":"Traine✘ Chief","w":19,"l":"11","t":"0","gxe":59.3,"r":"1552.7531386711","rd":"64.45599173542","sigma":"0","rptime":"1438592400","rpr":1571.6122468884,"rprd":60.834253090016,"rpsigma":"0","acre":1233.580759736,"lacre":1233.580759736,"oldacre":"1205.2025798568"},"endType":"normal"}