{"seed":[51363,26838,19207,31714],"turns":34,"p1":"Amateurized","p2":"LightOfAKnowing","p1team":[{"name":"Hoopa","species":"Hoopa","item":"lifeorb","ability":"Magician","moves":["substitute","hyperspacehole","shadowball","focusblast"],"nature":"Quiet","evs":{"hp":252,"atk":0,"def":4,"spa":252,"spd":0,"spe":0},"ivs":{"hp":31,"atk":31,"def":31,"spa":31,"spd":31,"spe":0}},{"name":"Cofagrigus","species":"Cofagrigus","item":"leftovers","ability":"Mummy","moves":["willowisp","painsplit","trickroom","toxicspikes"],"nature":"Sassy","evs":{"hp":252,"atk":0,"def":4,"spa":0,"spd":252,"spe":0},"ivs":{"hp":31,"atk":31,"def":31,"spa":31,"spd":31,"spe":0}},{"name":"Gourgeist-Super","species":"Gourgeist-Super","item":"leftovers","ability":"Frisk","moves":["trickroom","leechseed","willowisp","phantomforce"],"nature":"Sassy","evs":{"hp":252,"atk":4,"def":0,"spa":0,"spd":252,"spe":0},"ivs":{"hp":31,"atk":31,"def":31,"spa":31,"spd":31,"spe":0}},{"name":"Froslass","species":"Froslass","item":"focussash","ability":"Cursed Body","moves":["destinybond","spikes","icebeam","taunt"],"nature":"Timid","evs":{"hp":248,"atk":0,"def":0,"spa":8,"spd":0,"spe":252},"ivs":{"hp":31,"atk":31,"def":31,"spa":31,"spd":31,"spe":31}},{"name":"Aegislash","species":"Aegislash","item":"lumberry","ability":"Stance Change","moves":["ironhead","swordsdance","shadowsneak","sacredsword"],"nature":"Brave","evs":{"hp":248,"atk":252,"def":0,"spa":0,"spd":8,"spe":0},"ivs":{"hp":31,"atk":31,"def":31,"spa":31,"spd":31,"spe":0}},{"name":"Jellicent","species":"Jellicent","item":"leftovers","ability":"Water Absorb","moves":["scald","taunt","willowisp","recover"],"nature":"Bold","evs":{"hp":252,"atk":0,"def":252,"spa":0,"spd":4,"spe":0},"ivs":{"hp":31,"atk":31,"def":31,"spa":31,"spd":31,"spe":31}}],"p2team":[{"name":"Chesnaught","species":"Chesnaught","item":"leftovers","ability":"Bulletproof","moves":["spikyshield","leechseed","seedbomb","drainpunch"],"nature":"Impish","evs":{"hp":248,"atk":8,"def":252,"spa":0,"spd":0,"spe":0},"ivs":{"hp":31,"atk":31,"def":31,"spa":31,"spd":31,"spe":31}},{"name":"Ferrothorn","species":"Ferrothorn","item":"rockyhelmet","ability":"Iron Barbs","moves":["leechseed","powerwhip","ironhead","stealthrock"],"nature":"Impish","evs":{"hp":248,"atk":8,"def":252,"spa":0,"spd":0,"spe":0},"ivs":{"hp":31,"atk":31,"def":31,"spa":31,"spd":31,"spe":31}},{"name":"Roserade","species":"Roserade","item":"focussash","ability":"Technician","moves":["weatherball","sludgebomb","gigadrain","sleeppowder"],"nature":"","evs":{"hp":248,"atk":8,"def":252,"spa":0,"spd":0,"spe":0},"ivs":{"hp":31,"atk":30,"def":30,"spa":31,"spd":31,"spe":31}},{"name":"Ludicolo","species":"Ludicolo","item":"damprock","ability":"Swift Swim","moves":["raindance","icebeam","scald","focusblast"],"nature":"Modest","evs":{"hp":0,"atk":0,"def":0,"spa":252,"spd":4,"spe":252},"ivs":{"hp":31,"atk":31,"def":31,"spa":31,"spd":31,"spe":31}},{"name":"Sceptile","species":"Sceptile","item":"sceptilite","ability":"Overgrow","moves":["dragonpulse","energyball","synthesis","hiddenpowerice"],"nature":"Timid","evs":{"hp":0,"atk":0,"def":0,"spa":252,"spd":4,"spe":252},"ivs":{"hp":31,"atk":30,"def":30,"spa":31,"spd":31,"spe":31}},{"name":"Rotom-Mow","species":"Rotom-Mow","item":"choicescarf","ability":"Levitate","moves":["thunderbolt","raindance","willowisp","leafstorm"],"nature":"Timid","evs":{"hp":0,"atk":0,"def":0,"spa":252,"spd":4,"spe":252},"ivs":{"hp":31,"atk":31,"def":31,"spa":31,"spd":31,"spe":31}}],"log":["|player|p1|Amateurized|266","|player|p2|LightOfAKnowing|lightofaknowing.gif","|gametype|singles","|gen|6","|tier|Monotype","|rated","|rule|Baton Pass Clause: Limit one Baton Passer, can't pass Spe and other stats simultaneously","|rule|Swagger Clause: Swagger is banned","|rule|Same Type Clause: Pokémon in a team must share a type","|clearpoke","|poke|p1|Hoopa","|poke|p1|Cofagrigus, F","|poke|p1|Gourgeist-*, M","|poke|p1|Froslass, F","|poke|p1|Aegislash, M","|poke|p1|Jellicent, F","|poke|p2|Chesnaught, F","|poke|p2|Ferrothorn, M","|poke|p2|Roserade, M","|poke|p2|Ludicolo, F","|poke|p2|Sceptile, M","|poke|p2|Rotom-Mow","|rule|Sleep Clause Mod: Limit one foe put to sleep","|rule|Species Clause: Limit one of each Pokémon","|rule|OHKO Clause: OHKO moves are banned","|rule|Moody Clause: Moody is banned","|rule|Evasion Moves Clause: Evasion moves are banned","|rule|Endless Battle Clause: Forcing endless battles is banned","|rule|HP Percentage Mod: HP is shown in percentages","|teampreview","|","|start","|switch|p1a: Cofagrigus|Cofagrigus, F|320/320","|switch|p2a: Roserade|Roserade, M|323/323","|turn|1","|","|move|p2a: Roserade|Sleep Powder|p1a: Cofagrigus","|-status|p1a: Cofagrigus|slp","|cant|p1a: Cofagrigus|slp","|","|turn|2","|","|switch|p1a: Gourgeist-Super|Gourgeist-Super, M|374/374","|-item|p2a: Roserade|Focus Sash|[from] ability: Frisk|[of] p1a: Gourgeist-Super|[identify]","|move|p2a: Roserade|Giga Drain|p1a: Gourgeist-Super","|-resisted|p1a: Gourgeist-Super","|-damage|p1a: Gourgeist-Super|330/374","|","|-heal|p1a: Gourgeist-Super|353/374|[from] item: Leftovers","|turn|3","|","|move|p2a: Roserade|Sludge Bomb|p1a: Gourgeist-Super","|-damage|p1a: Gourgeist-Super|244/374","|move|p1a: Gourgeist-Super|Trick Room|p1a: Gourgeist-Super","|-fieldstart|move: Trick Room|[of] p1a: Gourgeist-Super","|","|-heal|p1a: Gourgeist-Super|267/374|[from] item: Leftovers","|turn|4","|","|switch|p1a: Hoopa|Hoopa|364/364","|switch|p2a: Ferrothorn|Ferrothorn, M|351/351","|","|turn|5","|","|move|p2a: Ferrothorn|Stealth Rock|p1a: Hoopa","|-sidestart|p1: Amateurized|move: Stealth Rock","|move|p1a: Hoopa|Substitute|p1a: Hoopa","|-start|p1a: Hoopa|Substitute","|-damage|p1a: Hoopa|273/364","|","|turn|6","|","|move|p2a: Ferrothorn|Power Whip|p1a: Hoopa","|-end|p1a: Hoopa|Substitute","|move|p1a: Hoopa|Focus Blast|p2a: Ferrothorn","|-supereffective|p2a: Ferrothorn","|-damage|p2a: Ferrothorn|0 fnt","|-damage|p1a: Hoopa|237/364|[from] item: Life Orb","|faint|p2a: Ferrothorn","|","|","|switch|p2a: Roserade|Roserade, M|323/323","|turn|7","|","|move|p1a: Hoopa|Hyperspace Hole|p2a: Roserade","|-supereffective|p2a: Roserade","|-enditem|p2a: Roserade|Focus Sash","|-damage|p2a: Roserade|1/323","|-damage|p1a: Hoopa|201/364|[from] item: Life Orb","|move|p2a: Roserade|Sludge Bomb|p1a: Hoopa","|-resisted|p1a: Hoopa","|-damage|p1a: Hoopa|154/364","|","|-fieldend|move: Trick Room","|turn|8","|","|move|p2a: Roserade|Giga Drain|p1a: Hoopa","|-damage|p1a: Hoopa|70/364","|-heal|p2a: Roserade|43/323|[from] drain|[of] p1a: Hoopa","|move|p1a: Hoopa|Hyperspace Hole|p2a: Roserade","|-supereffective|p2a: Roserade","|-damage|p2a: Roserade|0 fnt","|-damage|p1a: Hoopa|34/364|[from] item: Life Orb","|faint|p2a: Roserade","|","|","|switch|p2a: Ludicolo|Ludicolo, F|301/301","|turn|9","|","|move|p2a: Ludicolo|Rain Dance|p2a: Ludicolo","|-weather|RainDance","|move|p1a: Hoopa|Hyperspace Hole|p2a: Ludicolo","|-damage|p2a: Ludicolo|81/301","|-damage|p1a: Hoopa|0 fnt|[from] item: Life Orb","|faint|p1a: Hoopa","|","|-weather|RainDance|[upkeep]","|","|switch|p1a: Gourgeist-Super|Gourgeist-Super, M|267/374","|-damage|p1a: Gourgeist-Super|221/374|[from] Stealth Rock","|-item|p2a: Ludicolo|Damp Rock|[from] ability: Frisk|[of] p1a: Gourgeist-Super|[identify]","|turn|10","|","|move|p2a: Ludicolo|Ice Beam|p1a: Gourgeist-Super","|-supereffective|p1a: Gourgeist-Super","|-damage|p1a: Gourgeist-Super|73/374","|-status|p1a: Gourgeist-Super|frz","|cant|p1a: Gourgeist-Super|frz","|","|-weather|RainDance|[upkeep]","|-heal|p1a: Gourgeist-Super|96/374 frz|[from] item: Leftovers","|turn|11","|","|move|p2a: Ludicolo|Ice Beam|p1a: Gourgeist-Super","|-supereffective|p1a: Gourgeist-Super","|-damage|p1a: Gourgeist-Super|0 fnt","|faint|p1a: Gourgeist-Super","|","|-weather|RainDance|[upkeep]","|","|switch|p1a: Cofagrigus|Cofagrigus, F|320/320 slp","|-damage|p1a: Cofagrigus|280/320 slp|[from] Stealth Rock","|turn|12","|","|move|p2a: Ludicolo|Scald|p1a: Cofagrigus","|-damage|p1a: Cofagrigus|144/320 slp","|-curestatus|p1a: Cofagrigus|slp","|move|p1a: Cofagrigus|Trick Room|p1a: Cofagrigus","|-fieldstart|move: Trick Room|[of] p1a: Cofagrigus","|","|-weather|RainDance|[upkeep]","|-heal|p1a: Cofagrigus|164/320|[from] item: Leftovers","|turn|13","|","|switch|p2a: Chesnaught|Chesnaught, F|379/379","|move|p1a: Cofagrigus|Toxic Spikes|p2a: Chesnaught","|-sidestart|p2: LightOfAKnowing|move: Toxic Spikes","|","|-weather|RainDance|[upkeep]","|-heal|p1a: Cofagrigus|184/320|[from] item: Leftovers","|turn|14","|","|move|p1a: Cofagrigus|Toxic Spikes|p2a: Chesnaught","|-sidestart|p2: LightOfAKnowing|move: Toxic Spikes","|move|p2a: Chesnaught|Leech Seed|p1a: Cofagrigus","|-start|p1a: Cofagrigus|move: Leech Seed","|","|-weather|RainDance|[upkeep]","|-heal|p1a: Cofagrigus|204/320|[from] item: Leftovers","|-damage|p1a: Cofagrigus|164/320|[from] Leech Seed|[of] p2a: Chesnaught","|turn|15","|","|move|p1a: Cofagrigus|Will-O-Wisp|p2a: Chesnaught","|-status|p2a: Chesnaught|brn","|move|p2a: Chesnaught|Seed Bomb|p1a: Cofagrigus","|-damage|p1a: Cofagrigus|128/320","|","|-weather|RainDance|[upkeep]","|-heal|p1a: Cofagrigus|148/320|[from] item: Leftovers","|-damage|p1a: Cofagrigus|108/320|[from] Leech Seed|[of] p2a: Chesnaught","|-damage|p2a: Chesnaught|332/379 brn|[from] brn","|turn|16","|","|move|p1a: Cofagrigus|Pain Split|p2a: Chesnaught","|-sethp|p2a: Chesnaught|220/379 brn|p1a: Cofagrigus|220/320|[from] move: Pain Split","|move|p2a: Chesnaught|Seed Bomb|p1a: Cofagrigus","|-damage|p1a: Cofagrigus|183/320","|","|-weather|none","|-heal|p1a: Cofagrigus|203/320|[from] item: Leftovers","|-heal|p2a: Chesnaught|243/379 brn|[from] item: Leftovers","|-damage|p1a: Cofagrigus|163/320|[from] Leech Seed|[of] p2a: Chesnaught","|-heal|p2a: Chesnaught|283/379 brn|[silent]","|-damage|p2a: Chesnaught|236/379 brn|[from] brn","|-fieldend|move: Trick Room","|turn|17","|","|move|p2a: Chesnaught|Seed Bomb|p1a: Cofagrigus","|-crit|p1a: Cofagrigus","|-damage|p1a: Cofagrigus|110/320","|move|p1a: Cofagrigus|Pain Split|p2a: Chesnaught","|-sethp|p2a: Chesnaught|173/379 brn|p1a: Cofagrigus|173/320|[from] move: Pain Split","|","|-heal|p2a: Chesnaught|196/379 brn|[from] item: Leftovers","|-heal|p1a: Cofagrigus|193/320|[from] item: Leftovers","|-damage|p1a: Cofagrigus|153/320|[from] Leech Seed|[of] p2a: Chesnaught","|-heal|p2a: Chesnaught|236/379 brn|[silent]","|-damage|p2a: Chesnaught|189/379 brn|[from] brn","|turn|18","|","|switch|p1a: Aegislash|Aegislash, M|323/323","|-damage|p1a: Aegislash|303/323|[from] Stealth Rock","|move|p2a: Chesnaught|Seed Bomb|p1a: Aegislash","|-resisted|p1a: Aegislash","|-damage|p1a: Aegislash|285/323","|","|-heal|p2a: Chesnaught|212/379 brn|[from] item: Leftovers","|-damage|p2a: Chesnaught|165/379 brn|[from] brn","|turn|19","|","|move|p2a: Chesnaught|Leech Seed|p1a: Aegislash","|-start|p1a: Aegislash|move: Leech Seed","|move|p1a: Aegislash|Swords Dance|p1a: Aegislash","|-boost|p1a: Aegislash|atk|2","|","|-heal|p2a: Chesnaught|188/379 brn|[from] item: Leftovers","|-damage|p1a: Aegislash|245/323|[from] Leech Seed|[of] p2a: Chesnaught","|-heal|p2a: Chesnaught|228/379 brn|[silent]","|-damage|p2a: Chesnaught|181/379 brn|[from] brn","|turn|20","|","|move|p2a: Chesnaught|Spiky Shield|p2a: Chesnaught","|-singleturn|p2a: Chesnaught|move: Protect","|move|p1a: Aegislash|Swords Dance|p1a: Aegislash","|-boost|p1a: Aegislash|atk|2","|","|-heal|p2a: Chesnaught|204/379 brn|[from] item: Leftovers","|-damage|p1a: Aegislash|205/323|[from] Leech Seed|[of] p2a: Chesnaught","|-heal|p2a: Chesnaught|244/379 brn|[silent]","|-damage|p2a: Chesnaught|197/379 brn|[from] brn","|turn|21","|","|move|p2a: Chesnaught|Spiky Shield|p2a: Chesnaught","|-singleturn|p2a: Chesnaught|move: Protect","|-formechange|p1a: Aegislash|Aegislash-Blade","|move|p1a: Aegislash|Shadow Sneak|p2a: Chesnaught","|-activate|p2a: Chesnaught|Protect","|-damage|p1a: Aegislash|165/323|[from] Spiky Shield|[of] p2a: Chesnaught","|","|-heal|p2a: Chesnaught|220/379 brn|[from] item: Leftovers","|-damage|p1a: Aegislash|125/323|[from] Leech Seed|[of] p2a: Chesnaught","|-heal|p2a: Chesnaught|260/379 brn|[silent]","|-damage|p2a: Chesnaught|213/379 brn|[from] brn","|turn|22","|","|move|p1a: Aegislash|Shadow Sneak|p2a: Chesnaught","|-damage|p2a: Chesnaught|51/379 brn","|move|p2a: Chesnaught|Seed Bomb|p1a: Aegislash","|-resisted|p1a: Aegislash","|-damage|p1a: Aegislash|81/323","|","|-heal|p2a: Chesnaught|74/379 brn|[from] item: Leftovers","|-damage|p1a: Aegislash|41/323|[from] Leech Seed|[of] p2a: Chesnaught","|-heal|p2a: Chesnaught|114/379 brn|[silent]","|-damage|p2a: Chesnaught|67/379 brn|[from] brn","|turn|23","|","|move|p2a: Chesnaught|Spiky Shield|p2a: Chesnaught","|-singleturn|p2a: Chesnaught|move: Protect","|move|p1a: Aegislash|Swords Dance|p1a: Aegislash","|-boost|p1a: Aegislash|atk|2","|","|-heal|p2a: Chesnaught|90/379 brn|[from] item: Leftovers","|-damage|p1a: Aegislash|1/323|[from] Leech Seed|[of] p2a: Chesnaught","|-heal|p2a: Chesnaught|130/379 brn|[silent]","|-damage|p2a: Chesnaught|83/379 brn|[from] brn","|turn|24","|","|move|p2a: Chesnaught|Spiky Shield|p2a: Chesnaught","|-singleturn|p2a: Chesnaught|move: Protect","|move|p1a: Aegislash|Shadow Sneak|p2a: Chesnaught","|-activate|p2a: Chesnaught|Protect","|-damage|p1a: Aegislash|0 fnt|[from] Spiky Shield|[of] p2a: Chesnaught","|faint|p1a: Aegislash","|","|-heal|p2a: Chesnaught|106/379 brn|[from] item: Leftovers","|-damage|p2a: Chesnaught|59/379 brn|[from] brn","|","|switch|p1a: Froslass|Froslass, F|343/343","|-damage|p1a: Froslass|258/343|[from] Stealth Rock","|turn|25","|","|move|p1a: Froslass|Ice Beam|p2a: Chesnaught","|-supereffective|p2a: Chesnaught","|-damage|p2a: Chesnaught|0 fnt","|faint|p2a: Chesnaught","|","|","|switch|p2a: Sceptile|Sceptile, M|281/281","|-status|p2a: Sceptile|tox","|turn|26","|","|detailschange|p2a: Sceptile|Sceptile-Mega, M","|-mega|p2a: Sceptile|Sceptile|Sceptilite","|move|p2a: Sceptile|Dragon Pulse|p1a: Froslass","|-damage|p1a: Froslass|35/343","|move|p1a: Froslass|Ice Beam|p2a: Sceptile","|-supereffective|p2a: Sceptile","|-damage|p2a: Sceptile|0 fnt","|faint|p2a: Sceptile","|","|","|switch|p2a: Ludicolo|Ludicolo, F|81/301","|-status|p2a: Ludicolo|tox","|turn|27","|","|move|p1a: Froslass|Ice Beam|p2a: Ludicolo","|-damage|p2a: Ludicolo|0 fnt","|faint|p2a: Ludicolo","|","|","|switch|p2a: Rotom-Mow|Rotom-Mow|241/241","|turn|28","|","|move|p2a: Rotom-Mow|Thunderbolt|p1a: Froslass","|-damage|p1a: Froslass|0 fnt","|faint|p1a: Froslass","|","|","|switch|p1a: Cofagrigus|Cofagrigus, F|153/320","|-damage|p1a: Cofagrigus|113/320|[from] Stealth Rock","|turn|29","|","|move|p2a: Rotom-Mow|Thunderbolt|p1a: Cofagrigus","|-damage|p1a: Cofagrigus|23/320","|move|p1a: Cofagrigus|Trick Room|p1a: Cofagrigus","|-fieldstart|move: Trick Room|[of] p1a: Cofagrigus","|","|-heal|p1a: Cofagrigus|43/320|[from] item: Leftovers","|turn|30","|","|move|p1a: Cofagrigus|Pain Split|p2a: Rotom-Mow","|-sethp|p2a: Rotom-Mow|142/241|p1a: Cofagrigus|142/320|[from] move: Pain Split","|move|p2a: Rotom-Mow|Thunderbolt|p1a: Cofagrigus","|-damage|p1a: Cofagrigus|49/320","|","|-heal|p1a: Cofagrigus|69/320|[from] item: Leftovers","|turn|31","|","|move|p1a: Cofagrigus|Will-O-Wisp|p2a: Rotom-Mow","|-status|p2a: Rotom-Mow|brn","|move|p2a: Rotom-Mow|Thunderbolt|p1a: Cofagrigus","|-damage|p1a: Cofagrigus|0 fnt","|faint|p1a: Cofagrigus","|","|-damage|p2a: Rotom-Mow|112/241 brn|[from] brn","|","|switch|p1a: Jellicent|Jellicent, F|404/404","|-damage|p1a: Jellicent|354/404|[from] Stealth Rock","|turn|32","|","|move|p1a: Jellicent|Scald|p2a: Rotom-Mow","|-resisted|p2a: Rotom-Mow","|-damage|p2a: Rotom-Mow|73/241 brn","|move|p2a: Rotom-Mow|Thunderbolt|p1a: Jellicent","|-supereffective|p1a: Jellicent","|-damage|p1a: Jellicent|78/404","|","|-heal|p1a: Jellicent|103/404|[from] item: Leftovers","|-damage|p2a: Rotom-Mow|43/241 brn|[from] brn","|turn|33","|","|move|p1a: Jellicent|Recover|p1a: Jellicent","|-heal|p1a: Jellicent|305/404","|move|p2a: Rotom-Mow|Thunderbolt|p1a: Jellicent","|-supereffective|p1a: Jellicent","|-damage|p1a: Jellicent|51/404","|","|-heal|p1a: Jellicent|76/404|[from] item: Leftovers","|-damage|p2a: Rotom-Mow|13/241 brn|[from] brn","|-fieldend|move: Trick Room","|turn|34","|","|move|p2a: Rotom-Mow|Thunderbolt|p1a: Jellicent","|-crit|p1a: Jellicent","|-supereffective|p1a: Jellicent","|-damage|p1a: Jellicent|0 fnt","|faint|p1a: Jellicent","|","|win|LightOfAKnowing"],"p1rating":{"entryid":"6102252","serverid":"eos","formatid":"monotype","userid":"amateurized","username":"Amateurized","w":"9","l":12,"t":"0","gxe":40.8,"r":"1463.1393272439","rd":"82.252611866501","sigma":"0","rptime":"1438592400","rpr":1428.0243488527,"rprd":74.840648224845,"rpsigma":"0","acre":1079.5127512064,"lacre":1079.5127512064,"oldacre":"1102.0047890859"},"p2rating":{"entryid":"6481865","serverid":"eos","formatid":"monotype","userid":"lightofaknowing","username":"Light-Of-A-Knowing","w":111,"l":"144","t":"0","gxe":42.7,"r":"1437.2009489994","rd":"31.686940741979","sigma":"0","rptime":"1438592400","rpr":1444.273637527,"rprd":30.915964434767,"rpsigma":"0","acre":1159.4686715187,"lacre":1159.4686715187,"oldacre":"1136.9766336392"},"endType":"normal"}