{"seed":[15892,9948,52907,50848],"turns":24,"p1":"Sage.13","p2":"Void Wiley","p1team":[{"name":"Ludicolo","species":"Ludicolo","item":"leftovers","ability":"Swift Swim","moves":["teeterdance","scald","icebeam","gigadrain"],"nature":"Modest","evs":{"hp":0,"atk":0,"def":0,"spa":252,"spd":4,"spe":252},"shiny":true,"ivs":{"hp":31,"atk":31,"def":31,"spa":31,"spd":31,"spe":31}},{"name":"Azumarill","species":"Azumarill","item":"sitrusberry","ability":"Huge Power","moves":["aquajet","playrough","bellydrum","knockoff"],"nature":"Adamant","evs":{"hp":252,"atk":252,"def":0,"spa":0,"spd":4,"spe":0},"ivs":{"hp":31,"atk":31,"def":31,"spa":31,"spd":31,"spe":31}},{"name":"Swampert","species":"Swampert","item":"swampertite","ability":"Damp","moves":["superpower","waterfall","earthquake","icepunch"],"nature":"Adamant","evs":{"hp":248,"atk":252,"def":0,"spa":0,"spd":8,"spe":0},"ivs":{"hp":31,"atk":31,"def":31,"spa":31,"spd":31,"spe":31}},{"name":"Milotic","species":"Milotic","item":"leftovers","ability":"Competitive","moves":["scald","icebeam","raindance","toxic"],"nature":"Bold","evs":{"hp":252,"atk":0,"def":252,"spa":4,"spd":0,"spe":0},"shiny":true,"ivs":{"hp":31,"atk":31,"def":31,"spa":31,"spd":31,"spe":31}},{"name":"Politoed","species":"Politoed","item":"widelens","ability":"Drizzle","moves":["icebeam","surf","hypnosis","perishsong"],"nature":"Modest","evs":{"hp":248,"atk":0,"def":0,"spa":252,"spd":8,"spe":0},"shiny":true,"ivs":{"hp":31,"atk":31,"def":31,"spa":31,"spd":31,"spe":31}},{"name":"Starmie","species":"Starmie","item":"lifeorb","ability":"Natural Cure","moves":["psychic","icebeam","thunder","surf"],"nature":"Timid","evs":{"hp":0,"atk":0,"def":0,"spa":252,"spd":4,"spe":252},"shiny":true,"ivs":{"hp":31,"atk":31,"def":31,"spa":31,"spd":31,"spe":31}}],"p2team":[{"name":"Tuba","species":"slurpuff","item":"sitrusberry","ability":"Unburden","moves":["bellydrum","drainpunch","playrough","aromatherapy"],"nature":"Jolly","evs":{"hp":4,"atk":252,"def":0,"spa":0,"spd":0,"spe":252},"ivs":{"hp":31,"atk":31,"def":31,"spa":31,"spd":31,"spe":31}},{"name":"Clarinet","species":"azumarill","item":"sitrusberry","ability":"Huge Power","moves":["bellydrum","aquajet","brickbreak","playrough"],"nature":"Adamant","evs":{"hp":252,"atk":252,"def":0,"spa":0,"spd":4,"spe":0},"ivs":{"hp":31,"atk":31,"def":31,"spa":31,"spd":31,"spe":31}},{"name":"Flute","species":"gardevoir","item":"gardevoirite","ability":"Synchronize","moves":["psyshock","hypervoice","energyball","focusblast"],"nature":"Modest","evs":{"hp":248,"atk":0,"def":0,"spa":252,"spd":8,"spe":0},"ivs":{"hp":31,"atk":31,"def":31,"spa":31,"spd":31,"spe":31}},{"name":"Alto","species":"togekiss","item":"choicescarf","ability":"Serene Grace","moves":["airslash","flamethrower","aurasphere","dazzlinggleam"],"nature":"Timid","evs":{"hp":0,"atk":0,"def":0,"spa":252,"spd":4,"spe":252},"ivs":{"hp":31,"atk":31,"def":31,"spa":31,"spd":31,"spe":31}},{"name":"Sax","species":"klefki","item":"lightclay","ability":"Prankster","moves":["thunderwave","lightscreen","reflect","foulplay"],"nature":"Bold","evs":{"hp":248,"atk":0,"def":252,"spa":0,"spd":8,"spe":0},"ivs":{"hp":31,"atk":31,"def":31,"spa":31,"spd":31,"spe":31}},{"name":"Trumpet","species":"sylveon","item":"leftovers","ability":"Pixilate","moves":["hypervoice","wish","protect","calmmind"],"nature":"Calm","evs":{"hp":252,"atk":0,"def":0,"spa":4,"spd":252,"spe":0},"ivs":{"hp":31,"atk":31,"def":31,"spa":31,"spd":31,"spe":31}}],"log":["|player|p1|Sage.13|154","|player|p2|Void Wiley|voidwiley.png","|gametype|singles","|gen|6","|tier|Monotype","|rated","|rule|Baton Pass Clause: Limit one Baton Passer, can't pass Spe and other stats simultaneously","|rule|Swagger Clause: Swagger is banned","|rule|Same Type Clause: Pokémon in a team must share a type","|clearpoke","|poke|p1|Ludicolo, F, shiny","|poke|p1|Azumarill, M","|poke|p1|Swampert, F","|poke|p1|Milotic, M, shiny","|poke|p1|Politoed, M, shiny","|poke|p1|Starmie, shiny","|poke|p2|Slurpuff, F","|poke|p2|Azumarill, F","|poke|p2|Gardevoir, F","|poke|p2|Togekiss, F","|poke|p2|Klefki, M","|poke|p2|Sylveon, F","|rule|Sleep Clause Mod: Limit one foe put to sleep","|rule|Species Clause: Limit one of each Pokémon","|rule|OHKO Clause: OHKO moves are banned","|rule|Moody Clause: Moody is banned","|rule|Evasion Moves Clause: Evasion moves are banned","|rule|Endless Battle Clause: Forcing endless battles is banned","|rule|HP Percentage Mod: HP is shown in percentages","|teampreview","|","|start","|switch|p1a: Politoed|Politoed, M, shiny|383/383","|switch|p2a: Flute|Gardevoir, F|339/339","|-weather|RainDance","|turn|1","|","|detailschange|p2a: Flute|Gardevoir-Mega, F","|-mega|p2a: Flute|Gardevoir|Gardevoirite","|move|p2a: Flute|Energy Ball|p1a: Politoed","|-supereffective|p1a: Politoed","|-damage|p1a: Politoed|81/383","|move|p1a: Politoed|Surf|p2a: Flute","|-damage|p2a: Flute|177/339","|","|-weather|RainDance|[upkeep]","|turn|2","|","|switch|p1a: Ludicolo|Ludicolo, F, shiny|301/301","|move|p2a: Flute|Energy Ball|p1a: Ludicolo","|-damage|p1a: Ludicolo|163/301","|","|-weather|RainDance|[upkeep]","|-heal|p1a: Ludicolo|181/301|[from] item: Leftovers","|turn|3","|","|switch|p2a: Sax|Klefki, M|317/317","|move|p1a: Ludicolo|Teeter Dance|p2a: Sax","|-start|p2a: Sax|confusion","|","|-weather|RainDance|[upkeep]","|-heal|p1a: Ludicolo|199/301|[from] item: Leftovers","|turn|4","|","|-activate|p2a: Sax|confusion","|-damage|p2a: Sax|296/317|[from] confusion","|move|p1a: Ludicolo|Scald|p2a: Sax","|-damage|p2a: Sax|89/317","|","|-weather|RainDance|[upkeep]","|-heal|p1a: Ludicolo|217/301|[from] item: Leftovers","|turn|5","|","|-activate|p2a: Sax|confusion","|-damage|p2a: Sax|71/317|[from] confusion","|move|p1a: Ludicolo|Scald|p2a: Sax","|-damage|p2a: Sax|0 fnt","|faint|p2a: Sax","|","|-weather|none","|-heal|p1a: Ludicolo|235/301|[from] item: Leftovers","|","|switch|p2a: Alto|Togekiss, F|311/311","|turn|6","|","|switch|p1a: Swampert|Swampert, F|403/403","|move|p2a: Alto|Air Slash|p1a: Swampert","|-damage|p1a: Swampert|255/403","|","|turn|7","|","|detailschange|p1a: Swampert|Swampert-Mega, F","|-mega|p1a: Swampert|Swampert|Swampertite","|move|p2a: Alto|Air Slash|p1a: Swampert","|-damage|p1a: Swampert|144/403","|move|p1a: Swampert|Waterfall|p2a: Alto","|-damage|p2a: Alto|134/311","|","|turn|8","|","|switch|p1a: Politoed|Politoed, M, shiny|81/383","|-weather|RainDance","|move|p2a: Alto|Air Slash|p1a: Politoed","|-crit|p1a: Politoed","|-damage|p1a: Politoed|0 fnt","|faint|p1a: Politoed","|","|-weather|RainDance|[upkeep]","|","|switch|p1a: Swampert|Swampert-Mega, F|144/403","|turn|9","|","|move|p2a: Alto|Air Slash|p1a: Swampert","|-damage|p1a: Swampert|23/403","|cant|p1a: Swampert|flinch","|","|-weather|RainDance|[upkeep]","|turn|10","|","|switch|p1a: Milotic|Milotic, M, shiny|394/394","|move|p2a: Alto|Air Slash|p1a: Milotic","|-damage|p1a: Milotic|280/394","|","|-weather|RainDance|[upkeep]","|-heal|p1a: Milotic|304/394|[from] item: Leftovers","|turn|11","|","|move|p2a: Alto|Air Slash|p1a: Milotic","|-damage|p1a: Milotic|201/394","|move|p1a: Milotic|Toxic|p2a: Alto","|-status|p2a: Alto|tox","|","|-weather|RainDance|[upkeep]","|-heal|p1a: Milotic|225/394|[from] item: Leftovers","|-damage|p2a: Alto|115/311 tox|[from] psn","|turn|12","|","|move|p2a: Alto|Air Slash|p1a: Milotic","|-damage|p1a: Milotic|117/394","|cant|p1a: Milotic|flinch","|","|-weather|none","|-heal|p1a: Milotic|141/394|[from] item: Leftovers","|-damage|p2a: Alto|77/311 tox|[from] psn","|turn|13","|","|switch|p1a: Azumarill|Azumarill, M|404/404","|move|p2a: Alto|Air Slash|p1a: Azumarill","|-damage|p1a: Azumarill|251/404","|","|-damage|p2a: Alto|20/311 tox|[from] psn","|turn|14","|","|move|p1a: Azumarill|Aqua Jet|p2a: Alto","|-damage|p2a: Alto|0 fnt","|faint|p2a: Alto","|","|","|switch|p2a: Clarinet|Azumarill, F|404/404","|turn|15","|","|move|p1a: Azumarill|Knock Off|p2a: Clarinet","|-resisted|p2a: Clarinet","|-damage|p2a: Clarinet|315/404","|-enditem|p2a: Clarinet|Sitrus Berry|[from] move: Knock Off|[of] p1a: Azumarill","|move|p2a: Clarinet|Belly Drum|p2a: Clarinet","|-damage|p2a: Clarinet|113/404","|-setboost|p2a: Clarinet|atk|6|[from] move: Belly Drum","|","|turn|16","|","|move|p1a: Azumarill|Aqua Jet|p2a: Clarinet","|-resisted|p2a: Clarinet","|-damage|p2a: Clarinet|57/404","|move|p2a: Clarinet|Play Rough|p1a: Azumarill","|-damage|p1a: Azumarill|0 fnt","|faint|p1a: Azumarill","|","|","|switch|p1a: Ludicolo|Ludicolo, F, shiny|235/301","|turn|17","|","|move|p2a: Clarinet|Aqua Jet|p1a: Ludicolo","|-resisted|p1a: Ludicolo","|-damage|p1a: Ludicolo|112/301","|move|p1a: Ludicolo|Giga Drain|p2a: Clarinet","|-supereffective|p2a: Clarinet","|-damage|p2a: Clarinet|0 fnt","|-heal|p1a: Ludicolo|141/301|[from] drain|[of] p2a: Clarinet","|faint|p2a: Clarinet","|","|-heal|p1a: Ludicolo|159/301|[from] item: Leftovers","|","|switch|p2a: Flute|Gardevoir-Mega, F|177/339","|turn|18","|","|switch|p1a: Swampert|Swampert-Mega, F|23/403","|move|p2a: Flute|Hyper Voice|p1a: Swampert","|-damage|p1a: Swampert|0 fnt","|faint|p1a: Swampert","|","|","|switch|p1a: Milotic|Milotic, M, shiny|141/394","|turn|19","|","|move|p2a: Flute|Hyper Voice|p1a: Milotic","|-damage|p1a: Milotic|0 fnt","|faint|p1a: Milotic","|","|","|switch|p1a: Starmie|Starmie, shiny|261/261","|turn|20","|","|move|p1a: Starmie|Surf|p2a: Flute","|-damage|p2a: Flute|43/339","|-damage|p1a: Starmie|235/261|[from] item: Life Orb","|move|p2a: Flute|Energy Ball|p1a: Starmie","|-supereffective|p1a: Starmie","|-damage|p1a: Starmie|0 fnt","|faint|p1a: Starmie","|","|","|switch|p1a: Ludicolo|Ludicolo, F, shiny|159/301","|turn|21","|","|move|p1a: Ludicolo|Giga Drain|p2a: Flute","|-damage|p2a: Flute|0 fnt","|-heal|p1a: Ludicolo|181/301|[from] drain|[of] p2a: Flute","|faint|p2a: Flute","|","|-heal|p1a: Ludicolo|199/301|[from] item: Leftovers","|","|switch|p2a: Trumpet|Sylveon, F|394/394","|turn|22","|","|move|p1a: Ludicolo|Teeter Dance|p2a: Trumpet","|-start|p2a: Trumpet|confusion","|-activate|p2a: Trumpet|confusion","|-damage|p2a: Trumpet|366/394|[from] confusion","|","|-heal|p1a: Ludicolo|217/301|[from] item: Leftovers","|-heal|p2a: Trumpet|390/394|[from] item: Leftovers","|turn|23","|","|move|p1a: Ludicolo|Scald|p2a: Trumpet","|-damage|p2a: Trumpet|312/394","|-status|p2a: Trumpet|brn","|-end|p2a: Trumpet|confusion","|move|p2a: Trumpet|Hyper Voice|p1a: Ludicolo","|-damage|p1a: Ludicolo|81/301","|","|-heal|p1a: Ludicolo|99/301|[from] item: Leftovers","|-heal|p2a: Trumpet|336/394 brn|[from] item: Leftovers","|-damage|p2a: Trumpet|287/394 brn|[from] brn","|turn|24","|","|move|p1a: Ludicolo|Giga Drain|p2a: Trumpet","|-damage|p2a: Trumpet|212/394 brn","|-heal|p1a: Ludicolo|137/301|[from] drain|[of] p2a: Trumpet","|move|p2a: Trumpet|Hyper Voice|p1a: Ludicolo","|-damage|p1a: Ludicolo|0 fnt","|faint|p1a: Ludicolo","|","|win|Void Wiley"],"p1rating":{"entryid":"7365108","serverid":"eos","formatid":"monotype","userid":"sage13","username":"Sage.13","w":"1","l":2,"t":"0","gxe":44.5,"r":"1500","rd":"130","sigma":"0","rptime":"1438592400","rpr":1456.3890231763,"rprd":110.6248964448,"rpsigma":"0","acre":1029.5785587158,"lacre":1029.5785587158,"oldacre":"1040"},"p2rating":{"entryid":"5697050","serverid":"eos","formatid":"monotype","userid":"voidwiley","username":"Void Wiley","w":158,"l":"138","t":"0","gxe":55.5,"r":"1536.7228521162","rd":"28.343538317993","sigma":"0","rptime":"1438592400","rpr":1541.5224069019,"rprd":27.61297983383,"rpsigma":"0","acre":1182.7213611021,"lacre":1182.7213611021,"oldacre":"1166.4378590955"},"endType":"normal"}