{"seed":[9763,12426,46316,3828],"turns":27,"p1":"MachoSalad","p2":"Sovereign♕Cactus","p1team":[{"name":"Skarmory","species":"Skarmory","item":"rockyhelmet","ability":"Sturdy","moves":["roost","stealthrock","defog","whirlwind"],"nature":"Bold","evs":{"hp":248,"atk":0,"def":252,"spa":0,"spd":0,"spe":8},"ivs":{"hp":31,"atk":0,"def":31,"spa":31,"spd":31,"spe":31}},{"name":"Charizard","species":"Charizard","item":"charizarditex","ability":"Blaze","moves":["flareblitz","dragonclaw","dragondance","earthquake"],"nature":"Adamant","evs":{"hp":0,"atk":252,"def":0,"spa":0,"spd":4,"spe":252},"ivs":{"hp":31,"atk":31,"def":31,"spa":31,"spd":31,"spe":31}},{"name":"Hawlucha","species":"Hawlucha","item":"sitrusberry","ability":"Unburden","moves":["swordsdance","highjumpkick","substitute","acrobatics"],"nature":"Adamant","evs":{"hp":0,"atk":252,"def":4,"spa":0,"spd":0,"spe":252},"ivs":{"hp":31,"atk":31,"def":31,"spa":31,"spd":31,"spe":31}},{"name":"Dragonite","species":"Dragonite","item":"weaknesspolicy","ability":"Multiscale","moves":["dragondance","extremespeed","firepunch","dragonclaw"],"nature":"Adamant","evs":{"hp":0,"atk":252,"def":4,"spa":0,"spd":0,"spe":252},"ivs":{"hp":31,"atk":31,"def":31,"spa":31,"spd":31,"spe":31}},{"name":"Landorus","species":"Landorus","item":"lifeorb","ability":"Sheer Force","moves":["sludgebomb","hiddenpowerice","earthpower","psychic"],"nature":"Timid","evs":{"hp":0,"atk":0,"def":4,"spa":252,"spd":0,"spe":252},"ivs":{"hp":31,"atk":0,"def":30,"spa":31,"spd":31,"spe":31}},{"name":"Mandibuzz","species":"Mandibuzz","item":"leftovers","ability":"Overcoat","moves":["bravebird","foulplay","roost","knockoff"],"nature":"Careful","evs":{"hp":248,"atk":0,"def":4,"spa":0,"spd":252,"spe":4},"ivs":{"hp":31,"atk":31,"def":31,"spa":31,"spd":31,"spe":31}}],"p2team":[{"name":"My Little Ponyta","species":"keldeo","item":"leftovers","ability":"Justified","moves":["calmmind","secretsword","scald","substitute"],"nature":"Timid","evs":{"hp":0,"atk":0,"def":0,"spa":252,"spd":4,"spe":252},"ivs":{"hp":31,"atk":31,"def":31,"spa":31,"spd":31,"spe":31}},{"name":"StarOnStarAction","species":"starmie","item":"lifeorb","ability":"Natural Cure","moves":["hydropump","icebeam","psychic","recover"],"nature":"Timid","evs":{"hp":0,"atk":0,"def":0,"spa":252,"spd":4,"spe":252},"shiny":true,"ivs":{"hp":31,"atk":31,"def":31,"spa":31,"spd":31,"spe":31}},{"name":"Pistachios","species":"jellicent","item":"leftovers","ability":"Cursed Body","moves":["shadowball","recover","willowisp","scald"],"nature":"Calm","evs":{"hp":252,"atk":0,"def":0,"spa":4,"spd":252,"spe":0},"gender":"M","shiny":true,"ivs":{"hp":31,"atk":31,"def":31,"spa":31,"spd":31,"spe":31}},{"name":"Saucey","species":"feraligatr","item":"lifeorb","ability":"Sheer Force","moves":["dragondance","waterfall","icepunch","crunch"],"nature":"Adamant","evs":{"hp":0,"atk":252,"def":0,"spa":0,"spd":4,"spe":252},"gender":"M","shiny":true,"ivs":{"hp":31,"atk":31,"def":31,"spa":31,"spd":31,"spe":31}},{"name":"Mulan","species":"gyarados","item":"gyaradosite","ability":"Intimidate","moves":["dragondance","crunch","earthquake","waterfall"],"nature":"Jolly","evs":{"hp":88,"atk":252,"def":0,"spa":0,"spd":0,"spe":168},"gender":"M","shiny":true,"ivs":{"hp":31,"atk":31,"def":31,"spa":31,"spd":31,"spe":31}},{"name":"Butters","species":"azumarill","item":"cellbattery","ability":"Sap Sipper","moves":["playrough","waterfall","toxic","knockoff"],"nature":"Adamant","evs":{"hp":248,"atk":252,"def":0,"spa":0,"spd":8,"spe":0},"gender":"M","shiny":true,"ivs":{"hp":31,"atk":31,"def":31,"spa":31,"spd":31,"spe":31}}],"log":["|player|p1|MachoSalad|224","|player|p2|Sovereign♕Cactus|251","|gametype|singles","|gen|6","|tier|Monotype","|rated","|rule|Baton Pass Clause: Limit one Baton Passer, can't pass Spe and other stats simultaneously","|rule|Swagger Clause: Swagger is banned","|rule|Same Type Clause: Pokémon in a team must share a type","|clearpoke","|poke|p1|Skarmory, F","|poke|p1|Charizard, F","|poke|p1|Hawlucha, M","|poke|p1|Dragonite, F","|poke|p1|Landorus, M","|poke|p1|Mandibuzz, F","|poke|p2|Keldeo","|poke|p2|Starmie, shiny","|poke|p2|Jellicent, M, shiny","|poke|p2|Feraligatr, M, shiny","|poke|p2|Gyarados, M, shiny","|poke|p2|Azumarill, M, shiny","|rule|Sleep Clause Mod: Limit one foe put to sleep","|rule|Species Clause: Limit one of each Pokémon","|rule|OHKO Clause: OHKO moves are banned","|rule|Moody Clause: Moody is banned","|rule|Evasion Moves Clause: Evasion moves are banned","|rule|Endless Battle Clause: Forcing endless battles is banned","|rule|HP Percentage Mod: HP is shown in percentages","|teampreview","|","|start","|switch|p1a: Mandibuzz|Mandibuzz, F|423/423","|switch|p2a: Pistachios|Jellicent, M, shiny|404/404","|turn|1","|","|move|p1a: Mandibuzz|Knock Off|p2a: Pistachios","|-crit|p2a: Pistachios","|-supereffective|p2a: Pistachios","|-damage|p2a: Pistachios|84/404","|-enditem|p2a: Pistachios|Leftovers|[from] move: Knock Off|[of] p1a: Mandibuzz","|move|p2a: Pistachios|Scald|p1a: Mandibuzz","|-damage|p1a: Mandibuzz|362/423","|","|-heal|p1a: Mandibuzz|388/423|[from] item: Leftovers","|turn|2","|","|move|p1a: Mandibuzz|Brave Bird|p2a: Pistachios","|-damage|p2a: Pistachios|0 fnt","|-damage|p1a: Mandibuzz|360/423|[from] recoil|[of] p2a: Pistachios","|faint|p2a: Pistachios","|","|-heal|p1a: Mandibuzz|386/423|[from] item: Leftovers","|","|switch|p2a: Butters|Azumarill, M, shiny|403/403","|turn|3","|","|switch|p1a: Skarmory|Skarmory, F|333/333","|move|p2a: Butters|Toxic|p1a: Skarmory","|-immune|p1a: Skarmory|[msg]","|","|turn|4","|","|switch|p2a: StarOnStarAction|Starmie, shiny|261/261","|move|p1a: Skarmory|Stealth Rock|p2a: StarOnStarAction","|-sidestart|p2: Sovereign♕Cactus|move: Stealth Rock","|","|turn|5","|","|switch|p1a: Mandibuzz|Mandibuzz, F|386/423","|move|p2a: StarOnStarAction|Hydro Pump|p1a: Mandibuzz","|-crit|p1a: Mandibuzz","|-damage|p1a: Mandibuzz|147/423","|-damage|p2a: StarOnStarAction|235/261|[from] item: Life Orb","|","|-heal|p1a: Mandibuzz|173/423|[from] item: Leftovers","|turn|6","|","|move|p2a: StarOnStarAction|Hydro Pump|p1a: Mandibuzz","|-damage|p1a: Mandibuzz|0 fnt","|-damage|p2a: StarOnStarAction|209/261|[from] item: Life Orb","|faint|p1a: Mandibuzz","|","|","|switch|p1a: Dragonite|Dragonite, F|323/323","|turn|7","|","|move|p2a: StarOnStarAction|Psychic|p1a: Dragonite","|-damage|p1a: Dragonite|231/323","|-damage|p2a: StarOnStarAction|183/261|[from] item: Life Orb","|move|p1a: Dragonite|Dragon Dance|p1a: Dragonite","|-boost|p1a: Dragonite|atk|1","|-boost|p1a: Dragonite|spe|1","|","|turn|8","|","|move|p1a: Dragonite|Dragon Claw|p2a: StarOnStarAction","|-damage|p2a: StarOnStarAction|0 fnt","|faint|p2a: StarOnStarAction","|","|","|switch|p2a: Butters|Azumarill, M, shiny|403/403","|-damage|p2a: Butters|353/403|[from] Stealth Rock","|turn|9","|","|switch|p1a: Skarmory|Skarmory, F|333/333","|move|p2a: Butters|Play Rough|p1a: Skarmory","|-resisted|p1a: Skarmory","|-damage|p1a: Skarmory|303/333","|-damage|p2a: Butters|286/403|[from] item: Rocky Helmet|[of] p1a: Skarmory","|","|turn|10","|","|switch|p2a: My Little Ponyta|Keldeo|323/323","|-damage|p2a: My Little Ponyta|303/323|[from] Stealth Rock","|move|p1a: Skarmory|Whirlwind|p2a: My Little Ponyta","|drag|p2a: Butters|Azumarill, M, shiny|286/403","|-damage|p2a: Butters|236/403|[from] Stealth Rock","|","|turn|11","|","|move|p2a: Butters|Knock Off|p1a: Skarmory","|-damage|p1a: Skarmory|265/333","|-damage|p2a: Butters|169/403|[from] item: Rocky Helmet|[of] p1a: Skarmory","|-enditem|p1a: Skarmory|Rocky Helmet|[from] move: Knock Off|[of] p2a: Butters","|move|p1a: Skarmory|Whirlwind|p2a: Butters","|drag|p2a: My Little Ponyta|Keldeo|303/323","|-damage|p2a: My Little Ponyta|283/323|[from] Stealth Rock","|","|-heal|p2a: My Little Ponyta|303/323|[from] item: Leftovers","|turn|12","|","|move|p2a: My Little Ponyta|Substitute|p2a: My Little Ponyta","|-start|p2a: My Little Ponyta|Substitute","|-damage|p2a: My Little Ponyta|223/323","|move|p1a: Skarmory|Whirlwind|p2a: My Little Ponyta","|drag|p2a: Mulan|Gyarados, M, shiny|353/353","|-damage|p2a: Mulan|265/353|[from] Stealth Rock","|-ability|p2a: Mulan|Intimidate","|-unboost|p1a: Skarmory|atk|1","|","|turn|13","|","|detailschange|p2a: Mulan|Gyarados-Mega, M, shiny","|-mega|p2a: Mulan|Gyarados|Gyaradosite","|-ability|p2a: Mulan|Mold Breaker","|move|p2a: Mulan|Waterfall|p1a: Skarmory","|-damage|p1a: Skarmory|180/333","|move|p1a: Skarmory|Roost|p1a: Skarmory","|-heal|p1a: Skarmory|333/333","|","|turn|14","|","|move|p2a: Mulan|Dragon Dance|p2a: Mulan","|-boost|p2a: Mulan|atk|1","|-boost|p2a: Mulan|spe|1","|move|p1a: Skarmory|Whirlwind|p2a: Mulan","|drag|p2a: Saucey|Feraligatr, M, shiny|311/311","|-damage|p2a: Saucey|273/311|[from] Stealth Rock","|","|turn|15","|","|move|p2a: Saucey|Crunch|p1a: Skarmory","|-damage|p1a: Skarmory|238/333","|move|p1a: Skarmory|Roost|p1a: Skarmory","|-heal|p1a: Skarmory|333/333","|","|turn|16","|","|move|p2a: Saucey|Crunch|p1a: Skarmory","|-damage|p1a: Skarmory|252/333","|move|p1a: Skarmory|Whirlwind|p2a: Saucey","|drag|p2a: Mulan|Gyarados-Mega, M, shiny|265/353","|-damage|p2a: Mulan|221/353|[from] Stealth Rock","|-ability|p2a: Mulan|Mold Breaker","|","|turn|17","|","|move|p2a: Mulan|Crunch|p1a: Skarmory","|-damage|p1a: Skarmory|152/333","|move|p1a: Skarmory|Roost|p1a: Skarmory","|-heal|p1a: Skarmory|319/333","|","|turn|18","|","|move|p2a: Mulan|Crunch|p1a: Skarmory","|-damage|p1a: Skarmory|223/333","|move|p1a: Skarmory|Whirlwind|p2a: Mulan","|drag|p2a: Butters|Azumarill, M, shiny|169/403","|-damage|p2a: Butters|119/403|[from] Stealth Rock","|","|turn|19","|","|move|p1a: Skarmory|Roost|p1a: Skarmory","|-heal|p1a: Skarmory|333/333","|move|p2a: Butters|Waterfall|p1a: Skarmory","|-damage|p1a: Skarmory|281/333","|","|turn|20","|","|switch|p1a: Dragonite|Dragonite, F|231/323","|move|p2a: Butters|Waterfall|p1a: Dragonite","|-resisted|p1a: Dragonite","|-damage|p1a: Dragonite|188/323","|","|turn|21","|","|move|p1a: Dragonite|Extreme Speed|p2a: Butters","|-damage|p2a: Butters|0 fnt","|faint|p2a: Butters","|","|","|switch|p2a: My Little Ponyta|Keldeo|223/323","|-damage|p2a: My Little Ponyta|203/323|[from] Stealth Rock","|turn|22","|","|move|p1a: Dragonite|Extreme Speed|p2a: My Little Ponyta","|-damage|p2a: My Little Ponyta|89/323","|move|p2a: My Little Ponyta|Substitute|p2a: My Little Ponyta","|-start|p2a: My Little Ponyta|Substitute","|-damage|p2a: My Little Ponyta|9/323","|","|-heal|p2a: My Little Ponyta|29/323|[from] item: Leftovers","|turn|23","|","|move|p1a: Dragonite|Extreme Speed|p2a: My Little Ponyta","|-crit|p2a: My Little Ponyta","|-end|p2a: My Little Ponyta|Substitute","|move|p2a: My Little Ponyta|Scald|p1a: Dragonite","|-resisted|p1a: Dragonite","|-damage|p1a: Dragonite|118/323","|","|-heal|p2a: My Little Ponyta|49/323|[from] item: Leftovers","|turn|24","|","|move|p1a: Dragonite|Extreme Speed|p2a: My Little Ponyta","|-damage|p2a: My Little Ponyta|0 fnt","|faint|p2a: My Little Ponyta","|","|","|switch|p2a: Saucey|Feraligatr, M, shiny|273/311","|-damage|p2a: Saucey|235/311|[from] Stealth Rock","|turn|25","|","|move|p1a: Dragonite|Dragon Claw|p2a: Saucey","|-damage|p2a: Saucey|66/311","|move|p2a: Saucey|Ice Punch|p1a: Dragonite","|-supereffective|p1a: Dragonite","|-damage|p1a: Dragonite|0 fnt","|faint|p1a: Dragonite","|","|","|switch|p1a: Charizard|Charizard, F|297/297","|turn|26","|","|detailschange|p1a: Charizard|Charizard-Mega-X, F","|-mega|p1a: Charizard|Charizard|Charizardite X","|move|p1a: Charizard|Dragon Claw|p2a: Saucey","|-damage|p2a: Saucey|0 fnt","|faint|p2a: Saucey","|","|","|switch|p2a: Mulan|Gyarados-Mega, M, shiny|221/353","|-damage|p2a: Mulan|177/353|[from] Stealth Rock","|-ability|p2a: Mulan|Mold Breaker","|turn|27","|","|move|p1a: Charizard|Dragon Claw|p2a: Mulan","|-damage|p2a: Mulan|0 fnt","|faint|p2a: Mulan","|","|win|MachoSalad"],"p1rating":{"entryid":"7206348","serverid":"eos","formatid":"monotype","userid":"machosalad","username":"MachoSalad","w":31,"l":"15","t":"0","gxe":64.3,"r":"1597.0372948325","rd":"53.842335622348","sigma":"0","rptime":"1438592400","rpr":1612.1570261209,"rprd":52.299960550899,"rpsigma":"0","acre":1252.258923164,"lacre":1252.258923164,"oldacre":"1232.7281672808"},"p2rating":{"entryid":"6867552","serverid":"eos","formatid":"monotype","userid":"sovereigncactus","username":"Sovereign♕Cactus","w":"75","l":88,"t":"0","gxe":45.7,"r":"1456.4259544297","rd":"30.025299364035","sigma":"0","rptime":"1438592400","rpr":1467.3943991537,"rprd":28.629912996337,"rpsigma":"0","acre":1135.9403599644,"lacre":1135.9403599644,"oldacre":"1155.4711158476"},"endType":"normal"}