{"seed":[32041,52851,16760,20488],"turns":32,"p1":"MrNyanNyanz","p2":"Dusk Nocturne","p1team":[{"name":"Nyxia","species":"liepard","item":"ironball","ability":"Prankster","moves":["thunderwave","taunt","trick","assist"],"nature":"Naive","evs":{"hp":0,"atk":128,"def":0,"spa":128,"spd":0,"spe":252},"ivs":{"hp":31,"atk":31,"def":31,"spa":31,"spd":31,"spe":31}},{"name":"Houndoom","species":"Houndoom","item":"houndoominite","ability":"Flash Fire","moves":["nastyplot","protect","darkpulse","flamethrower"],"nature":"Timid","evs":{"hp":0,"atk":0,"def":0,"spa":252,"spd":4,"spe":252},"ivs":{"hp":31,"atk":31,"def":31,"spa":31,"spd":31,"spe":31}},{"name":"2Sharp","species":"bisharp","item":"choicescarf","ability":"Defiant","moves":["suckerpunch","ironhead","knockoff","stoneedge"],"nature":"Jolly","evs":{"hp":0,"atk":252,"def":0,"spa":0,"spd":4,"spe":252},"shiny":true,"ivs":{"hp":31,"atk":31,"def":31,"spa":31,"spd":31,"spe":31}},{"name":"Stall","species":"sableye","item":"leftovers","ability":"Prankster","moves":["recover","willowisp","toxic","shadowball"],"nature":"Calm","evs":{"hp":252,"atk":0,"def":0,"spa":4,"spd":252,"spe":0},"shiny":true,"ivs":{"hp":31,"atk":31,"def":31,"spa":31,"spd":31,"spe":31}},{"name":"Drago","species":"hydreigon","item":"choicescarf","ability":"Levitate","moves":["earthpower","darkpulse","dracometeor","flashcannon"],"nature":"Timid","evs":{"hp":0,"atk":0,"def":0,"spa":252,"spd":4,"spe":252},"shiny":true,"ivs":{"hp":31,"atk":31,"def":31,"spa":31,"spd":31,"spe":31}},{"name":"Mandibuzz","species":"Mandibuzz","item":"rockyhelmet","ability":"Overcoat","moves":["bravebird","roost","defog","irondefense"],"nature":"Careful","evs":{"hp":248,"atk":8,"def":0,"spa":0,"spd":252,"spe":0},"ivs":{"hp":31,"atk":31,"def":31,"spa":31,"spd":31,"spe":31}}],"p2team":[{"name":"Gengar","species":"Gengar","item":"blacksludge","ability":"Levitate","moves":["substitute","disable","trickroom","sludgebomb"],"nature":"Modest","evs":{"hp":252,"atk":0,"def":0,"spa":252,"spd":4,"spe":0},"ivs":{"hp":31,"atk":31,"def":31,"spa":31,"spd":31,"spe":0}},{"name":"Aegislash","species":"Aegislash","item":"weaknesspolicy","ability":"Stance Change","moves":["kingsshield","swordsdance","shadowsneak","ironhead"],"nature":"Adamant","evs":{"hp":248,"atk":252,"def":0,"spa":0,"spd":8,"spe":0},"ivs":{"hp":31,"atk":31,"def":31,"spa":31,"spd":31,"spe":31}},{"name":"Sableye","species":"Sableye","item":"leftovers","ability":"Prankster","moves":["taunt","willowisp","recover","foulplay"],"nature":"Calm","evs":{"hp":252,"atk":0,"def":4,"spa":0,"spd":252,"spe":0},"ivs":{"hp":31,"atk":31,"def":31,"spa":31,"spd":31,"spe":31}},{"name":"Hoopa","species":"Hoopa","item":"lifeorb","ability":"Magician","moves":["trickroom","shadowball","destinybond","psyshock"],"nature":"Quiet","evs":{"hp":248,"atk":0,"def":0,"spa":252,"spd":8,"spe":0},"ivs":{"hp":31,"atk":31,"def":31,"spa":31,"spd":31,"spe":0}},{"name":"Banette","species":"Banette","item":"banettite","ability":"Frisk","moves":["destinybond","trickroom","shadowclaw","suckerpunch"],"nature":"Brave","evs":{"hp":248,"atk":252,"def":0,"spa":0,"spd":8,"spe":0},"ivs":{"hp":31,"atk":31,"def":31,"spa":31,"spd":31,"spe":0}},{"name":"Golurk","species":"Golurk","item":"lifeorb","ability":"No Guard","moves":["stoneedge","dynamicpunch","earthquake","icepunch"],"nature":"Adamant","evs":{"hp":248,"atk":252,"def":0,"spa":0,"spd":8,"spe":0},"ivs":{"hp":31,"atk":31,"def":31,"spa":31,"spd":31,"spe":31}}],"log":["|player|p1|MrNyanNyanz|mrnyannyanz.png","|player|p2|Dusk Nocturne|184","|gametype|singles","|gen|6","|tier|Monotype","|rated","|rule|Baton Pass Clause: Limit one Baton Passer, can't pass Spe and other stats simultaneously","|rule|Swagger Clause: Swagger is banned","|rule|Same Type Clause: Pokémon in a team must share a type","|clearpoke","|poke|p1|Liepard, F","|poke|p1|Houndoom, F","|poke|p1|Bisharp, M, shiny","|poke|p1|Sableye, M, shiny","|poke|p1|Hydreigon, M, shiny","|poke|p1|Mandibuzz, F","|poke|p2|Gengar, M","|poke|p2|Aegislash, F","|poke|p2|Sableye, M","|poke|p2|Hoopa","|poke|p2|Banette, M","|poke|p2|Golurk","|rule|Sleep Clause Mod: Limit one foe put to sleep","|rule|Species Clause: Limit one of each Pokémon","|rule|OHKO Clause: OHKO moves are banned","|rule|Moody Clause: Moody is banned","|rule|Evasion Moves Clause: Evasion moves are banned","|rule|Endless Battle Clause: Forcing endless battles is banned","|rule|HP Percentage Mod: HP is shown in percentages","|teampreview","|","|start","|switch|p1a: Stall|Sableye, M, shiny|304/304","|switch|p2a: Gengar|Gengar, M|324/324","|turn|1","|","|move|p1a: Stall|Will-O-Wisp|p2a: Gengar","|-status|p2a: Gengar|brn","|move|p2a: Gengar|Sludge Bomb|p1a: Stall","|-resisted|p1a: Stall","|-damage|p1a: Stall|219/304","|","|-heal|p1a: Stall|238/304|[from] item: Leftovers","|-damage|p2a: Gengar|284/324 brn|[from] brn","|turn|2","|","|move|p1a: Stall|Shadow Ball|p2a: Gengar","|-supereffective|p2a: Gengar","|-damage|p2a: Gengar|116/324 brn","|-unboost|p2a: Gengar|spd|1","|move|p2a: Gengar|Trick Room|p2a: Gengar","|-fieldstart|move: Trick Room|[of] p2a: Gengar","|","|-heal|p1a: Stall|257/304|[from] item: Leftovers","|-heal|p2a: Gengar|136/324 brn|[from] item: Black Sludge","|-damage|p2a: Gengar|96/324 brn|[from] brn","|turn|3","|","|switch|p2a: Aegislash|Aegislash, F|323/323","|move|p1a: Stall|Recover|p1a: Stall","|-heal|p1a: Stall|304/304","|","|turn|4","|","|move|p1a: Stall|Will-O-Wisp|p2a: Aegislash","|-status|p2a: Aegislash|brn","|-formechange|p2a: Aegislash|Aegislash-Blade","|move|p2a: Aegislash|Iron Head|p1a: Stall","|-damage|p1a: Stall|184/304","|","|-heal|p1a: Stall|203/304|[from] item: Leftovers","|-damage|p2a: Aegislash|283/323 brn|[from] brn","|turn|5","|","|switch|p2a: Hoopa|Hoopa|363/363","|move|p1a: Stall|Recover|p1a: Stall","|-heal|p1a: Stall|304/304","|","|turn|6","|","|move|p2a: Hoopa|Shadow Ball|p1a: Stall","|-damage|p1a: Stall|92/304","|-damage|p2a: Hoopa|327/363|[from] item: Life Orb","|move|p1a: Stall|Shadow Ball|p2a: Hoopa","|-supereffective|p2a: Hoopa","|-damage|p2a: Hoopa|99/363","|","|-heal|p1a: Stall|111/304|[from] item: Leftovers","|-fieldend|move: Trick Room","|turn|7","|","|move|p1a: Stall|Recover|p1a: Stall","|-heal|p1a: Stall|263/304","|move|p2a: Hoopa|Shadow Ball|p1a: Stall","|-damage|p1a: Stall|47/304","|-unboost|p1a: Stall|spd|1","|-damage|p2a: Hoopa|63/363|[from] item: Life Orb","|","|-heal|p1a: Stall|66/304|[from] item: Leftovers","|turn|8","|","|switch|p1a: Mandibuzz|Mandibuzz, F|423/423","|switch|p2a: Aegislash|Aegislash, F|283/323 brn","|","|-damage|p2a: Aegislash|243/323 brn|[from] brn","|turn|9","|","|switch|p1a: Stall|Sableye, M, shiny|66/304","|switch|p2a: Sableye|Sableye, M|304/304","|","|-heal|p1a: Stall|85/304|[from] item: Leftovers","|turn|10","|","|move|p1a: Stall|Toxic|p2a: Sableye","|-status|p2a: Sableye|tox","|move|p2a: Sableye|Taunt|p1a: Stall","|-start|p1a: Stall|move: Taunt","|","|-heal|p1a: Stall|104/304|[from] item: Leftovers","|-damage|p2a: Sableye|285/304 tox|[from] psn","|turn|11","|","|switch|p1a: Nyxia|Liepard, F|269/269","|move|p2a: Sableye|Foul Play|p1a: Nyxia","|-resisted|p1a: Nyxia","|-damage|p1a: Nyxia|172/269","|","|-heal|p2a: Sableye|304/304 tox|[from] item: Leftovers","|-damage|p2a: Sableye|266/304 tox|[from] psn","|turn|12","|","|move|p1a: Nyxia|Taunt|p2a: Sableye","|-start|p2a: Sableye|move: Taunt","|cant|p2a: Sableye|move: Taunt|Taunt","|","|-heal|p2a: Sableye|285/304 tox|[from] item: Leftovers","|-damage|p2a: Sableye|228/304 tox|[from] psn","|turn|13","|","|switch|p1a: Stall|Sableye, M, shiny|104/304","|switch|p2a: Gengar|Gengar, M|96/324 brn","|","|-heal|p2a: Gengar|116/324 brn|[from] item: Black Sludge","|-heal|p1a: Stall|123/304|[from] item: Leftovers","|-damage|p2a: Gengar|76/324 brn|[from] brn","|turn|14","|","|move|p1a: Stall|Recover|p1a: Stall","|-heal|p1a: Stall|275/304","|move|p2a: Gengar|Trick Room|p2a: Gengar","|-fieldstart|move: Trick Room|[of] p2a: Gengar","|","|-heal|p1a: Stall|294/304|[from] item: Leftovers","|-heal|p2a: Gengar|96/324 brn|[from] item: Black Sludge","|-damage|p2a: Gengar|56/324 brn|[from] brn","|turn|15","|","|move|p1a: Stall|Recover|p1a: Stall","|-heal|p1a: Stall|304/304","|move|p2a: Gengar|Sludge Bomb|p1a: Stall","|-resisted|p1a: Stall","|-damage|p1a: Stall|222/304","|","|-heal|p1a: Stall|241/304|[from] item: Leftovers","|-heal|p2a: Gengar|76/324 brn|[from] item: Black Sludge","|-damage|p2a: Gengar|36/324 brn|[from] brn","|turn|16","|","|switch|p1a: 2Sharp|Bisharp, M, shiny|271/271","|switch|p2a: Aegislash|Aegislash, F|243/323 brn","|","|-damage|p2a: Aegislash|203/323 brn|[from] brn","|turn|17","|","|switch|p1a: Stall|Sableye, M, shiny|241/304","|move|p2a: Aegislash|Swords Dance|p2a: Aegislash","|-boost|p2a: Aegislash|atk|2","|","|-heal|p1a: Stall|260/304|[from] item: Leftovers","|-damage|p2a: Aegislash|163/323 brn|[from] brn","|turn|18","|","|move|p1a: Stall|Recover|p1a: Stall","|-heal|p1a: Stall|304/304","|move|p2a: Aegislash|Swords Dance|p2a: Aegislash","|-boost|p2a: Aegislash|atk|2","|","|-damage|p2a: Aegislash|123/323 brn|[from] brn","|-fieldend|move: Trick Room","|turn|19","|","|switch|p1a: Mandibuzz|Mandibuzz, F|423/423","|-formechange|p2a: Aegislash|Aegislash-Blade","|move|p2a: Aegislash|Iron Head|p1a: Mandibuzz","|-damage|p1a: Mandibuzz|167/423","|-damage|p2a: Aegislash|70/323 brn|[from] item: Rocky Helmet|[of] p1a: Mandibuzz","|","|-damage|p2a: Aegislash|30/323 brn|[from] brn","|turn|20","|","|move|p2a: Aegislash|Shadow Sneak|p1a: Mandibuzz","|-resisted|p1a: Mandibuzz","|-damage|p1a: Mandibuzz|103/423","|-damage|p2a: Aegislash|0 fnt|[from] item: Rocky Helmet|[of] p1a: Mandibuzz","|faint|p2a: Aegislash","|move|p1a: Mandibuzz|Roost|p1a: Mandibuzz","|-heal|p1a: Mandibuzz|315/423","|","|","|switch|p2a: Golurk|Golurk|381/381","|turn|21","|","|switch|p1a: Stall|Sableye, M, shiny|304/304","|move|p2a: Golurk|Ice Punch|p1a: Stall","|-damage|p1a: Stall|153/304","|-damage|p2a: Golurk|343/381|[from] item: Life Orb","|","|-heal|p1a: Stall|172/304|[from] item: Leftovers","|turn|22","|","|switch|p2a: Gengar|Gengar, M|36/324 brn","|move|p1a: Stall|Will-O-Wisp|p2a: Gengar","|-fail|p2a: Gengar|brn","|","|-heal|p2a: Gengar|56/324 brn|[from] item: Black Sludge","|-heal|p1a: Stall|191/304|[from] item: Leftovers","|-damage|p2a: Gengar|16/324 brn|[from] brn","|turn|23","|","|move|p2a: Gengar|Sludge Bomb|p1a: Stall","|-crit|p1a: Stall","|-resisted|p1a: Stall","|-damage|p1a: Stall|68/304","|-status|p1a: Stall|psn","|move|p1a: Stall|Shadow Ball|p2a: Gengar","|-supereffective|p2a: Gengar","|-damage|p2a: Gengar|0 fnt","|faint|p2a: Gengar","|","|-heal|p1a: Stall|87/304 psn|[from] item: Leftovers","|-damage|p1a: Stall|49/304 psn|[from] psn","|","|switch|p2a: Banette|Banette, M|331/331","|-item|p1a: Stall|Leftovers|[from] ability: Frisk|[of] p2a: Banette|[identify]","|turn|24","|","|detailschange|p2a: Banette|Banette-Mega, M","|-mega|p2a: Banette|Banette|Banettite","|move|p1a: Stall|Recover|p1a: Stall","|-heal|p1a: Stall|201/304 psn","|move|p2a: Banette|Shadow Claw|p1a: Stall","|-damage|p1a: Stall|2/304 psn","|","|-heal|p1a: Stall|21/304 psn|[from] item: Leftovers","|-damage|p1a: Stall|0 fnt|[from] psn","|faint|p1a: Stall","|","|switch|p1a: Nyxia|Liepard, F|172/269","|turn|25","|","|switch|p2a: Sableye|Sableye, M|228/304 tox","|move|p1a: Nyxia|Taunt|p2a: Sableye","|-start|p2a: Sableye|move: Taunt","|","|-heal|p2a: Sableye|247/304 tox|[from] item: Leftovers","|-damage|p2a: Sableye|228/304 tox|[from] psn","|turn|26","|","|move|p1a: Nyxia|Trick|p2a: Sableye","|-activate|p1a: Nyxia|move: Trick|[of] p2a: Sableye","|-item|p2a: Sableye|Iron Ball|[from] move: Trick","|-item|p1a: Nyxia|Leftovers|[from] move: Trick","|move|p2a: Sableye|Foul Play|p1a: Nyxia","|-resisted|p1a: Nyxia","|-damage|p1a: Nyxia|80/269","|","|-heal|p1a: Nyxia|96/269|[from] item: Leftovers","|-damage|p2a: Sableye|190/304 tox|[from] psn","|turn|27","|","|switch|p2a: Banette|Banette-Mega, M|331/331","|move|p1a: Nyxia|Assist|p1a: Nyxia","|move|p1a: Nyxia|Nasty Plot|p1a: Nyxia|[from]Assist","|-boost|p1a: Nyxia|spa|2","|","|-heal|p1a: Nyxia|112/269|[from] item: Leftovers","|turn|28","|","|move|p1a: Nyxia|Assist|p1a: Nyxia","|move|p1a: Nyxia|Dark Pulse|p2a: Banette|[from]Assist","|-supereffective|p2a: Banette","|-damage|p2a: Banette|0 fnt","|faint|p2a: Banette","|","|-heal|p1a: Nyxia|128/269|[from] item: Leftovers","|","|switch|p2a: Golurk|Golurk|343/381","|turn|29","|","|move|p1a: Nyxia|Assist|p1a: Nyxia","|move|p1a: Nyxia|Iron Defense|p1a: Nyxia|[from]Assist","|-boost|p1a: Nyxia|def|2","|move|p2a: Golurk|Dynamic Punch|p1a: Nyxia","|-supereffective|p1a: Nyxia","|-damage|p1a: Nyxia|0 fnt","|-damage|p2a: Golurk|305/381|[from] item: Life Orb","|faint|p1a: Nyxia","|","|","|switch|p1a: 2Sharp|Bisharp, M, shiny|271/271","|turn|30","|","|switch|p2a: Sableye|Sableye, M|190/304 tox","|move|p1a: 2Sharp|Knock Off|p2a: Sableye","|-damage|p2a: Sableye|0 fnt","|-enditem|p2a: Sableye|Iron Ball|[from] move: Knock Off|[of] p1a: 2Sharp","|faint|p2a: Sableye","|","|","|switch|p2a: Hoopa|Hoopa|63/363","|turn|31","|","|move|p1a: 2Sharp|Knock Off|p2a: Hoopa","|-supereffective|p2a: Hoopa","|-damage|p2a: Hoopa|0 fnt","|-enditem|p2a: Hoopa|Life Orb|[from] move: Knock Off|[of] p1a: 2Sharp","|faint|p2a: Hoopa","|","|","|switch|p2a: Golurk|Golurk|305/381","|turn|32","|","|move|p1a: 2Sharp|Knock Off|p2a: Golurk","|-supereffective|p2a: Golurk","|-damage|p2a: Golurk|0 fnt","|-enditem|p2a: Golurk|Life Orb|[from] move: Knock Off|[of] p1a: 2Sharp","|faint|p2a: Golurk","|","|win|MrNyanNyanz"],"p1rating":{"entryid":"6703862","serverid":"eos","formatid":"monotype","userid":"mrnyannyanz","username":"MrNyanNyanz","w":37,"l":"26","t":"0","gxe":56.3,"r":"1538.8037937295","rd":"47.610146032348","sigma":"0","rptime":"1438592400","rpr":1547.8879426036,"rprd":45.15061706633,"rpsigma":"0","acre":1207.1590575419,"lacre":1207.1590575419,"oldacre":"1186.856005584"},"p2rating":{"entryid":"7094216","serverid":"eos","formatid":"monotype","userid":"dusknocturne","username":"Dusk Nocturne","w":"4","l":6,"t":"0","gxe":44.9,"r":"1426.8179647626","rd":"97.388737392185","sigma":"0","rptime":"1438592400","rpr":1460.5288205579,"rprd":88.469098223066,"rpsigma":"0","acre":1100.4927563881,"lacre":1100.4927563881,"oldacre":"1120.795808346"},"endType":"normal"}