{"seed":[15010,19987,60044,51408],"turns":21,"p1":"Researcher✦Kingdra","p2":"HB of 300","p1team":[{"name":"Charizard","species":"Charizard","item":"charizarditex","ability":"Blaze","moves":["bellydrum","dragonclaw","firepunch","furycutter"],"nature":"Jolly","evs":{"hp":4,"atk":252,"def":0,"spa":0,"spd":0,"spe":252},"ivs":{"hp":31,"atk":31,"def":31,"spa":31,"spd":31,"spe":31}},{"name":"Ninetales","species":"Ninetales","item":"heatrock","ability":"Drought","moves":["nastyplot","fireblast","solarbeam","willowisp"],"nature":"Bold","evs":{"hp":168,"atk":0,"def":136,"spa":0,"spd":204,"spe":0},"ivs":{"hp":31,"atk":31,"def":31,"spa":31,"spd":31,"spe":31}},{"name":"Chandelure","species":"Chandelure","item":"choicescarf","ability":"Infiltrator","moves":["fireblast","shadowball","energyball","trick"],"nature":"Timid","evs":{"hp":0,"atk":0,"def":0,"spa":252,"spd":4,"spe":252},"ivs":{"hp":31,"atk":31,"def":31,"spa":31,"spd":31,"spe":31}},{"name":"Darmanitan","species":"Darmanitan","item":"choicescarf","ability":"Sheer Force","moves":["flareblitz","rockslide","uturn","earthquake"],"nature":"Jolly","evs":{"hp":0,"atk":252,"def":0,"spa":0,"spd":4,"spe":252},"ivs":{"hp":31,"atk":31,"def":31,"spa":31,"spd":31,"spe":31}},{"name":"Heatran","species":"Heatran","item":"leftovers","ability":"Flash Fire","moves":["lavaplume","toxic","taunt","stealthrock"],"nature":"Calm","evs":{"hp":248,"atk":0,"def":0,"spa":0,"spd":192,"spe":68},"ivs":{"hp":31,"atk":31,"def":31,"spa":31,"spd":31,"spe":31}},{"name":"Victini","species":"Victini","item":"choicescarf","ability":"Victory Star","moves":["vcreate","boltstrike","zenheadbutt","uturn"],"nature":"Jolly","evs":{"hp":0,"atk":252,"def":4,"spa":0,"spd":0,"spe":252},"ivs":{"hp":31,"atk":31,"def":31,"spa":31,"spd":31,"spe":31}}],"p2team":[{"name":"Garchomp","species":"Garchomp","item":"leftovers","ability":"Rough Skin","moves":["dragonclaw","earthquake","substitute","swordsdance"],"nature":"Jolly","evs":{"hp":12,"atk":244,"def":0,"spa":0,"spd":0,"spe":252},"ivs":{"hp":31,"atk":31,"def":31,"spa":31,"spd":31,"spe":31}},{"name":"Gliscor","species":"Gliscor","item":"toxicorb","ability":"Poison Heal","moves":["earthquake","knockoff","roost","swordsdance"],"nature":"Careful","evs":{"hp":244,"atk":0,"def":4,"spa":0,"spd":200,"spe":60},"ivs":{"hp":31,"atk":31,"def":31,"spa":31,"spd":31,"spe":31}},{"name":"Landorus","species":"Landorus","item":"lifeorb","ability":"Sheer Force","moves":["earthpower","psychic","focusblast","hiddenpowerice"],"nature":"Timid","evs":{"hp":0,"atk":0,"def":0,"spa":252,"spd":4,"spe":252},"ivs":{"hp":31,"atk":30,"def":30,"spa":31,"spd":31,"spe":31}},{"name":"Swampert","species":"Swampert","item":"rockyhelmet","ability":"Torrent","moves":["scald","stealthrock","toxic","earthquake"],"nature":"Relaxed","evs":{"hp":240,"atk":16,"def":252,"spa":0,"spd":0,"spe":0},"ivs":{"hp":31,"atk":31,"def":31,"spa":31,"spd":31,"spe":31}},{"name":"Camerupt","species":"Camerupt","item":"cameruptite","ability":"Solid Rock","moves":["willowisp","flamethrower","earthpower","ancientpower"],"nature":"Calm","evs":{"hp":248,"atk":0,"def":0,"spa":0,"spd":176,"spe":84},"ivs":{"hp":31,"atk":31,"def":31,"spa":31,"spd":31,"spe":31}},{"name":"Excadrill","species":"Excadrill","item":"assaultvest","ability":"Mold Breaker","moves":["earthquake","ironhead","rockslide","rapidspin"],"nature":"Careful","evs":{"hp":212,"atk":4,"def":0,"spa":0,"spd":252,"spe":40},"ivs":{"hp":31,"atk":31,"def":31,"spa":31,"spd":31,"spe":31}}],"log":["|player|p1|Researcher✦Kingdra|40","|player|p2|HB of 300|swlhb.gif","|gametype|singles","|gen|6","|tier|Monotype","|rated","|rule|Baton Pass Clause: Limit one Baton Passer, can't pass Spe and other stats simultaneously","|rule|Swagger Clause: Swagger is banned","|rule|Same Type Clause: Pokémon in a team must share a type","|clearpoke","|poke|p1|Charizard, M","|poke|p1|Ninetales, M","|poke|p1|Chandelure, F","|poke|p1|Darmanitan, F","|poke|p1|Heatran, M","|poke|p1|Victini","|poke|p2|Garchomp, F","|poke|p2|Gliscor, F","|poke|p2|Landorus, M","|poke|p2|Swampert, M","|poke|p2|Camerupt, F","|poke|p2|Excadrill, M","|rule|Sleep Clause Mod: Limit one foe put to sleep","|rule|Species Clause: Limit one of each Pokémon","|rule|OHKO Clause: OHKO moves are banned","|rule|Moody Clause: Moody is banned","|rule|Evasion Moves Clause: Evasion moves are banned","|rule|Endless Battle Clause: Forcing endless battles is banned","|rule|HP Percentage Mod: HP is shown in percentages","|teampreview","|","|start","|switch|p1a: Charizard|Charizard, M|298/298","|switch|p2a: Garchomp|Garchomp, F|360/360","|turn|1","|","|move|p2a: Garchomp|Substitute|p2a: Garchomp","|-start|p2a: Garchomp|Substitute","|-damage|p2a: Garchomp|270/360","|move|p1a: Charizard|Belly Drum|p1a: Charizard","|-damage|p1a: Charizard|149/298","|-setboost|p1a: Charizard|atk|6|[from] move: Belly Drum","|","|-heal|p2a: Garchomp|292/360|[from] item: Leftovers","|turn|2","|","|move|p2a: Garchomp|Swords Dance|p2a: Garchomp","|-boost|p2a: Garchomp|atk|2","|move|p1a: Charizard|Dragon Claw|p2a: Garchomp","|-supereffective|p2a: Garchomp","|-end|p2a: Garchomp|Substitute","|","|-heal|p2a: Garchomp|314/360|[from] item: Leftovers","|turn|3","|","|move|p2a: Garchomp|Dragon Claw|p1a: Charizard","|-damage|p1a: Charizard|0 fnt","|faint|p1a: Charizard","|","|-heal|p2a: Garchomp|336/360|[from] item: Leftovers","|","|switch|p1a: Darmanitan|Darmanitan, F|351/351","|turn|4","|","|move|p1a: Darmanitan|U-turn|p2a: Garchomp","|-damage|p2a: Garchomp|250/360","|-damage|p1a: Darmanitan|308/351|[from] ability: Rough Skin|[of] p2a: Garchomp","|","|switch|p1a: Ninetales|Ninetales, M|329/329","|-weather|SunnyDay","|move|p2a: Garchomp|Earthquake|p1a: Ninetales","|-supereffective|p1a: Ninetales","|-damage|p1a: Ninetales|0 fnt","|faint|p1a: Ninetales","|","|-weather|SunnyDay|[upkeep]","|-heal|p2a: Garchomp|272/360|[from] item: Leftovers","|","|switch|p1a: Darmanitan|Darmanitan, F|308/351","|turn|5","|","|switch|p2a: Swampert|Swampert, M|401/401","|move|p1a: Darmanitan|U-turn|p2a: Swampert","|-damage|p2a: Swampert|333/401","|-damage|p1a: Darmanitan|250/351|[from] item: Rocky Helmet|[of] p2a: Swampert","|","|switch|p1a: Chandelure|Chandelure, F|261/261","|","|-weather|SunnyDay|[upkeep]","|turn|6","|","|switch|p2a: Excadrill|Excadrill, M|414/414","|-ability|p2a: Excadrill|Mold Breaker","|move|p1a: Chandelure|Energy Ball|p2a: Excadrill","|-damage|p2a: Excadrill|343/414","|","|-weather|SunnyDay|[upkeep]","|turn|7","|","|switch|p1a: Darmanitan|Darmanitan, F|250/351","|move|p2a: Excadrill|Earthquake|p1a: Darmanitan","|-supereffective|p1a: Darmanitan","|-damage|p1a: Darmanitan|0 fnt","|faint|p1a: Darmanitan","|","|-weather|SunnyDay|[upkeep]","|","|switch|p1a: Heatran|Heatran, M|385/385","|turn|8","|","|switch|p2a: Swampert|Swampert, M|333/401","|move|p1a: Heatran|Lava Plume|p2a: Swampert","|-resisted|p2a: Swampert","|-damage|p2a: Swampert|233/401","|","|-weather|SunnyDay|[upkeep]","|turn|9","|","|move|p1a: Heatran|Lava Plume|p2a: Swampert","|-resisted|p2a: Swampert","|-damage|p2a: Swampert|136/401","|-status|p2a: Swampert|brn","|move|p2a: Swampert|Earthquake|p1a: Heatran","|-supereffective|p1a: Heatran","|-damage|p1a: Heatran|115/385","|","|-weather|SunnyDay|[upkeep]","|-heal|p1a: Heatran|139/385|[from] item: Leftovers","|-damage|p2a: Swampert|86/401 brn|[from] brn","|turn|10","|","|switch|p2a: Camerupt|Camerupt, F|343/343","|move|p1a: Heatran|Lava Plume|p2a: Camerupt","|-resisted|p2a: Camerupt","|-damage|p2a: Camerupt|262/343","|","|-weather|SunnyDay|[upkeep]","|-heal|p1a: Heatran|163/385|[from] item: Leftovers","|turn|11","|","|detailschange|p2a: Camerupt|Camerupt-Mega, F","|-mega|p2a: Camerupt|Camerupt|Cameruptite","|move|p1a: Heatran|Toxic|p2a: Camerupt","|-status|p2a: Camerupt|tox","|move|p2a: Camerupt|Earth Power|p1a: Heatran","|-supereffective|p1a: Heatran","|-damage|p1a: Heatran|0 fnt","|faint|p1a: Heatran","|","|-weather|none","|-damage|p2a: Camerupt|241/343 tox|[from] psn","|","|switch|p1a: Chandelure|Chandelure, F|261/261","|turn|12","|","|move|p1a: Chandelure|Shadow Ball|p2a: Camerupt","|-damage|p2a: Camerupt|132/343 tox","|move|p2a: Camerupt|Earth Power|p1a: Chandelure","|-supereffective|p1a: Chandelure","|-damage|p1a: Chandelure|0 fnt","|faint|p1a: Chandelure","|","|-damage|p2a: Camerupt|90/343 tox|[from] psn","|","|switch|p1a: Victini|Victini|341/341","|turn|13","|","|switch|p2a: Gliscor|Gliscor, F|352/352","|move|p1a: Victini|Zen Headbutt|p2a: Gliscor","|-damage|p2a: Gliscor|247/352","|","|-status|p2a: Gliscor|tox|[from] item: Toxic Orb","|turn|14","|","|move|p1a: Victini|Zen Headbutt|p2a: Gliscor","|-damage|p2a: Gliscor|156/352 tox","|cant|p2a: Gliscor|flinch","|","|-heal|p2a: Gliscor|200/352 tox|[from] ability: Poison Heal","|turn|15","|","|move|p1a: Victini|Zen Headbutt|p2a: Gliscor","|-damage|p2a: Gliscor|92/352 tox","|cant|p2a: Gliscor|flinch","|","|-heal|p2a: Gliscor|136/352 tox|[from] ability: Poison Heal","|turn|16","|","|move|p1a: Victini|Zen Headbutt|p2a: Gliscor","|-damage|p2a: Gliscor|40/352 tox","|move|p2a: Gliscor|Roost|p2a: Gliscor","|-heal|p2a: Gliscor|216/352 tox","|","|-heal|p2a: Gliscor|260/352 tox|[from] ability: Poison Heal","|turn|17","|","|move|p1a: Victini|Zen Headbutt|p2a: Gliscor","|-damage|p2a: Gliscor|155/352 tox","|cant|p2a: Gliscor|flinch","|","|-heal|p2a: Gliscor|199/352 tox|[from] ability: Poison Heal","|turn|18","|","|move|p1a: Victini|Zen Headbutt|p2a: Gliscor","|-damage|p2a: Gliscor|105/352 tox","|cant|p2a: Gliscor|flinch","|","|-heal|p2a: Gliscor|149/352 tox|[from] ability: Poison Heal","|turn|19","|","|move|p1a: Victini|Zen Headbutt|p2a: Gliscor","|-damage|p2a: Gliscor|50/352 tox","|move|p2a: Gliscor|Roost|p2a: Gliscor","|-heal|p2a: Gliscor|226/352 tox","|","|-heal|p2a: Gliscor|270/352 tox|[from] ability: Poison Heal","|turn|20","|","|move|p1a: Victini|Zen Headbutt|p2a: Gliscor","|-damage|p2a: Gliscor|167/352 tox","|move|p2a: Gliscor|Earthquake|p1a: Victini","|-supereffective|p1a: Victini","|-damage|p1a: Victini|125/341","|","|-heal|p2a: Gliscor|211/352 tox|[from] ability: Poison Heal","|turn|21","|","|move|p1a: Victini|Zen Headbutt|p2a: Gliscor","|-damage|p2a: Gliscor|114/352 tox","|move|p2a: Gliscor|Earthquake|p1a: Victini","|-supereffective|p1a: Victini","|-damage|p1a: Victini|0 fnt","|faint|p1a: Victini","|","|win|HB of 300"],"p1rating":{"entryid":"7350749","serverid":"eos","formatid":"monotype","userid":"researcherkingdra","username":"Researcher✦Kingdra","w":"3","l":6,"t":"0","gxe":39.5,"r":"1500","rd":"130","sigma":"0","rptime":"1438506000","rpr":1417.1673938158,"rprd":89.780734017542,"rpsigma":"0","acre":1028.8431322506,"lacre":1028.8431322506,"oldacre":"1043.712612654"},"p2rating":{"entryid":"7355565","serverid":"eos","formatid":"monotype","userid":"hbof300","username":"HB of 300","w":3,"l":"0","t":"0","gxe":61.4,"r":"1500","rd":"130","sigma":"0","rptime":"1438506000","rpr":1591.941668233,"rprd":111.4441518754,"rpsigma":"0","acre":1104.4932427277,"lacre":1104.4932427277,"oldacre":"1079.245209787"},"endType":"normal"}