{"seed":[55844,53210,29804,19168],"turns":25,"p1":"HB of 300","p2":"DJMadness","p1team":[{"name":"Garchomp","species":"Garchomp","item":"leftovers","ability":"Rough Skin","moves":["dragonclaw","earthquake","substitute","swordsdance"],"nature":"Jolly","evs":{"hp":12,"atk":244,"def":0,"spa":0,"spd":0,"spe":252},"ivs":{"hp":31,"atk":31,"def":31,"spa":31,"spd":31,"spe":31}},{"name":"Gliscor","species":"Gliscor","item":"toxicorb","ability":"Poison Heal","moves":["earthquake","knockoff","roost","swordsdance"],"nature":"Careful","evs":{"hp":244,"atk":0,"def":4,"spa":0,"spd":200,"spe":60},"ivs":{"hp":31,"atk":31,"def":31,"spa":31,"spd":31,"spe":31}},{"name":"Landorus","species":"Landorus","item":"lifeorb","ability":"Sheer Force","moves":["earthpower","psychic","focusblast","hiddenpowerice"],"nature":"Timid","evs":{"hp":0,"atk":0,"def":0,"spa":252,"spd":4,"spe":252},"ivs":{"hp":31,"atk":30,"def":30,"spa":31,"spd":31,"spe":31}},{"name":"Swampert","species":"Swampert","item":"rockyhelmet","ability":"Torrent","moves":["scald","stealthrock","toxic","earthquake"],"nature":"Relaxed","evs":{"hp":240,"atk":16,"def":252,"spa":0,"spd":0,"spe":0},"ivs":{"hp":31,"atk":31,"def":31,"spa":31,"spd":31,"spe":31}},{"name":"Camerupt","species":"Camerupt","item":"cameruptite","ability":"Solid Rock","moves":["willowisp","flamethrower","earthpower","ancientpower"],"nature":"Calm","evs":{"hp":248,"atk":0,"def":0,"spa":0,"spd":176,"spe":84},"ivs":{"hp":31,"atk":31,"def":31,"spa":31,"spd":31,"spe":31}},{"name":"Excadrill","species":"Excadrill","item":"assaultvest","ability":"Mold Breaker","moves":["earthquake","ironhead","rockslide","rapidspin"],"nature":"Careful","evs":{"hp":212,"atk":4,"def":0,"spa":0,"spd":252,"spe":40},"ivs":{"hp":31,"atk":31,"def":31,"spa":31,"spd":31,"spe":31}}],"p2team":[{"name":"Landorus","species":"Landorus","item":"choicespecs","ability":"Sheer Force","moves":["psychic","earthpower","sludgewave","hiddenpowerice"],"nature":"Timid","evs":{"hp":0,"atk":0,"def":0,"spa":252,"spd":4,"spe":252},"ivs":{"hp":31,"atk":30,"def":30,"spa":31,"spd":31,"spe":31}},{"name":"Gastrodon","species":"Gastrodon","item":"leftovers","ability":"Storm Drain","moves":["clearsmog","earthpower","scald","recover"],"nature":"Calm","evs":{"hp":252,"atk":0,"def":0,"spa":4,"spd":252,"spe":0},"gender":"F","shiny":true,"ivs":{"hp":31,"atk":31,"def":31,"spa":31,"spd":31,"spe":31}},{"name":"Claydol","species":"Claydol","item":"lightclay","ability":"Levitate","moves":["reflect","lightscreen","stealthrock","rapidspin"],"nature":"Bold","evs":{"hp":252,"atk":0,"def":252,"spa":0,"spd":4,"spe":0},"ivs":{"hp":31,"atk":31,"def":31,"spa":31,"spd":31,"spe":31}},{"name":"Nidoking","species":"Nidoking","item":"choicescarf","ability":"Sheer Force","moves":["icebeam","earthpower","sludgewave","flamethrower"],"nature":"Modest","evs":{"hp":0,"atk":0,"def":0,"spa":252,"spd":4,"spe":252},"shiny":true,"ivs":{"hp":31,"atk":31,"def":31,"spa":31,"spd":31,"spe":31}},{"name":"Golurk","species":"Golurk","item":"assaultvest","ability":"No Guard","moves":["earthquake","dynamicpunch","stoneedge","icepunch"],"nature":"Adamant","evs":{"hp":248,"atk":252,"def":0,"spa":0,"spd":8,"spe":0},"shiny":true,"ivs":{"hp":31,"atk":31,"def":31,"spa":31,"spd":31,"spe":31}},{"name":"Garchomp","species":"Garchomp","item":"rockyhelmet","ability":"Rough Skin","moves":["swordsdance","dragonclaw","earthquake","rest"],"nature":"Impish","evs":{"hp":252,"atk":0,"def":252,"spa":0,"spd":0,"spe":4},"ivs":{"hp":31,"atk":31,"def":31,"spa":31,"spd":31,"spe":31}}],"log":["|player|p1|HB of 300|swlhb.gif","|player|p2|DJMadness|65","|gametype|singles","|gen|6","|tier|Monotype","|rated","|rule|Baton Pass Clause: Limit one Baton Passer, can't pass Spe and other stats simultaneously","|rule|Swagger Clause: Swagger is banned","|rule|Same Type Clause: Pokémon in a team must share a type","|clearpoke","|poke|p1|Garchomp, F","|poke|p1|Gliscor, M","|poke|p1|Landorus, M","|poke|p1|Swampert, F","|poke|p1|Camerupt, F","|poke|p1|Excadrill, M","|poke|p2|Landorus, M","|poke|p2|Gastrodon, F, shiny","|poke|p2|Claydol","|poke|p2|Nidoking, M, shiny","|poke|p2|Golurk, shiny","|poke|p2|Garchomp, F","|rule|Sleep Clause Mod: Limit one foe put to sleep","|rule|Species Clause: Limit one of each Pokémon","|rule|OHKO Clause: OHKO moves are banned","|rule|Moody Clause: Moody is banned","|rule|Evasion Moves Clause: Evasion moves are banned","|rule|Endless Battle Clause: Forcing endless battles is banned","|rule|HP Percentage Mod: HP is shown in percentages","|teampreview","|","|start","|switch|p1a: Swampert|Swampert, F|401/401","|switch|p2a: Claydol|Claydol|324/324","|turn|1","|","|move|p2a: Claydol|Reflect|p2a: Claydol","|-sidestart|p2: DJMadness|Reflect","|move|p1a: Swampert|Stealth Rock|p2a: Claydol","|-sidestart|p2: DJMadness|move: Stealth Rock","|","|turn|2","|","|move|p2a: Claydol|Stealth Rock|p1a: Swampert","|-sidestart|p1: HB of 300|move: Stealth Rock","|move|p1a: Swampert|Scald|p2a: Claydol","|-supereffective|p2a: Claydol","|-damage|p2a: Claydol|178/324","|","|turn|3","|","|move|p2a: Claydol|Light Screen|p2a: Claydol","|-sidestart|p2: DJMadness|move: Light Screen","|move|p1a: Swampert|Scald|p2a: Claydol","|-supereffective|p2a: Claydol","|-damage|p2a: Claydol|102/324","|-status|p2a: Claydol|brn","|","|-damage|p2a: Claydol|62/324 brn|[from] brn","|turn|4","|","|move|p2a: Claydol|Rapid Spin|p1a: Swampert","|-damage|p1a: Swampert|397/401","|-damage|p2a: Claydol|8/324 brn|[from] item: Rocky Helmet|[of] p1a: Swampert","|-sideend|p2: DJMadness|Stealth Rock|[from] move: Rapid Spin|[of] p2a: Claydol","|move|p1a: Swampert|Toxic|p2a: Claydol","|-fail|p2a: Claydol","|","|-damage|p2a: Claydol|0 fnt|[from] brn","|faint|p2a: Claydol","|","|switch|p2a: Garchomp|Garchomp, F|420/420","|turn|5","|","|move|p2a: Garchomp|Swords Dance|p2a: Garchomp","|-boost|p2a: Garchomp|atk|2","|move|p1a: Swampert|Toxic|p2a: Garchomp","|-status|p2a: Garchomp|tox","|","|-damage|p2a: Garchomp|394/420 tox|[from] psn","|turn|6","|","|move|p2a: Garchomp|Dragon Claw|p1a: Swampert","|-damage|p1a: Swampert|214/401","|-damage|p2a: Garchomp|324/420 tox|[from] item: Rocky Helmet|[of] p1a: Swampert","|move|p1a: Swampert|Scald|p2a: Garchomp","|-damage|p2a: Garchomp|279/420 tox","|","|-damage|p2a: Garchomp|227/420 tox|[from] psn","|turn|7","|","|move|p2a: Garchomp|Swords Dance|p2a: Garchomp","|-boost|p2a: Garchomp|atk|2","|move|p1a: Swampert|Earthquake|p2a: Garchomp","|-damage|p2a: Garchomp|181/420 tox","|","|-damage|p2a: Garchomp|103/420 tox|[from] psn","|turn|8","|","|move|p2a: Garchomp|Rest|p2a: Garchomp","|-status|p2a: Garchomp|slp","|-heal|p2a: Garchomp|420/420 slp|[silent]","|-status|p2a: Garchomp|slp|[from] move: Rest","|move|p1a: Swampert|Earthquake|p2a: Garchomp","|-damage|p2a: Garchomp|372/420 slp","|","|-sideend|p2: DJMadness|Reflect","|turn|9","|","|cant|p2a: Garchomp|slp","|move|p1a: Swampert|Earthquake|p2a: Garchomp","|-damage|p2a: Garchomp|273/420 slp","|","|turn|10","|","|cant|p2a: Garchomp|slp","|move|p1a: Swampert|Earthquake|p2a: Garchomp","|-damage|p2a: Garchomp|183/420 slp","|","|-sideend|p2: DJMadness|move: Light Screen","|turn|11","|","|-curestatus|p2a: Garchomp|slp","|move|p2a: Garchomp|Earthquake|p1a: Swampert","|-damage|p1a: Swampert|0 fnt","|faint|p1a: Swampert","|","|","|switch|p1a: Garchomp|Garchomp, F|360/360","|-damage|p1a: Garchomp|338/360|[from] Stealth Rock","|turn|12","|","|move|p1a: Garchomp|Dragon Claw|p2a: Garchomp","|-supereffective|p2a: Garchomp","|-damage|p2a: Garchomp|0 fnt","|-damage|p1a: Garchomp|293/360|[from] ability: Rough Skin|[of] p2a: Garchomp","|-damage|p1a: Garchomp|233/360|[from] item: Rocky Helmet|[of] p2a: Garchomp","|faint|p2a: Garchomp","|","|-heal|p1a: Garchomp|255/360|[from] item: Leftovers","|","|switch|p2a: Golurk|Golurk, shiny|381/381","|turn|13","|","|move|p1a: Garchomp|Earthquake|p2a: Golurk","|-damage|p2a: Golurk|168/381","|move|p2a: Golurk|Ice Punch|p1a: Garchomp","|-supereffective|p1a: Garchomp","|-damage|p1a: Garchomp|0 fnt","|-damage|p2a: Golurk|121/381|[from] ability: Rough Skin|[of] p1a: Garchomp","|faint|p1a: Garchomp","|","|","|switch|p1a: Landorus|Landorus, M|319/319","|-damage|p1a: Landorus|280/319|[from] Stealth Rock","|turn|14","|","|move|p1a: Landorus|Earth Power|p2a: Golurk","|-damage|p2a: Golurk|0 fnt","|faint|p2a: Golurk","|","|","|switch|p2a: Gastrodon|Gastrodon, F, shiny|426/426","|turn|15","|","|switch|p1a: Camerupt|Camerupt, F|343/343","|-damage|p1a: Camerupt|301/343|[from] Stealth Rock","|move|p2a: Gastrodon|Scald|p1a: Camerupt","|-crit|p1a: Camerupt","|-supereffective|p1a: Camerupt","|-damage|p1a: Camerupt|0 fnt","|faint|p1a: Camerupt","|","|","|switch|p1a: Gliscor|Gliscor, M|352/352","|-damage|p1a: Gliscor|308/352|[from] Stealth Rock","|turn|16","|","|move|p1a: Gliscor|Swords Dance|p1a: Gliscor","|-boost|p1a: Gliscor|atk|2","|move|p2a: Gastrodon|Scald|p1a: Gliscor","|-supereffective|p1a: Gliscor","|-damage|p1a: Gliscor|140/352","|","|-status|p1a: Gliscor|tox|[from] item: Toxic Orb","|turn|17","|","|move|p1a: Gliscor|Knock Off|p2a: Gastrodon","|-damage|p2a: Gastrodon|223/426","|-enditem|p2a: Gastrodon|Leftovers|[from] move: Knock Off|[of] p1a: Gliscor","|move|p2a: Gastrodon|Scald|p1a: Gliscor","|-supereffective|p1a: Gliscor","|-damage|p1a: Gliscor|0 fnt","|faint|p1a: Gliscor","|","|","|switch|p1a: Landorus|Landorus, M|280/319","|-damage|p1a: Landorus|241/319|[from] Stealth Rock","|turn|18","|","|move|p1a: Landorus|Earth Power|p2a: Gastrodon","|-damage|p2a: Gastrodon|3/426","|move|p2a: Gastrodon|Recover|p2a: Gastrodon","|-heal|p2a: Gastrodon|216/426","|","|turn|19","|","|move|p1a: Landorus|Earth Power|p2a: Gastrodon","|-damage|p2a: Gastrodon|20/426","|move|p2a: Gastrodon|Recover|p2a: Gastrodon","|-heal|p2a: Gastrodon|233/426","|","|turn|20","|","|switch|p2a: Landorus|Landorus, M|319/319","|move|p1a: Landorus|Earth Power|p2a: Landorus","|-immune|p2a: Landorus|[msg]","|","|turn|21","|","|move|p1a: Landorus|Hidden Power|p2a: Landorus","|-crit|p2a: Landorus","|-supereffective|p2a: Landorus","|-damage|p2a: Landorus|0 fnt","|-damage|p1a: Landorus|210/319|[from] item: Life Orb","|faint|p2a: Landorus","|","|","|switch|p2a: Nidoking|Nidoking, M, shiny|303/303","|turn|22","|","|move|p2a: Nidoking|Ice Beam|p1a: Landorus","|-crit|p1a: Landorus","|-supereffective|p1a: Landorus","|-damage|p1a: Landorus|0 fnt","|faint|p1a: Landorus","|","|","|switch|p1a: Excadrill|Excadrill, M|414/414","|-damage|p1a: Excadrill|402/414|[from] Stealth Rock","|-ability|p1a: Excadrill|Mold Breaker","|turn|23","|","|switch|p2a: Gastrodon|Gastrodon, F, shiny|233/426","|move|p1a: Excadrill|Earthquake|p2a: Gastrodon","|-damage|p2a: Gastrodon|22/426","|","|turn|24","|","|move|p1a: Excadrill|Earthquake|p2a: Gastrodon","|-damage|p2a: Gastrodon|0 fnt","|faint|p2a: Gastrodon","|","|","|switch|p2a: Nidoking|Nidoking, M, shiny|303/303","|turn|25","|","|move|p2a: Nidoking|Earth Power|p1a: Excadrill","|-supereffective|p1a: Excadrill","|-damage|p1a: Excadrill|198/414","|move|p1a: Excadrill|Earthquake|p2a: Nidoking","|-supereffective|p2a: Nidoking","|-damage|p2a: Nidoking|0 fnt","|faint|p2a: Nidoking","|","|win|HB of 300"],"p1rating":{"entryid":"7355565","serverid":"eos","formatid":"monotype","userid":"hbof300","username":"HB of 300","w":2,"l":"0","t":"0","gxe":58.1,"r":"1500","rd":"130","sigma":"0","rptime":"1438506000","rpr":1564.5741431427,"rprd":116.69205100432,"rpsigma":"0","acre":1079.245209787,"lacre":1079.245209787,"oldacre":"1051.7810182285"},"p2rating":{"entryid":"7355209","serverid":"eos","formatid":"monotype","userid":"djmadness","username":"DJMadness","w":"0","l":3,"t":"0","gxe":36.6,"r":"1500","rd":"130","sigma":"0","rptime":"1438506000","rpr":1391.0780720559,"rprd":111.52093994948,"rpsigma":"0","acre":1000,"lacre":1000,"oldacre":"1000"},"endType":"normal"}