{"seed":[56436,61716,8715,13923],"turns":24,"p1":"Mete0r of 300","p2":"Carnie Apexin","p1team":[{"name":"Politoed","species":"Politoed","item":"ejectbutton","ability":"Drizzle","moves":["scald","encore","icebeam","toxic"],"nature":"Bold","evs":{"hp":230,"atk":0,"def":252,"spa":0,"spd":26,"spe":0},"ivs":{"hp":31,"atk":31,"def":31,"spa":31,"spd":31,"spe":31}},{"name":"Kingdra","species":"Kingdra","item":"choicespecs","ability":"Swift Swim","moves":["dragonpulse","surf","dracometeor","hiddenpowerelectric"],"nature":"Modest","evs":{"hp":0,"atk":0,"def":0,"spa":252,"spd":4,"spe":252},"ivs":{"hp":31,"atk":31,"def":31,"spa":30,"spd":31,"spe":31}},{"name":"Swampert","species":"Swampert","item":"swampertite","ability":"Torrent","moves":["stealthrock","waterfall","earthquake","icepunch"],"nature":"Jolly","evs":{"hp":100,"atk":252,"def":0,"spa":0,"spd":0,"spe":156},"ivs":{"hp":31,"atk":31,"def":31,"spa":31,"spd":31,"spe":31}},{"name":"Tentacruel","species":"Tentacruel","item":"assaultvest","ability":"Rain Dish","moves":["knockoff","scald","sludgebomb","rapidspin"],"nature":"Calm","evs":{"hp":204,"atk":0,"def":100,"spa":0,"spd":96,"spe":108},"ivs":{"hp":31,"atk":31,"def":31,"spa":31,"spd":31,"spe":31}},{"name":"Keldeo","species":"Keldeo","item":"leftovers","ability":"Justified","moves":["scald","calmmind","secretsword","substitute"],"nature":"Timid","evs":{"hp":32,"atk":0,"def":0,"spa":252,"spd":4,"spe":220},"ivs":{"hp":31,"atk":31,"def":30,"spa":31,"spd":30,"spe":31}},{"name":"Azumarill","species":"Azumarill","item":"choiceband","ability":"Huge Power","moves":["superpower","playrough","waterfall","aquajet"],"nature":"Adamant","evs":{"hp":248,"atk":252,"def":0,"spa":0,"spd":4,"spe":4},"ivs":{"hp":31,"atk":31,"def":31,"spa":31,"spd":31,"spe":31}}],"p2team":[{"name":"Jewl","species":"diancie","item":"diancite","ability":"Clear Body","moves":["diamondstorm","moonblast","healbell","earthpower"],"nature":"Hasty","evs":{"hp":0,"atk":4,"def":0,"spa":252,"spd":0,"spe":252},"ivs":{"hp":31,"atk":31,"def":31,"spa":31,"spd":31,"spe":31}},{"name":"Bun Bun","species":"azumarill","item":"sitrusberry","ability":"Huge Power","moves":["aquajet","aquatail","bellydrum","playrough"],"nature":"Adamant","evs":{"hp":252,"atk":252,"def":0,"spa":0,"spd":4,"spe":0},"gender":"F","shiny":true,"ivs":{"hp":31,"atk":31,"def":31,"spa":31,"spd":31,"spe":31}},{"name":"Flinch every day","species":"togekiss","item":"leftovers","ability":"Serene Grace","moves":["airslash","thunderwave","healbell","dazzlinggleam"],"nature":"Modest","evs":{"hp":0,"atk":0,"def":0,"spa":252,"spd":4,"spe":252},"gender":"F","ivs":{"hp":31,"atk":31,"def":31,"spa":31,"spd":31,"spe":31}},{"name":"senpai","species":"gardevoir","item":"choicespecs","ability":"Trace","moves":["focusblast","shadowball","moonblast","psychic"],"nature":"Modest","evs":{"hp":8,"atk":0,"def":0,"spa":252,"spd":0,"spe":248},"gender":"M","shiny":true,"ivs":{"hp":31,"atk":31,"def":31,"spa":31,"spd":31,"spe":31}},{"name":"Me rich","species":"klefki","item":"lightclay","ability":"Prankster","moves":["lightscreen","reflect","thunderwave","playrough"],"nature":"Impish","evs":{"hp":248,"atk":8,"def":252,"spa":0,"spd":0,"spe":0},"gender":"M","shiny":true,"ivs":{"hp":31,"atk":31,"def":31,"spa":31,"spd":31,"spe":31}},{"name":"aries","species":"whimsicott","item":"assaultvest","ability":"Infiltrator","moves":["hurricane","gigadrain","moonblast","knockoff"],"nature":"Naive","evs":{"hp":0,"atk":4,"def":0,"spa":252,"spd":0,"spe":252},"gender":"F","ivs":{"hp":31,"atk":31,"def":31,"spa":31,"spd":31,"spe":31}}],"log":["|player|p1|Mete0r of 300|107","|player|p2|Carnie Apexin|92","|gametype|singles","|gen|6","|tier|Monotype","|rated","|rule|Baton Pass Clause: Limit one Baton Passer, can't pass Spe and other stats simultaneously","|rule|Swagger Clause: Swagger is banned","|rule|Same Type Clause: Pokémon in a team must share a type","|clearpoke","|poke|p1|Politoed, M","|poke|p1|Kingdra, M","|poke|p1|Swampert, F","|poke|p1|Tentacruel, F","|poke|p1|Keldeo","|poke|p1|Azumarill, F","|poke|p2|Diancie","|poke|p2|Azumarill, F, shiny","|poke|p2|Togekiss, F","|poke|p2|Gardevoir, M, shiny","|poke|p2|Klefki, M, shiny","|poke|p2|Whimsicott, F","|rule|Sleep Clause Mod: Limit one foe put to sleep","|rule|Species Clause: Limit one of each Pokémon","|rule|OHKO Clause: OHKO moves are banned","|rule|Moody Clause: Moody is banned","|rule|Evasion Moves Clause: Evasion moves are banned","|rule|Endless Battle Clause: Forcing endless battles is banned","|rule|HP Percentage Mod: HP is shown in percentages","|teampreview","|","|start","|switch|p1a: Tentacruel|Tentacruel, F|352/352","|switch|p2a: Me rich|Klefki, M, shiny|317/317","|turn|1","|","|move|p2a: Me rich|Thunder Wave|p1a: Tentacruel","|-status|p1a: Tentacruel|par","|move|p1a: Tentacruel|Knock Off|p2a: Me rich","|-resisted|p2a: Me rich","|-damage|p2a: Me rich|296/317","|-enditem|p2a: Me rich|Light Clay|[from] move: Knock Off|[of] p1a: Tentacruel","|","|turn|2","|","|move|p2a: Me rich|Light Screen|p2a: Me rich","|-sidestart|p2: Carnie Apexin|move: Light Screen","|cant|p1a: Tentacruel|par","|","|turn|3","|","|move|p2a: Me rich|Reflect|p2a: Me rich","|-sidestart|p2: Carnie Apexin|Reflect","|move|p1a: Tentacruel|Scald|p2a: Me rich","|-damage|p2a: Me rich|250/317","|","|turn|4","|","|switch|p2a: Bun Bun|Azumarill, F, shiny|404/404","|move|p1a: Tentacruel|Sludge Bomb|p2a: Bun Bun","|-supereffective|p2a: Bun Bun","|-damage|p2a: Bun Bun|293/404","|","|turn|5","|","|move|p2a: Bun Bun|Belly Drum|p2a: Bun Bun","|-damage|p2a: Bun Bun|91/404","|-setboost|p2a: Bun Bun|atk|6|[from] move: Belly Drum","|-enditem|p2a: Bun Bun|Sitrus Berry|[eat]","|-heal|p2a: Bun Bun|192/404|[from] item: Sitrus Berry","|move|p1a: Tentacruel|Sludge Bomb|p2a: Bun Bun","|-supereffective|p2a: Bun Bun","|-damage|p2a: Bun Bun|87/404","|","|turn|6","|","|move|p2a: Bun Bun|Play Rough|p1a: Tentacruel","|-resisted|p1a: Tentacruel","|-damage|p1a: Tentacruel|0 fnt","|faint|p1a: Tentacruel","|","|-sideend|p2: Carnie Apexin|move: Light Screen","|","|switch|p1a: Politoed|Politoed, M|378/378","|-weather|RainDance","|turn|7","|","|move|p2a: Bun Bun|Aqua Jet|p1a: Politoed","|-resisted|p1a: Politoed","|-damage|p1a: Politoed|173/378","|-enditem|p1a: Politoed|Eject Button","|","|switch|p1a: Kingdra|Kingdra, M|291/291","|","|-weather|RainDance|[upkeep]","|-sideend|p2: Carnie Apexin|Reflect","|turn|8","|","|move|p1a: Kingdra|Surf|p2a: Bun Bun","|-resisted|p2a: Bun Bun","|-damage|p2a: Bun Bun|0 fnt","|faint|p2a: Bun Bun","|","|-weather|RainDance|[upkeep]","|","|switch|p2a: Me rich|Klefki, M, shiny|250/317","|turn|9","|","|move|p2a: Me rich|Thunder Wave|p1a: Kingdra","|-status|p1a: Kingdra|par","|move|p1a: Kingdra|Surf|p2a: Me rich","|-damage|p2a: Me rich|0 fnt","|faint|p2a: Me rich","|","|-weather|RainDance|[upkeep]","|","|switch|p2a: aries|Whimsicott, F|261/261","|turn|10","|","|move|p2a: aries|Moonblast|p1a: Kingdra","|-supereffective|p1a: Kingdra","|-damage|p1a: Kingdra|25/291 par","|move|p1a: Kingdra|Surf|p2a: aries","|-crit|p2a: aries","|-resisted|p2a: aries","|-damage|p2a: aries|35/261","|","|-weather|RainDance|[upkeep]","|turn|11","|","|move|p2a: aries|Moonblast|p1a: Kingdra","|-supereffective|p1a: Kingdra","|-damage|p1a: Kingdra|0 fnt","|faint|p1a: Kingdra","|","|-weather|none","|","|switch|p1a: Politoed|Politoed, M|173/378","|-weather|RainDance","|turn|12","|","|move|p2a: aries|Giga Drain|p1a: Politoed","|-supereffective|p1a: Politoed","|-damage|p1a: Politoed|0 fnt","|-heal|p2a: aries|122/261|[from] drain|[of] p1a: Politoed","|faint|p1a: Politoed","|","|-weather|RainDance|[upkeep]","|","|switch|p1a: Azumarill|Azumarill, F|403/403","|turn|13","|","|move|p1a: Azumarill|Aqua Jet|p2a: aries","|-resisted|p2a: aries","|-damage|p2a: aries|14/261","|move|p2a: aries|Giga Drain|p1a: Azumarill","|-supereffective|p1a: Azumarill","|-damage|p1a: Azumarill|187/403","|-heal|p2a: aries|122/261|[from] drain|[of] p1a: Azumarill","|","|-weather|RainDance|[upkeep]","|turn|14","|","|move|p1a: Azumarill|Aqua Jet|p2a: aries","|-resisted|p2a: aries","|-damage|p2a: aries|8/261","|move|p2a: aries|Giga Drain|p1a: Azumarill","|-supereffective|p1a: Azumarill","|-damage|p1a: Azumarill|0 fnt","|-heal|p2a: aries|102/261|[from] drain|[of] p1a: Azumarill","|faint|p1a: Azumarill","|","|-weather|RainDance|[upkeep]","|","|switch|p1a: Swampert|Swampert, F|366/366","|turn|15","|","|detailschange|p1a: Swampert|Swampert-Mega, F","|-mega|p1a: Swampert|Swampert|Swampertite","|move|p2a: aries|Giga Drain|p1a: Swampert","|-supereffective|p1a: Swampert","|-damage|p1a: Swampert|38/366","|-heal|p2a: aries|261/261|[from] drain|[of] p1a: Swampert","|move|p1a: Swampert|Ice Punch|p2a: aries","|-supereffective|p2a: aries","|-damage|p2a: aries|21/261","|","|-weather|RainDance|[upkeep]","|turn|16","|","|move|p1a: Swampert|Ice Punch|p2a: aries","|-supereffective|p2a: aries","|-damage|p2a: aries|0 fnt","|faint|p2a: aries","|","|-weather|none","|","|switch|p2a: Jewl|Diancie|241/241","|turn|17","|","|detailschange|p2a: Jewl|Diancie-Mega","|-mega|p2a: Jewl|Diancie|Diancite","|move|p1a: Swampert|Earthquake|p2a: Jewl","|-supereffective|p2a: Jewl","|-damage|p2a: Jewl|0 fnt","|faint|p2a: Jewl","|","|","|switch|p2a: Flinch every day|Togekiss, F|311/311","|turn|18","|","|move|p2a: Flinch every day|Air Slash|p1a: Swampert","|-damage|p1a: Swampert|0 fnt","|faint|p1a: Swampert","|","|","|switch|p1a: Keldeo|Keldeo|331/331","|turn|19","|","|move|p1a: Keldeo|Substitute|p1a: Keldeo","|-start|p1a: Keldeo|Substitute","|-damage|p1a: Keldeo|249/331","|move|p2a: Flinch every day|Thunder Wave|p1a: Keldeo","|-fail|p1a: Keldeo","|","|-heal|p1a: Keldeo|269/331|[from] item: Leftovers","|turn|20","|","|move|p1a: Keldeo|Calm Mind|p1a: Keldeo","|-boost|p1a: Keldeo|spa|1","|-boost|p1a: Keldeo|spd|1","|move|p2a: Flinch every day|Dazzling Gleam|p1a: Keldeo","|-supereffective|p1a: Keldeo","|-end|p1a: Keldeo|Substitute","|","|-heal|p1a: Keldeo|289/331|[from] item: Leftovers","|turn|21","|","|move|p1a: Keldeo|Calm Mind|p1a: Keldeo","|-boost|p1a: Keldeo|spa|1","|-boost|p1a: Keldeo|spd|1","|move|p2a: Flinch every day|Dazzling Gleam|p1a: Keldeo","|-supereffective|p1a: Keldeo","|-damage|p1a: Keldeo|133/331","|","|-heal|p1a: Keldeo|153/331|[from] item: Leftovers","|turn|22","|","|move|p1a: Keldeo|Scald|p2a: Flinch every day","|-damage|p2a: Flinch every day|56/311","|-status|p2a: Flinch every day|brn","|move|p2a: Flinch every day|Thunder Wave|p1a: Keldeo","|-status|p1a: Keldeo|par","|","|-heal|p2a: Flinch every day|75/311 brn|[from] item: Leftovers","|-heal|p1a: Keldeo|173/331 par|[from] item: Leftovers","|-damage|p2a: Flinch every day|37/311 brn|[from] brn","|turn|23","|","|move|p2a: Flinch every day|Air Slash|p1a: Keldeo","|-supereffective|p1a: Keldeo","|-damage|p1a: Keldeo|5/331 par","|cant|p1a: Keldeo|par","|","|-heal|p2a: Flinch every day|56/311 brn|[from] item: Leftovers","|-heal|p1a: Keldeo|25/331 par|[from] item: Leftovers","|-damage|p2a: Flinch every day|18/311 brn|[from] brn","|turn|24","|","|move|p2a: Flinch every day|Air Slash|p1a: Keldeo","|-supereffective|p1a: Keldeo","|-damage|p1a: Keldeo|0 fnt","|faint|p1a: Keldeo","|","|win|Carnie Apexin"],"p1rating":{"entryid":"7373806","serverid":"eos","formatid":"monotype","userid":"mete0rof300","username":"Mete0r of 300","w":"2","l":1,"t":"0","gxe":52.4,"r":"1500","rd":"130","sigma":"0","rptime":"1438592400","rpr":1519.2235627079,"rprd":111.44255779966,"rpsigma":"0","acre":1070.9122573872,"lacre":1070.9122573872,"oldacre":"1099.5409564989"},"p2rating":{"entryid":"7057897","serverid":"eos","formatid":"monotype","userid":"carnieapexin","username":"Carnie Apexin","w":21,"l":"43","t":"1","gxe":33.9,"r":"1359.3098185277","rd":"46.046178679483","sigma":"0","rptime":"1438592400","rpr":1373.4493721691,"rprd":45.422506325063,"rpsigma":"0","acre":1085.3580445349,"lacre":1085.3580445349,"oldacre":"1047.6296640794"},"endType":"normal"}