{"seed":[16171,63829,7633,34998],"turns":22,"p1":"samuelwade223","p2":"Alliance - Wu Tang","p1team":[{"name":"my main bitch","species":"nidoqueen","item":"blacksludge","ability":"Poison Point","moves":["stealthrock","toxicspikes","roar","superfang"],"nature":"Impish","evs":{"hp":252,"atk":0,"def":252,"spa":0,"spd":0,"spe":4},"shiny":true,"ivs":{"hp":31,"atk":31,"def":31,"spa":31,"spd":31,"spe":31}},{"name":"the fat but pretty","species":"venusaur","item":"venusaurite","ability":"Chlorophyll","moves":["gigadrain","sludgebomb","hiddenpowerfire","roar"],"nature":"Modest","evs":{"hp":252,"atk":0,"def":0,"spa":252,"spd":0,"spe":4},"gender":"F","ivs":{"hp":31,"atk":30,"def":31,"spa":30,"spd":31,"spe":30},"shiny":true},{"name":"hentai","species":"tentacruel","item":"assaultvest","ability":"Liquid Ooze","moves":["acidspray","scald","hiddenpowerfire","icebeam"],"nature":"Bold","evs":{"hp":224,"atk":0,"def":252,"spa":0,"spd":0,"spe":32},"ivs":{"hp":31,"atk":30,"def":31,"spa":30,"spd":31,"spe":30},"shiny":true},{"name":"stinkypinky","species":"skuntank","item":"dreadplate","ability":"Aftermath","moves":["suckerpunch","taunt","pursuit","crunch"],"nature":"Adamant","evs":{"hp":252,"atk":252,"def":0,"spa":0,"spd":0,"spe":4},"shiny":true,"ivs":{"hp":31,"atk":31,"def":31,"spa":31,"spd":31,"spe":31}},{"name":"gangbang","species":"gengar","item":"widelens","ability":"Levitate","moves":["substitute","confuseray","shadowball","focusblast"],"nature":"Timid","evs":{"hp":4,"atk":0,"def":0,"spa":252,"spd":0,"spe":252},"shiny":true,"ivs":{"hp":31,"atk":31,"def":31,"spa":31,"spd":31,"spe":31}},{"name":"P.I.M.P.","species":"nidoking","item":"lifeorb","ability":"Sheer Force","moves":["earthpower","thunderbolt","icebeam","flamethrower"],"nature":"Timid","evs":{"hp":4,"atk":0,"def":0,"spa":252,"spd":0,"spe":252},"shiny":true,"ivs":{"hp":31,"atk":31,"def":31,"spa":31,"spd":31,"spe":31}}],"p2team":[{"name":"ガブリアス","species":"garchomp","item":"rockyhelmet","ability":"Rough Skin","moves":["stealthrock","earthquake","dragontail","endure"],"nature":"Impish","evs":{"hp":252,"atk":0,"def":232,"spa":0,"spd":24,"spe":0},"ivs":{"hp":31,"atk":31,"def":31,"spa":31,"spd":31,"spe":31}},{"name":"オンバーン","species":"noivern","item":"choicescarf","ability":"Infiltrator","moves":["flamethrower","hurricane","dracometeor","darkpulse"],"nature":"Timid","evs":{"hp":0,"atk":0,"def":4,"spa":252,"spd":0,"spe":252},"ivs":{"hp":31,"atk":31,"def":31,"spa":31,"spd":31,"spe":31}},{"name":"チルタリス","species":"altaria","item":"altarianite","ability":"Natural Cure","moves":["dragondance","frustration","earthquake","roost"],"nature":"Adamant","evs":{"hp":188,"atk":68,"def":0,"spa":0,"spd":0,"spe":252},"happiness":0,"ivs":{"hp":31,"atk":31,"def":31,"spa":31,"spd":31,"spe":31}},{"name":"ラティオス","species":"latios","item":"choicescarf","ability":"Levitate","moves":["hiddenpowerfire","dragonpulse","psyshock","trick"],"nature":"Timid","evs":{"hp":0,"atk":0,"def":4,"spa":252,"spd":0,"spe":252},"ivs":{"hp":31,"atk":30,"def":31,"spa":30,"spd":31,"spe":30}},{"name":"キュレム","species":"kyuremblack","item":"lifeorb","ability":"Teravolt","moves":["icebeam","outrage","fusionbolt","ironhead"],"nature":"Naive","evs":{"hp":0,"atk":100,"def":0,"spa":180,"spd":0,"spe":228},"shiny":true,"ivs":{"hp":31,"atk":31,"def":31,"spa":31,"spd":31,"spe":31}},{"name":"ボーマンダ","species":"salamence","item":"choicescarf","ability":"Moxie","moves":["outrage","aerialace","steelwing","earthquake"],"nature":"Jolly","evs":{"hp":0,"atk":252,"def":4,"spa":0,"spd":0,"spe":252},"ivs":{"hp":31,"atk":31,"def":31,"spa":31,"spd":31,"spe":31}}],"log":["|player|p1|samuelwade223|290","|player|p2|Alliance - Wu Tang|alliancewutang.png","|gametype|singles","|gen|6","|tier|Monotype","|rated","|rule|Baton Pass Clause: Limit one Baton Passer, can't pass Spe and other stats simultaneously","|rule|Swagger Clause: Swagger is banned","|rule|Same Type Clause: Pokémon in a team must share a type","|clearpoke","|poke|p1|Nidoqueen, F, shiny","|poke|p1|Venusaur, F, shiny","|poke|p1|Tentacruel, M, shiny","|poke|p1|Skuntank, F, shiny","|poke|p1|Gengar, F, shiny","|poke|p1|Nidoking, M, shiny","|poke|p2|Garchomp, F","|poke|p2|Noivern, M","|poke|p2|Altaria, M","|poke|p2|Latios, M","|poke|p2|Kyurem-Black, shiny","|poke|p2|Salamence, F","|rule|Sleep Clause Mod: Limit one foe put to sleep","|rule|Species Clause: Limit one of each Pokémon","|rule|OHKO Clause: OHKO moves are banned","|rule|Moody Clause: Moody is banned","|rule|Evasion Moves Clause: Evasion moves are banned","|rule|Endless Battle Clause: Forcing endless battles is banned","|rule|HP Percentage Mod: HP is shown in percentages","|teampreview","|","|start","|switch|p1a: my main bitch|Nidoqueen, F, shiny|384/384","|switch|p2a: ガブリアス|Garchomp, F|420/420","|turn|1","|","|move|p2a: ガブリアス|Stealth Rock|p1a: my main bitch","|-sidestart|p1: samuelwade223|move: Stealth Rock","|move|p1a: my main bitch|Toxic Spikes|p2a: ガブリアス","|-sidestart|p2: Alliance - Wu Tang|move: Toxic Spikes","|","|turn|2","|","|move|p2a: ガブリアス|Earthquake|p1a: my main bitch","|-supereffective|p1a: my main bitch","|-damage|p1a: my main bitch|138/384","|move|p1a: my main bitch|Stealth Rock|p2a: ガブリアス","|-sidestart|p2: Alliance - Wu Tang|move: Stealth Rock","|","|-heal|p1a: my main bitch|162/384|[from] item: Black Sludge","|turn|3","|","|move|p2a: ガブリアス|Earthquake|p1a: my main bitch","|-supereffective|p1a: my main bitch","|-damage|p1a: my main bitch|0 fnt","|faint|p1a: my main bitch","|","|","|switch|p1a: the fat but pretty|Venusaur, F, shiny|364/364","|-damage|p1a: the fat but pretty|319/364|[from] Stealth Rock","|turn|4","|","|switch|p2a: オンバーン|Noivern, M|311/311","|-damage|p2a: オンバーン|234/311|[from] Stealth Rock","|detailschange|p1a: the fat but pretty|Venusaur-Mega, F, shiny","|-mega|p1a: the fat but pretty|Venusaur|Venusaurite","|move|p1a: the fat but pretty|Roar|p2a: オンバーン","|drag|p2a: ガブリアス|Garchomp, F|420/420","|-damage|p2a: ガブリアス|394/420|[from] Stealth Rock","|-status|p2a: ガブリアス|psn","|","|-damage|p2a: ガブリアス|342/420 psn|[from] psn","|turn|5","|","|move|p2a: ガブリアス|Dragon Tail|p1a: the fat but pretty|[miss]","|-miss|p2a: ガブリアス|p1a: the fat but pretty","|move|p1a: the fat but pretty|Roar|p2a: ガブリアス","|drag|p2a: チルタリス|Altaria, M|338/338","|-damage|p2a: チルタリス|254/338|[from] Stealth Rock","|","|turn|6","|","|switch|p2a: オンバーン|Noivern, M|234/311","|-damage|p2a: オンバーン|157/311|[from] Stealth Rock","|move|p1a: the fat but pretty|Roar|p2a: オンバーン","|drag|p2a: キュレム|Kyurem-Black, shiny|391/391","|-damage|p2a: キュレム|294/391|[from] Stealth Rock","|-status|p2a: キュレム|psn","|-ability|p2a: キュレム|Teravolt","|","|-damage|p2a: キュレム|246/391 psn|[from] psn","|turn|7","|","|move|p2a: キュレム|Ice Beam|p1a: the fat but pretty","|-supereffective|p1a: the fat but pretty","|-damage|p1a: the fat but pretty|28/364","|-damage|p2a: キュレム|207/391 psn|[from] item: Life Orb","|move|p1a: the fat but pretty|Roar|p2a: キュレム","|drag|p2a: ラティオス|Latios, M|301/301","|-damage|p2a: ラティオス|264/301|[from] Stealth Rock","|","|turn|8","|","|move|p2a: ラティオス|Dragon Pulse|p1a: the fat but pretty","|-damage|p1a: the fat but pretty|0 fnt","|faint|p1a: the fat but pretty","|","|","|switch|p1a: hentai|Tentacruel, M, shiny|357/357","|-damage|p1a: hentai|313/357|[from] Stealth Rock","|turn|9","|","|switch|p2a: ガブリアス|Garchomp, F|342/420 psn","|-damage|p2a: ガブリアス|316/420 psn|[from] Stealth Rock","|move|p1a: hentai|Ice Beam|p2a: ガブリアス","|-supereffective|p2a: ガブリアス","|-damage|p2a: ガブリアス|44/420 psn","|","|-damage|p2a: ガブリアス|0 fnt|[from] psn","|faint|p2a: ガブリアス","|","|switch|p2a: キュレム|Kyurem-Black, shiny|207/391 psn","|-damage|p2a: キュレム|110/391 psn|[from] Stealth Rock","|-ability|p2a: キュレム|Teravolt","|turn|10","|","|move|p2a: キュレム|Fusion Bolt|p1a: hentai","|-supereffective|p1a: hentai","|-damage|p1a: hentai|0 fnt","|-damage|p2a: キュレム|71/391 psn|[from] item: Life Orb","|faint|p1a: hentai","|","|-damage|p2a: キュレム|23/391 psn|[from] psn","|","|switch|p1a: stinkypinky|Skuntank, F, shiny|410/410","|-damage|p1a: stinkypinky|359/410|[from] Stealth Rock","|turn|11","|","|move|p1a: stinkypinky|Sucker Punch|p2a: キュレム","|-damage|p2a: キュレム|0 fnt","|faint|p2a: キュレム","|","|","|switch|p2a: オンバーン|Noivern, M|157/311","|-damage|p2a: オンバーン|80/311|[from] Stealth Rock","|turn|12","|","|move|p1a: stinkypinky|Sucker Punch|p2a: オンバーン","|-damage|p2a: オンバーン|0 fnt","|faint|p2a: オンバーン","|","|","|switch|p2a: ボーマンダ|Salamence, F|331/331","|-damage|p2a: ボーマンダ|249/331|[from] Stealth Rock","|turn|13","|","|move|p1a: stinkypinky|Sucker Punch|p2a: ボーマンダ","|-damage|p2a: ボーマンダ|78/331","|move|p2a: ボーマンダ|Outrage|p1a: stinkypinky","|-damage|p1a: stinkypinky|46/410","|","|turn|14","|","|move|p1a: stinkypinky|Sucker Punch|p2a: ボーマンダ","|-damage|p2a: ボーマンダ|0 fnt","|faint|p2a: ボーマンダ","|","|","|switch|p2a: チルタリス|Altaria, M|254/338","|-damage|p2a: チルタリス|170/338|[from] Stealth Rock","|turn|15","|","|move|p2a: チルタリス|Roost|p2a: チルタリス","|-heal|p2a: チルタリス|338/338","|move|p1a: stinkypinky|Taunt|p2a: チルタリス","|-start|p2a: チルタリス|move: Taunt","|","|turn|16","|","|detailschange|p2a: チルタリス|Altaria-Mega, M","|-mega|p2a: チルタリス|Altaria|Altarianite","|move|p1a: stinkypinky|Sucker Punch|p2a: チルタリス","|-resisted|p2a: チルタリス","|-damage|p2a: チルタリス|272/338","|move|p2a: チルタリス|Earthquake|p1a: stinkypinky","|-supereffective|p1a: stinkypinky","|-damage|p1a: stinkypinky|0 fnt","|faint|p1a: stinkypinky","|","|","|switch|p1a: gangbang|Gengar, F, shiny|262/262","|-damage|p1a: gangbang|230/262|[from] Stealth Rock","|turn|17","|","|move|p1a: gangbang|Substitute|p1a: gangbang","|-start|p1a: gangbang|Substitute","|-damage|p1a: gangbang|165/262","|move|p2a: チルタリス|Frustration|p1a: gangbang","|-resisted|p1a: gangbang","|-end|p1a: gangbang|Substitute","|","|turn|18","|","|move|p1a: gangbang|Confuse Ray|p2a: チルタリス","|-start|p2a: チルタリス|confusion","|-activate|p2a: チルタリス|confusion","|move|p2a: チルタリス|Frustration|p1a: gangbang","|-resisted|p1a: gangbang","|-damage|p1a: gangbang|9/262","|","|-end|p2a: チルタリス|move: Taunt","|turn|19","|","|move|p1a: gangbang|Focus Blast|p2a: チルタリス","|-resisted|p2a: チルタリス","|-damage|p2a: チルタリス|205/338","|-activate|p2a: チルタリス|confusion","|-damage|p2a: チルタリス|164/338|[from] confusion","|","|turn|20","|","|move|p1a: gangbang|Shadow Ball|p2a: チルタリス","|-damage|p2a: チルタリス|22/338","|-activate|p2a: チルタリス|confusion","|-damage|p2a: チルタリス|0 fnt|[from] confusion","|faint|p2a: チルタリス","|","|","|switch|p2a: ラティオス|Latios, M|264/301","|-damage|p2a: ラティオス|227/301|[from] Stealth Rock","|turn|21","|","|move|p2a: ラティオス|Psyshock|p1a: gangbang","|-supereffective|p1a: gangbang","|-damage|p1a: gangbang|0 fnt","|faint|p1a: gangbang","|","|","|switch|p1a: P.I.M.P.|Nidoking, M, shiny|304/304","|-damage|p1a: P.I.M.P.|285/304|[from] Stealth Rock","|turn|22","|","|move|p2a: ラティオス|Psyshock|p1a: P.I.M.P.","|-supereffective|p1a: P.I.M.P.","|-damage|p1a: P.I.M.P.|0 fnt","|faint|p1a: P.I.M.P.","|","|win|Alliance - Wu Tang"],"p1rating":{"entryid":"7061762","serverid":"eos","formatid":"monotype","userid":"samuelwade223","username":"samuelwade223","w":"13","l":30,"t":"0","gxe":34.6,"r":"1381.8365162994","rd":"55.908097163289","sigma":"0","rptime":"1438592400","rpr":1378.7352760725,"rprd":53.927836292693,"rpsigma":"0","acre":1067.5868753201,"lacre":1067.5868753201,"oldacre":"1082.3077604081"},"p2rating":{"entryid":"7022950","serverid":"eos","formatid":"monotype","userid":"alliancewutang","username":"Alliance - Wu Tang","w":20,"l":"10","t":"0","gxe":62.5,"r":"1561.5796562847","rd":"69.552395762797","sigma":"0","rptime":"1438592400","rpr":1597.5828859389,"rprd":63.351948658642,"rpsigma":"0","acre":1222.2863937606,"lacre":1222.2863937606,"oldacre":"1205.8172527397"},"endType":"normal"}