{"seed":[48575,5799,6959,23584],"turns":24,"p1":"Alliance - Mxy","p2":"Warden Staravia","p1team":[{"name":"Gengar","species":"Gengar","item":"choicescarf","ability":"Levitate","moves":["shadowball","sludgewave","focusblast","destinybond"],"nature":"Timid","evs":{"hp":0,"atk":0,"def":0,"spa":252,"spd":4,"spe":252},"ivs":{"hp":31,"atk":31,"def":31,"spa":31,"spd":31,"spe":31}},{"name":"Beedrill","species":"Beedrill","item":"beedrillite","ability":"Swarm","moves":["uturn","poisonjab","drillrun","protect"],"nature":"Jolly","evs":{"hp":0,"atk":252,"def":0,"spa":0,"spd":4,"spe":252},"ivs":{"hp":31,"atk":31,"def":31,"spa":31,"spd":31,"spe":31}},{"name":"Venusaur","species":"Venusaur","item":"venusaurite","ability":"Overgrow","moves":["synthesis","gigadrain","sludgebomb","hiddenpowerfire"],"nature":"Bold","evs":{"hp":248,"atk":0,"def":160,"spa":20,"spd":80,"spe":0},"ivs":{"hp":31,"atk":30,"def":31,"spa":30,"spd":31,"spe":30}},{"name":"Nidoqueen","species":"Nidoqueen","item":"airballoon","ability":"Sheer Force","moves":["stealthrock","fireblast","earthpower","icebeam"],"nature":"Bold","evs":{"hp":248,"atk":0,"def":108,"spa":152,"spd":0,"spe":0},"ivs":{"hp":31,"atk":31,"def":31,"spa":31,"spd":31,"spe":31}},{"name":"Drapion","species":"Drapion","item":"blacksludge","ability":"Battle Armor","moves":["knockoff","taunt","toxicspikes","earthquake"],"nature":"Jolly","evs":{"hp":248,"atk":8,"def":0,"spa":0,"spd":0,"spe":252},"ivs":{"hp":31,"atk":31,"def":31,"spa":31,"spd":31,"spe":31}},{"name":"Scolipede","species":"Scolipede","item":"lifeorb","ability":"Speed Boost","moves":["megahorn","superpower","rockslide","protect"],"nature":"Jolly","evs":{"hp":0,"atk":252,"def":0,"spa":0,"spd":4,"spe":252},"shiny":true,"ivs":{"hp":31,"atk":31,"def":31,"spa":31,"spd":31,"spe":31}}],"p2team":[{"name":"Metal Staravia","species":"skarmory","item":"rockyhelmet","ability":"Sturdy","moves":["drillpeck","whirlwind","spikes","roost"],"nature":"Impish","evs":{"hp":248,"atk":0,"def":252,"spa":0,"spd":0,"spe":4},"shiny":true,"ivs":{"hp":31,"atk":31,"def":31,"spa":31,"spd":31,"spe":31}},{"name":"Quinn the Rascal","species":"excadrill","item":"choicescarf","ability":"Mold Breaker","moves":["earthquake","rockslide","rapidspin","ironhead"],"nature":"Jolly","evs":{"hp":4,"atk":252,"def":0,"spa":0,"spd":0,"spe":252},"shiny":true,"ivs":{"hp":31,"atk":31,"def":31,"spa":31,"spd":31,"spe":31}},{"name":"Crit Magnet","species":"magnezone","item":"choicescarf","ability":"Magnet Pull","moves":["hiddenpowerice","voltswitch","flashcannon","thunderbolt"],"nature":"Timid","evs":{"hp":56,"atk":0,"def":0,"spa":196,"spd":4,"spe":252},"ivs":{"hp":31,"atk":30,"def":30,"spa":31,"spd":31,"spe":31},"shiny":true},{"name":"Happy Karen","species":"heatran","item":"leftovers","ability":"Flash Fire","moves":["earthpower","lavaplume","stealthrock","roar"],"nature":"Calm","evs":{"hp":252,"atk":0,"def":0,"spa":0,"spd":236,"spe":20},"shiny":true,"ivs":{"hp":31,"atk":31,"def":31,"spa":31,"spd":31,"spe":31}},{"name":"Harold the Knight","species":"bisharp","item":"lumberry","ability":"Defiant","moves":["suckerpunch","knockoff","ironhead","swordsdance"],"nature":"Adamant","evs":{"hp":4,"atk":252,"def":0,"spa":0,"spd":0,"spe":252},"shiny":true,"ivs":{"hp":31,"atk":31,"def":31,"spa":31,"spd":31,"spe":31}},{"name":"El Magic Steel","species":"bronzong","item":"lightclay","ability":"Levitate","moves":["reflect","lightscreen","toxic","gyroball"],"nature":"Sassy","evs":{"hp":248,"atk":4,"def":56,"spa":0,"spd":200,"spe":0},"ivs":{"hp":31,"atk":31,"def":31,"spa":31,"spd":31,"spe":0},"shiny":true}],"log":["|player|p1|Alliance - Mxy|270","|player|p2|Warden Staravia|wardenstaravia.gif","|gametype|singles","|gen|6","|tier|Monotype","|rated","|rule|Baton Pass Clause: Limit one Baton Passer, can't pass Spe and other stats simultaneously","|rule|Swagger Clause: Swagger is banned","|rule|Same Type Clause: Pokémon in a team must share a type","|clearpoke","|poke|p1|Gengar, F","|poke|p1|Beedrill, F","|poke|p1|Venusaur, M","|poke|p1|Nidoqueen, F","|poke|p1|Drapion, F","|poke|p1|Scolipede, F, shiny","|poke|p2|Skarmory, M, shiny","|poke|p2|Excadrill, F, shiny","|poke|p2|Magnezone, shiny","|poke|p2|Heatran, F, shiny","|poke|p2|Bisharp, M, shiny","|poke|p2|Bronzong, shiny","|rule|Sleep Clause Mod: Limit one foe put to sleep","|rule|Species Clause: Limit one of each Pokémon","|rule|OHKO Clause: OHKO moves are banned","|rule|Moody Clause: Moody is banned","|rule|Evasion Moves Clause: Evasion moves are banned","|rule|Endless Battle Clause: Forcing endless battles is banned","|rule|HP Percentage Mod: HP is shown in percentages","|teampreview","|","|start","|switch|p1a: Nidoqueen|Nidoqueen, F|383/383","|switch|p2a: Crit Magnet|Magnezone, shiny|295/295","|-item|p1a: Nidoqueen|Air Balloon","|turn|1","|","|switch|p2a: El Magic Steel|Bronzong, shiny|337/337","|move|p1a: Nidoqueen|Stealth Rock|p2a: El Magic Steel","|-sidestart|p2: Warden Staravia|move: Stealth Rock","|","|turn|2","|","|move|p1a: Nidoqueen|Fire Blast|p2a: El Magic Steel|[miss]","|-miss|p1a: Nidoqueen|p2a: El Magic Steel","|move|p2a: El Magic Steel|Light Screen|p2a: El Magic Steel","|-sidestart|p2: Warden Staravia|move: Light Screen","|","|turn|3","|","|switch|p1a: Drapion|Drapion, F|343/343","|move|p2a: El Magic Steel|Reflect|p2a: El Magic Steel","|-sidestart|p2: Warden Staravia|Reflect","|","|turn|4","|","|switch|p2a: Harold the Knight|Bisharp, M, shiny|272/272","|-damage|p2a: Harold the Knight|255/272|[from] Stealth Rock","|move|p1a: Drapion|Knock Off|p2a: Harold the Knight","|-resisted|p2a: Harold the Knight","|-damage|p2a: Harold the Knight|228/272","|-enditem|p2a: Harold the Knight|Lum Berry|[from] move: Knock Off|[of] p1a: Drapion","|","|turn|5","|","|move|p1a: Drapion|Taunt|p2a: Harold the Knight","|-start|p2a: Harold the Knight|move: Taunt","|cant|p2a: Harold the Knight|move: Taunt|Swords Dance","|","|turn|6","|","|move|p1a: Drapion|Earthquake|p2a: Harold the Knight","|-supereffective|p2a: Harold the Knight","|-damage|p2a: Harold the Knight|150/272","|move|p2a: Harold the Knight|Iron Head|p1a: Drapion","|-damage|p1a: Drapion|213/343","|","|-heal|p1a: Drapion|234/343|[from] item: Black Sludge","|turn|7","|","|move|p1a: Drapion|Earthquake|p2a: Harold the Knight","|-supereffective|p2a: Harold the Knight","|-damage|p2a: Harold the Knight|75/272","|move|p2a: Harold the Knight|Iron Head|p1a: Drapion","|-damage|p1a: Drapion|84/343","|","|-heal|p1a: Drapion|105/343|[from] item: Black Sludge","|-end|p2a: Harold the Knight|move: Taunt","|turn|8","|","|move|p1a: Drapion|Taunt|p2a: Harold the Knight","|-start|p2a: Harold the Knight|move: Taunt","|move|p2a: Harold the Knight|Iron Head|p1a: Drapion","|-damage|p1a: Drapion|0 fnt","|faint|p1a: Drapion","|","|","|switch|p1a: Beedrill|Beedrill, F|271/271","|turn|9","|","|move|p2a: Harold the Knight|Sucker Punch|p1a: Beedrill","|-damage|p1a: Beedrill|0 fnt","|faint|p1a: Beedrill","|","|-sideend|p2: Warden Staravia|move: Light Screen","|","|switch|p1a: Venusaur|Venusaur, M|363/363","|turn|10","|","|switch|p2a: Happy Karen|Heatran, F, shiny|386/386","|-damage|p2a: Happy Karen|338/386|[from] Stealth Rock","|detailschange|p1a: Venusaur|Venusaur-Mega, M","|-mega|p1a: Venusaur|Venusaur|Venusaurite","|move|p1a: Venusaur|Giga Drain|p2a: Happy Karen","|-resisted|p2a: Happy Karen","|-damage|p2a: Happy Karen|318/386","|","|-heal|p2a: Happy Karen|342/386|[from] item: Leftovers","|-sideend|p2: Warden Staravia|Reflect","|turn|11","|","|switch|p1a: Nidoqueen|Nidoqueen, F|383/383","|-item|p1a: Nidoqueen|Air Balloon","|move|p2a: Happy Karen|Stealth Rock|p1a: Nidoqueen","|-sidestart|p1: Alliance - Mxy|move: Stealth Rock","|","|-heal|p2a: Happy Karen|366/386|[from] item: Leftovers","|turn|12","|","|switch|p2a: El Magic Steel|Bronzong, shiny|337/337","|-damage|p2a: El Magic Steel|316/337|[from] Stealth Rock","|move|p1a: Nidoqueen|Earth Power|p2a: El Magic Steel","|-immune|p2a: El Magic Steel|[msg]","|","|turn|13","|","|move|p1a: Nidoqueen|Fire Blast|p2a: El Magic Steel|[miss]","|-miss|p1a: Nidoqueen|p2a: El Magic Steel","|move|p2a: El Magic Steel|Light Screen|p2a: El Magic Steel","|-sidestart|p2: Warden Staravia|move: Light Screen","|","|turn|14","|","|move|p1a: Nidoqueen|Fire Blast|p2a: El Magic Steel","|-supereffective|p2a: El Magic Steel","|-damage|p2a: El Magic Steel|243/337","|move|p2a: El Magic Steel|Reflect|p2a: El Magic Steel","|-sidestart|p2: Warden Staravia|Reflect","|","|turn|15","|","|move|p1a: Nidoqueen|Fire Blast|p2a: El Magic Steel","|-supereffective|p2a: El Magic Steel","|-damage|p2a: El Magic Steel|164/337","|move|p2a: El Magic Steel|Gyro Ball|p1a: Nidoqueen","|-damage|p1a: Nidoqueen|304/383","|-enditem|p1a: Nidoqueen|Air Balloon","|","|turn|16","|","|switch|p2a: Happy Karen|Heatran, F, shiny|366/386","|-damage|p2a: Happy Karen|318/386|[from] Stealth Rock","|move|p1a: Nidoqueen|Fire Blast|p2a: Happy Karen","|-start|p2a: Happy Karen|ability: Flash Fire","|","|-heal|p2a: Happy Karen|342/386|[from] item: Leftovers","|turn|17","|","|move|p2a: Happy Karen|Lava Plume|p1a: Nidoqueen","|-damage|p1a: Nidoqueen|106/383","|move|p1a: Nidoqueen|Earth Power|p2a: Happy Karen","|-supereffective|p2a: Happy Karen","|-damage|p2a: Happy Karen|168/386","|","|-heal|p2a: Happy Karen|192/386|[from] item: Leftovers","|turn|18","|","|move|p2a: Happy Karen|Lava Plume|p1a: Nidoqueen","|-damage|p1a: Nidoqueen|0 fnt","|faint|p1a: Nidoqueen","|","|-heal|p2a: Happy Karen|216/386|[from] item: Leftovers","|","|switch|p1a: Gengar|Gengar, F|261/261","|-damage|p1a: Gengar|229/261|[from] Stealth Rock","|turn|19","|","|move|p1a: Gengar|Destiny Bond|p1a: Gengar","|-singlemove|p1a: Gengar|Destiny Bond","|move|p2a: Happy Karen|Lava Plume|p1a: Gengar","|-damage|p1a: Gengar|22/261","|","|-heal|p2a: Happy Karen|240/386|[from] item: Leftovers","|turn|20","|","|move|p1a: Gengar|Destiny Bond|p1a: Gengar","|-singlemove|p1a: Gengar|Destiny Bond","|move|p2a: Happy Karen|Roar|p1a: Gengar","|drag|p1a: Scolipede|Scolipede, F, shiny|261/261","|-damage|p1a: Scolipede|196/261|[from] Stealth Rock","|","|-heal|p2a: Happy Karen|264/386|[from] item: Leftovers","|-sideend|p2: Warden Staravia|move: Light Screen","|turn|21","|","|move|p1a: Scolipede|Protect|p1a: Scolipede","|-singleturn|p1a: Scolipede|Protect","|move|p2a: Happy Karen|Lava Plume|p1a: Scolipede","|-activate|p1a: Scolipede|Protect","|","|-heal|p2a: Happy Karen|288/386|[from] item: Leftovers","|-sideend|p2: Warden Staravia|Reflect","|-boost|p1a: Scolipede|spe|1|[from] ability: Speed Boost","|turn|22","|","|switch|p1a: Venusaur|Venusaur-Mega, M|363/363","|-damage|p1a: Venusaur|318/363|[from] Stealth Rock","|move|p2a: Happy Karen|Lava Plume|p1a: Venusaur","|-supereffective|p1a: Venusaur","|-damage|p1a: Venusaur|172/363","|-status|p1a: Venusaur|brn","|","|-heal|p2a: Happy Karen|312/386|[from] item: Leftovers","|-damage|p1a: Venusaur|127/363 brn|[from] brn","|turn|23","|","|move|p1a: Venusaur|Sludge Bomb|p2a: Happy Karen","|-immune|p2a: Happy Karen|[msg]","|move|p2a: Happy Karen|Lava Plume|p1a: Venusaur","|-supereffective|p1a: Venusaur","|-damage|p1a: Venusaur|0 fnt","|faint|p1a: Venusaur","|","|-heal|p2a: Happy Karen|336/386|[from] item: Leftovers","|","|switch|p1a: Scolipede|Scolipede, F, shiny|196/261","|-damage|p1a: Scolipede|131/261|[from] Stealth Rock","|turn|24","|player|p1","|player|p1|Alliance - Mxy|270","|","|move|p1a: Scolipede|Superpower|p2a: Happy Karen","|-supereffective|p2a: Happy Karen","|-damage|p2a: Happy Karen|27/386","|-unboost|p1a: Scolipede|atk|1","|-unboost|p1a: Scolipede|def|1","|-damage|p1a: Scolipede|105/261|[from] item: Life Orb","|move|p2a: Happy Karen|Lava Plume|p1a: Scolipede","|-crit|p1a: Scolipede","|-supereffective|p1a: Scolipede","|-damage|p1a: Scolipede|0 fnt","|faint|p1a: Scolipede","|","|-heal|p2a: Happy Karen|51/386|[from] item: Leftovers","|","|switch|p1a: Gengar|Gengar, F|22/261","|-damage|p1a: Gengar|0 fnt|[from] Stealth Rock","|faint|p1a: Gengar","|","|win|Warden Staravia"],"p1rating":{"entryid":"6690851","serverid":"eos","formatid":"monotype","userid":"alliancemxy","username":"Alliance - Mxy","w":"54","l":25,"t":"0","gxe":66.8,"r":"1634.4303757297","rd":"43.340767533071","sigma":"0","rptime":"1438592400","rpr":1632.7954951742,"rprd":42.719555119665,"rpsigma":"0","acre":1276.2746332451,"lacre":1276.2746332451,"oldacre":"1302.9155941618"},"p2rating":{"entryid":"5867986","serverid":"eos","formatid":"monotype","userid":"wardenstaravia","username":"Warden Staravia","w":56,"l":"31","t":"0","gxe":65.8,"r":"1616.8647497665","rd":49.568728873302,"sigma":"0","rptime":1438592400,"rpr":1624.0776490883,"rprd":49.082116103238,"rpsigma":"0","acre":1216.3069293133,"lacre":1216.3069293133,"oldacre":"1183.0057281674"},"endType":"normal"}