{"seed":[2458,28186,61575,45785],"turns":22,"p1":"TheTrialoftheYear","p2":"LightOfAKnowing","p1team":[{"name":"Dragonite","species":"Dragonite","item":"choiceband","ability":"Multiscale","moves":["extremespeed","ironhead","dragonclaw","firepunch"],"nature":"Adamant","evs":{"hp":0,"atk":252,"def":0,"spa":0,"spd":6,"spe":252},"ivs":{"hp":31,"atk":31,"def":31,"spa":31,"spd":31,"spe":31}},{"name":"Dragalge","species":"Dragalge","item":"toxicplate","ability":"Adaptability","moves":["sludgebomb","scald","dragonpulse","focusblast"],"nature":"Modest","evs":{"hp":248,"atk":0,"def":0,"spa":252,"spd":8,"spe":0},"ivs":{"hp":31,"atk":31,"def":30,"spa":30,"spd":30,"spe":30}},{"name":"Kyurem-Black","species":"Kyurem-Black","item":"choicescarf","ability":"Teravolt","moves":["outrage","ironhead","fusionbolt","icebeam"],"nature":"Naive","evs":{"hp":0,"atk":252,"def":0,"spa":4,"spd":0,"spe":252},"ivs":{"hp":31,"atk":31,"def":31,"spa":31,"spd":31,"spe":31}},{"name":"Altaria","species":"Altaria","item":"altarianite","ability":"Natural Cure","moves":["dragondance","return","earthquake","roost"],"nature":"Adamant","evs":{"hp":0,"atk":252,"def":0,"spa":0,"spd":4,"spe":252},"ivs":{"hp":31,"atk":31,"def":31,"spa":31,"spd":31,"spe":31}},{"name":"Latios","species":"Latios","item":"lifeorb","ability":"Levitate","moves":["dracometeor","psyshock","roost","defog"],"nature":"Timid","evs":{"hp":0,"atk":0,"def":0,"spa":252,"spd":4,"spe":252},"ivs":{"hp":31,"atk":31,"def":31,"spa":31,"spd":31,"spe":31}},{"name":"Garchomp","species":"Garchomp","item":"rockyhelmet","ability":"Rough Skin","moves":["stealthrock","earthquake","dragontail","toxic"],"nature":"","evs":{"hp":252,"atk":0,"def":164,"spa":0,"spd":76,"spe":16},"ivs":{"hp":31,"atk":31,"def":31,"spa":31,"spd":31,"spe":31}}],"p2team":[{"name":"Chesnaught","species":"Chesnaught","item":"leftovers","ability":"Bulletproof","moves":["spikyshield","leechseed","seedbomb","drainpunch"],"nature":"Impish","evs":{"hp":248,"atk":8,"def":252,"spa":0,"spd":0,"spe":0},"ivs":{"hp":31,"atk":31,"def":31,"spa":31,"spd":31,"spe":31}},{"name":"Ferrothorn","species":"Ferrothorn","item":"rockyhelmet","ability":"Iron Barbs","moves":["leechseed","powerwhip","ironhead","stealthrock"],"nature":"Impish","evs":{"hp":248,"atk":8,"def":252,"spa":0,"spd":0,"spe":0},"ivs":{"hp":31,"atk":31,"def":31,"spa":31,"spd":31,"spe":31}},{"name":"Roserade","species":"Roserade","item":"focussash","ability":"Technician","moves":["weatherball","sludgebomb","gigadrain","sleeppowder"],"nature":"","evs":{"hp":248,"atk":8,"def":252,"spa":0,"spd":0,"spe":0},"ivs":{"hp":31,"atk":30,"def":30,"spa":31,"spd":31,"spe":31}},{"name":"Ludicolo","species":"Ludicolo","item":"damprock","ability":"Swift Swim","moves":["raindance","icebeam","scald","focusblast"],"nature":"Modest","evs":{"hp":0,"atk":0,"def":0,"spa":252,"spd":4,"spe":252},"ivs":{"hp":31,"atk":31,"def":31,"spa":31,"spd":31,"spe":31}},{"name":"Sceptile","species":"Sceptile","item":"sceptilite","ability":"Overgrow","moves":["dragonpulse","energyball","synthesis","hiddenpowerice"],"nature":"Timid","evs":{"hp":0,"atk":0,"def":0,"spa":252,"spd":4,"spe":252},"ivs":{"hp":31,"atk":30,"def":30,"spa":31,"spd":31,"spe":31}},{"name":"Rotom-Mow","species":"Rotom-Mow","item":"choicescarf","ability":"Levitate","moves":["thunderbolt","raindance","willowisp","leafstorm"],"nature":"Timid","evs":{"hp":0,"atk":0,"def":0,"spa":252,"spd":4,"spe":252},"ivs":{"hp":31,"atk":31,"def":31,"spa":31,"spd":31,"spe":31}}],"log":["|player|p1|TheTrialoftheYear|15","|player|p2|LightOfAKnowing|lightofaknowing.gif","|gametype|singles","|gen|6","|tier|Monotype","|rated","|rule|Baton Pass Clause: Limit one Baton Passer, can't pass Spe and other stats simultaneously","|rule|Swagger Clause: Swagger is banned","|rule|Same Type Clause: Pokémon in a team must share a type","|clearpoke","|poke|p1|Dragonite, M","|poke|p1|Dragalge, M","|poke|p1|Kyurem-Black","|poke|p1|Altaria, M","|poke|p1|Latios, M","|poke|p1|Garchomp, F","|poke|p2|Chesnaught, F","|poke|p2|Ferrothorn, F","|poke|p2|Roserade, F","|poke|p2|Ludicolo, M","|poke|p2|Sceptile, M","|poke|p2|Rotom-Mow","|rule|Sleep Clause Mod: Limit one foe put to sleep","|rule|Species Clause: Limit one of each Pokémon","|rule|OHKO Clause: OHKO moves are banned","|rule|Moody Clause: Moody is banned","|rule|Evasion Moves Clause: Evasion moves are banned","|rule|Endless Battle Clause: Forcing endless battles is banned","|rule|HP Percentage Mod: HP is shown in percentages","|teampreview","|","|start","|switch|p1a: Garchomp|Garchomp, F|420/420","|switch|p2a: Ferrothorn|Ferrothorn, F|351/351","|turn|1","|","|move|p1a: Garchomp|Stealth Rock|p2a: Ferrothorn","|-sidestart|p2: LightOfAKnowing|move: Stealth Rock","|move|p2a: Ferrothorn|Stealth Rock|p1a: Garchomp","|-sidestart|p1: TheTrialoftheYear|move: Stealth Rock","|","|turn|2","|","|switch|p1a: Dragonite|Dragonite, M|323/323","|-damage|p1a: Dragonite|243/323|[from] Stealth Rock","|move|p2a: Ferrothorn|Leech Seed|p1a: Dragonite","|-start|p1a: Dragonite|move: Leech Seed","|","|-damage|p1a: Dragonite|203/323|[from] Leech Seed|[of] p2a: Ferrothorn","|turn|3","|","|move|p1a: Dragonite|Fire Punch|p2a: Ferrothorn","|-supereffective|p2a: Ferrothorn","|-damage|p2a: Ferrothorn|15/351","|-damage|p1a: Dragonite|163/323|[from] ability: Iron Barbs|[of] p2a: Ferrothorn","|-damage|p1a: Dragonite|110/323|[from] item: Rocky Helmet|[of] p2a: Ferrothorn","|move|p2a: Ferrothorn|Power Whip|p1a: Dragonite","|-resisted|p1a: Dragonite","|-damage|p1a: Dragonite|75/323","|","|-damage|p1a: Dragonite|35/323|[from] Leech Seed|[of] p2a: Ferrothorn","|-heal|p2a: Ferrothorn|55/351|[silent]","|turn|4","|","|move|p1a: Dragonite|Fire Punch|p2a: Ferrothorn","|-supereffective|p2a: Ferrothorn","|-damage|p2a: Ferrothorn|0 fnt","|-damage|p1a: Dragonite|0 fnt|[from] ability: Iron Barbs|[of] p2a: Ferrothorn","|faint|p1a: Dragonite","|faint|p2a: Ferrothorn","|","|","|switch|p1a: Garchomp|Garchomp, F|420/420","|switch|p2a: Ludicolo|Ludicolo, M|301/301","|-damage|p1a: Garchomp|394/420|[from] Stealth Rock","|-damage|p2a: Ludicolo|264/301|[from] Stealth Rock","|turn|5","|","|move|p1a: Garchomp|Earthquake|p2a: Ludicolo","|-resisted|p2a: Ludicolo","|-damage|p2a: Ludicolo|167/301","|move|p2a: Ludicolo|Rain Dance|p2a: Ludicolo","|-weather|RainDance","|","|-weather|RainDance|[upkeep]","|turn|6","|","|move|p2a: Ludicolo|Ice Beam|p1a: Garchomp","|-supereffective|p1a: Garchomp","|-damage|p1a: Garchomp|38/420","|move|p1a: Garchomp|Dragon Tail|p2a: Ludicolo","|-damage|p2a: Ludicolo|41/301","|drag|p2a: Sceptile|Sceptile, M|281/281","|-damage|p2a: Sceptile|246/281|[from] Stealth Rock","|","|-weather|RainDance|[upkeep]","|turn|7","|","|detailschange|p2a: Sceptile|Sceptile-Mega, M","|-mega|p2a: Sceptile|Sceptile|Sceptilite","|move|p2a: Sceptile|Hidden Power|p1a: Garchomp","|-supereffective|p1a: Garchomp","|-damage|p1a: Garchomp|0 fnt","|faint|p1a: Garchomp","|","|-weather|RainDance|[upkeep]","|","|switch|p1a: Kyurem-Black|Kyurem-Black|391/391","|-damage|p1a: Kyurem-Black|294/391|[from] Stealth Rock","|-ability|p1a: Kyurem-Black|Teravolt","|turn|8","|","|move|p1a: Kyurem-Black|Ice Beam|p2a: Sceptile","|-supereffective|p2a: Sceptile","|-damage|p2a: Sceptile|0 fnt","|faint|p2a: Sceptile","|","|-weather|RainDance|[upkeep]","|","|switch|p2a: Chesnaught|Chesnaught, F|379/379","|-damage|p2a: Chesnaught|356/379|[from] Stealth Rock","|turn|9","|","|switch|p1a: Latios|Latios, M|301/301","|-damage|p1a: Latios|264/301|[from] Stealth Rock","|move|p2a: Chesnaught|Drain Punch|p1a: Latios","|-resisted|p1a: Latios","|-damage|p1a: Latios|210/301","|-heal|p2a: Chesnaught|379/379|[from] drain|[of] p1a: Latios","|","|-weather|RainDance|[upkeep]","|turn|10","|","|switch|p2a: Ludicolo|Ludicolo, M|41/301","|-damage|p2a: Ludicolo|4/301|[from] Stealth Rock","|move|p1a: Latios|Psyshock|p2a: Ludicolo","|-damage|p2a: Ludicolo|0 fnt","|-damage|p1a: Latios|180/301|[from] item: Life Orb","|faint|p2a: Ludicolo","|","|-weather|RainDance|[upkeep]","|","|switch|p2a: Rotom-Mow|Rotom-Mow|241/241","|-damage|p2a: Rotom-Mow|211/241|[from] Stealth Rock","|turn|11","|","|move|p2a: Rotom-Mow|Leaf Storm|p1a: Latios","|-resisted|p1a: Latios","|-damage|p1a: Latios|82/301","|-unboost|p2a: Rotom-Mow|spa|2","|move|p1a: Latios|Defog|p2a: Rotom-Mow","|-unboost|p2a: Rotom-Mow|evasion|1","|-sideend|p2: LightOfAKnowing|Stealth Rock|[from] move: Defog|[of] p2a: Rotom-Mow","|-sideend|p1: TheTrialoftheYear|Stealth Rock|[from] move: Defog|[of] p1a: Latios","|","|-weather|RainDance|[upkeep]","|turn|12","|","|switch|p2a: Chesnaught|Chesnaught, F|379/379","|move|p1a: Latios|Roost|p1a: Latios","|-heal|p1a: Latios|233/301","|","|-weather|none","|turn|13","|","|move|p1a: Latios|Psyshock|p2a: Chesnaught","|-supereffective|p2a: Chesnaught","|-damage|p2a: Chesnaught|166/379","|-damage|p1a: Latios|203/301|[from] item: Life Orb","|move|p2a: Chesnaught|Leech Seed|p1a: Latios","|-start|p1a: Latios|move: Leech Seed","|","|-heal|p2a: Chesnaught|189/379|[from] item: Leftovers","|-damage|p1a: Latios|166/301|[from] Leech Seed|[of] p2a: Chesnaught","|-heal|p2a: Chesnaught|226/379|[silent]","|turn|14","|","|move|p2a: Chesnaught|Spiky Shield|p2a: Chesnaught","|-singleturn|p2a: Chesnaught|move: Protect","|move|p1a: Latios|Psyshock|p2a: Chesnaught","|-activate|p2a: Chesnaught|Protect","|","|-heal|p2a: Chesnaught|249/379|[from] item: Leftovers","|-damage|p1a: Latios|129/301|[from] Leech Seed|[of] p2a: Chesnaught","|-heal|p2a: Chesnaught|286/379|[silent]","|turn|15","|","|move|p1a: Latios|Psyshock|p2a: Chesnaught","|-supereffective|p2a: Chesnaught","|-damage|p2a: Chesnaught|36/379","|-damage|p1a: Latios|99/301|[from] item: Life Orb","|move|p2a: Chesnaught|Drain Punch|p1a: Latios","|-resisted|p1a: Latios","|-damage|p1a: Latios|46/301","|-heal|p2a: Chesnaught|63/379|[from] drain|[of] p1a: Latios","|","|-heal|p2a: Chesnaught|86/379|[from] item: Leftovers","|-damage|p1a: Latios|9/301|[from] Leech Seed|[of] p2a: Chesnaught","|-heal|p2a: Chesnaught|123/379|[silent]","|turn|16","|","|move|p2a: Chesnaught|Spiky Shield|p2a: Chesnaught","|-singleturn|p2a: Chesnaught|move: Protect","|move|p1a: Latios|Defog|p2a: Chesnaught","|-activate|p2a: Chesnaught|Protect","|","|-heal|p2a: Chesnaught|146/379|[from] item: Leftovers","|-damage|p1a: Latios|0 fnt|[from] Leech Seed|[of] p2a: Chesnaught","|-heal|p2a: Chesnaught|155/379|[silent]","|faint|p1a: Latios","|","|switch|p1a: Altaria|Altaria, M|291/291","|turn|17","|","|detailschange|p1a: Altaria|Altaria-Mega, M","|-mega|p1a: Altaria|Altaria|Altarianite","|move|p1a: Altaria|Return|p2a: Chesnaught","|-supereffective|p2a: Chesnaught","|-damage|p2a: Chesnaught|0 fnt","|faint|p2a: Chesnaught","|","|","|switch|p2a: Roserade|Roserade, F|323/323","|turn|18","|","|switch|p1a: Kyurem-Black|Kyurem-Black|294/391","|-ability|p1a: Kyurem-Black|Teravolt","|move|p2a: Roserade|Sleep Powder|p1a: Kyurem-Black|[miss]","|-miss|p2a: Roserade|p1a: Kyurem-Black","|","|turn|19","|","|move|p1a: Kyurem-Black|Ice Beam|p2a: Roserade","|-supereffective|p2a: Roserade","|-damage|p2a: Roserade|99/323","|move|p2a: Roserade|Sleep Powder|p1a: Kyurem-Black","|-status|p1a: Kyurem-Black|slp","|","|turn|20","|","|switch|p1a: Dragalge|Dragalge, M|333/333","|move|p2a: Roserade|Giga Drain|p1a: Dragalge","|-resisted|p1a: Dragalge","|-damage|p1a: Dragalge|310/333","|-heal|p2a: Roserade|111/323|[from] drain|[of] p1a: Dragalge","|","|turn|21","|","|switch|p2a: Rotom-Mow|Rotom-Mow|211/241","|move|p1a: Dragalge|Sludge Bomb|p2a: Rotom-Mow","|-supereffective|p2a: Rotom-Mow","|-damage|p2a: Rotom-Mow|0 fnt","|faint|p2a: Rotom-Mow","|","|","|switch|p2a: Roserade|Roserade, F|111/323","|turn|22","|","|move|p2a: Roserade|Sludge Bomb|p1a: Dragalge","|-resisted|p1a: Dragalge","|-damage|p1a: Dragalge|257/333","|move|p1a: Dragalge|Sludge Bomb|p2a: Roserade","|-damage|p2a: Roserade|0 fnt","|faint|p2a: Roserade","|","|win|TheTrialoftheYear"],"p1rating":{"entryid":"6960500","serverid":"eos","formatid":"monotype","userid":"thetrialoftheyear","username":"TheTrialoftheYear","w":11,"l":"2","t":"0","gxe":70.1,"r":"1622.9699381638","rd":"90.08083859957","sigma":"0","rptime":"1438592400","rpr":1664.4425624097,"rprd":83.511506958507,"rpsigma":"0","acre":1225.2605011159,"lacre":1225.2605011159,"oldacre":"1208.2710472585"},"p2rating":{"entryid":"6481865","serverid":"eos","formatid":"monotype","userid":"lightofaknowing","username":"Light-Of-A-Knowing","w":"107","l":143,"t":"0","gxe":41.3,"r":"1437.2009489994","rd":"31.686940741979","sigma":"0","rptime":"1438592400","rpr":1433.5547260612,"rprd":31.484807545658,"rpsigma":"0","acre":1076.6178899256,"lacre":1076.6178899256,"oldacre":"1092.8817307402"},"endType":"normal"}