{"seed":[30127,14724,34772,21341],"turns":26,"p1":"InfernalxCrown","p2":"Guard wulf - ⓛⓞⓛ","p1team":[{"name":"Aegislash","species":"Aegislash","item":"weaknesspolicy","ability":"Stance Change","moves":["shadowball","shadowsneak","kingsshield","sacredsword"],"nature":"Brave","evs":{"hp":252,"atk":76,"def":0,"spa":176,"spd":4,"spe":0},"ivs":{"hp":31,"atk":31,"def":31,"spa":31,"spd":31,"spe":0},"shiny":true},{"name":"Sableye","species":"Sableye","item":"leftovers","ability":"Prankster","moves":["willowisp","recover","taunt","knockoff"],"nature":"Careful","evs":{"hp":252,"atk":0,"def":84,"spa":0,"spd":168,"spe":4},"ivs":{"hp":31,"atk":0,"def":31,"spa":31,"spd":31,"spe":31}},{"name":"Golurk","species":"Golurk","item":"focussash","ability":"No Guard","moves":["stealthrock","curse","dynamicpunch","stoneedge"],"nature":"Adamant","evs":{"hp":4,"atk":252,"def":0,"spa":0,"spd":0,"spe":252},"shiny":true,"ivs":{"hp":31,"atk":31,"def":31,"spa":31,"spd":31,"spe":31}},{"name":"Jellicent","species":"Jellicent","item":"leftovers","ability":"Cursed Body","moves":["acidarmor","toxic","recover","scald"],"nature":"Calm","evs":{"hp":252,"atk":0,"def":4,"spa":0,"spd":252,"spe":0},"gender":"M","ivs":{"hp":31,"atk":0,"def":31,"spa":31,"spd":31,"spe":31}},{"name":"Chandelure","species":"Chandelure","item":"choicescarf","ability":"Infiltrator","moves":["flamethrower","shadowball","energyball","trick"],"nature":"Timid","evs":{"hp":0,"atk":0,"def":4,"spa":252,"spd":0,"spe":252},"ivs":{"hp":31,"atk":0,"def":31,"spa":31,"spd":31,"spe":31},"shiny":true},{"name":"Gengar","species":"Gengar","item":"choicespecs","ability":"Levitate","moves":["dazzlinggleam","shadowball","thunderbolt","sludgewave"],"nature":"Timid","evs":{"hp":4,"atk":0,"def":0,"spa":252,"spd":0,"spe":252},"ivs":{"hp":31,"atk":0,"def":31,"spa":31,"spd":31,"spe":31}}],"p2team":[{"name":"Hard body X","species":"charizard","item":"charizarditey","ability":"Blaze","moves":["overheat","airslash","solarbeam","roost"],"nature":"Timid","evs":{"hp":0,"atk":0,"def":0,"spa":252,"spd":4,"spe":252},"ivs":{"hp":31,"atk":31,"def":31,"spa":31,"spd":31,"spe":31}},{"name":"Wall among Men","species":"skarmory","item":"leftovers","ability":"Sturdy","moves":["roost","whirlwind","stealthrock","ironhead"],"nature":"Impish","evs":{"hp":252,"atk":0,"def":232,"spa":0,"spd":0,"spe":24},"ivs":{"hp":31,"atk":31,"def":31,"spa":31,"spd":31,"spe":31}},{"name":"SUCK IT","species":"togekiss","item":"leftovers","ability":"Serene Grace","moves":["thunderwave","airslash","defog","roost"],"nature":"Calm","evs":{"hp":252,"atk":0,"def":0,"spa":4,"spd":252,"spe":0},"ivs":{"hp":31,"atk":31,"def":31,"spa":31,"spd":31,"spe":31}},{"name":"d dance or nah","species":"dragonite","item":"weaknesspolicy","ability":"Multiscale","moves":["extremespeed","earthquake","dragonclaw","dragondance"],"nature":"Jolly","evs":{"hp":0,"atk":252,"def":0,"spa":0,"spd":4,"spe":252},"ivs":{"hp":31,"atk":31,"def":31,"spa":31,"spd":31,"spe":31}},{"name":"Fast Nigga","species":"landorustherian","item":"choicescarf","ability":"Intimidate","moves":["earthquake","stoneedge","uturn","knockoff"],"nature":"Jolly","evs":{"hp":0,"atk":252,"def":0,"spa":0,"spd":4,"spe":252},"ivs":{"hp":31,"atk":31,"def":31,"spa":31,"spd":31,"spe":31}},{"name":"Ocho Cinco","species":"thundurus","item":"leftovers","ability":"Prankster","moves":["nastyplot","substitute","thunderbolt","hiddenpowerice"],"nature":"Timid","evs":{"hp":0,"atk":0,"def":0,"spa":252,"spd":4,"spe":252},"ivs":{"hp":31,"atk":30,"def":30,"spa":31,"spd":31,"spe":31}}],"log":["|player|p1|InfernalxCrown|infernalxcrown.png","|player|p2|Guard wulf - ⓛⓞⓛ|143","|gametype|singles","|gen|6","|tier|Monotype","|rated","|rule|Baton Pass Clause: Limit one Baton Passer, can't pass Spe and other stats simultaneously","|rule|Swagger Clause: Swagger is banned","|rule|Same Type Clause: Pokémon in a team must share a type","|clearpoke","|poke|p1|Aegislash, F, shiny","|poke|p1|Sableye, M","|poke|p1|Golurk, shiny","|poke|p1|Jellicent, M","|poke|p1|Chandelure, M, shiny","|poke|p1|Gengar, F","|poke|p2|Charizard, M","|poke|p2|Skarmory, M","|poke|p2|Togekiss, M","|poke|p2|Dragonite, F","|poke|p2|Landorus-Therian, M","|poke|p2|Thundurus, M","|rule|Sleep Clause Mod: Limit one foe put to sleep","|rule|Species Clause: Limit one of each Pokémon","|rule|OHKO Clause: OHKO moves are banned","|rule|Moody Clause: Moody is banned","|rule|Evasion Moves Clause: Evasion moves are banned","|rule|Endless Battle Clause: Forcing endless battles is banned","|rule|HP Percentage Mod: HP is shown in percentages","|teampreview","|","|start","|switch|p1a: Sableye|Sableye, M|304/304","|switch|p2a: Fast Nigga|Landorus-Therian, M|319/319","|-ability|p2a: Fast Nigga|Intimidate","|-unboost|p1a: Sableye|atk|1","|turn|1","|","|switch|p2a: Hard body X|Charizard, M|297/297","|switch|p1a: Gengar|Gengar, F|262/262","|","|turn|2","|","|switch|p2a: SUCK IT|Togekiss, M|374/374","|move|p1a: Gengar|Thunderbolt|p2a: SUCK IT","|-crit|p2a: SUCK IT","|-supereffective|p2a: SUCK IT","|-damage|p2a: SUCK IT|32/374","|","|-heal|p2a: SUCK IT|55/374|[from] item: Leftovers","|turn|3","|","|switch|p1a: Sableye|Sableye, M|304/304","|switch|p2a: Fast Nigga|Landorus-Therian, M|319/319","|-ability|p2a: Fast Nigga|Intimidate","|-unboost|p1a: Sableye|atk|1","|","|turn|4","|","|switch|p2a: SUCK IT|Togekiss, M|55/374","|move|p1a: Sableye|Will-O-Wisp|p2a: SUCK IT","|-status|p2a: SUCK IT|brn","|","|-heal|p2a: SUCK IT|78/374 brn|[from] item: Leftovers","|-damage|p2a: SUCK IT|32/374 brn|[from] brn","|turn|5","|","|switch|p1a: Aegislash|Aegislash, F, shiny|324/324","|move|p2a: SUCK IT|Thunder Wave|p1a: Aegislash","|-status|p1a: Aegislash|par","|","|-heal|p2a: SUCK IT|55/374 brn|[from] item: Leftovers","|-damage|p2a: SUCK IT|9/374 brn|[from] brn","|turn|6","|","|-formechange|p1a: Aegislash|Aegislash-Blade","|cant|p1a: Aegislash|par","|move|p2a: SUCK IT|Roost|p2a: SUCK IT","|-heal|p2a: SUCK IT|196/374 brn","|","|-heal|p2a: SUCK IT|219/374 brn|[from] item: Leftovers","|-damage|p2a: SUCK IT|173/374 brn|[from] brn","|turn|7","|","|switch|p2a: Fast Nigga|Landorus-Therian, M|319/319","|-ability|p2a: Fast Nigga|Intimidate","|-unboost|p1a: Aegislash|atk|1","|move|p1a: Aegislash|Shadow Ball|p2a: Fast Nigga","|-crit|p2a: Fast Nigga","|-damage|p2a: Fast Nigga|46/319","|-unboost|p2a: Fast Nigga|spd|1","|","|turn|8","|","|move|p1a: Aegislash|Shadow Sneak|p2a: Fast Nigga","|-damage|p2a: Fast Nigga|0 fnt","|faint|p2a: Fast Nigga","|","|","|switch|p2a: d dance or nah|Dragonite, F|323/323","|turn|9","|","|move|p2a: d dance or nah|Dragon Dance|p2a: d dance or nah","|-boost|p2a: d dance or nah|atk|1","|-boost|p2a: d dance or nah|spe|1","|cant|p1a: Aegislash|par","|","|turn|10","|","|move|p2a: d dance or nah|Earthquake|p1a: Aegislash","|-supereffective|p1a: Aegislash","|-damage|p1a: Aegislash|0 fnt","|faint|p1a: Aegislash","|","|","|switch|p1a: Sableye|Sableye, M|304/304","|turn|11","|","|switch|p2a: SUCK IT|Togekiss, M|173/374 brn","|move|p1a: Sableye|Taunt|p2a: SUCK IT","|-start|p2a: SUCK IT|move: Taunt","|","|-heal|p2a: SUCK IT|196/374 brn|[from] item: Leftovers","|-damage|p2a: SUCK IT|150/374 brn|[from] brn","|turn|12","|","|switch|p1a: Jellicent|Jellicent, M|404/404","|move|p2a: SUCK IT|Air Slash|p1a: Jellicent","|-damage|p1a: Jellicent|329/404","|","|-heal|p2a: SUCK IT|173/374 brn|[from] item: Leftovers","|-heal|p1a: Jellicent|354/404|[from] item: Leftovers","|-damage|p2a: SUCK IT|127/374 brn|[from] brn","|turn|13","|","|move|p2a: SUCK IT|Air Slash|p1a: Jellicent","|-damage|p1a: Jellicent|279/404","|cant|p1a: Jellicent|flinch","|","|-heal|p2a: SUCK IT|150/374 brn|[from] item: Leftovers","|-heal|p1a: Jellicent|304/404|[from] item: Leftovers","|-damage|p2a: SUCK IT|104/374 brn|[from] brn","|-end|p2a: SUCK IT|move: Taunt","|turn|14","|","|switch|p1a: Gengar|Gengar, F|262/262","|move|p2a: SUCK IT|Thunder Wave|p1a: Gengar","|-status|p1a: Gengar|par","|","|-heal|p2a: SUCK IT|127/374 brn|[from] item: Leftovers","|-damage|p2a: SUCK IT|81/374 brn|[from] brn","|turn|15","|","|move|p2a: SUCK IT|Air Slash|p1a: Gengar","|-crit|p1a: Gengar","|-damage|p1a: Gengar|64/262 par","|cant|p1a: Gengar|flinch","|","|-heal|p2a: SUCK IT|104/374 brn|[from] item: Leftovers","|-damage|p2a: SUCK IT|58/374 brn|[from] brn","|turn|16","|","|move|p2a: SUCK IT|Air Slash|p1a: Gengar","|-damage|p1a: Gengar|0 fnt","|faint|p1a: Gengar","|","|-heal|p2a: SUCK IT|81/374 brn|[from] item: Leftovers","|-damage|p2a: SUCK IT|35/374 brn|[from] brn","|","|switch|p1a: Chandelure|Chandelure, M, shiny|261/261","|turn|17","|","|move|p1a: Chandelure|Shadow Ball|p2a: SUCK IT","|-damage|p2a: SUCK IT|0 fnt","|faint|p2a: SUCK IT","|","|","|switch|p2a: d dance or nah|Dragonite, F|323/323","|turn|18","|","|switch|p1a: Jellicent|Jellicent, M|304/404","|move|p2a: d dance or nah|Earthquake|p1a: Jellicent","|-damage|p1a: Jellicent|153/404","|","|-heal|p1a: Jellicent|178/404|[from] item: Leftovers","|turn|19","|","|switch|p2a: Ocho Cinco|Thundurus, M|299/299","|move|p1a: Jellicent|Acid Armor|p1a: Jellicent","|-boost|p1a: Jellicent|def|2","|","|-heal|p1a: Jellicent|203/404|[from] item: Leftovers","|turn|20","|","|move|p2a: Ocho Cinco|Substitute|p2a: Ocho Cinco","|-start|p2a: Ocho Cinco|Substitute","|-damage|p2a: Ocho Cinco|225/299","|move|p1a: Jellicent|Recover|p1a: Jellicent","|-heal|p1a: Jellicent|404/404","|","|-heal|p2a: Ocho Cinco|243/299|[from] item: Leftovers","|turn|21","|","|switch|p1a: Golurk|Golurk, shiny|320/320","|move|p2a: Ocho Cinco|Nasty Plot|p2a: Ocho Cinco","|-boost|p2a: Ocho Cinco|spa|2","|","|-heal|p2a: Ocho Cinco|261/299|[from] item: Leftovers","|turn|22","|","|move|p2a: Ocho Cinco|Hidden Power|p1a: Golurk","|-supereffective|p1a: Golurk","|-enditem|p1a: Golurk|Focus Sash","|-damage|p1a: Golurk|1/320","|move|p1a: Golurk|Stealth Rock|p2a: Ocho Cinco","|-sidestart|p2: Guard wulf - ⓛⓞⓛ|move: Stealth Rock","|","|-heal|p2a: Ocho Cinco|279/299|[from] item: Leftovers","|turn|23","|","|move|p2a: Ocho Cinco|Hidden Power|p1a: Golurk","|-supereffective|p1a: Golurk","|-damage|p1a: Golurk|0 fnt","|faint|p1a: Golurk","|","|-heal|p2a: Ocho Cinco|297/299|[from] item: Leftovers","|","|switch|p1a: Chandelure|Chandelure, M, shiny|261/261","|turn|24","|","|move|p1a: Chandelure|Flamethrower|p2a: Ocho Cinco","|-damage|p2a: Ocho Cinco|71/299","|move|p2a: Ocho Cinco|Thunderbolt|p1a: Chandelure","|-damage|p1a: Chandelure|0 fnt","|faint|p1a: Chandelure","|","|-heal|p2a: Ocho Cinco|89/299|[from] item: Leftovers","|","|switch|p1a: Sableye|Sableye, M|304/304","|turn|25","|","|move|p2a: Ocho Cinco|Thunderbolt|p1a: Sableye","|-damage|p1a: Sableye|0 fnt","|faint|p1a: Sableye","|","|-heal|p2a: Ocho Cinco|107/299|[from] item: Leftovers","|","|switch|p1a: Jellicent|Jellicent, M|404/404","|turn|26","|","|move|p2a: Ocho Cinco|Thunderbolt|p1a: Jellicent","|-supereffective|p1a: Jellicent","|-damage|p1a: Jellicent|0 fnt","|faint|p1a: Jellicent","|","|win|Guard wulf - ⓛⓞⓛ"],"p1rating":{"entryid":"5724468","serverid":"eos","formatid":"monotype","userid":"infernalxcrown","username":"InfernalxCrown","w":"74","l":68,"t":"0","gxe":54,"r":"1534.7668766607","rd":"40.791191496544","sigma":"0","rptime":"1438592400","rpr":1530.4887683754,"rprd":40.534246940806,"rpsigma":"0","acre":1165.4124750227,"lacre":1165.4124750227,"oldacre":"1189.7664267498"},"p2rating":{"entryid":"7326062","serverid":"eos","formatid":"monotype","userid":"guardwulf","username":"Guard Wulf","w":14,"l":"6","t":"0","gxe":62,"r":"1556.4129881256","rd":"89.09129900381","sigma":"0","rptime":"1438592400","rpr":1593.6703526837,"rprd":69.74235806531,"rpsigma":"0","acre":1223.1007842865,"lacre":1223.1007842865,"oldacre":"1198.7468325594"},"endType":"normal"}