{"seed":[53421,20899,24050,52597],"turns":26,"p1":"Marz of 300","p2":"Blackwel","p1team":[{"name":"Charizard","species":"Charizard","item":"charizarditex","ability":"Blaze","moves":["dragondance","dragonclaw","roost","firepunch"],"nature":"Adamant","evs":{"hp":0,"atk":252,"def":0,"spa":0,"spd":4,"spe":252},"ivs":{"hp":31,"atk":31,"def":31,"spa":31,"spd":31,"spe":31}},{"name":"Rotom-Heat","species":"Rotom-Heat","item":"lightclay","ability":"Levitate","moves":["lightscreen","reflect","willowisp","voltswitch"],"nature":"","evs":{"hp":252,"atk":0,"def":0,"spa":0,"spd":0,"spe":252},"ivs":{"hp":31,"atk":0,"def":31,"spa":31,"spd":31,"spe":31}},{"name":"Infernape","species":"Infernape","item":"focussash","ability":"Iron Fist","moves":["machpunch","thunderpunch","firepunch","closecombat"],"nature":"Jolly","evs":{"hp":0,"atk":252,"def":0,"spa":0,"spd":4,"spe":252},"ivs":{"hp":31,"atk":31,"def":31,"spa":31,"spd":31,"spe":31}},{"name":"Torkoal","species":"Torkoal","item":"leftovers","ability":"White Smoke","moves":["stealthrock","yawn","rapidspin","lavaplume"],"nature":"Bold","evs":{"hp":252,"atk":0,"def":252,"spa":4,"spd":0,"spe":0},"ivs":{"hp":31,"atk":31,"def":31,"spa":31,"spd":31,"spe":31}},{"name":"Moltres","species":"Moltres","item":"","ability":"Pressure","moves":["defog","hiddenpowersteel","ancientpower","flamethrower"],"nature":"","evs":{"hp":252,"atk":0,"def":0,"spa":252,"spd":0,"spe":0},"ivs":{"hp":31,"atk":31,"def":31,"spa":31,"spd":30,"spe":31}},{"name":"Ninetales","species":"Ninetales","item":"heatrock","ability":"Drought","moves":["solarbeam","willowisp","flamethrower","toxic"],"nature":"Calm","evs":{"hp":248,"atk":0,"def":0,"spa":8,"spd":252,"spe":0},"ivs":{"hp":31,"atk":31,"def":31,"spa":31,"spd":31,"spe":31}}],"p2team":[{"name":"Hoopa-Unbound","species":"Hoopa-Unbound","item":"choicescarf","ability":"Magician","moves":["gunkshot","hyperspacefury","zenheadbutt","drainpunch"],"nature":"Jolly","evs":{"hp":0,"atk":252,"def":0,"spa":0,"spd":4,"spe":252},"ivs":{"hp":31,"atk":31,"def":31,"spa":31,"spd":31,"spe":31}},{"name":"Mandibuzz","species":"Mandibuzz","item":"leftovers","ability":"Overcoat","moves":["defog","foulplay","roost","toxic"],"nature":"Bold","evs":{"hp":252,"atk":0,"def":252,"spa":0,"spd":4,"spe":0},"ivs":{"hp":31,"atk":31,"def":31,"spa":31,"spd":31,"spe":31}},{"name":"Bisharp","species":"Bisharp","item":"lifeorb","ability":"Defiant","moves":["ironhead","poisonjab","suckerpunch","swordsdance"],"nature":"Jolly","evs":{"hp":0,"atk":252,"def":0,"spa":0,"spd":4,"spe":252},"ivs":{"hp":31,"atk":31,"def":31,"spa":31,"spd":31,"spe":31}},{"name":"Houndoom","species":"Houndoom","item":"houndoominite","ability":"Flash Fire","moves":["flamethrower","darkpulse","sludgebomb","destinybond"],"nature":"Timid","evs":{"hp":0,"atk":0,"def":0,"spa":252,"spd":4,"spe":252},"ivs":{"hp":31,"atk":31,"def":31,"spa":31,"spd":31,"spe":31}},{"name":"Hydreigon","species":"Hydreigon","item":"choicescarf","ability":"Levitate","moves":["darkpulse","earthpower","uturn","dracometeor"],"nature":"Timid","evs":{"hp":0,"atk":0,"def":0,"spa":252,"spd":4,"spe":252},"ivs":{"hp":31,"atk":31,"def":31,"spa":31,"spd":31,"spe":31}},{"name":"Sableye","species":"Sableye","item":"leftovers","ability":"Prankster","moves":["willowisp","recover","taunt","foulplay"],"nature":"Calm","evs":{"hp":252,"atk":0,"def":4,"spa":0,"spd":252,"spe":0},"ivs":{"hp":31,"atk":31,"def":31,"spa":31,"spd":31,"spe":31}}],"log":["|player|p1|Marz of 300|102","|player|p2|Blackwel|63","|gametype|singles","|gen|6","|tier|Monotype","|rated","|rule|Baton Pass Clause: Limit one Baton Passer, can't pass Spe and other stats simultaneously","|rule|Swagger Clause: Swagger is banned","|rule|Same Type Clause: Pokémon in a team must share a type","|clearpoke","|poke|p1|Charizard, M","|poke|p1|Rotom-Heat","|poke|p1|Infernape, M","|poke|p1|Torkoal, M","|poke|p1|Moltres","|poke|p1|Ninetales, F","|poke|p2|Hoopa-Unbound","|poke|p2|Mandibuzz, F","|poke|p2|Bisharp, M","|poke|p2|Houndoom, F","|poke|p2|Hydreigon, M","|poke|p2|Sableye, F","|rule|Sleep Clause Mod: Limit one foe put to sleep","|rule|Species Clause: Limit one of each Pokémon","|rule|OHKO Clause: OHKO moves are banned","|rule|Moody Clause: Moody is banned","|rule|Evasion Moves Clause: Evasion moves are banned","|rule|Endless Battle Clause: Forcing endless battles is banned","|rule|HP Percentage Mod: HP is shown in percentages","|teampreview","|","|start","|switch|p1a: Rotom-Heat|Rotom-Heat|304/304","|switch|p2a: Sableye|Sableye, F|304/304","|turn|1","|","|move|p2a: Sableye|Taunt|p1a: Rotom-Heat","|-start|p1a: Rotom-Heat|move: Taunt","|cant|p1a: Rotom-Heat|move: Taunt|Light Screen","|","|turn|2","|","|move|p1a: Rotom-Heat|Volt Switch|p2a: Sableye","|-damage|p2a: Sableye|220/304","|","|switch|p1a: Charizard|Charizard, M|297/297","|move|p2a: Sableye|Foul Play|p1a: Charizard","|-damage|p1a: Charizard|116/297","|","|-heal|p2a: Sableye|239/304|[from] item: Leftovers","|turn|3","|","|detailschange|p1a: Charizard|Charizard-Mega-X, M","|-mega|p1a: Charizard|Charizard|Charizardite X","|move|p1a: Charizard|Roost|p1a: Charizard","|-heal|p1a: Charizard|265/297","|move|p2a: Sableye|Foul Play|p1a: Charizard","|-damage|p1a: Charizard|105/297","|","|-heal|p2a: Sableye|258/304|[from] item: Leftovers","|turn|4","|","|move|p2a: Sableye|Taunt|p1a: Charizard","|-start|p1a: Charizard|move: Taunt","|move|p1a: Charizard|Dragon Claw|p2a: Sableye","|-damage|p2a: Sableye|0 fnt","|faint|p2a: Sableye","|","|","|switch|p2a: Mandibuzz|Mandibuzz, F|424/424","|turn|5","|","|switch|p1a: Torkoal|Torkoal, M|344/344","|move|p2a: Mandibuzz|Foul Play|p1a: Torkoal","|-damage|p1a: Torkoal|296/344","|","|-heal|p1a: Torkoal|317/344|[from] item: Leftovers","|turn|6","|","|move|p2a: Mandibuzz|Toxic|p1a: Torkoal","|-status|p1a: Torkoal|tox","|move|p1a: Torkoal|Yawn|p2a: Mandibuzz","|-start|p2a: Mandibuzz|move: Yawn|[of] p1a: Torkoal","|","|-heal|p1a: Torkoal|338/344 tox|[from] item: Leftovers","|-damage|p1a: Torkoal|317/344 tox|[from] psn","|turn|7","|","|move|p2a: Mandibuzz|Foul Play|p1a: Torkoal","|-crit|p1a: Torkoal","|-damage|p1a: Torkoal|238/344 tox","|move|p1a: Torkoal|Stealth Rock|p2a: Mandibuzz","|-sidestart|p2: Blackwel|move: Stealth Rock","|","|-end|p2a: Mandibuzz|move: Yawn|[silent]","|-status|p2a: Mandibuzz|slp","|-heal|p1a: Torkoal|259/344 tox|[from] item: Leftovers","|-damage|p1a: Torkoal|217/344 tox|[from] psn","|turn|8","|","|switch|p1a: Rotom-Heat|Rotom-Heat|304/304","|cant|p2a: Mandibuzz|slp","|","|turn|9","|","|switch|p2a: Hydreigon|Hydreigon, M|325/325","|-damage|p2a: Hydreigon|285/325|[from] Stealth Rock","|move|p1a: Rotom-Heat|Volt Switch|p2a: Hydreigon","|-resisted|p2a: Hydreigon","|-damage|p2a: Hydreigon|238/325","|","|switch|p1a: Infernape|Infernape, M|293/293","|","|turn|10","|","|switch|p1a: Ninetales|Ninetales, F|349/349","|-weather|SunnyDay","|move|p2a: Hydreigon|U-turn|p1a: Ninetales","|-resisted|p1a: Ninetales","|-damage|p1a: Ninetales|314/349","|","|switch|p2a: Houndoom|Houndoom, F|291/291","|-damage|p2a: Houndoom|219/291|[from] Stealth Rock","|","|-weather|SunnyDay|[upkeep]","|turn|11","|","|move|p2a: Houndoom|Dark Pulse|p1a: Ninetales","|-damage|p1a: Ninetales|218/349","|move|p1a: Ninetales|Toxic|p2a: Houndoom","|-status|p2a: Houndoom|tox","|","|-weather|SunnyDay|[upkeep]","|-damage|p2a: Houndoom|201/291 tox|[from] psn","|turn|12","|","|switch|p1a: Moltres|Moltres|384/384","|-ability|p1a: Moltres|Pressure","|detailschange|p2a: Houndoom|Houndoom-Mega, F","|-mega|p2a: Houndoom|Houndoom|Houndoominite","|move|p2a: Houndoom|Dark Pulse|p1a: Moltres","|-damage|p1a: Moltres|114/384","|","|-weather|SunnyDay|[upkeep]","|-damage|p2a: Houndoom|165/291 tox|[from] ability: Solar Power","|-damage|p2a: Houndoom|129/291 tox|[from] psn","|turn|13","|","|move|p2a: Houndoom|Dark Pulse|p1a: Moltres","|-damage|p1a: Moltres|0 fnt","|faint|p1a: Moltres","|","|-weather|SunnyDay|[upkeep]","|-damage|p2a: Houndoom|93/291 tox|[from] ability: Solar Power","|-damage|p2a: Houndoom|39/291 tox|[from] psn","|","|switch|p1a: Rotom-Heat|Rotom-Heat|304/304","|turn|14","|","|move|p2a: Houndoom|Destiny Bond|p2a: Houndoom","|-singlemove|p2a: Houndoom|Destiny Bond","|move|p1a: Rotom-Heat|Light Screen|p1a: Rotom-Heat","|-sidestart|p1: Marz of 300|move: Light Screen","|","|-weather|SunnyDay|[upkeep]","|-damage|p2a: Houndoom|3/291 tox|[from] ability: Solar Power","|-damage|p2a: Houndoom|0 fnt|[from] psn","|faint|p2a: Houndoom","|","|switch|p2a: Mandibuzz|Mandibuzz, F|424/424 slp","|-damage|p2a: Mandibuzz|318/424 slp|[from] Stealth Rock","|turn|15","|","|move|p1a: Rotom-Heat|Volt Switch|p2a: Mandibuzz","|-supereffective|p2a: Mandibuzz","|-damage|p2a: Mandibuzz|126/424 slp","|","|switch|p1a: Ninetales|Ninetales, F|218/349","|cant|p2a: Mandibuzz|slp","|","|-weather|SunnyDay|[upkeep]","|-heal|p2a: Mandibuzz|152/424 slp|[from] item: Leftovers","|turn|16","|","|move|p1a: Ninetales|Toxic|p2a: Mandibuzz","|-fail|p2a: Mandibuzz","|-curestatus|p2a: Mandibuzz|slp","|move|p2a: Mandibuzz|Defog|p1a: Ninetales","|-unboost|p1a: Ninetales|evasion|1","|-sideend|p1: Marz of 300|move: Light Screen","|-sideend|p2: Blackwel|Stealth Rock|[from] move: Defog|[of] p2a: Mandibuzz","|","|-weather|SunnyDay|[upkeep]","|-heal|p2a: Mandibuzz|178/424|[from] item: Leftovers","|turn|17","|","|move|p1a: Ninetales|Flamethrower|p2a: Mandibuzz","|-damage|p2a: Mandibuzz|30/424","|move|p2a: Mandibuzz|Foul Play|p1a: Ninetales","|-damage|p1a: Ninetales|124/349","|","|-weather|none","|-heal|p2a: Mandibuzz|56/424|[from] item: Leftovers","|turn|18","|","|switch|p2a: Hydreigon|Hydreigon, M|238/325","|move|p1a: Ninetales|Flamethrower|p2a: Hydreigon","|-resisted|p2a: Hydreigon","|-damage|p2a: Hydreigon|193/325","|-status|p2a: Hydreigon|brn","|","|-damage|p2a: Hydreigon|153/325 brn|[from] brn","|turn|19","|","|switch|p1a: Rotom-Heat|Rotom-Heat|304/304","|move|p2a: Hydreigon|Dark Pulse|p1a: Rotom-Heat","|-damage|p1a: Rotom-Heat|162/304","|","|-damage|p2a: Hydreigon|113/325 brn|[from] brn","|turn|20","|","|move|p2a: Hydreigon|Dark Pulse|p1a: Rotom-Heat","|-damage|p1a: Rotom-Heat|42/304","|move|p1a: Rotom-Heat|Light Screen|p1a: Rotom-Heat","|-sidestart|p1: Marz of 300|move: Light Screen","|","|-damage|p2a: Hydreigon|73/325 brn|[from] brn","|turn|21","|","|move|p2a: Hydreigon|Dark Pulse|p1a: Rotom-Heat","|-damage|p1a: Rotom-Heat|0 fnt","|faint|p1a: Rotom-Heat","|","|-damage|p2a: Hydreigon|33/325 brn|[from] brn","|","|switch|p1a: Charizard|Charizard-Mega-X, M|105/297","|turn|22","|","|move|p2a: Hydreigon|Dark Pulse|p1a: Charizard","|-damage|p1a: Charizard|24/297","|move|p1a: Charizard|Dragon Dance|p1a: Charizard","|-boost|p1a: Charizard|atk|1","|-boost|p1a: Charizard|spe|1","|","|-damage|p2a: Hydreigon|0 fnt|[from] brn","|faint|p2a: Hydreigon","|","|switch|p2a: Bisharp|Bisharp, M|271/271","|turn|23","|","|move|p2a: Bisharp|Sucker Punch|p1a: Charizard","|-fail|p2a: Bisharp","|move|p1a: Charizard|Roost|p1a: Charizard","|-heal|p1a: Charizard|173/297","|","|turn|24","|","|move|p2a: Bisharp|Sucker Punch|p1a: Charizard","|-damage|p1a: Charizard|8/297","|-damage|p2a: Bisharp|244/271|[from] item: Life Orb","|move|p1a: Charizard|Fire Punch|p2a: Bisharp","|-supereffective|p2a: Bisharp","|-damage|p2a: Bisharp|0 fnt","|faint|p2a: Bisharp","|","|","|switch|p2a: Hoopa-Unbound|Hoopa-Unbound|301/301","|turn|25","|","|move|p1a: Charizard|Dragon Claw|p2a: Hoopa-Unbound","|-damage|p2a: Hoopa-Unbound|0 fnt","|faint|p2a: Hoopa-Unbound","|","|","|switch|p2a: Mandibuzz|Mandibuzz, F|56/424","|turn|26","|","|move|p1a: Charizard|Dragon Claw|p2a: Mandibuzz","|-damage|p2a: Mandibuzz|0 fnt","|faint|p2a: Mandibuzz","|","|win|Marz of 300"],"p1rating":{"entryid":"7373706","serverid":"eos","formatid":"monotype","userid":"marzof300","username":"Marz of 300","w":4,"l":"0","t":"0","gxe":67.2,"r":"1500","rd":"130","sigma":"0","rptime":"1438592400","rpr":1641.2322689399,"rprd":105.9389973752,"rpsigma":"0","acre":1164.5033854787,"lacre":1164.5033854787,"oldacre":"1133.6281502241"},"p2rating":{"entryid":"6967914","serverid":"eos","formatid":"monotype","userid":"blackwel","username":"Blackwel","w":"16","l":11,"t":"0","gxe":55.7,"r":"1557.8545821755","rd":"67.757802746682","sigma":"0","rptime":"1438592400","rpr":1544.2067081776,"rprd":66.707321520725,"rpsigma":"0","acre":1185.9585844955,"lacre":1185.9585844955,"oldacre":"1216.8338197501"},"endType":"normal"}