{"seed":[24934,15178,6194,6522],"turns":28,"p1":"Guard Darkrai","p2":"Amateurized","p1team":[{"name":"Beedrill","species":"Beedrill","item":"beedrillite","ability":"Sniper","moves":["fellstinger","poisonjab","uturn","protect"],"nature":"Jolly","evs":{"hp":0,"atk":252,"def":0,"spa":0,"spd":4,"spe":252},"shiny":true,"ivs":{"hp":31,"atk":31,"def":31,"spa":31,"spd":31,"spe":31}},{"name":"Durant","species":"Durant","item":"lifeorb","ability":"Hustle","moves":["ironhead","xscissor","superpower","honeclaws"],"nature":"Jolly","evs":{"hp":0,"atk":252,"def":0,"spa":0,"spd":4,"spe":252},"shiny":true,"ivs":{"hp":31,"atk":31,"def":31,"spa":31,"spd":31,"spe":31}},{"name":"Venomoth","species":"Venomoth","item":"focussash","ability":"Wonder Skin","moves":["quiverdance","bugbuzz","sludgebomb","energyball"],"nature":"Modest","evs":{"hp":0,"atk":0,"def":0,"spa":252,"spd":4,"spe":252},"shiny":true,"ivs":{"hp":31,"atk":31,"def":31,"spa":31,"spd":31,"spe":31}},{"name":"Masquerain","species":"Masquerain","item":"focussash","ability":"Intimidate","moves":["defog","stickyweb","toxic","airslash"],"nature":"Calm","evs":{"hp":248,"atk":0,"def":0,"spa":0,"spd":8,"spe":252},"ivs":{"hp":31,"atk":31,"def":31,"spa":31,"spd":31,"spe":31}},{"name":"Heracross","species":"Heracross","item":"choicescarf","ability":"Moxie","moves":["closecombat","earthquake","megahorn","knockoff"],"nature":"Jolly","evs":{"hp":0,"atk":252,"def":0,"spa":0,"spd":4,"spe":252},"shiny":true,"ivs":{"hp":31,"atk":31,"def":31,"spa":31,"spd":31,"spe":31}},{"name":"Illumise","species":"Illumise","item":"leftovers","ability":"Prankster","moves":["thunderwave","encore","uturn","tailwind"],"nature":"Careful","evs":{"hp":252,"atk":0,"def":4,"spa":0,"spd":252,"spe":0},"shiny":true,"ivs":{"hp":31,"atk":31,"def":31,"spa":31,"spd":31,"spe":31}}],"p2team":[{"name":"Hoopa","species":"Hoopa","item":"lifeorb","ability":"Magician","moves":["substitute","hyperspacehole","shadowball","focusblast"],"nature":"Quiet","evs":{"hp":252,"atk":0,"def":4,"spa":252,"spd":0,"spe":0},"ivs":{"hp":31,"atk":31,"def":31,"spa":31,"spd":31,"spe":0}},{"name":"Cofagrigus","species":"Cofagrigus","item":"leftovers","ability":"Mummy","moves":["willowisp","painsplit","trickroom","toxicspikes"],"nature":"Sassy","evs":{"hp":252,"atk":0,"def":4,"spa":0,"spd":252,"spe":0},"ivs":{"hp":31,"atk":31,"def":31,"spa":31,"spd":31,"spe":0}},{"name":"Gourgeist-Super","species":"Gourgeist-Super","item":"leftovers","ability":"Frisk","moves":["trickroom","leechseed","willowisp","phantomforce"],"nature":"Sassy","evs":{"hp":252,"atk":4,"def":0,"spa":0,"spd":252,"spe":0},"ivs":{"hp":31,"atk":31,"def":31,"spa":31,"spd":31,"spe":0}},{"name":"Froslass","species":"Froslass","item":"focussash","ability":"Cursed Body","moves":["destinybond","spikes","icebeam","taunt"],"nature":"Timid","evs":{"hp":248,"atk":0,"def":0,"spa":8,"spd":0,"spe":252},"ivs":{"hp":31,"atk":31,"def":31,"spa":31,"spd":31,"spe":31}},{"name":"Aegislash","species":"Aegislash","item":"lumberry","ability":"Stance Change","moves":["ironhead","swordsdance","shadowsneak","sacredsword"],"nature":"Brave","evs":{"hp":248,"atk":252,"def":0,"spa":0,"spd":8,"spe":0},"ivs":{"hp":31,"atk":31,"def":31,"spa":31,"spd":31,"spe":0}},{"name":"Jellicent","species":"Jellicent","item":"leftovers","ability":"Water Absorb","moves":["scald","taunt","willowisp","recover"],"nature":"Bold","evs":{"hp":252,"atk":0,"def":252,"spa":0,"spd":4,"spe":0},"ivs":{"hp":31,"atk":31,"def":31,"spa":31,"spd":31,"spe":31}}],"log":["|player|p1|Guard Darkrai|guarddarkrai.png","|player|p2|Amateurized|266","|gametype|singles","|gen|6","|tier|Monotype","|rated","|rule|Baton Pass Clause: Limit one Baton Passer, can't pass Spe and other stats simultaneously","|rule|Swagger Clause: Swagger is banned","|rule|Same Type Clause: Pokémon in a team must share a type","|clearpoke","|poke|p1|Beedrill, F, shiny","|poke|p1|Durant, M, shiny","|poke|p1|Venomoth, F, shiny","|poke|p1|Masquerain, F","|poke|p1|Heracross, F, shiny","|poke|p1|Illumise, F, shiny","|poke|p2|Hoopa","|poke|p2|Cofagrigus, M","|poke|p2|Gourgeist-*, M","|poke|p2|Froslass, F","|poke|p2|Aegislash, M","|poke|p2|Jellicent, M","|rule|Sleep Clause Mod: Limit one foe put to sleep","|rule|Species Clause: Limit one of each Pokémon","|rule|OHKO Clause: OHKO moves are banned","|rule|Moody Clause: Moody is banned","|rule|Evasion Moves Clause: Evasion moves are banned","|rule|Endless Battle Clause: Forcing endless battles is banned","|rule|HP Percentage Mod: HP is shown in percentages","|teampreview","|","|start","|switch|p1a: Masquerain|Masquerain, F|343/343","|switch|p2a: Froslass|Froslass, F|343/343","|-ability|p1a: Masquerain|Intimidate","|-unboost|p2a: Froslass|atk|1","|turn|1","|","|move|p2a: Froslass|Taunt|p1a: Masquerain","|-start|p1a: Masquerain|move: Taunt","|cant|p1a: Masquerain|move: Taunt|Sticky Web","|","|turn|2","|","|switch|p1a: Illumise|Illumise, F, shiny|334/334","|move|p2a: Froslass|Spikes|p1a: Illumise","|-sidestart|p1: Guard Darkrai|Spikes","|","|turn|3","|","|move|p1a: Illumise|Thunder Wave|p2a: Froslass","|-status|p2a: Froslass|par","|move|p2a: Froslass|Taunt|p1a: Illumise","|-start|p1a: Illumise|move: Taunt","|","|turn|4","|","|move|p1a: Illumise|U-turn|p2a: Froslass","|-resisted|p2a: Froslass","|-damage|p2a: Froslass|314/343 par","|-start|p1a: Illumise|Disable|U-turn","|","|switch|p1a: Heracross|Heracross, F, shiny|301/301","|-damage|p1a: Heracross|264/301|[from] Spikes","|cant|p2a: Froslass|par","|","|turn|5","|","|move|p1a: Heracross|Knock Off|p2a: Froslass","|-supereffective|p2a: Froslass","|-damage|p2a: Froslass|0 fnt","|-enditem|p2a: Froslass|Focus Sash|[from] move: Knock Off|[of] p1a: Heracross","|faint|p2a: Froslass","|-boost|p1a: Heracross|atk|1|[from] ability: Moxie","|","|","|switch|p2a: Cofagrigus|Cofagrigus, M|320/320","|turn|6","|","|move|p1a: Heracross|Knock Off|p2a: Cofagrigus","|-supereffective|p2a: Cofagrigus","|-damage|p2a: Cofagrigus|92/320","|-endability|p1a: Heracross|moxie|[from] Mummy","|-ability|p1a: Heracross|Mummy|[from] Mummy","|-enditem|p2a: Cofagrigus|Leftovers|[from] move: Knock Off|[of] p1a: Heracross","|move|p2a: Cofagrigus|Trick Room|p2a: Cofagrigus","|-fieldstart|move: Trick Room|[of] p2a: Cofagrigus","|","|turn|7","|","|move|p2a: Cofagrigus|Will-O-Wisp|p1a: Heracross","|-status|p1a: Heracross|brn","|move|p1a: Heracross|Knock Off|p2a: Cofagrigus","|-supereffective|p2a: Cofagrigus","|-damage|p2a: Cofagrigus|14/320","|","|-damage|p1a: Heracross|227/301 brn|[from] brn","|turn|8","|","|move|p2a: Cofagrigus|Pain Split|p1a: Heracross","|-sethp|p1a: Heracross|120/301 brn|p2a: Cofagrigus|120/320|[from] move: Pain Split","|move|p1a: Heracross|Knock Off|p2a: Cofagrigus","|-supereffective|p2a: Cofagrigus","|-damage|p2a: Cofagrigus|37/320","|","|-damage|p1a: Heracross|83/301 brn|[from] brn","|turn|9","|","|move|p2a: Cofagrigus|Toxic Spikes|p1a: Heracross","|-sidestart|p1: Guard Darkrai|move: Toxic Spikes","|move|p1a: Heracross|Knock Off|p2a: Cofagrigus","|-supereffective|p2a: Cofagrigus","|-damage|p2a: Cofagrigus|0 fnt","|faint|p2a: Cofagrigus","|","|-damage|p1a: Heracross|46/301 brn|[from] brn","|","|switch|p2a: Aegislash|Aegislash, M|323/323","|turn|10","|","|-formechange|p2a: Aegislash|Aegislash-Blade","|move|p2a: Aegislash|Shadow Sneak|p1a: Heracross","|-damage|p1a: Heracross|0 fnt","|faint|p1a: Heracross","|","|-fieldend|move: Trick Room","|","|switch|p1a: Masquerain|Masquerain, F|343/343","|-ability|p1a: Masquerain|Intimidate","|-unboost|p2a: Aegislash|atk|1","|turn|11","|","|move|p1a: Masquerain|Defog|p2a: Aegislash","|-unboost|p2a: Aegislash|evasion|1","|-sideend|p1: Guard Darkrai|Spikes|[from] move: Defog|[of] p1a: Masquerain","|-sideend|p1: Guard Darkrai|Toxic Spikes|[from] move: Defog|[of] p1a: Masquerain","|move|p2a: Aegislash|Swords Dance|p2a: Aegislash","|-boost|p2a: Aegislash|atk|2","|","|turn|12","|","|move|p1a: Masquerain|Sticky Web|p2a: Aegislash","|-sidestart|p2: Amateurized|move: Sticky Web","|move|p2a: Aegislash|Iron Head|p1a: Masquerain","|-crit|p1a: Masquerain","|-enditem|p1a: Masquerain|Focus Sash","|-damage|p1a: Masquerain|1/343","|","|turn|13","|","|move|p2a: Aegislash|Shadow Sneak|p1a: Masquerain","|-damage|p1a: Masquerain|0 fnt","|faint|p1a: Masquerain","|","|","|switch|p1a: Illumise|Illumise, F, shiny|334/334","|turn|14","|","|move|p1a: Illumise|Thunder Wave|p2a: Aegislash","|-status|p2a: Aegislash|par","|-enditem|p2a: Aegislash|Lum Berry|[eat]","|-curestatus|p2a: Aegislash|par","|move|p2a: Aegislash|Shadow Sneak|p1a: Illumise","|-damage|p1a: Illumise|135/334","|","|-heal|p1a: Illumise|155/334|[from] item: Leftovers","|turn|15","|","|switch|p2a: Jellicent|Jellicent, M|404/404","|-activate|p2a: Jellicent|move: Sticky Web","|-unboost|p2a: Jellicent|spe|1","|move|p1a: Illumise|Thunder Wave|p2a: Jellicent","|-status|p2a: Jellicent|par","|","|-heal|p1a: Illumise|175/334|[from] item: Leftovers","|turn|16","|","|move|p1a: Illumise|U-turn|p2a: Jellicent","|-resisted|p2a: Jellicent","|-damage|p2a: Jellicent|383/404 par","|","|switch|p1a: Durant|Durant, M, shiny|257/257","|move|p2a: Jellicent|Taunt|p1a: Durant","|-start|p1a: Durant|move: Taunt","|","|-heal|p2a: Jellicent|404/404 par|[from] item: Leftovers","|turn|17","|","|move|p1a: Durant|X-Scissor|p2a: Jellicent","|-resisted|p2a: Jellicent","|-damage|p2a: Jellicent|294/404 par","|-damage|p1a: Durant|232/257|[from] item: Life Orb","|move|p2a: Jellicent|Will-O-Wisp|p1a: Durant","|-status|p1a: Durant|brn","|","|-heal|p2a: Jellicent|319/404 par|[from] item: Leftovers","|-damage|p1a: Durant|200/257 brn|[from] brn","|turn|18","|","|switch|p1a: Venomoth|Venomoth, F, shiny|281/281","|move|p2a: Jellicent|Scald|p1a: Venomoth","|-damage|p1a: Venomoth|178/281","|-status|p1a: Venomoth|brn","|","|-heal|p2a: Jellicent|344/404 par|[from] item: Leftovers","|-damage|p1a: Venomoth|143/281 brn|[from] brn","|turn|19","|","|move|p1a: Venomoth|Quiver Dance|p1a: Venomoth","|-boost|p1a: Venomoth|spa|1","|-boost|p1a: Venomoth|spd|1","|-boost|p1a: Venomoth|spe|1","|move|p2a: Jellicent|Taunt|p1a: Venomoth","|-start|p1a: Venomoth|move: Taunt","|","|-heal|p2a: Jellicent|369/404 par|[from] item: Leftovers","|-damage|p1a: Venomoth|108/281 brn|[from] brn","|turn|20","|","|move|p1a: Venomoth|Energy Ball|p2a: Jellicent","|-supereffective|p2a: Jellicent","|-damage|p2a: Jellicent|125/404 par","|-unboost|p2a: Jellicent|spd|1","|cant|p2a: Jellicent|par","|","|-heal|p2a: Jellicent|150/404 par|[from] item: Leftovers","|-damage|p1a: Venomoth|73/281 brn|[from] brn","|turn|21","|","|move|p1a: Venomoth|Energy Ball|p2a: Jellicent","|-crit|p2a: Jellicent","|-supereffective|p2a: Jellicent","|-damage|p2a: Jellicent|0 fnt","|faint|p2a: Jellicent","|","|-damage|p1a: Venomoth|38/281 brn|[from] brn","|","|switch|p2a: Gourgeist-Super|Gourgeist-Super, M|374/374","|-activate|p2a: Gourgeist-Super|move: Sticky Web","|-unboost|p2a: Gourgeist-Super|spe|1","|-item|p1a: Venomoth|Focus Sash|[from] ability: Frisk|[of] p2a: Gourgeist-Super|[identify]","|turn|22","|","|move|p1a: Venomoth|Sludge Bomb|p2a: Gourgeist-Super","|-damage|p2a: Gourgeist-Super|200/374","|move|p2a: Gourgeist-Super|Trick Room|p2a: Gourgeist-Super","|-fieldstart|move: Trick Room|[of] p2a: Gourgeist-Super","|","|-heal|p2a: Gourgeist-Super|223/374|[from] item: Leftovers","|-damage|p1a: Venomoth|3/281 brn|[from] brn","|-end|p1a: Venomoth|move: Taunt","|turn|23","|","|switch|p2a: Hoopa|Hoopa|364/364","|-activate|p2a: Hoopa|move: Sticky Web","|-unboost|p2a: Hoopa|spe|1","|move|p1a: Venomoth|Sludge Bomb|p2a: Hoopa","|-resisted|p2a: Hoopa","|-damage|p2a: Hoopa|281/364","|-status|p2a: Hoopa|psn","|","|-damage|p2a: Hoopa|236/364 psn|[from] psn","|-damage|p1a: Venomoth|0 fnt|[from] brn","|faint|p1a: Venomoth","|","|switch|p1a: Illumise|Illumise, F, shiny|175/334","|turn|24","|","|move|p2a: Hoopa|Substitute|p2a: Hoopa","|-start|p2a: Hoopa|Substitute","|-damage|p2a: Hoopa|145/364 psn","|move|p1a: Illumise|U-turn|p2a: Hoopa","|-activate|p2a: Hoopa|Substitute|[damage]","|","|switch|p1a: Durant|Durant, M, shiny|200/257 brn","|","|-damage|p2a: Hoopa|100/364 psn|[from] psn","|-damage|p1a: Durant|168/257 brn|[from] brn","|turn|25","|","|move|p2a: Hoopa|Shadow Ball|p1a: Durant","|-crit|p1a: Durant","|-damage|p1a: Durant|0 fnt","|-damage|p2a: Hoopa|64/364 psn|[from] item: Life Orb","|faint|p1a: Durant","|","|-damage|p2a: Hoopa|19/364 psn|[from] psn","|","|switch|p1a: Illumise|Illumise, F, shiny|175/334","|turn|26","|","|move|p2a: Hoopa|Hyperspace Hole|p1a: Illumise","|-damage|p1a: Illumise|0 fnt","|-damage|p2a: Hoopa|0 fnt|[from] item: Life Orb","|faint|p1a: Illumise","|faint|p2a: Hoopa","|","|-fieldend|move: Trick Room","|","|switch|p1a: Beedrill|Beedrill, F, shiny|271/271","|switch|p2a: Aegislash|Aegislash, M|323/323","|-activate|p2a: Aegislash|move: Sticky Web","|-unboost|p2a: Aegislash|spe|1","|turn|27","|","|detailschange|p1a: Beedrill|Beedrill-Mega, F, shiny","|-mega|p1a: Beedrill|Beedrill|Beedrillite","|move|p1a: Beedrill|U-turn|p2a: Aegislash","|-resisted|p2a: Aegislash","|-damage|p2a: Aegislash|288/323","|move|p2a: Aegislash|Swords Dance|p2a: Aegislash","|-boost|p2a: Aegislash|atk|2","|","|turn|28","|","|move|p1a: Beedrill|U-turn|p2a: Aegislash","|-resisted|p2a: Aegislash","|-damage|p2a: Aegislash|257/323","|-formechange|p2a: Aegislash|Aegislash-Blade","|move|p2a: Aegislash|Iron Head|p1a: Beedrill","|-damage|p1a: Beedrill|0 fnt","|faint|p1a: Beedrill","|","|win|Amateurized"],"p1rating":{"entryid":"6034648","serverid":"eos","formatid":"monotype","userid":"guarddarkrai","username":"Guard Darkrai","w":"61","l":73,"t":"0","gxe":44.8,"r":"1488.6159366829","rd":"39.621397946879","sigma":"0","rptime":"1438592400","rpr":1460.9030383733,"rprd":33.555485403387,"rpsigma":"0","acre":1001.0004578847,"lacre":1001.0004578847,"oldacre":"1010.2711205949"},"p2rating":{"entryid":"6102252","serverid":"eos","formatid":"monotype","userid":"amateurized","username":"Amateurized","w":10,"l":"12","t":"0","gxe":43,"r":"1463.1393272439","rd":"82.252611866501","sigma":"0","rptime":"1438592400","rpr":1445.96190089,"rprd":73.196187934244,"rpsigma":"0","acre":1102.0639693643,"lacre":1102.0639693643,"oldacre":"1079.5127512064"},"endType":"normal"}