{"seed":[55630,4030,58773,21720],"turns":27,"p1":"DJMadness","p2":"doomsquach","p1team":[{"name":"Venusaur","species":"Venusaur","item":"venusaurite","ability":"Chlorophyll","moves":["growth","synthesis","sludgebomb","hiddenpowerfire"],"nature":"Bold","evs":{"hp":252,"atk":0,"def":252,"spa":4,"spd":0,"spe":0},"gender":"F","ivs":{"hp":31,"atk":30,"def":31,"spa":30,"spd":31,"spe":30},"shiny":true},{"name":"Serperior","species":"Serperior","item":"assaultvest","ability":"Contrary","moves":["dragonpulse","leafstorm","hiddenpowerfire","dragontail"],"nature":"Hasty","evs":{"hp":0,"atk":4,"def":0,"spa":252,"spd":0,"spe":252},"gender":"F","ivs":{"hp":31,"atk":30,"def":31,"spa":30,"spd":31,"spe":30},"shiny":true},{"name":"Whimsicott","species":"Whimsicott","item":"heatrock","ability":"Prankster","moves":["sunnyday","leechseed","cottonguard","moonblast"],"nature":"Calm","evs":{"hp":248,"atk":0,"def":0,"spa":8,"spd":252,"spe":0},"gender":"F","shiny":true,"ivs":{"hp":31,"atk":31,"def":31,"spa":31,"spd":31,"spe":31}},{"name":"Ferrothorn","species":"Ferrothorn","item":"rockyhelmet","ability":"Iron Barbs","moves":["leechseed","thunderwave","protect","knockoff"],"nature":"Impish","evs":{"hp":248,"atk":8,"def":252,"spa":0,"spd":0,"spe":0},"gender":"M","shiny":true,"ivs":{"hp":31,"atk":31,"def":31,"spa":31,"spd":31,"spe":31}},{"name":"Cradily","species":"Cradily","item":"leftovers","ability":"Storm Drain","moves":["stealthrock","rockslide","recover","toxic"],"nature":"Careful","evs":{"hp":252,"atk":4,"def":0,"spa":0,"spd":252,"spe":0},"gender":"M","shiny":true,"ivs":{"hp":31,"atk":31,"def":31,"spa":31,"spd":31,"spe":31}},{"name":"Trevenant","species":"Trevenant","item":"sitrusberry","ability":"Harvest","moves":["willowisp","leechseed","hornleech","growth"],"nature":"Careful","evs":{"hp":248,"atk":8,"def":0,"spa":0,"spd":252,"spe":0},"gender":"M","shiny":true,"ivs":{"hp":31,"atk":31,"def":31,"spa":31,"spd":31,"spe":31}}],"p2team":[{"name":"Bunny","species":"lopunny","item":"lopunnite","ability":"Cute Charm","moves":["fakeout","highjumpkick","thunderpunch","return"],"nature":"Jolly","evs":{"hp":4,"atk":252,"def":0,"spa":0,"spd":0,"spe":252},"gender":"M","ivs":{"hp":31,"atk":31,"def":31,"spa":31,"spd":31,"spe":31}},{"name":"Noone","species":"linoone","item":"sitrusberry","ability":"Gluttony","moves":["bellydrum","extremespeed","playrough","seedbomb"],"nature":"Jolly","evs":{"hp":212,"atk":44,"def":0,"spa":0,"spd":0,"spe":252},"gender":"M","ivs":{"hp":31,"atk":31,"def":31,"spa":31,"spd":31,"spe":31}},{"name":"Kang","species":"kangaskhan","item":"choiceband","ability":"Scrappy","moves":["drainpunch","earthquake","icepunch","rockslide"],"nature":"Jolly","evs":{"hp":4,"atk":252,"def":0,"spa":0,"spd":0,"spe":252},"ivs":{"hp":31,"atk":31,"def":31,"spa":31,"spd":31,"spe":31}},{"name":"Sian","species":"persian","item":"lifeorb","ability":"Technician","moves":["fakeout","aerialace","knockoff","honeclaws"],"nature":"Naive","evs":{"hp":4,"atk":252,"def":0,"spa":0,"spd":0,"spe":252},"gender":"M","ivs":{"hp":31,"atk":31,"def":31,"spa":31,"spd":31,"spe":31}},{"name":"Stant","species":"stantler","item":"choicescarf","ability":"Intimidate","moves":["energyball","extrasensory","hiddenpowerice","shadowball"],"nature":"Modest","evs":{"hp":4,"atk":0,"def":0,"spa":252,"spd":0,"spe":252},"gender":"M","ivs":{"hp":31,"atk":30,"def":30,"spa":31,"spd":31,"spe":31}},{"name":"Ursa","species":"ursaring","item":"flameorb","ability":"Guts","moves":["playrough","closecombat","crunch","earthquake"],"nature":"Adamant","evs":{"hp":96,"atk":252,"def":76,"spa":0,"spd":84,"spe":0},"gender":"M","ivs":{"hp":31,"atk":31,"def":31,"spa":31,"spd":31,"spe":31}}],"log":["|player|p1|DJMadness|92","|player|p2|doomsquach|169","|gametype|singles","|gen|6","|tier|Monotype","|rated","|rule|Baton Pass Clause: Limit one Baton Passer, can't pass Spe and other stats simultaneously","|rule|Swagger Clause: Swagger is banned","|rule|Same Type Clause: Pokémon in a team must share a type","|clearpoke","|poke|p1|Venusaur, F, shiny","|poke|p1|Serperior, F, shiny","|poke|p1|Whimsicott, F, shiny","|poke|p1|Ferrothorn, M, shiny","|poke|p1|Cradily, M, shiny","|poke|p1|Trevenant, M, shiny","|poke|p2|Lopunny, M","|poke|p2|Linoone, M","|poke|p2|Kangaskhan, F","|poke|p2|Persian, M","|poke|p2|Stantler, M","|poke|p2|Ursaring, M","|rule|Sleep Clause Mod: Limit one foe put to sleep","|rule|Species Clause: Limit one of each Pokémon","|rule|OHKO Clause: OHKO moves are banned","|rule|Moody Clause: Moody is banned","|rule|Evasion Moves Clause: Evasion moves are banned","|rule|Endless Battle Clause: Forcing endless battles is banned","|rule|HP Percentage Mod: HP is shown in percentages","|teampreview","|","|start","|switch|p1a: Cradily|Cradily, M, shiny|376/376","|switch|p2a: Kang|Kangaskhan, F|352/352","|turn|1","|","|move|p2a: Kang|Drain Punch|p1a: Cradily","|-supereffective|p1a: Cradily","|-damage|p1a: Cradily|148/376","|move|p1a: Cradily|Stealth Rock|p2a: Kang","|-sidestart|p2: doomsquach|move: Stealth Rock","|","|-heal|p1a: Cradily|171/376|[from] item: Leftovers","|turn|2","|","|switch|p1a: Trevenant|Trevenant, M, shiny|373/373","|move|p2a: Kang|Drain Punch|p1a: Trevenant","|-damage|p1a: Trevenant|228/373","|","|turn|3","|","|move|p2a: Kang|Drain Punch|p1a: Trevenant","|-damage|p1a: Trevenant|86/373","|-enditem|p1a: Trevenant|Sitrus Berry|[eat]","|-heal|p1a: Trevenant|179/373|[from] item: Sitrus Berry","|move|p1a: Trevenant|Will-O-Wisp|p2a: Kang|[miss]","|-miss|p1a: Trevenant|p2a: Kang","|","|turn|4","|","|switch|p2a: Ursa|Ursaring, M|345/345","|-damage|p2a: Ursa|302/345|[from] Stealth Rock","|move|p1a: Trevenant|Leech Seed|p2a: Ursa|[miss]","|-miss|p1a: Trevenant|p2a: Ursa","|","|-status|p2a: Ursa|brn|[from] item: Flame Orb","|turn|5","|","|move|p1a: Trevenant|Leech Seed|p2a: Ursa","|-start|p2a: Ursa|move: Leech Seed","|move|p2a: Ursa|Crunch|p1a: Trevenant","|-supereffective|p1a: Trevenant","|-damage|p1a: Trevenant|0 fnt","|faint|p1a: Trevenant","|","|-damage|p2a: Ursa|259/345 brn|[from] brn","|","|switch|p1a: Ferrothorn|Ferrothorn, M, shiny|351/351","|turn|6","|","|move|p1a: Ferrothorn|Protect|p1a: Ferrothorn","|-singleturn|p1a: Ferrothorn|Protect","|move|p2a: Ursa|Close Combat|p1a: Ferrothorn","|-activate|p1a: Ferrothorn|Protect","|","|-damage|p2a: Ursa|216/345 brn|[from] Leech Seed|[of] p1a: Ferrothorn","|-damage|p2a: Ursa|173/345 brn|[from] brn","|turn|7","|","|switch|p2a: Bunny|Lopunny, M|272/272","|-damage|p2a: Bunny|238/272|[from] Stealth Rock","|switch|p1a: Cradily|Cradily, M, shiny|171/376","|","|-heal|p1a: Cradily|194/376|[from] item: Leftovers","|turn|8","|","|detailschange|p2a: Bunny|Lopunny-Mega, M","|-mega|p2a: Bunny|Lopunny|Lopunnite","|move|p2a: Bunny|High Jump Kick|p1a: Cradily","|-crit|p1a: Cradily","|-supereffective|p1a: Cradily","|-damage|p1a: Cradily|0 fnt","|faint|p1a: Cradily","|","|","|switch|p1a: Whimsicott|Whimsicott, F, shiny|323/323","|turn|9","|","|move|p1a: Whimsicott|Cotton Guard|p1a: Whimsicott","|-boost|p1a: Whimsicott|def|3","|move|p2a: Bunny|Return|p1a: Whimsicott","|-damage|p1a: Whimsicott|229/323","|","|turn|10","|","|switch|p2a: Stant|Stantler, M|288/288","|-damage|p2a: Stant|252/288|[from] Stealth Rock","|-ability|p2a: Stant|Intimidate","|-unboost|p1a: Whimsicott|atk|1","|move|p1a: Whimsicott|Moonblast|p2a: Stant","|-damage|p2a: Stant|119/288","|","|turn|11","|","|move|p1a: Whimsicott|Cotton Guard|p1a: Whimsicott","|-boost|p1a: Whimsicott|def|3","|move|p2a: Stant|Hidden Power|p1a: Whimsicott","|-supereffective|p1a: Whimsicott","|-damage|p1a: Whimsicott|117/323","|","|turn|12","|","|move|p2a: Stant|Hidden Power|p1a: Whimsicott","|-supereffective|p1a: Whimsicott","|-damage|p1a: Whimsicott|17/323","|move|p1a: Whimsicott|Moonblast|p2a: Stant","|-damage|p2a: Stant|0 fnt","|faint|p2a: Stant","|","|","|switch|p2a: Bunny|Lopunny-Mega, M|238/272","|-damage|p2a: Bunny|221/272|[from] Stealth Rock","|turn|13","|","|switch|p1a: Ferrothorn|Ferrothorn, M, shiny|351/351","|move|p2a: Bunny|Fake Out|p1a: Ferrothorn","|-resisted|p1a: Ferrothorn","|-damage|p1a: Ferrothorn|328/351","|-damage|p2a: Bunny|187/272|[from] ability: Iron Barbs|[of] p1a: Ferrothorn","|-damage|p2a: Bunny|142/272|[from] item: Rocky Helmet|[of] p1a: Ferrothorn","|","|turn|14","|","|move|p2a: Bunny|Return|p1a: Ferrothorn","|-resisted|p1a: Ferrothorn","|-damage|p1a: Ferrothorn|274/351","|-damage|p2a: Bunny|108/272|[from] ability: Iron Barbs|[of] p1a: Ferrothorn","|-damage|p2a: Bunny|63/272|[from] item: Rocky Helmet|[of] p1a: Ferrothorn","|move|p1a: Ferrothorn|Thunder Wave|p2a: Bunny","|-status|p2a: Bunny|par","|","|turn|15","|","|move|p1a: Ferrothorn|Protect|p1a: Ferrothorn","|-singleturn|p1a: Ferrothorn|Protect","|move|p2a: Bunny|High Jump Kick|p1a: Ferrothorn","|-activate|p1a: Ferrothorn|Protect","|-damage|p2a: Bunny|0 fnt|[from] highjumpkick","|faint|p2a: Bunny","|","|","|switch|p2a: Sian|Persian, M|272/272","|-damage|p2a: Sian|238/272|[from] Stealth Rock","|turn|16","|","|move|p2a: Sian|Hone Claws|p2a: Sian","|-boost|p2a: Sian|atk|1","|-boost|p2a: Sian|accuracy|1","|move|p1a: Ferrothorn|Thunder Wave|p2a: Sian","|-status|p2a: Sian|par","|","|turn|17","|","|move|p2a: Sian|Knock Off|p1a: Ferrothorn","|-damage|p1a: Ferrothorn|178/351","|-damage|p2a: Sian|204/272 par|[from] ability: Iron Barbs|[of] p1a: Ferrothorn","|-damage|p2a: Sian|159/272 par|[from] item: Rocky Helmet|[of] p1a: Ferrothorn","|-enditem|p1a: Ferrothorn|Rocky Helmet|[from] move: Knock Off|[of] p2a: Sian","|-damage|p2a: Sian|132/272 par|[from] item: Life Orb","|move|p1a: Ferrothorn|Knock Off|p2a: Sian","|-damage|p2a: Sian|12/272 par","|-enditem|p2a: Sian|Life Orb|[from] move: Knock Off|[of] p1a: Ferrothorn","|","|turn|18","|","|move|p2a: Sian|Aerial Ace|p1a: Ferrothorn","|-damage|p1a: Ferrothorn|115/351","|-damage|p2a: Sian|0 fnt|[from] ability: Iron Barbs|[of] p1a: Ferrothorn","|faint|p2a: Sian","|move|p1a: Ferrothorn|Knock Off|p2: Sian|[notarget]","|-notarget","|","|","|switch|p2a: Kang|Kangaskhan, F|352/352","|-damage|p2a: Kang|308/352|[from] Stealth Rock","|turn|19","|","|move|p2a: Kang|Ice Punch|p1a: Ferrothorn","|-damage|p1a: Ferrothorn|48/351","|-damage|p2a: Kang|264/352|[from] ability: Iron Barbs|[of] p1a: Ferrothorn","|move|p1a: Ferrothorn|Thunder Wave|p2a: Kang","|-status|p2a: Kang|par","|","|turn|20","|","|move|p1a: Ferrothorn|Leech Seed|p2a: Kang","|-start|p2a: Kang|move: Leech Seed","|move|p2a: Kang|Ice Punch|p1a: Ferrothorn","|-damage|p1a: Ferrothorn|0 fnt","|-damage|p2a: Kang|220/352 par|[from] ability: Iron Barbs|[of] p1a: Ferrothorn","|faint|p1a: Ferrothorn","|","|","|switch|p1a: Whimsicott|Whimsicott, F, shiny|17/323","|turn|21","|","|move|p1a: Whimsicott|Sunny Day|p1a: Whimsicott","|-weather|SunnyDay","|move|p2a: Kang|Ice Punch|p1a: Whimsicott","|-supereffective|p1a: Whimsicott","|-damage|p1a: Whimsicott|0 fnt","|faint|p1a: Whimsicott","|","|-weather|SunnyDay|[upkeep]","|","|switch|p1a: Venusaur|Venusaur, F, shiny|364/364","|turn|22","|","|detailschange|p1a: Venusaur|Venusaur-Mega, F, shiny","|-mega|p1a: Venusaur|Venusaur|Venusaurite","|move|p1a: Venusaur|Growth|p1a: Venusaur","|-boost|p1a: Venusaur|atk|2","|-boost|p1a: Venusaur|spa|2","|cant|p2a: Kang|par","|","|-weather|SunnyDay|[upkeep]","|-damage|p2a: Kang|176/352 par|[from] Leech Seed|[of] p1a: Venusaur","|turn|23","|","|move|p1a: Venusaur|Growth|p1a: Venusaur","|-boost|p1a: Venusaur|atk|2","|-boost|p1a: Venusaur|spa|2","|move|p2a: Kang|Ice Punch|p1a: Venusaur","|-supereffective|p1a: Venusaur","|-damage|p1a: Venusaur|290/364","|","|-weather|SunnyDay|[upkeep]","|-damage|p2a: Kang|132/352 par|[from] Leech Seed|[of] p1a: Venusaur","|-heal|p1a: Venusaur|334/364|[silent]","|turn|24","|","|move|p1a: Venusaur|Growth|p1a: Venusaur","|-boost|p1a: Venusaur|atk|2","|-boost|p1a: Venusaur|spa|2","|move|p2a: Kang|Ice Punch|p1a: Venusaur","|-supereffective|p1a: Venusaur","|-damage|p1a: Venusaur|260/364","|","|-weather|SunnyDay|[upkeep]","|-damage|p2a: Kang|88/352 par|[from] Leech Seed|[of] p1a: Venusaur","|-heal|p1a: Venusaur|304/364|[silent]","|turn|25","|","|move|p1a: Venusaur|Sludge Bomb|p2a: Kang","|-damage|p2a: Kang|0 fnt","|faint|p2a: Kang","|","|-weather|SunnyDay|[upkeep]","|","|switch|p2a: Ursa|Ursaring, M|173/345 brn","|-damage|p2a: Ursa|130/345 brn|[from] Stealth Rock","|turn|26","|","|move|p1a: Venusaur|Sludge Bomb|p2a: Ursa","|-damage|p2a: Ursa|0 fnt","|faint|p2a: Ursa","|","|-weather|SunnyDay|[upkeep]","|","|switch|p2a: Noone|Linoone, M|350/350","|-damage|p2a: Noone|307/350|[from] Stealth Rock","|turn|27","|","|move|p2a: Noone|Belly Drum|p2a: Noone","|-damage|p2a: Noone|132/350","|-setboost|p2a: Noone|atk|6|[from] move: Belly Drum","|-enditem|p2a: Noone|Sitrus Berry|[eat]","|-heal|p2a: Noone|219/350|[from] item: Sitrus Berry","|move|p1a: Venusaur|Sludge Bomb|p2a: Noone","|-damage|p2a: Noone|0 fnt","|faint|p2a: Noone","|","|win|DJMadness"],"p1rating":{"entryid":"7355209","serverid":"eos","formatid":"monotype","userid":"djmadness","username":"DJMadness","w":1,"l":"8","t":"0","gxe":28.3,"r":"1303.5258224739","rd":"99.460287779891","sigma":"0","rptime":"1438592400","rpr":1319.0927114362,"rprd":92.334442365782,"rpsigma":"0","acre":1044.205438293,"lacre":1044.205438293,"oldacre":"1000"},"p2rating":{"entryid":"6925117","serverid":"eos","formatid":"monotype","userid":"doomsquach","username":"doomsquach","w":"5","l":7,"t":"0","gxe":42.7,"r":"1490.5131255428","rd":"89.599228566394","sigma":"0","rptime":"1438592400","rpr":1443.3552173828,"rprd":84.973586517465,"rpsigma":"0","acre":1019.5343848756,"lacre":1019.5343848756,"oldacre":"1036.6634607716"},"endType":"normal"}