{"seed":[46838,39874,1413,9683],"turns":26,"p1":"CaneParadox","p2":"Doctor Glumanda","p1team":[{"name":"Venusaur","species":"Venusaur","item":"venusaurite","ability":"Overgrow","moves":["leechseed","earthquake","sludgebomb","synthesis"],"nature":"Gentle","evs":{"hp":248,"atk":8,"def":0,"spa":0,"spd":252,"spe":0},"ivs":{"hp":31,"atk":31,"def":31,"spa":31,"spd":31,"spe":31}},{"name":"Toxicroak","species":"Toxicroak","item":"assaultvest","ability":"Dry Skin","moves":["bulletpunch","drainpunch","fakeout","suckerpunch"],"nature":"Adamant","evs":{"hp":0,"atk":252,"def":0,"spa":0,"spd":8,"spe":0},"ivs":{"hp":31,"atk":31,"def":31,"spa":31,"spd":31,"spe":31}},{"name":"Skuntank","species":"Skuntank","item":"airballoon","ability":"Stench","moves":["flamethrower","crunch","playrough","poisonjab"],"nature":"Naughty","evs":{"hp":248,"atk":252,"def":0,"spa":8,"spd":0,"spe":0},"ivs":{"hp":31,"atk":31,"def":31,"spa":31,"spd":31,"spe":31}},{"name":"Nidoqueen","species":"Nidoqueen","item":"choicescarf","ability":"Sheer Force","moves":["earthpower","icebeam","stealthrock","sludgewave"],"nature":"Modest","evs":{"hp":40,"atk":0,"def":0,"spa":252,"spd":0,"spe":216},"shiny":true,"ivs":{"hp":31,"atk":31,"def":31,"spa":31,"spd":31,"spe":31}},{"name":"Muk","species":"Muk","item":"assaultvest","ability":"Poison Touch","moves":["poisonjab","shadowsneak","gigadrain","firepunch"],"nature":"Brave","evs":{"hp":252,"atk":252,"def":4,"spa":0,"spd":0,"spe":0},"ivs":{"hp":31,"atk":31,"def":31,"spa":31,"spd":31,"spe":31}},{"name":"Gengar","species":"Gengar","item":"choicescarf","ability":"Levitate","moves":["dazzlinggleam","sludgebomb","thunderbolt","willowisp"],"nature":"Timid","evs":{"hp":0,"atk":0,"def":0,"spa":252,"spd":4,"spe":252},"ivs":{"hp":31,"atk":31,"def":31,"spa":31,"spd":31,"spe":31}}],"p2team":[{"name":"Torkoal","species":"Torkoal","item":"leftovers","ability":"Shell Armor","moves":["stealthrock","rapidspin","yawn","lavaplume"],"nature":"Bold","evs":{"hp":252,"atk":0,"def":252,"spa":0,"spd":4,"spe":0},"ivs":{"hp":31,"atk":0,"def":31,"spa":31,"spd":31,"spe":31}},{"name":"Entei","species":"Entei","item":"lifeorb","ability":"Pressure","moves":["sacredfire","extremespeed","stoneedge","ironhead"],"nature":"Adamant","evs":{"hp":0,"atk":252,"def":0,"spa":0,"spd":4,"spe":252},"shiny":true,"ivs":{"hp":31,"atk":31,"def":31,"spa":31,"spd":31,"spe":31}},{"name":"Charizard","species":"Charizard","item":"charizarditey","ability":"Blaze","moves":["fireblast","airslash","roost","solarbeam"],"nature":"Timid","evs":{"hp":0,"atk":0,"def":0,"spa":252,"spd":4,"spe":252},"ivs":{"hp":31,"atk":0,"def":31,"spa":31,"spd":31,"spe":31},"shiny":true},{"name":"Darmanitan","species":"Darmanitan","item":"choicescarf","ability":"Sheer Force","moves":["flareblitz","superpower","rockslide","uturn"],"nature":"Jolly","evs":{"hp":0,"atk":252,"def":0,"spa":0,"spd":4,"spe":252},"ivs":{"hp":31,"atk":31,"def":31,"spa":31,"spd":31,"spe":31}},{"name":"Heatran","species":"Heatran","item":"airballoon","ability":"Flash Fire","moves":["lavaplume","earthpower","toxic","flashcannon"],"nature":"Calm","evs":{"hp":248,"atk":0,"def":0,"spa":8,"spd":252,"spe":0},"ivs":{"hp":31,"atk":0,"def":31,"spa":31,"spd":31,"spe":31}},{"name":"Rotom-Heat","species":"Rotom-Heat","item":"choicescarf","ability":"Levitate","moves":["voltswitch","thunderbolt","overheat","hiddenpowerice"],"nature":"Timid","evs":{"hp":0,"atk":0,"def":0,"spa":252,"spd":4,"spe":252},"ivs":{"hp":31,"atk":0,"def":30,"spa":31,"spd":31,"spe":31}}],"log":["|player|p1|CaneParadox|247","|player|p2|Doctor Glumanda|doctorglumanda.gif","|gametype|singles","|gen|6","|tier|Monotype","|rated","|rule|Baton Pass Clause: Limit one Baton Passer, can't pass Spe and other stats simultaneously","|rule|Swagger Clause: Swagger is banned","|rule|Same Type Clause: Pokémon in a team must share a type","|clearpoke","|poke|p1|Venusaur, F","|poke|p1|Toxicroak, F","|poke|p1|Skuntank, M","|poke|p1|Nidoqueen, F, shiny","|poke|p1|Muk, M","|poke|p1|Gengar, M","|poke|p2|Torkoal, F","|poke|p2|Entei, shiny","|poke|p2|Charizard, M, shiny","|poke|p2|Darmanitan, F","|poke|p2|Heatran, M","|poke|p2|Rotom-Heat","|rule|Sleep Clause Mod: Limit one foe put to sleep","|rule|Species Clause: Limit one of each Pokémon","|rule|OHKO Clause: OHKO moves are banned","|rule|Moody Clause: Moody is banned","|rule|Evasion Moves Clause: Evasion moves are banned","|rule|Endless Battle Clause: Forcing endless battles is banned","|rule|HP Percentage Mod: HP is shown in percentages","|teampreview","|","|start","|switch|p1a: Nidoqueen|Nidoqueen, F, shiny|331/331","|switch|p2a: Charizard|Charizard, M, shiny|297/297","|turn|1","|","|detailschange|p2a: Charizard|Charizard-Mega-Y, M, shiny","|-mega|p2a: Charizard|Charizard|Charizardite Y","|-weather|SunnyDay","|move|p1a: Nidoqueen|Stealth Rock|p2a: Charizard","|-sidestart|p2: Doctor Glumanda|move: Stealth Rock","|move|p2a: Charizard|Fire Blast|p1a: Nidoqueen","|-damage|p1a: Nidoqueen|0 fnt","|faint|p1a: Nidoqueen","|","|-weather|SunnyDay|[upkeep]","|","|switch|p1a: Muk|Muk, M|414/414","|turn|2","|","|switch|p2a: Torkoal|Torkoal, F|344/344","|-damage|p2a: Torkoal|258/344|[from] Stealth Rock","|move|p1a: Muk|Poison Jab|p2a: Torkoal","|-damage|p2a: Torkoal|185/344","|","|-weather|SunnyDay|[upkeep]","|-heal|p2a: Torkoal|206/344|[from] item: Leftovers","|turn|3","|","|move|p1a: Muk|Poison Jab|p2a: Torkoal","|-damage|p2a: Torkoal|130/344","|move|p2a: Torkoal|Yawn|p1a: Muk","|-start|p1a: Muk|move: Yawn|[of] p2a: Torkoal","|","|-weather|SunnyDay|[upkeep]","|-heal|p2a: Torkoal|151/344|[from] item: Leftovers","|turn|4","|","|switch|p1a: Gengar|Gengar, M|261/261","|move|p2a: Torkoal|Rapid Spin|p1a: Gengar","|-immune|p1a: Gengar|[msg]","|","|-weather|SunnyDay|[upkeep]","|-heal|p2a: Torkoal|172/344|[from] item: Leftovers","|turn|5","|","|switch|p2a: Heatran|Heatran, M|385/385","|-damage|p2a: Heatran|337/385|[from] Stealth Rock","|-item|p2a: Heatran|Air Balloon","|move|p1a: Gengar|Thunderbolt|p2a: Heatran","|-damage|p2a: Heatran|268/385","|-enditem|p2a: Heatran|Air Balloon","|","|-weather|none","|turn|6","|","|switch|p1a: Skuntank|Skuntank, M|409/409","|-item|p1a: Skuntank|Air Balloon","|move|p2a: Heatran|Lava Plume|p1a: Skuntank","|-damage|p1a: Skuntank|198/409","|-enditem|p1a: Skuntank|Air Balloon","|","|turn|7","|","|move|p1a: Skuntank|Crunch|p2a: Heatran","|-damage|p2a: Heatran|154/385","|move|p2a: Heatran|Lava Plume|p1a: Skuntank","|-damage|p1a: Skuntank|17/409","|","|turn|8","|","|move|p1a: Skuntank|Crunch|p2a: Heatran","|-damage|p2a: Heatran|28/385","|move|p2a: Heatran|Lava Plume|p1a: Skuntank","|-damage|p1a: Skuntank|0 fnt","|faint|p1a: Skuntank","|","|","|switch|p1a: Toxicroak|Toxicroak, F|307/307","|turn|9","|","|move|p1a: Toxicroak|Fake Out|p2a: Heatran","|-resisted|p2a: Heatran","|-damage|p2a: Heatran|4/385","|cant|p2a: Heatran|flinch","|","|turn|10","|","|move|p1a: Toxicroak|Bullet Punch|p2a: Heatran","|-resisted|p2a: Heatran","|-damage|p2a: Heatran|0 fnt","|faint|p2a: Heatran","|","|","|switch|p2a: Torkoal|Torkoal, F|172/344","|-damage|p2a: Torkoal|86/344|[from] Stealth Rock","|turn|11","|","|move|p1a: Toxicroak|Drain Punch|p2a: Torkoal","|-damage|p2a: Torkoal|11/344","|move|p2a: Torkoal|Yawn|p1a: Toxicroak","|-start|p1a: Toxicroak|move: Yawn|[of] p2a: Torkoal","|","|-heal|p2a: Torkoal|32/344|[from] item: Leftovers","|turn|12","|","|move|p1a: Toxicroak|Drain Punch|p2a: Torkoal","|-damage|p2a: Torkoal|0 fnt","|faint|p2a: Torkoal","|","|-end|p1a: Toxicroak|move: Yawn|[silent]","|-status|p1a: Toxicroak|slp","|","|switch|p2a: Charizard|Charizard-Mega-Y, M, shiny|297/297","|-damage|p2a: Charizard|149/297|[from] Stealth Rock","|-weather|SunnyDay","|turn|13","|","|switch|p1a: Muk|Muk, M|414/414","|move|p2a: Charizard|Roost|p2a: Charizard","|-heal|p2a: Charizard|297/297","|","|-weather|SunnyDay|[upkeep]","|turn|14","|","|move|p2a: Charizard|Fire Blast|p1a: Muk","|-damage|p1a: Muk|174/414","|move|p1a: Muk|Poison Jab|p2a: Charizard","|-damage|p2a: Charizard|134/297","|-status|p2a: Charizard|psn","|","|-weather|SunnyDay|[upkeep]","|-damage|p2a: Charizard|97/297 psn|[from] psn","|turn|15","|","|move|p1a: Muk|Shadow Sneak|p2a: Charizard","|-damage|p2a: Charizard|42/297 psn","|move|p2a: Charizard|Fire Blast|p1a: Muk","|-damage|p1a: Muk|0 fnt","|faint|p1a: Muk","|","|-weather|SunnyDay|[upkeep]","|-damage|p2a: Charizard|5/297 psn|[from] psn","|","|switch|p1a: Toxicroak|Toxicroak, F|307/307 slp","|turn|16","|","|cant|p1a: Toxicroak|slp","|move|p2a: Charizard|Roost|p2a: Charizard","|-heal|p2a: Charizard|154/297 psn","|","|-weather|SunnyDay|[upkeep]","|-damage|p1a: Toxicroak|269/307 slp|[from] ability: Dry Skin","|-damage|p2a: Charizard|117/297 psn|[from] psn","|turn|17","|","|cant|p1a: Toxicroak|slp","|move|p2a: Charizard|Roost|p2a: Charizard","|-heal|p2a: Charizard|266/297 psn","|","|-weather|none","|-damage|p2a: Charizard|229/297 psn|[from] psn","|turn|18","|","|-curestatus|p1a: Toxicroak|slp","|move|p1a: Toxicroak|Sucker Punch|p2a: Charizard","|-damage|p2a: Charizard|122/297 psn","|move|p2a: Charizard|Fire Blast|p1a: Toxicroak","|-damage|p1a: Toxicroak|19/307","|","|-damage|p2a: Charizard|85/297 psn|[from] psn","|turn|19","|","|move|p1a: Toxicroak|Sucker Punch|p2a: Charizard","|-fail|p1a: Toxicroak","|move|p2a: Charizard|Roost|p2a: Charizard","|-heal|p2a: Charizard|234/297 psn","|","|-damage|p2a: Charizard|197/297 psn|[from] psn","|turn|20","|","|move|p2a: Charizard|Roost|p2a: Charizard","|-heal|p2a: Charizard|297/297 psn","|move|p1a: Toxicroak|Drain Punch|p2a: Charizard","|-damage|p2a: Charizard|129/297 psn","|-heal|p1a: Toxicroak|103/307|[from] drain|[of] p2a: Charizard","|","|-damage|p2a: Charizard|92/297 psn|[from] psn","|turn|21","|","|move|p1a: Toxicroak|Sucker Punch|p2a: Charizard","|-crit|p2a: Charizard","|-damage|p2a: Charizard|0 fnt","|faint|p2a: Charizard","|","|","|switch|p2a: Entei|Entei, shiny|371/371","|-damage|p2a: Entei|279/371|[from] Stealth Rock","|-ability|p2a: Entei|Pressure","|turn|22","|","|move|p2a: Entei|Extreme Speed|p1a: Toxicroak","|-damage|p1a: Toxicroak|0 fnt","|-damage|p2a: Entei|242/371|[from] item: Life Orb","|faint|p1a: Toxicroak","|","|","|switch|p1a: Venusaur|Venusaur, F|363/363","|turn|23","|","|detailschange|p1a: Venusaur|Venusaur-Mega, F","|-mega|p1a: Venusaur|Venusaur|Venusaurite","|move|p2a: Entei|Sacred Fire|p1a: Venusaur","|-supereffective|p1a: Venusaur","|-damage|p1a: Venusaur|150/363","|-status|p1a: Venusaur|brn","|-damage|p2a: Entei|205/371|[from] item: Life Orb","|move|p1a: Venusaur|Earthquake|p2a: Entei","|-supereffective|p2a: Entei","|-damage|p2a: Entei|116/371","|","|-damage|p1a: Venusaur|105/363 brn|[from] brn","|turn|24","|","|move|p2a: Entei|Sacred Fire|p1a: Venusaur","|-supereffective|p1a: Venusaur","|-damage|p1a: Venusaur|0 fnt","|-damage|p2a: Entei|79/371|[from] item: Life Orb","|faint|p1a: Venusaur","|","|","|switch|p1a: Gengar|Gengar, M|261/261","|turn|25","|","|move|p1a: Gengar|Sludge Bomb|p2a: Entei","|-damage|p2a: Entei|0 fnt","|faint|p2a: Entei","|","|","|switch|p2a: Darmanitan|Darmanitan, F|351/351","|-damage|p2a: Darmanitan|264/351|[from] Stealth Rock","|turn|26","|","|move|p1a: Gengar|Sludge Bomb|p2a: Darmanitan","|-damage|p2a: Darmanitan|3/351","|move|p2a: Darmanitan|Flare Blitz|p1a: Gengar","|-damage|p1a: Gengar|0 fnt","|-damage|p2a: Darmanitan|0 fnt|[from] recoil|[of] p1a: Gengar","|faint|p1a: Gengar","|faint|p2a: Darmanitan","|","|win|Doctor Glumanda"],"p1rating":{"entryid":"7371929","serverid":"eos","formatid":"monotype","userid":"caneparadox","username":"CaneParadox","w":"5","l":1,"t":"0","gxe":63.4,"r":"1500","rd":"130","sigma":"0","rptime":"1438592400","rpr":1607.6139890901,"rprd":98.476036784425,"rpsigma":"0","acre":1138.7888488342,"lacre":1138.7888488342,"oldacre":"1169.8818904455"},"p2rating":{"entryid":"6022760","serverid":"eos","formatid":"monotype","userid":"doctorglumanda","username":"Doctor Glumanda","w":3,"l":"0","t":"0","gxe":62.3,"r":"1530.469160598","rd":"132.73268090877","sigma":"0","rptime":"1438592400","rpr":1599.5388564818,"rprd":117.98807642547,"rpsigma":"0","acre":1117.6430056205,"lacre":1117.6430056205,"oldacre":"1083.4652745752"},"endType":"normal"}