{"seed":[29919,10073,47183,51687],"turns":41,"p1":"Seven Swell","p2":"CR3EPS","p1team":[{"name":"Mew","species":"Mew","item":"leftovers","ability":"Synchronize","moves":["roost","toxic","healbell","aurasphere"],"nature":"Calm","evs":{"hp":252,"atk":0,"def":0,"spa":4,"spd":252,"spe":0},"ivs":{"hp":31,"atk":31,"def":31,"spa":31,"spd":31,"spe":31}},{"name":"Slowbro","species":"Slowbro","item":"rockyhelmet","ability":"Regenerator","moves":["scald","yawn","flamethrower","slackoff"],"nature":"Bold","evs":{"hp":252,"atk":0,"def":252,"spa":4,"spd":0,"spe":0},"ivs":{"hp":31,"atk":31,"def":31,"spa":31,"spd":31,"spe":31}},{"name":"Deoxys-Speed","species":"Deoxys-Speed","item":"focussash","ability":"Pressure","moves":["stealthrock","thunderbolt","thunderwave","icebeam"],"nature":"Timid","evs":{"hp":252,"atk":0,"def":44,"spa":0,"spd":0,"spe":212},"ivs":{"hp":31,"atk":31,"def":31,"spa":31,"spd":31,"spe":31}},{"name":"Gardevoir","species":"Gardevoir","item":"gardevoirite","ability":"Trace","moves":["hypervoice","psyshock","destinybond","thunderbolt"],"nature":"Timid","evs":{"hp":0,"atk":0,"def":4,"spa":252,"spd":0,"spe":252},"ivs":{"hp":31,"atk":0,"def":31,"spa":31,"spd":31,"spe":31}},{"name":"Latias","species":"Latias","item":"leftovers","ability":"Levitate","moves":["dracometeor","psyshock","roost","defog"],"nature":"Timid","evs":{"hp":252,"atk":0,"def":0,"spa":4,"spd":0,"spe":252},"ivs":{"hp":31,"atk":31,"def":31,"spa":31,"spd":31,"spe":31}},{"name":"Hoopa-Unbound","species":"Hoopa-Unbound","item":"focussash","ability":"Magician","moves":["hyperspacefury","drainpunch","firepunch","gunkshot"],"nature":"Adamant","evs":{"hp":0,"atk":252,"def":0,"spa":0,"spd":4,"spe":252},"ivs":{"hp":31,"atk":31,"def":31,"spa":31,"spd":31,"spe":31}}],"p2team":[{"name":"Bull on Parade","species":"terrakion","item":"choicescarf","ability":"Justified","moves":["rockslide","poisonjab","closecombat","earthquake"],"nature":"Jolly","evs":{"hp":0,"atk":252,"def":0,"spa":0,"spd":4,"spe":252},"ivs":{"hp":31,"atk":31,"def":31,"spa":31,"spd":31,"spe":31}},{"name":"OMG MLP GUIS XD","species":"keldeo","item":"choicespecs","ability":"Justified","moves":["scald","icywind","hiddenpowergrass","secretsword"],"nature":"Timid","evs":{"hp":0,"atk":0,"def":0,"spa":252,"spd":4,"spe":252},"ivs":{"hp":31,"atk":30,"def":31,"spa":30,"spd":31,"spe":31}},{"name":"THE PEOPLE'S ELBOW","species":"gallade","item":"galladite","ability":"Justified","moves":["knockoff","psychocut","drainpunch","swordsdance"],"nature":"Jolly","evs":{"hp":0,"atk":252,"def":0,"spa":0,"spd":4,"spe":252},"ivs":{"hp":31,"atk":31,"def":31,"spa":31,"spd":31,"spe":31}},{"name":"The Reverse","species":"cobalion","item":"leftovers","ability":"Justified","moves":["flashcannon","thunderwave","voltswitch","stealthrock"],"nature":"Timid","evs":{"hp":252,"atk":0,"def":0,"spa":4,"spd":0,"spe":252},"ivs":{"hp":31,"atk":31,"def":31,"spa":31,"spd":31,"spe":31}},{"name":"Kronk.","species":"conkeldurr","item":"assaultvest","ability":"Guts","moves":["drainpunch","knockoff","machpunch","firepunch"],"nature":"Adamant","evs":{"hp":200,"atk":252,"def":0,"spa":0,"spd":0,"spe":56},"ivs":{"hp":31,"atk":31,"def":31,"spa":31,"spd":31,"spe":31}},{"name":"LOS TIBURON","species":"hawlucha","item":"sitrusberry","ability":"Unburden","moves":["swordsdance","highjumpkick","acrobatics","substitute"],"nature":"Jolly","evs":{"hp":4,"atk":252,"def":0,"spa":0,"spd":0,"spe":252},"ivs":{"hp":29,"atk":31,"def":31,"spa":31,"spd":31,"spe":31}}],"log":["|player|p1|Seven Swell|sevenswell.png","|player|p2|CR3EPS|2","|gametype|singles","|gen|6","|tier|Monotype","|rated","|rule|Baton Pass Clause: Limit one Baton Passer, can't pass Spe and other stats simultaneously","|rule|Swagger Clause: Swagger is banned","|rule|Same Type Clause: Pokémon in a team must share a type","|clearpoke","|poke|p1|Mew","|poke|p1|Slowbro, F","|poke|p1|Deoxys-Speed","|poke|p1|Gardevoir, F","|poke|p1|Latias, F","|poke|p1|Hoopa-Unbound","|poke|p2|Terrakion","|poke|p2|Keldeo","|poke|p2|Gallade, M","|poke|p2|Cobalion","|poke|p2|Conkeldurr, M","|poke|p2|Hawlucha, F","|rule|Sleep Clause Mod: Limit one foe put to sleep","|rule|Species Clause: Limit one of each Pokémon","|rule|OHKO Clause: OHKO moves are banned","|rule|Moody Clause: Moody is banned","|rule|Evasion Moves Clause: Evasion moves are banned","|rule|Endless Battle Clause: Forcing endless battles is banned","|rule|HP Percentage Mod: HP is shown in percentages","|teampreview","|","|start","|switch|p1a: Slowbro|Slowbro, F|394/394","|switch|p2a: Kronk.|Conkeldurr, M|401/401","|turn|1","|","|move|p2a: Kronk.|Knock Off|p1a: Slowbro","|-supereffective|p1a: Slowbro","|-damage|p1a: Slowbro|222/394","|-damage|p2a: Kronk.|335/401|[from] item: Rocky Helmet|[of] p1a: Slowbro","|-enditem|p1a: Slowbro|Rocky Helmet|[from] move: Knock Off|[of] p2a: Kronk.","|move|p1a: Slowbro|Yawn|p2a: Kronk.","|-start|p2a: Kronk.|move: Yawn|[of] p1a: Slowbro","|","|turn|2","|","|switch|p2a: The Reverse|Cobalion|386/386","|move|p1a: Slowbro|Slack Off|p1a: Slowbro","|-heal|p1a: Slowbro|394/394","|","|turn|3","|","|move|p2a: The Reverse|Thunder Wave|p1a: Slowbro","|-status|p1a: Slowbro|par","|move|p1a: Slowbro|Scald|p2a: The Reverse","|-damage|p2a: The Reverse|265/386","|","|-heal|p2a: The Reverse|289/386|[from] item: Leftovers","|turn|4","|","|move|p2a: The Reverse|Volt Switch|p1a: Slowbro","|-supereffective|p1a: Slowbro","|-damage|p1a: Slowbro|280/394 par","|","|switch|p2a: Kronk.|Conkeldurr, M|335/401","|move|p1a: Slowbro|Scald|p2a: Kronk.","|-damage|p2a: Kronk.|244/401","|","|turn|5","|","|move|p2a: Kronk.|Knock Off|p1a: Slowbro","|-supereffective|p1a: Slowbro","|-damage|p1a: Slowbro|148/394 par","|move|p1a: Slowbro|Slack Off|p1a: Slowbro","|-heal|p1a: Slowbro|345/394 par","|","|turn|6","|","|move|p2a: Kronk.|Knock Off|p1a: Slowbro","|-supereffective|p1a: Slowbro","|-damage|p1a: Slowbro|231/394 par","|move|p1a: Slowbro|Yawn|p2a: Kronk.","|-start|p2a: Kronk.|move: Yawn|[of] p1a: Slowbro","|","|turn|7","|","|switch|p2a: The Reverse|Cobalion|289/386","|move|p1a: Slowbro|Slack Off|p1a: Slowbro","|-heal|p1a: Slowbro|394/394 par","|","|-heal|p2a: The Reverse|313/386|[from] item: Leftovers","|turn|8","|","|move|p2a: The Reverse|Volt Switch|p1a: Slowbro","|-supereffective|p1a: Slowbro","|-damage|p1a: Slowbro|272/394 par","|","|switch|p2a: Kronk.|Conkeldurr, M|244/401","|move|p1a: Slowbro|Flamethrower|p2a: Kronk.","|-damage|p2a: Kronk.|180/401","|","|turn|9","|","|move|p2a: Kronk.|Knock Off|p1a: Slowbro","|-supereffective|p1a: Slowbro","|-damage|p1a: Slowbro|152/394 par","|cant|p1a: Slowbro|par","|","|turn|10","|","|switch|p2a: LOS TIBURON|Hawlucha, F|296/296","|move|p1a: Slowbro|Slack Off|p1a: Slowbro","|-heal|p1a: Slowbro|349/394 par","|","|turn|11","|","|move|p2a: LOS TIBURON|Substitute|p2a: LOS TIBURON","|-start|p2a: LOS TIBURON|Substitute","|-damage|p2a: LOS TIBURON|222/296","|move|p1a: Slowbro|Scald|p2a: LOS TIBURON","|-crit|p2a: LOS TIBURON","|-end|p2a: LOS TIBURON|Substitute","|","|turn|12","|","|move|p2a: LOS TIBURON|Swords Dance|p2a: LOS TIBURON","|-boost|p2a: LOS TIBURON|atk|2","|move|p1a: Slowbro|Scald|p2a: LOS TIBURON","|-crit|p2a: LOS TIBURON","|-damage|p2a: LOS TIBURON|14/296","|-status|p2a: LOS TIBURON|brn","|-enditem|p2a: LOS TIBURON|Sitrus Berry|[eat]","|-heal|p2a: LOS TIBURON|88/296 brn|[from] item: Sitrus Berry","|","|-damage|p2a: LOS TIBURON|51/296 brn|[from] brn","|turn|13","|","|move|p2a: LOS TIBURON|Acrobatics|p1a: Slowbro","|-damage|p1a: Slowbro|239/394 par","|move|p1a: Slowbro|Slack Off|p1a: Slowbro","|-heal|p1a: Slowbro|394/394 par","|","|-damage|p2a: LOS TIBURON|14/296 brn|[from] brn","|turn|14","|","|move|p2a: LOS TIBURON|Acrobatics|p1a: Slowbro","|-damage|p1a: Slowbro|291/394 par","|move|p1a: Slowbro|Slack Off|p1a: Slowbro","|-heal|p1a: Slowbro|394/394 par","|","|-damage|p2a: LOS TIBURON|0 fnt|[from] brn","|faint|p2a: LOS TIBURON","|","|switch|p2a: THE PEOPLE'S ELBOW|Gallade, M|277/277","|turn|15","|","|detailschange|p2a: THE PEOPLE'S ELBOW|Gallade-Mega, M","|-mega|p2a: THE PEOPLE'S ELBOW|Gallade|Galladite","|move|p2a: THE PEOPLE'S ELBOW|Swords Dance|p2a: THE PEOPLE'S ELBOW","|-boost|p2a: THE PEOPLE'S ELBOW|atk|2","|move|p1a: Slowbro|Scald|p2a: THE PEOPLE'S ELBOW","|-damage|p2a: THE PEOPLE'S ELBOW|195/277","|","|turn|16","|","|switch|p1a: Latias|Latias, F|364/364","|move|p2a: THE PEOPLE'S ELBOW|Knock Off|p1a: Latias","|-supereffective|p1a: Latias","|-damage|p1a: Latias|0 fnt","|-enditem|p1a: Latias|Leftovers|[from] move: Knock Off|[of] p2a: THE PEOPLE'S ELBOW","|faint|p1a: Latias","|","|","|switch|p1a: Deoxys-Speed|Deoxys-Speed|304/304","|-ability|p1a: Deoxys-Speed|Pressure","|turn|17","|","|switch|p2a: The Reverse|Cobalion|313/386","|move|p1a: Deoxys-Speed|Thunder Wave|p2a: The Reverse","|-status|p2a: The Reverse|par","|","|-heal|p2a: The Reverse|337/386 par|[from] item: Leftovers","|turn|18","|","|switch|p1a: Slowbro|Slowbro, F|394/394 par","|move|p2a: The Reverse|Volt Switch|p1a: Slowbro","|-supereffective|p1a: Slowbro","|-damage|p1a: Slowbro|282/394 par","|","|switch|p2a: THE PEOPLE'S ELBOW|Gallade-Mega, M|195/277","|","|turn|19","|","|move|p2a: THE PEOPLE'S ELBOW|Knock Off|p1a: Slowbro","|-supereffective|p1a: Slowbro","|-damage|p1a: Slowbro|160/394 par","|move|p1a: Slowbro|Scald|p2a: THE PEOPLE'S ELBOW","|-damage|p2a: THE PEOPLE'S ELBOW|111/277","|","|turn|20","|","|move|p2a: THE PEOPLE'S ELBOW|Swords Dance|p2a: THE PEOPLE'S ELBOW","|-boost|p2a: THE PEOPLE'S ELBOW|atk|2","|move|p1a: Slowbro|Slack Off|p1a: Slowbro","|-heal|p1a: Slowbro|357/394 par","|","|turn|21","|","|switch|p1a: Hoopa-Unbound|Hoopa-Unbound|301/301","|move|p2a: THE PEOPLE'S ELBOW|Knock Off|p1a: Hoopa-Unbound","|-enditem|p1a: Hoopa-Unbound|Focus Sash","|-damage|p1a: Hoopa-Unbound|1/301","|","|turn|22","|","|move|p2a: THE PEOPLE'S ELBOW|Drain Punch|p1a: Hoopa-Unbound","|-damage|p1a: Hoopa-Unbound|0 fnt","|-heal|p2a: THE PEOPLE'S ELBOW|112/277|[from] drain|[of] p1a: Hoopa-Unbound","|faint|p1a: Hoopa-Unbound","|","|","|switch|p1a: Deoxys-Speed|Deoxys-Speed|304/304","|-ability|p1a: Deoxys-Speed|Pressure","|turn|23","|","|switch|p2a: Kronk.|Conkeldurr, M|180/401","|move|p1a: Deoxys-Speed|Thunderbolt|p2a: Kronk.","|-damage|p2a: Kronk.|113/401","|","|turn|24","|","|switch|p1a: Slowbro|Slowbro, F|394/394 par","|move|p2a: Kronk.|Knock Off|p1a: Slowbro","|-supereffective|p1a: Slowbro","|-damage|p1a: Slowbro|278/394 par","|","|turn|25","|","|move|p2a: Kronk.|Knock Off|p1a: Slowbro","|-crit|p1a: Slowbro","|-supereffective|p1a: Slowbro","|-damage|p1a: Slowbro|106/394 par","|move|p1a: Slowbro|Yawn|p2a: Kronk.","|-start|p2a: Kronk.|move: Yawn|[of] p1a: Slowbro","|","|turn|26","|","|switch|p1a: Gardevoir|Gardevoir, F|277/277","|-ability|p1a: Gardevoir|Guts|[from] ability: Trace|[of] p2a: Kronk.","|move|p2a: Kronk.|Knock Off|p1a: Gardevoir","|-damage|p1a: Gardevoir|141/277","|","|-end|p2a: Kronk.|move: Yawn|[silent]","|-status|p2a: Kronk.|slp","|turn|27","|","|detailschange|p1a: Gardevoir|Gardevoir-Mega, F","|-mega|p1a: Gardevoir|Gardevoir|Gardevoirite","|cant|p2a: Kronk.|slp","|move|p1a: Gardevoir|Hyper Voice|p2a: Kronk.","|-supereffective|p2a: Kronk.","|-damage|p2a: Kronk.|0 fnt","|faint|p2a: Kronk.","|","|","|switch|p2a: THE PEOPLE'S ELBOW|Gallade-Mega, M|112/277","|turn|28","|","|switch|p1a: Slowbro|Slowbro, F|237/394 par","|move|p2a: THE PEOPLE'S ELBOW|Knock Off|p1a: Slowbro","|-supereffective|p1a: Slowbro","|-damage|p1a: Slowbro|111/394 par","|","|turn|29","|","|switch|p1a: Gardevoir|Gardevoir-Mega, F|141/277","|move|p2a: THE PEOPLE'S ELBOW|Knock Off|p1a: Gardevoir","|-damage|p1a: Gardevoir|17/277","|","|turn|30","|","|move|p2a: THE PEOPLE'S ELBOW|Knock Off|p1a: Gardevoir","|-damage|p1a: Gardevoir|0 fnt","|faint|p1a: Gardevoir","|","|","|switch|p1a: Deoxys-Speed|Deoxys-Speed|304/304","|-ability|p1a: Deoxys-Speed|Pressure","|turn|31","|","|switch|p2a: The Reverse|Cobalion|337/386 par","|move|p1a: Deoxys-Speed|Thunderbolt|p2a: The Reverse","|-damage|p2a: The Reverse|247/386 par","|","|-heal|p2a: The Reverse|271/386 par|[from] item: Leftovers","|turn|32","|","|switch|p1a: Mew|Mew|404/404","|move|p2a: The Reverse|Volt Switch|p1a: Mew","|-damage|p1a: Mew|366/404","|","|switch|p2a: OMG MLP GUIS XD|Keldeo|323/323","|","|-heal|p1a: Mew|391/404|[from] item: Leftovers","|turn|33","|","|move|p2a: OMG MLP GUIS XD|Scald|p1a: Mew","|-damage|p1a: Mew|240/404","|move|p1a: Mew|Toxic|p2a: OMG MLP GUIS XD","|-status|p2a: OMG MLP GUIS XD|tox","|","|-heal|p1a: Mew|265/404|[from] item: Leftovers","|-damage|p2a: OMG MLP GUIS XD|303/323 tox|[from] psn","|turn|34","|","|switch|p2a: THE PEOPLE'S ELBOW|Gallade-Mega, M|112/277","|move|p1a: Mew|Roost|p1a: Mew","|-heal|p1a: Mew|404/404","|","|turn|35","|","|move|p2a: THE PEOPLE'S ELBOW|Swords Dance|p2a: THE PEOPLE'S ELBOW","|-boost|p2a: THE PEOPLE'S ELBOW|atk|2","|move|p1a: Mew|Toxic|p2a: THE PEOPLE'S ELBOW","|-status|p2a: THE PEOPLE'S ELBOW|tox","|","|-damage|p2a: THE PEOPLE'S ELBOW|95/277 tox|[from] psn","|turn|36","|","|move|p2a: THE PEOPLE'S ELBOW|Knock Off|p1a: Mew","|-supereffective|p1a: Mew","|-damage|p1a: Mew|0 fnt","|-enditem|p1a: Mew|Leftovers|[from] move: Knock Off|[of] p2a: THE PEOPLE'S ELBOW","|faint|p1a: Mew","|","|-damage|p2a: THE PEOPLE'S ELBOW|61/277 tox|[from] psn","|","|switch|p1a: Slowbro|Slowbro, F|242/394 par","|turn|37","|","|switch|p1a: Deoxys-Speed|Deoxys-Speed|304/304","|-ability|p1a: Deoxys-Speed|Pressure","|move|p2a: THE PEOPLE'S ELBOW|Knock Off|p1a: Deoxys-Speed","|-supereffective|p1a: Deoxys-Speed","|-enditem|p1a: Deoxys-Speed|Focus Sash","|-damage|p1a: Deoxys-Speed|1/304","|","|-damage|p2a: THE PEOPLE'S ELBOW|10/277 tox|[from] psn","|turn|38","|","|move|p1a: Deoxys-Speed|Thunderbolt|p2a: THE PEOPLE'S ELBOW","|-damage|p2a: THE PEOPLE'S ELBOW|0 fnt","|faint|p2a: THE PEOPLE'S ELBOW","|","|","|switch|p2a: The Reverse|Cobalion|271/386 par","|turn|39","|","|move|p1a: Deoxys-Speed|Stealth Rock|p2a: The Reverse","|-sidestart|p2: CR3EPS|move: Stealth Rock","|move|p2a: The Reverse|Volt Switch|p1a: Deoxys-Speed","|-damage|p1a: Deoxys-Speed|0 fnt","|faint|p1a: Deoxys-Speed","|","|switch|p2a: OMG MLP GUIS XD|Keldeo|303/323 tox","|-damage|p2a: OMG MLP GUIS XD|283/323 tox|[from] Stealth Rock","|","|-damage|p2a: OMG MLP GUIS XD|263/323 tox|[from] psn","|","|switch|p1a: Slowbro|Slowbro, F|373/394 par","|turn|40","|","|move|p2a: OMG MLP GUIS XD|Hidden Power|p1a: Slowbro","|-supereffective|p1a: Slowbro","|-damage|p1a: Slowbro|137/394 par","|cant|p1a: Slowbro|par","|","|-damage|p2a: OMG MLP GUIS XD|223/323 tox|[from] psn","|turn|41","|","|move|p2a: OMG MLP GUIS XD|Hidden Power|p1a: Slowbro","|-supereffective|p1a: Slowbro","|-damage|p1a: Slowbro|0 fnt","|faint|p1a: Slowbro","|","|win|CR3EPS"],"p1rating":{"entryid":"7267988","serverid":"eos","formatid":"monotype","userid":"sevenswell","username":"Seven Swell","w":"30","l":21,"t":"0","gxe":60.5,"r":"1572.309210045","rd":"54.856714065649","sigma":"0","rptime":"1438592400","rpr":1581.1770835154,"rprd":48.801543514469,"rpsigma":"0","acre":1163.346515126,"lacre":1163.346515126,"oldacre":"1175.6577552441"},"p2rating":{"entryid":"5864923","serverid":"eos","formatid":"monotype","userid":"cr3eps","username":"CR3EPS","w":32,"l":"6","t":"0","gxe":78.9,"r":"1746.4317183083","rd":"62.527418076297","sigma":"0","rptime":"1438592400","rpr":1752.303543487,"rprd":61.764239019165,"rpsigma":"0","acre":1379.8707656254,"lacre":1379.8707656254,"oldacre":"1370.0217735309"},"endType":"normal"}