{"seed":[13434,59246,16719,59510],"turns":22,"p1":"Guard Darkrai","p2":"Seven Swell","p1team":[{"name":"Beedrill","species":"Beedrill","item":"beedrillite","ability":"Sniper","moves":["fellstinger","poisonjab","uturn","drillrun"],"nature":"Jolly","evs":{"hp":0,"atk":252,"def":0,"spa":0,"spd":4,"spe":252},"shiny":true,"ivs":{"hp":31,"atk":31,"def":31,"spa":31,"spd":31,"spe":31}},{"name":"Durant","species":"Durant","item":"lifeorb","ability":"Hustle","moves":["ironhead","xscissor","superpower","honeclaws"],"nature":"Jolly","evs":{"hp":0,"atk":252,"def":0,"spa":0,"spd":4,"spe":252},"shiny":true,"ivs":{"hp":31,"atk":31,"def":31,"spa":31,"spd":31,"spe":31}},{"name":"Venomoth","species":"Venomoth","item":"focussash","ability":"Wonder Skin","moves":["quiverdance","bugbuzz","sludgebomb","energyball"],"nature":"Modest","evs":{"hp":0,"atk":0,"def":0,"spa":252,"spd":4,"spe":252},"shiny":true,"ivs":{"hp":31,"atk":31,"def":31,"spa":31,"spd":31,"spe":31}},{"name":"Shuckle","species":"Shuckle","item":"leftovers","ability":"Contrary","moves":["shellsmash","stickyweb","infestation","stealthrock"],"nature":"Modest","evs":{"hp":0,"atk":0,"def":0,"spa":252,"spd":4,"spe":252},"shiny":true,"ivs":{"hp":31,"atk":31,"def":31,"spa":31,"spd":31,"spe":31}},{"name":"Heracross","species":"Heracross","item":"choicescarf","ability":"Moxie","moves":["closecombat","stoneedge","megahorn","knockoff"],"nature":"Jolly","evs":{"hp":0,"atk":252,"def":0,"spa":0,"spd":4,"spe":252},"shiny":true,"ivs":{"hp":31,"atk":31,"def":31,"spa":31,"spd":31,"spe":31}},{"name":"Illumise","species":"Illumise","item":"leftovers","ability":"Prankster","moves":["thunderwave","encore","uturn","tailwind"],"nature":"Careful","evs":{"hp":252,"atk":0,"def":4,"spa":0,"spd":252,"spe":0},"shiny":true,"ivs":{"hp":31,"atk":31,"def":31,"spa":31,"spd":31,"spe":31}}],"p2team":[{"name":"Mew","species":"Mew","item":"leftovers","ability":"Synchronize","moves":["roost","toxic","healbell","aurasphere"],"nature":"Calm","evs":{"hp":252,"atk":0,"def":0,"spa":4,"spd":252,"spe":0},"ivs":{"hp":31,"atk":31,"def":31,"spa":31,"spd":31,"spe":31}},{"name":"Slowbro","species":"Slowbro","item":"rockyhelmet","ability":"Regenerator","moves":["scald","yawn","flamethrower","slackoff"],"nature":"Bold","evs":{"hp":252,"atk":0,"def":252,"spa":4,"spd":0,"spe":0},"ivs":{"hp":31,"atk":31,"def":31,"spa":31,"spd":31,"spe":31}},{"name":"Deoxys-Speed","species":"Deoxys-Speed","item":"focussash","ability":"Pressure","moves":["stealthrock","spikes","thunderwave","icebeam"],"nature":"Timid","evs":{"hp":252,"atk":0,"def":44,"spa":0,"spd":0,"spe":212},"ivs":{"hp":31,"atk":31,"def":31,"spa":31,"spd":31,"spe":31}},{"name":"Gardevoir","species":"Gardevoir","item":"gardevoirite","ability":"Trace","moves":["hypervoice","psyshock","destinybond","thunderbolt"],"nature":"Timid","evs":{"hp":0,"atk":0,"def":4,"spa":252,"spd":0,"spe":252},"ivs":{"hp":31,"atk":0,"def":31,"spa":31,"spd":31,"spe":31}},{"name":"Latias","species":"Latias","item":"leftovers","ability":"Levitate","moves":["dracometeor","psyshock","roost","defog"],"nature":"Timid","evs":{"hp":252,"atk":0,"def":0,"spa":4,"spd":0,"spe":252},"ivs":{"hp":31,"atk":31,"def":31,"spa":31,"spd":31,"spe":31}},{"name":"Hoopa-Unbound","species":"Hoopa-Unbound","item":"focussash","ability":"Magician","moves":["hyperspacefury","drainpunch","firepunch","gunkshot"],"nature":"Adamant","evs":{"hp":0,"atk":252,"def":0,"spa":0,"spd":4,"spe":252},"ivs":{"hp":31,"atk":31,"def":31,"spa":31,"spd":31,"spe":31}}],"log":["|player|p1|Guard Darkrai|guarddarkrai.png","|player|p2|Seven Swell|sevenswell.png","|gametype|singles","|gen|6","|tier|Monotype","|rated","|rule|Baton Pass Clause: Limit one Baton Passer, can't pass Spe and other stats simultaneously","|rule|Swagger Clause: Swagger is banned","|rule|Same Type Clause: Pokémon in a team must share a type","|clearpoke","|poke|p1|Beedrill, F, shiny","|poke|p1|Durant, F, shiny","|poke|p1|Venomoth, M, shiny","|poke|p1|Shuckle, M, shiny","|poke|p1|Heracross, F, shiny","|poke|p1|Illumise, F, shiny","|poke|p2|Mew","|poke|p2|Slowbro, M","|poke|p2|Deoxys-Speed","|poke|p2|Gardevoir, F","|poke|p2|Latias, F","|poke|p2|Hoopa-Unbound","|rule|Sleep Clause Mod: Limit one foe put to sleep","|rule|Species Clause: Limit one of each Pokémon","|rule|OHKO Clause: OHKO moves are banned","|rule|Moody Clause: Moody is banned","|rule|Evasion Moves Clause: Evasion moves are banned","|rule|Endless Battle Clause: Forcing endless battles is banned","|rule|HP Percentage Mod: HP is shown in percentages","|teampreview","|","|start","|switch|p1a: Beedrill|Beedrill, F, shiny|271/271","|switch|p2a: Mew|Mew|404/404","|turn|1","|","|switch|p1a: Shuckle|Shuckle, M, shiny|181/181","|switch|p2a: Slowbro|Slowbro, M|394/394","|","|turn|2","|","|move|p1a: Shuckle|Sticky Web|p2a: Slowbro","|-sidestart|p2: Seven Swell|move: Sticky Web","|move|p2a: Slowbro|Scald|p1a: Shuckle","|-supereffective|p1a: Shuckle","|-damage|p1a: Shuckle|97/181","|","|-heal|p1a: Shuckle|108/181|[from] item: Leftovers","|turn|3","|","|move|p1a: Shuckle|Infestation|p2a: Slowbro","|-supereffective|p2a: Slowbro","|-damage|p2a: Slowbro|356/394","|-damage|p1a: Shuckle|78/181|[from] item: Rocky Helmet|[of] p2a: Slowbro","|-activate|p2a: Slowbro|move: Infestation|[of] p1a: Shuckle","|move|p2a: Slowbro|Scald|p1a: Shuckle","|-supereffective|p1a: Shuckle","|-damage|p1a: Shuckle|0 fnt","|faint|p1a: Shuckle","|","|","|switch|p1a: Heracross|Heracross, F, shiny|301/301","|turn|4","|","|move|p1a: Heracross|Megahorn|p2a: Slowbro","|-supereffective|p2a: Slowbro","|-damage|p2a: Slowbro|62/394","|-damage|p1a: Heracross|251/301|[from] item: Rocky Helmet|[of] p2a: Slowbro","|move|p2a: Slowbro|Yawn|p1a: Heracross","|-start|p1a: Heracross|move: Yawn|[of] p2a: Slowbro","|","|turn|5","|","|move|p1a: Heracross|Megahorn|p2a: Slowbro","|-supereffective|p2a: Slowbro","|-damage|p2a: Slowbro|0 fnt","|-damage|p1a: Heracross|201/301|[from] item: Rocky Helmet|[of] p2a: Slowbro","|faint|p2a: Slowbro","|-boost|p1a: Heracross|atk|1|[from] ability: Moxie","|","|-end|p1a: Heracross|move: Yawn|[silent]","|-status|p1a: Heracross|slp","|","|switch|p2a: Latias|Latias, F|364/364","|turn|6","|","|cant|p1a: Heracross|slp","|move|p2a: Latias|Defog|p1a: Heracross","|-unboost|p1a: Heracross|evasion|1","|-sideend|p2: Seven Swell|Sticky Web|[from] move: Defog|[of] p2a: Latias","|","|turn|7","|","|cant|p1a: Heracross|slp","|move|p2a: Latias|Psyshock|p1a: Heracross","|-supereffective|p1a: Heracross","|-damage|p1a: Heracross|0 fnt","|faint|p1a: Heracross","|","|","|switch|p1a: Beedrill|Beedrill, F, shiny|271/271","|turn|8","|","|detailschange|p1a: Beedrill|Beedrill-Mega, F, shiny","|-mega|p1a: Beedrill|Beedrill|Beedrillite","|move|p2a: Latias|Psyshock|p1a: Beedrill","|-supereffective|p1a: Beedrill","|-damage|p1a: Beedrill|0 fnt","|faint|p1a: Beedrill","|","|","|switch|p1a: Venomoth|Venomoth, M, shiny|281/281","|turn|9","|","|move|p2a: Latias|Psyshock|p1a: Venomoth","|-supereffective|p1a: Venomoth","|-enditem|p1a: Venomoth|Focus Sash","|-damage|p1a: Venomoth|1/281","|move|p1a: Venomoth|Quiver Dance|p1a: Venomoth","|-boost|p1a: Venomoth|spa|1","|-boost|p1a: Venomoth|spd|1","|-boost|p1a: Venomoth|spe|1","|","|turn|10","|","|move|p1a: Venomoth|Bug Buzz|p2a: Latias","|-supereffective|p2a: Latias","|-damage|p2a: Latias|44/364","|move|p2a: Latias|Psyshock|p1a: Venomoth","|-supereffective|p1a: Venomoth","|-damage|p1a: Venomoth|0 fnt","|faint|p1a: Venomoth","|","|-heal|p2a: Latias|66/364|[from] item: Leftovers","|","|switch|p1a: Durant|Durant, F, shiny|257/257","|turn|11","|","|move|p2a: Latias|Draco Meteor|p1a: Durant","|-resisted|p1a: Durant","|-damage|p1a: Durant|104/257","|-unboost|p2a: Latias|spa|2","|move|p1a: Durant|X-Scissor|p2a: Latias","|-supereffective|p2a: Latias","|-damage|p2a: Latias|0 fnt","|-damage|p1a: Durant|79/257|[from] item: Life Orb","|faint|p2a: Latias","|","|","|switch|p2a: Deoxys-Speed|Deoxys-Speed|304/304","|-ability|p2a: Deoxys-Speed|Pressure","|turn|12","|","|move|p2a: Deoxys-Speed|Thunder Wave|p1a: Durant","|-status|p1a: Durant|par","|move|p1a: Durant|X-Scissor|p2a: Deoxys-Speed|[miss]","|-miss|p1a: Durant|p2a: Deoxys-Speed","|","|turn|13","|","|move|p2a: Deoxys-Speed|Stealth Rock|p1a: Durant","|-sidestart|p1: Guard Darkrai|move: Stealth Rock","|move|p1a: Durant|X-Scissor|p2a: Deoxys-Speed|[miss]","|-miss|p1a: Durant|p2a: Deoxys-Speed","|","|turn|14","|","|move|p2a: Deoxys-Speed|Spikes|p1a: Durant","|-sidestart|p1: Guard Darkrai|Spikes","|move|p1a: Durant|X-Scissor|p2a: Deoxys-Speed","|-supereffective|p2a: Deoxys-Speed","|-enditem|p2a: Deoxys-Speed|Focus Sash","|-damage|p2a: Deoxys-Speed|1/304","|-damage|p1a: Durant|54/257 par|[from] item: Life Orb","|","|turn|15","|","|move|p2a: Deoxys-Speed|Spikes|p1a: Durant","|-sidestart|p1: Guard Darkrai|Spikes","|move|p1a: Durant|X-Scissor|p2a: Deoxys-Speed","|-supereffective|p2a: Deoxys-Speed","|-damage|p2a: Deoxys-Speed|0 fnt","|-damage|p1a: Durant|29/257 par|[from] item: Life Orb","|faint|p2a: Deoxys-Speed","|","|","|switch|p2a: Gardevoir|Gardevoir, F|277/277","|-ability|p2a: Gardevoir|Hustle|[from] ability: Trace|[of] p1a: Durant","|turn|16","|","|detailschange|p2a: Gardevoir|Gardevoir-Mega, F","|-mega|p2a: Gardevoir|Gardevoir|Gardevoirite","|move|p2a: Gardevoir|Hyper Voice|p1a: Durant","|-resisted|p1a: Durant","|-damage|p1a: Durant|0 fnt","|faint|p1a: Durant","|","|","|switch|p1a: Illumise|Illumise, F, shiny|334/334","|-damage|p1a: Illumise|251/334|[from] Stealth Rock","|-damage|p1a: Illumise|196/334|[from] Spikes","|turn|17","|","|move|p1a: Illumise|Thunder Wave|p2a: Gardevoir","|-status|p2a: Gardevoir|par","|move|p2a: Gardevoir|Destiny Bond|p2a: Gardevoir","|-singlemove|p2a: Gardevoir|Destiny Bond","|","|-heal|p1a: Illumise|216/334|[from] item: Leftovers","|turn|18","|","|move|p1a: Illumise|Encore|p2a: Gardevoir","|-start|p2a: Gardevoir|Encore","|move|p2a: Gardevoir|Destiny Bond|p2a: Gardevoir","|-singlemove|p2a: Gardevoir|Destiny Bond","|","|-heal|p1a: Illumise|236/334|[from] item: Leftovers","|turn|19","|","|switch|p2a: Mew|Mew|404/404","|move|p1a: Illumise|U-turn|p2a: Mew","|-supereffective|p2a: Mew","|-damage|p2a: Mew|312/404","|","|-heal|p2a: Mew|337/404|[from] item: Leftovers","|-heal|p1a: Illumise|256/334|[from] item: Leftovers","|turn|20","|","|move|p2a: Mew|Toxic|p1a: Illumise","|-status|p1a: Illumise|tox","|move|p1a: Illumise|U-turn|p2a: Mew","|-supereffective|p2a: Mew","|-damage|p2a: Mew|239/404","|","|-heal|p2a: Mew|264/404|[from] item: Leftovers","|-heal|p1a: Illumise|276/334 tox|[from] item: Leftovers","|-damage|p1a: Illumise|256/334 tox|[from] psn","|turn|21","|","|switch|p2a: Gardevoir|Gardevoir-Mega, F|277/277 par","|move|p1a: Illumise|Encore|p2a: Gardevoir","|-fail|p2a: Gardevoir","|","|-heal|p1a: Illumise|276/334 tox|[from] item: Leftovers","|-damage|p1a: Illumise|236/334 tox|[from] psn","|turn|22","|","|win|Seven Swell"],"p1rating":{"entryid":"6034648","serverid":"eos","formatid":"monotype","userid":"guarddarkrai","username":"Guard Darkrai","w":"61","l":66,"t":"0","gxe":47.9,"r":"1488.6159366829","rd":"39.621397946879","sigma":"0","rptime":"1438592400","rpr":1484.418336044,"rprd":34.595934878136,"rpsigma":"0","acre":1112.039751,"lacre":1112.039751,"oldacre":"1136.008438016"},"p2rating":{"entryid":"7267988","serverid":"eos","formatid":"monotype","userid":"sevenswell","username":"Seven Swell","w":25,"l":"17","t":"0","gxe":60.2,"r":"1572.309210045","rd":"54.856714065649","sigma":"0","rptime":"1438592400","rpr":1578.6905158956,"rprd":53.046469747774,"rpsigma":"0","acre":1174.317856822,"lacre":1174.317856822,"oldacre":"1150.349169806"},"endType":"forfeit"}