{"seed":[19609,37051,51510,24528],"turns":21,"p1":"Guard Darkrai","p2":"Emg kess","p1team":[{"name":"Beedrill","species":"Beedrill","item":"beedrillite","ability":"Sniper","moves":["fellstinger","poisonjab","uturn","protect"],"nature":"Jolly","evs":{"hp":0,"atk":252,"def":0,"spa":0,"spd":4,"spe":252},"shiny":true,"ivs":{"hp":31,"atk":31,"def":31,"spa":31,"spd":31,"spe":31}},{"name":"Durant","species":"Durant","item":"lifeorb","ability":"Hustle","moves":["ironhead","xscissor","superpower","honeclaws"],"nature":"Jolly","evs":{"hp":0,"atk":252,"def":0,"spa":0,"spd":4,"spe":252},"shiny":true,"ivs":{"hp":31,"atk":31,"def":31,"spa":31,"spd":31,"spe":31}},{"name":"Venomoth","species":"Venomoth","item":"focussash","ability":"Wonder Skin","moves":["quiverdance","bugbuzz","sludgebomb","sleeppowder"],"nature":"Modest","evs":{"hp":0,"atk":0,"def":0,"spa":252,"spd":4,"spe":252},"shiny":true,"ivs":{"hp":31,"atk":31,"def":31,"spa":31,"spd":31,"spe":31}},{"name":"Shuckle","species":"Shuckle","item":"leftovers","ability":"Contrary","moves":["shellsmash","stickyweb","infestation","stealthrock"],"nature":"Modest","evs":{"hp":0,"atk":0,"def":0,"spa":252,"spd":4,"spe":252},"shiny":true,"ivs":{"hp":31,"atk":31,"def":31,"spa":31,"spd":31,"spe":31}},{"name":"Heracross","species":"Heracross","item":"choicescarf","ability":"Moxie","moves":["closecombat","stoneedge","megahorn","knockoff"],"nature":"Jolly","evs":{"hp":0,"atk":252,"def":0,"spa":0,"spd":4,"spe":252},"shiny":true,"ivs":{"hp":31,"atk":31,"def":31,"spa":31,"spd":31,"spe":31}},{"name":"Illumise","species":"Illumise","item":"leftovers","ability":"Prankster","moves":["thunderwave","encore","uturn","tailwind"],"nature":"Careful","evs":{"hp":252,"atk":0,"def":4,"spa":0,"spd":252,"spe":0},"shiny":true,"ivs":{"hp":31,"atk":31,"def":31,"spa":31,"spd":31,"spe":31}}],"p2team":[{"name":"Gengar","species":"Gengar","item":"choicespecs","ability":"Levitate","moves":["shadowball","focusblast","sludgewave","trick"],"nature":"Timid","evs":{"hp":0,"atk":0,"def":0,"spa":252,"spd":4,"spe":252},"shiny":true,"ivs":{"hp":31,"atk":31,"def":31,"spa":31,"spd":31,"spe":31}},{"name":"Drifblim","species":"Drifblim","item":"chestoberry","ability":"Unburden","moves":["calmmind","rest","shadowball","thunderbolt"],"nature":"Modest","evs":{"hp":8,"atk":0,"def":32,"spa":252,"spd":40,"spe":1},"ivs":{"hp":31,"atk":31,"def":31,"spa":31,"spd":31,"spe":31}},{"name":"Chandelure","species":"Chandelure","item":"choicescarf","ability":"Infiltrator","moves":["fireblast","shadowball","energyball","trick"],"nature":"Timid","evs":{"hp":0,"atk":0,"def":0,"spa":252,"spd":4,"spe":252},"ivs":{"hp":31,"atk":31,"def":31,"spa":31,"spd":31,"spe":31}},{"name":"Banette","species":"Banette","item":"banettite","ability":"Insomnia","moves":["destinybond","shadowsneak","knockoff","taunt"],"nature":"Adamant","evs":{"hp":248,"atk":252,"def":0,"spa":0,"spd":8,"spe":0},"ivs":{"hp":31,"atk":31,"def":31,"spa":31,"spd":31,"spe":31}},{"name":"Aegislash","species":"Aegislash","item":"leftovers","ability":"Stance Change","moves":["kingsshield","gyroball","toxic","shadowsneak"],"nature":"Sassy","evs":{"hp":252,"atk":0,"def":4,"spa":0,"spd":252,"spe":0},"ivs":{"hp":31,"atk":31,"def":31,"spa":31,"spd":31,"spe":0}},{"name":"Gourgeist-Super","species":"Gourgeist-Super","item":"leftovers","ability":"Frisk","moves":["willowisp","leechseed","synthesis","foulplay"],"nature":"Bold","evs":{"hp":248,"atk":0,"def":200,"spa":0,"spd":60,"spe":0},"ivs":{"hp":31,"atk":31,"def":31,"spa":31,"spd":31,"spe":31}}],"log":["|player|p1|Guard Darkrai|guarddarkrai.png","|player|p2|Emg kess|94","|gametype|singles","|gen|6","|tier|Monotype","|rated","|rule|Baton Pass Clause: Limit one Baton Passer, can't pass Spe and other stats simultaneously","|rule|Swagger Clause: Swagger is banned","|rule|Same Type Clause: Pokémon in a team must share a type","|clearpoke","|poke|p1|Beedrill, M, shiny","|poke|p1|Durant, M, shiny","|poke|p1|Venomoth, F, shiny","|poke|p1|Shuckle, F, shiny","|poke|p1|Heracross, M, shiny","|poke|p1|Illumise, F, shiny","|poke|p2|Gengar, M, shiny","|poke|p2|Drifblim, M","|poke|p2|Chandelure, F","|poke|p2|Banette, F","|poke|p2|Aegislash, F","|poke|p2|Gourgeist-*, F","|rule|Sleep Clause Mod: Limit one foe put to sleep","|rule|Species Clause: Limit one of each Pokémon","|rule|OHKO Clause: OHKO moves are banned","|rule|Moody Clause: Moody is banned","|rule|Evasion Moves Clause: Evasion moves are banned","|rule|Endless Battle Clause: Forcing endless battles is banned","|rule|HP Percentage Mod: HP is shown in percentages","|teampreview","|","|start","|switch|p1a: Beedrill|Beedrill, M, shiny|271/271","|switch|p2a: Banette|Banette, F|331/331","|turn|1","|","|detailschange|p1a: Beedrill|Beedrill-Mega, M, shiny","|-mega|p1a: Beedrill|Beedrill|Beedrillite","|detailschange|p2a: Banette|Banette-Mega, F","|-mega|p2a: Banette|Banette|Banettite","|move|p1a: Beedrill|Poison Jab|p2a: Banette","|-resisted|p2a: Banette","|-damage|p2a: Banette|203/331","|-status|p2a: Banette|psn","|move|p2a: Banette|Knock Off|p1a: Beedrill","|-damage|p1a: Beedrill|62/271","|","|-damage|p2a: Banette|162/331 psn|[from] psn","|turn|2","|","|move|p2a: Banette|Shadow Sneak|p1a: Beedrill","|-damage|p1a: Beedrill|0 fnt","|faint|p1a: Beedrill","|","|-damage|p2a: Banette|121/331 psn|[from] psn","|","|switch|p1a: Durant|Durant, M, shiny|257/257","|turn|3","|","|move|p2a: Banette|Destiny Bond|p2a: Banette","|-singlemove|p2a: Banette|Destiny Bond","|move|p1a: Durant|Iron Head|p2a: Banette","|-damage|p2a: Banette|0 fnt","|-damage|p1a: Durant|232/257|[from] item: Life Orb","|faint|p2a: Banette","|-activate|p2a: Banette|Destiny Bond","|faint|p1a: Durant","|","|","|switch|p1a: Venomoth|Venomoth, F, shiny|281/281","|switch|p2a: Gourgeist-Super|Gourgeist-Super, F|373/373","|-item|p1a: Venomoth|Focus Sash|[from] ability: Frisk|[of] p2a: Gourgeist-Super|[identify]","|turn|4","|","|move|p1a: Venomoth|Bug Buzz|p2a: Gourgeist-Super","|-damage|p2a: Gourgeist-Super|217/373","|move|p2a: Gourgeist-Super|Will-O-Wisp|p1a: Venomoth","|-status|p1a: Venomoth|brn","|","|-heal|p2a: Gourgeist-Super|240/373|[from] item: Leftovers","|-damage|p1a: Venomoth|246/281 brn|[from] brn","|turn|5","|","|switch|p2a: Aegislash|Aegislash, F|324/324","|move|p1a: Venomoth|Quiver Dance|p1a: Venomoth","|-boost|p1a: Venomoth|spa|1","|-boost|p1a: Venomoth|spd|1","|-boost|p1a: Venomoth|spe|1","|","|-damage|p1a: Venomoth|211/281 brn|[from] brn","|turn|6","|","|move|p1a: Venomoth|Sleep Powder|p2a: Aegislash","|-status|p2a: Aegislash|slp","|-formechange|p2a: Aegislash|Aegislash-Blade","|cant|p2a: Aegislash|slp","|","|-damage|p1a: Venomoth|176/281 brn|[from] brn","|turn|7","|","|switch|p1a: Heracross|Heracross, M, shiny|301/301","|-formechange|p2a: Aegislash|Aegislash","|-curestatus|p2a: Aegislash|slp","|move|p2a: Aegislash|King's Shield|p2a: Aegislash","|-fail|p2a: Aegislash","|","|turn|8","|","|switch|p1a: Illumise|Illumise, F, shiny|334/334","|move|p2a: Aegislash|Toxic|p1a: Illumise","|-status|p1a: Illumise|tox","|","|-damage|p1a: Illumise|314/334 tox|[from] psn","|turn|9","|","|move|p1a: Illumise|Thunder Wave|p2a: Aegislash","|-status|p2a: Aegislash|par","|-formechange|p2a: Aegislash|Aegislash-Blade","|move|p2a: Aegislash|Gyro Ball|p1a: Illumise","|-damage|p1a: Illumise|0 fnt","|faint|p1a: Illumise","|","|","|switch|p1a: Heracross|Heracross, M, shiny|301/301","|turn|10","|","|-formechange|p2a: Aegislash|Aegislash","|move|p2a: Aegislash|King's Shield|p2a: Aegislash","|-singleturn|p2a: Aegislash|Protect","|move|p1a: Heracross|Knock Off|p2a: Aegislash","|-activate|p2a: Aegislash|Protect","|-unboost|p1a: Heracross|atk|2","|","|turn|11","|","|switch|p1a: Shuckle|Shuckle, F, shiny|181/181","|cant|p2a: Aegislash|par","|","|turn|12","|","|move|p1a: Shuckle|Infestation|p2a: Aegislash","|-resisted|p2a: Aegislash","|-damage|p2a: Aegislash|323/324 par","|-activate|p2a: Aegislash|move: Infestation|[of] p1a: Shuckle","|move|p2a: Aegislash|Toxic|p1a: Shuckle","|-status|p1a: Shuckle|tox","|","|-heal|p2a: Aegislash|324/324 par|[from] item: Leftovers","|-damage|p1a: Shuckle|170/181 tox|[from] psn","|-damage|p2a: Aegislash|284/324 par|[from] move: Infestation|[partiallytrapped]","|turn|13","|","|-formechange|p2a: Aegislash|Aegislash-Blade","|move|p2a: Aegislash|Shadow Sneak|p1a: Shuckle","|-damage|p1a: Shuckle|139/181 tox","|move|p1a: Shuckle|Stealth Rock|p2a: Aegislash","|-sidestart|p2: Emg kess|move: Stealth Rock","|","|-heal|p1a: Shuckle|150/181 tox|[from] item: Leftovers","|-heal|p2a: Aegislash|304/324 par|[from] item: Leftovers","|-damage|p1a: Shuckle|128/181 tox|[from] psn","|-damage|p2a: Aegislash|264/324 par|[from] move: Infestation|[partiallytrapped]","|turn|14","|","|move|p1a: Shuckle|Sticky Web|p2a: Aegislash","|-sidestart|p2: Emg kess|move: Sticky Web","|cant|p2a: Aegislash|par","|","|-heal|p1a: Shuckle|139/181 tox|[from] item: Leftovers","|-heal|p2a: Aegislash|284/324 par|[from] item: Leftovers","|-damage|p1a: Shuckle|106/181 tox|[from] psn","|-damage|p2a: Aegislash|244/324 par|[from] move: Infestation|[partiallytrapped]","|turn|15","|","|switch|p2a: Drifblim|Drifblim, M|443/443","|-damage|p2a: Drifblim|333/443|[from] Stealth Rock","|move|p1a: Shuckle|Infestation|p2a: Drifblim","|-resisted|p2a: Drifblim","|-damage|p2a: Drifblim|328/443","|-activate|p2a: Drifblim|move: Infestation|[of] p1a: Shuckle","|","|-heal|p1a: Shuckle|117/181 tox|[from] item: Leftovers","|-damage|p1a: Shuckle|73/181 tox|[from] psn","|-damage|p2a: Drifblim|273/443|[from] move: Infestation|[partiallytrapped]","|turn|16","|","|move|p2a: Drifblim|Calm Mind|p2a: Drifblim","|-boost|p2a: Drifblim|spa|1","|-boost|p2a: Drifblim|spd|1","|move|p1a: Shuckle|Infestation|p2a: Drifblim","|-resisted|p2a: Drifblim","|-damage|p2a: Drifblim|270/443","|","|-heal|p1a: Shuckle|84/181 tox|[from] item: Leftovers","|-damage|p1a: Shuckle|29/181 tox|[from] psn","|-damage|p2a: Drifblim|215/443|[from] move: Infestation|[partiallytrapped]","|turn|17","|","|move|p2a: Drifblim|Calm Mind|p2a: Drifblim","|-boost|p2a: Drifblim|spa|1","|-boost|p2a: Drifblim|spd|1","|move|p1a: Shuckle|Infestation|p2a: Drifblim","|-resisted|p2a: Drifblim","|-damage|p2a: Drifblim|212/443","|","|-heal|p1a: Shuckle|40/181 tox|[from] item: Leftovers","|-damage|p1a: Shuckle|0 fnt|[from] psn","|faint|p1a: Shuckle","|","|switch|p1a: Heracross|Heracross, M, shiny|301/301","|turn|18","|","|move|p1a: Heracross|Knock Off|p2a: Drifblim","|-supereffective|p2a: Drifblim","|-damage|p2a: Drifblim|0 fnt","|-enditem|p2a: Drifblim|Chesto Berry|[from] move: Knock Off|[of] p1a: Heracross","|faint|p2a: Drifblim","|-boost|p1a: Heracross|atk|1|[from] ability: Moxie","|","|","|switch|p2a: Aegislash|Aegislash, F|244/324 par","|-activate|p2a: Aegislash|move: Sticky Web","|-unboost|p2a: Aegislash|spe|1","|-damage|p2a: Aegislash|224/324 par|[from] Stealth Rock","|turn|19","|","|move|p1a: Heracross|Knock Off|p2a: Aegislash","|-supereffective|p2a: Aegislash","|-damage|p2a: Aegislash|0 fnt","|-enditem|p2a: Aegislash|Leftovers|[from] move: Knock Off|[of] p1a: Heracross","|faint|p2a: Aegislash","|-boost|p1a: Heracross|atk|1|[from] ability: Moxie","|","|","|switch|p2a: Gengar|Gengar, M, shiny|261/261","|-damage|p2a: Gengar|229/261|[from] Stealth Rock","|turn|20","|","|move|p1a: Heracross|Knock Off|p2a: Gengar","|-supereffective|p2a: Gengar","|-damage|p2a: Gengar|0 fnt","|-enditem|p2a: Gengar|Choice Specs|[from] move: Knock Off|[of] p1a: Heracross","|faint|p2a: Gengar","|-boost|p1a: Heracross|atk|1|[from] ability: Moxie","|","|","|switch|p2a: Chandelure|Chandelure, F|261/261","|-activate|p2a: Chandelure|move: Sticky Web","|-unboost|p2a: Chandelure|spe|1","|-damage|p2a: Chandelure|196/261|[from] Stealth Rock","|turn|21","|","|move|p1a: Heracross|Knock Off|p2a: Chandelure","|-supereffective|p2a: Chandelure","|-damage|p2a: Chandelure|0 fnt","|-enditem|p2a: Chandelure|Choice Scarf|[from] move: Knock Off|[of] p1a: Heracross","|faint|p2a: Chandelure","|-boost|p1a: Heracross|atk|1|[from] ability: Moxie","|","|","|win|Guard Darkrai"],"p1rating":{"entryid":"6034648","serverid":"eos","formatid":"monotype","userid":"guarddarkrai","username":"Guard Darkrai","w":57,"l":"58","t":"0","gxe":50.1,"r":"1488.6159366829","rd":"39.621397946879","sigma":"0","rptime":"1438592400","rpr":1500.7347249102,"rprd":36.546546114546,"rpsigma":"0","acre":1200.6076821808,"lacre":1200.6076821808,"oldacre":"1182.289791048"},"p2rating":{"entryid":"7322121","serverid":"eos","formatid":"monotype","userid":"emgkess","username":"Emg kess","w":"4","l":3,"t":"0","gxe":51.5,"r":"1553.7368461771","rd":"106.80611136242","sigma":"0","rptime":"1438592400","rpr":1511.5927307398,"rprd":95.488961106521,"rpsigma":"0","acre":1070.2126844165,"lacre":1070.2126844165,"oldacre":"1087.1143476925"},"endType":"forfeit"}