{"seed":[1263,24177,8497,17638],"turns":21,"p1":"Sovereign♕Rah","p2":"Amateurized","p1team":[{"name":"Muk","species":"Muk","item":"leftovers","ability":"Poison Touch","moves":["gunkshot","firepunch","shadowsneak","painsplit"],"nature":"Adamant","evs":{"hp":200,"atk":108,"def":200,"spa":0,"spd":0,"spe":0},"ivs":{"hp":31,"atk":31,"def":31,"spa":31,"spd":31,"spe":31}},{"name":"Toxicroak","species":"Toxicroak","item":"blacksludge","ability":"Dry Skin","moves":["gunkshot","drainpunch","suckerpunch","swordsdance"],"nature":"Jolly","evs":{"hp":0,"atk":252,"def":4,"spa":0,"spd":0,"spe":252},"ivs":{"hp":31,"atk":31,"def":31,"spa":31,"spd":31,"spe":31}},{"name":"Nidoqueen","species":"Nidoqueen","item":"lifeorb","ability":"Sheer Force","moves":["earthpower","icebeam","stealthrock","sludgewave"],"nature":"Modest","evs":{"hp":40,"atk":0,"def":0,"spa":252,"spd":0,"spe":216},"ivs":{"hp":31,"atk":31,"def":31,"spa":31,"spd":31,"spe":31}},{"name":"Nidoking","species":"Nidoking","item":"lifeorb","ability":"Sheer Force","moves":["sludgewave","earthpower","icebeam","superpower"],"nature":"Naive","evs":{"hp":0,"atk":0,"def":4,"spa":252,"spd":0,"spe":252},"ivs":{"hp":31,"atk":31,"def":31,"spa":31,"spd":31,"spe":31}},{"name":"Dragalge","species":"Dragalge","item":"blacksludge","ability":"Adaptability","moves":["dracometeor","sludgewave","scald","toxicspikes"],"nature":"Calm","evs":{"hp":248,"atk":0,"def":0,"spa":0,"spd":232,"spe":28},"ivs":{"hp":31,"atk":31,"def":31,"spa":31,"spd":31,"spe":31}},{"name":"Crobat","species":"Crobat","item":"blacksludge","ability":"Infiltrator","moves":["bravebird","uturn","taunt","roost"],"nature":"Jolly","evs":{"hp":248,"atk":0,"def":48,"spa":0,"spd":0,"spe":212},"ivs":{"hp":31,"atk":31,"def":31,"spa":31,"spd":31,"spe":31}}],"p2team":[{"name":"Hoopa","species":"Hoopa","item":"lifeorb","ability":"Magician","moves":["substitute","hyperspacehole","shadowball","focusblast"],"nature":"Quiet","evs":{"hp":252,"atk":0,"def":4,"spa":252,"spd":0,"spe":0},"ivs":{"hp":31,"atk":31,"def":31,"spa":31,"spd":31,"spe":0}},{"name":"Cofagrigus","species":"Cofagrigus","item":"leftovers","ability":"Mummy","moves":["willowisp","painsplit","trickroom","toxicspikes"],"nature":"Sassy","evs":{"hp":252,"atk":0,"def":4,"spa":0,"spd":252,"spe":0},"ivs":{"hp":31,"atk":31,"def":31,"spa":31,"spd":31,"spe":0}},{"name":"Gourgeist-Super","species":"Gourgeist-Super","item":"leftovers","ability":"Frisk","moves":["trickroom","leechseed","willowisp","phantomforce"],"nature":"Sassy","evs":{"hp":252,"atk":4,"def":0,"spa":0,"spd":252,"spe":0},"ivs":{"hp":31,"atk":31,"def":31,"spa":31,"spd":31,"spe":0}},{"name":"Froslass","species":"Froslass","item":"focussash","ability":"Cursed Body","moves":["destinybond","spikes","icebeam","taunt"],"nature":"Timid","evs":{"hp":248,"atk":0,"def":0,"spa":8,"spd":0,"spe":252},"ivs":{"hp":31,"atk":31,"def":31,"spa":31,"spd":31,"spe":31}},{"name":"Aegislash","species":"Aegislash","item":"lumberry","ability":"Stance Change","moves":["ironhead","swordsdance","shadowsneak","sacredsword"],"nature":"Brave","evs":{"hp":248,"atk":252,"def":0,"spa":0,"spd":8,"spe":0},"ivs":{"hp":31,"atk":31,"def":31,"spa":31,"spd":31,"spe":0}},{"name":"Jellicent","species":"Jellicent","item":"leftovers","ability":"Water Absorb","moves":["scald","taunt","willowisp","recover"],"nature":"Bold","evs":{"hp":252,"atk":0,"def":252,"spa":0,"spd":4,"spe":0},"ivs":{"hp":31,"atk":31,"def":31,"spa":31,"spd":31,"spe":31}}],"log":["|player|p1|Sovereign♕Rah|267","|player|p2|Amateurized|266","|gametype|singles","|gen|6","|tier|Monotype","|rated","|rule|Baton Pass Clause: Limit one Baton Passer, can't pass Spe and other stats simultaneously","|rule|Swagger Clause: Swagger is banned","|rule|Same Type Clause: Pokémon in a team must share a type","|clearpoke","|poke|p1|Muk, F","|poke|p1|Toxicroak, F","|poke|p1|Nidoqueen, F","|poke|p1|Nidoking, M","|poke|p1|Dragalge, M","|poke|p1|Crobat, M","|poke|p2|Hoopa","|poke|p2|Cofagrigus, F","|poke|p2|Gourgeist-*, F","|poke|p2|Froslass, F","|poke|p2|Aegislash, F","|poke|p2|Jellicent, M","|rule|Sleep Clause Mod: Limit one foe put to sleep","|rule|Species Clause: Limit one of each Pokémon","|rule|OHKO Clause: OHKO moves are banned","|rule|Moody Clause: Moody is banned","|rule|Evasion Moves Clause: Evasion moves are banned","|rule|Endless Battle Clause: Forcing endless battles is banned","|rule|HP Percentage Mod: HP is shown in percentages","|teampreview","|","|start","|switch|p1a: Dragalge|Dragalge, M|333/333","|switch|p2a: Froslass|Froslass, F|343/343","|turn|1","|","|move|p2a: Froslass|Spikes|p1a: Dragalge","|-sidestart|p1: Sovereign♕Rah|Spikes","|move|p1a: Dragalge|Toxic Spikes|p2a: Froslass","|-sidestart|p2: Amateurized|move: Toxic Spikes","|","|turn|2","|","|move|p2a: Froslass|Taunt|p1a: Dragalge","|-start|p1a: Dragalge|move: Taunt","|cant|p1a: Dragalge|move: Taunt|Toxic Spikes","|","|turn|3","|","|move|p2a: Froslass|Spikes|p1a: Dragalge","|-sidestart|p1: Sovereign♕Rah|Spikes","|move|p1a: Dragalge|Sludge Wave|p2a: Froslass","|-crit|p2a: Froslass","|-resisted|p2a: Froslass","|-damage|p2a: Froslass|208/343","|","|turn|4","|","|move|p2a: Froslass|Spikes|p1a: Dragalge","|-sidestart|p1: Sovereign♕Rah|Spikes","|move|p1a: Dragalge|Draco Meteor|p2a: Froslass","|-damage|p2a: Froslass|0 fnt","|-start|p1a: Dragalge|Disable|Draco Meteor","|-unboost|p1a: Dragalge|spa|2","|faint|p2a: Froslass","|","|-end|p1a: Dragalge|move: Taunt","|","|switch|p2a: Jellicent|Jellicent, M|404/404","|-status|p2a: Jellicent|psn","|turn|5","|","|move|p2a: Jellicent|Taunt|p1a: Dragalge","|-start|p1a: Dragalge|move: Taunt","|cant|p1a: Dragalge|move: Taunt|Toxic Spikes","|","|-damage|p2a: Jellicent|354/404 psn|[from] psn","|turn|6","|","|switch|p2a: Cofagrigus|Cofagrigus, F|320/320","|-status|p2a: Cofagrigus|psn","|move|p1a: Dragalge|Scald|p2a: Cofagrigus","|-damage|p2a: Cofagrigus|297/320 psn","|","|-heal|p2a: Cofagrigus|317/320 psn|[from] item: Leftovers","|-damage|p2a: Cofagrigus|277/320 psn|[from] psn","|turn|7","|","|move|p1a: Dragalge|Sludge Wave|p2a: Cofagrigus","|-resisted|p2a: Cofagrigus","|-damage|p2a: Cofagrigus|251/320 psn","|move|p2a: Cofagrigus|Trick Room|p2a: Cofagrigus","|-fieldstart|move: Trick Room|[of] p2a: Cofagrigus","|","|-heal|p2a: Cofagrigus|271/320 psn|[from] item: Leftovers","|-damage|p2a: Cofagrigus|231/320 psn|[from] psn","|-end|p1a: Dragalge|move: Taunt","|turn|8","|","|switch|p2a: Hoopa|Hoopa|364/364","|-status|p2a: Hoopa|psn","|move|p1a: Dragalge|Toxic Spikes|p2a: Hoopa","|-sidestart|p2: Amateurized|move: Toxic Spikes","|","|-damage|p2a: Hoopa|319/364 psn|[from] psn","|-end|p1a: Dragalge|Disable","|turn|9","|","|move|p2a: Hoopa|Substitute|p2a: Hoopa","|-start|p2a: Hoopa|Substitute","|-damage|p2a: Hoopa|228/364 psn","|move|p1a: Dragalge|Sludge Wave|p2a: Hoopa","|-resisted|p2a: Hoopa","|-activate|p2a: Hoopa|Substitute|[damage]","|","|-damage|p2a: Hoopa|183/364 psn|[from] psn","|turn|10","|","|switch|p1a: Muk|Muk, F|401/401","|-damage|p1a: Muk|301/401|[from] Spikes","|move|p2a: Hoopa|Hyperspace Hole|p1a: Muk","|-supereffective|p1a: Muk","|-damage|p1a: Muk|0 fnt","|-damage|p2a: Hoopa|147/364 psn|[from] item: Life Orb","|faint|p1a: Muk","|","|-damage|p2a: Hoopa|102/364 psn|[from] psn","|","|switch|p1a: Nidoking|Nidoking, M|303/303","|-damage|p1a: Nidoking|228/303|[from] Spikes","|turn|11","|","|move|p2a: Hoopa|Hyperspace Hole|p1a: Nidoking","|-supereffective|p1a: Nidoking","|-damage|p1a: Nidoking|0 fnt","|-damage|p2a: Hoopa|66/364 psn|[from] item: Life Orb","|faint|p1a: Nidoking","|","|-damage|p2a: Hoopa|21/364 psn|[from] psn","|-fieldend|move: Trick Room","|","|switch|p1a: Dragalge|Dragalge, M|333/333","|-damage|p1a: Dragalge|250/333|[from] Spikes","|turn|12","|","|move|p1a: Dragalge|Toxic Spikes|p2a: Hoopa","|-fail|p2a: Hoopa","|move|p2a: Hoopa|Hyperspace Hole|p1a: Dragalge","|-supereffective|p1a: Dragalge","|-damage|p1a: Dragalge|0 fnt","|-damage|p2a: Hoopa|0 fnt|[from] item: Life Orb","|faint|p1a: Dragalge","|faint|p2a: Hoopa","|","|","|switch|p1a: Nidoqueen|Nidoqueen, F|331/331","|switch|p2a: Gourgeist-Super|Gourgeist-Super, F|374/374","|-damage|p1a: Nidoqueen|249/331|[from] Spikes","|-status|p2a: Gourgeist-Super|tox","|-item|p1a: Nidoqueen|Life Orb|[from] ability: Frisk|[of] p2a: Gourgeist-Super|[identify]","|turn|13","|","|move|p1a: Nidoqueen|Ice Beam|p2a: Gourgeist-Super","|-supereffective|p2a: Gourgeist-Super","|-damage|p2a: Gourgeist-Super|122/374 tox","|move|p2a: Gourgeist-Super|Leech Seed|p1a: Nidoqueen","|-start|p1a: Nidoqueen|move: Leech Seed","|","|-heal|p2a: Gourgeist-Super|145/374 tox|[from] item: Leftovers","|-damage|p1a: Nidoqueen|208/331|[from] Leech Seed|[of] p2a: Gourgeist-Super","|-heal|p2a: Gourgeist-Super|186/374 tox|[silent]","|-damage|p2a: Gourgeist-Super|163/374 tox|[from] psn","|turn|14","|","|move|p1a: Nidoqueen|Ice Beam|p2a: Gourgeist-Super","|-supereffective|p2a: Gourgeist-Super","|-damage|p2a: Gourgeist-Super|0 fnt","|faint|p2a: Gourgeist-Super","|","|","|switch|p2a: Cofagrigus|Cofagrigus, F|231/320 psn","|turn|15","|","|move|p1a: Nidoqueen|Stealth Rock|p2a: Cofagrigus","|-sidestart|p2: Amateurized|move: Stealth Rock","|move|p2a: Cofagrigus|Trick Room|p2a: Cofagrigus","|-fieldstart|move: Trick Room|[of] p2a: Cofagrigus","|","|-heal|p2a: Cofagrigus|251/320 psn|[from] item: Leftovers","|-damage|p1a: Nidoqueen|167/331|[from] Leech Seed|[of] p2a: Cofagrigus","|-heal|p2a: Cofagrigus|292/320 psn|[silent]","|-damage|p2a: Cofagrigus|252/320 psn|[from] psn","|turn|16","|","|switch|p2a: Aegislash|Aegislash, F|323/323","|-damage|p2a: Aegislash|303/323|[from] Stealth Rock","|switch|p1a: Crobat|Crobat, M|373/373","|","|turn|17","|","|move|p2a: Aegislash|Swords Dance|p2a: Aegislash","|-boost|p2a: Aegislash|atk|2","|move|p1a: Crobat|Taunt|p2a: Aegislash","|-start|p2a: Aegislash|move: Taunt","|","|turn|18","|","|-formechange|p2a: Aegislash|Aegislash-Blade","|move|p2a: Aegislash|Iron Head|p1a: Crobat","|-damage|p1a: Crobat|3/373","|move|p1a: Crobat|U-turn|p2a: Aegislash","|-resisted|p2a: Aegislash","|-damage|p2a: Aegislash|283/323","|","|switch|p1a: Toxicroak|Toxicroak, F|307/307","|-damage|p1a: Toxicroak|231/307|[from] Spikes","|","|-heal|p1a: Toxicroak|250/307|[from] item: Black Sludge","|turn|19","|","|move|p2a: Aegislash|Shadow Sneak|p1a: Toxicroak","|-damage|p1a: Toxicroak|0 fnt","|faint|p1a: Toxicroak","|","|-fieldend|move: Trick Room","|","|switch|p1a: Nidoqueen|Nidoqueen, F|167/331","|-damage|p1a: Nidoqueen|85/331|[from] Spikes","|turn|20","|","|move|p2a: Aegislash|Shadow Sneak|p1a: Nidoqueen","|-damage|p1a: Nidoqueen|0 fnt","|faint|p1a: Nidoqueen","|","|-end|p2a: Aegislash|move: Taunt","|","|switch|p1a: Crobat|Crobat, M|3/373","|turn|21","|","|move|p2a: Aegislash|Shadow Sneak|p1a: Crobat","|-damage|p1a: Crobat|0 fnt","|faint|p1a: Crobat","|","|win|Amateurized"],"p1rating":{"entryid":"7204071","serverid":"eos","formatid":"monotype","userid":"sovereignrah","username":"Sovereign♕Rah","w":"3","l":7,"t":"0","gxe":37.7,"r":1421.6748419656,"rd":90.132712707709,"sigma":"0","rptime":1438592400,"rpr":1402.8235654173,"rprd":87.454997985783,"rpsigma":"0","acre":1036.4365531708,"lacre":1036.4365531708,"oldacre":"1053.3073444352"},"p2rating":{"entryid":"6102252","serverid":"eos","formatid":"monotype","userid":"amateurized","username":"Amateurized","w":9,"l":"11","t":"0","gxe":42.8,"r":"1463.1393272439","rd":"82.252611866501","sigma":"0","rptime":"1438592400","rpr":1444.3979174396,"rprd":76.611046109475,"rpsigma":"0","acre":1102.0047890859,"lacre":1102.0047890859,"oldacre":"1075.0611478471"},"endType":"normal"}