{"seed":[52181,35960,47693,6487],"turns":24,"p1":"Alliance - Warner","p2":"Guard Darkrai","p1team":[{"name":"Scizor","species":"Scizor","item":"choiceband","ability":"Technician","moves":["bulletpunch","uturn","knockoff","pursuit"],"nature":"Adamant","evs":{"hp":248,"atk":252,"def":0,"spa":0,"spd":8,"spe":0},"ivs":{"hp":31,"atk":31,"def":31,"spa":31,"spd":31,"spe":31}},{"name":"Forretress","species":"Forretress","item":"leftovers","ability":"Sturdy","moves":["stealthrock","toxic","rapidspin","voltswitch"],"nature":"Bold","evs":{"hp":252,"atk":0,"def":252,"spa":4,"spd":0,"spe":0},"ivs":{"hp":31,"atk":31,"def":31,"spa":31,"spd":31,"spe":31}},{"name":"Pinsir","species":"Pinsir","item":"pinsirite","ability":"Hyper Cutter","moves":["quickattack","return","swordsdance","earthquake"],"nature":"Jolly","evs":{"hp":0,"atk":252,"def":0,"spa":0,"spd":4,"spe":252},"ivs":{"hp":31,"atk":31,"def":31,"spa":31,"spd":31,"spe":31}},{"name":"Volcarona","species":"Volcarona","item":"sitrusberry","ability":"Flame Body","moves":["fierydance","roost","gigadrain","quiverdance"],"nature":"Timid","evs":{"hp":0,"atk":0,"def":0,"spa":128,"spd":128,"spe":252},"ivs":{"hp":31,"atk":0,"def":31,"spa":31,"spd":31,"spe":31}},{"name":"Heracross","species":"Heracross","item":"choicescarf","ability":"Moxie","moves":["earthquake","megahorn","knockoff","closecombat"],"nature":"Jolly","evs":{"hp":0,"atk":252,"def":0,"spa":0,"spd":4,"spe":252},"ivs":{"hp":31,"atk":31,"def":31,"spa":31,"spd":31,"spe":31}},{"name":"Genesect","species":"Genesect","item":"choicescarf","ability":"Download","moves":["uturn","thunderbolt","icebeam","energyball"],"nature":"Serious","evs":{"hp":0,"atk":0,"def":0,"spa":252,"spd":4,"spe":252},"ivs":{"hp":31,"atk":31,"def":31,"spa":31,"spd":31,"spe":31}}],"p2team":[{"name":"Beedrill","species":"Beedrill","item":"beedrillite","ability":"Sniper","moves":["fellstinger","poisonjab","uturn","protect"],"nature":"Jolly","evs":{"hp":0,"atk":252,"def":0,"spa":0,"spd":4,"spe":252},"shiny":true,"ivs":{"hp":31,"atk":31,"def":31,"spa":31,"spd":31,"spe":31}},{"name":"Durant","species":"Durant","item":"lifeorb","ability":"Hustle","moves":["ironhead","xscissor","superpower","honeclaws"],"nature":"Jolly","evs":{"hp":0,"atk":252,"def":0,"spa":0,"spd":4,"spe":252},"shiny":true,"ivs":{"hp":31,"atk":31,"def":31,"spa":31,"spd":31,"spe":31}},{"name":"Venomoth","species":"Venomoth","item":"focussash","ability":"Wonder Skin","moves":["quiverdance","bugbuzz","sludgebomb","sleeppowder"],"nature":"Modest","evs":{"hp":0,"atk":0,"def":0,"spa":252,"spd":4,"spe":252},"shiny":true,"ivs":{"hp":31,"atk":31,"def":31,"spa":31,"spd":31,"spe":31}},{"name":"Shuckle","species":"Shuckle","item":"leftovers","ability":"Contrary","moves":["shellsmash","stickyweb","infestation","stealthrock"],"nature":"Modest","evs":{"hp":0,"atk":0,"def":0,"spa":252,"spd":4,"spe":252},"shiny":true,"ivs":{"hp":31,"atk":31,"def":31,"spa":31,"spd":31,"spe":31}},{"name":"Heracross","species":"Heracross","item":"choicescarf","ability":"Moxie","moves":["closecombat","stoneedge","megahorn","knockoff"],"nature":"Jolly","evs":{"hp":0,"atk":252,"def":0,"spa":0,"spd":4,"spe":252},"shiny":true,"ivs":{"hp":31,"atk":31,"def":31,"spa":31,"spd":31,"spe":31}},{"name":"Illumise","species":"Illumise","item":"leftovers","ability":"Prankster","moves":["thunderwave","encore","uturn","tailwind"],"nature":"Careful","evs":{"hp":252,"atk":0,"def":4,"spa":0,"spd":252,"spe":0},"shiny":true,"ivs":{"hp":31,"atk":31,"def":31,"spa":31,"spd":31,"spe":31}}],"log":["|player|p1|Alliance - Warner|167","|player|p2|Guard Darkrai|guarddarkrai.png","|gametype|singles","|gen|6","|tier|Monotype","|rated","|rule|Baton Pass Clause: Limit one Baton Passer, can't pass Spe and other stats simultaneously","|rule|Swagger Clause: Swagger is banned","|rule|Same Type Clause: Pokémon in a team must share a type","|clearpoke","|poke|p1|Scizor, F","|poke|p1|Forretress, M","|poke|p1|Pinsir, F","|poke|p1|Volcarona, M","|poke|p1|Heracross, M","|poke|p1|Genesect-*","|poke|p2|Beedrill, F, shiny","|poke|p2|Durant, F, shiny","|poke|p2|Venomoth, F, shiny","|poke|p2|Shuckle, M, shiny","|poke|p2|Heracross, M, shiny","|poke|p2|Illumise, F, shiny","|rule|Sleep Clause Mod: Limit one foe put to sleep","|rule|Species Clause: Limit one of each Pokémon","|rule|OHKO Clause: OHKO moves are banned","|rule|Moody Clause: Moody is banned","|rule|Evasion Moves Clause: Evasion moves are banned","|rule|Endless Battle Clause: Forcing endless battles is banned","|rule|HP Percentage Mod: HP is shown in percentages","|teampreview","|","|start","|switch|p1a: Genesect|Genesect|283/283","|switch|p2a: Shuckle|Shuckle, M, shiny|181/181","|-boost|p1a: Genesect|atk|1|[from] ability: Download","|turn|1","|","|move|p1a: Genesect|U-turn|p2a: Shuckle","|-damage|p2a: Shuckle|117/181","|","|switch|p1a: Scizor|Scizor, F|343/343","|move|p2a: Shuckle|Stealth Rock|p1a: Scizor","|-sidestart|p1: Alliance - Warner|move: Stealth Rock","|","|-heal|p2a: Shuckle|128/181|[from] item: Leftovers","|turn|2","|","|move|p1a: Scizor|Bullet Punch|p2a: Shuckle","|-supereffective|p2a: Shuckle","|-damage|p2a: Shuckle|0 fnt","|faint|p2a: Shuckle","|","|","|switch|p2a: Illumise|Illumise, F, shiny|334/334","|turn|3","|","|move|p2a: Illumise|Thunder Wave|p1a: Scizor","|-status|p1a: Scizor|par","|cant|p1a: Scizor|par","|","|turn|4","|","|move|p2a: Illumise|Tailwind|p2a: Illumise","|-sidestart|p2: Guard Darkrai|move: Tailwind","|cant|p1a: Scizor|par","|","|turn|5","|","|cant|p1a: Scizor|par","|move|p2a: Illumise|U-turn|p1a: Scizor","|-resisted|p1a: Scizor","|-damage|p1a: Scizor|319/343 par","|","|switch|p2a: Durant|Durant, F, shiny|257/257","|","|turn|6","|","|switch|p1a: Forretress|Forretress, M|354/354","|-damage|p1a: Forretress|310/354|[from] Stealth Rock","|move|p2a: Durant|Superpower|p1a: Forretress","|-damage|p1a: Forretress|172/354","|-unboost|p2a: Durant|atk|1","|-unboost|p2a: Durant|def|1","|-damage|p2a: Durant|232/257|[from] item: Life Orb","|","|-heal|p1a: Forretress|194/354|[from] item: Leftovers","|turn|7","|","|move|p2a: Durant|Hone Claws|p2a: Durant","|-boost|p2a: Durant|atk|1","|-boost|p2a: Durant|accuracy|1","|move|p1a: Forretress|Rapid Spin|p2a: Durant","|-resisted|p2a: Durant","|-damage|p2a: Durant|223/257","|-sideend|p1: Alliance - Warner|Stealth Rock|[from] move: Rapid Spin|[of] p1a: Forretress","|","|-heal|p1a: Forretress|216/354|[from] item: Leftovers","|-sideend|p2: Guard Darkrai|move: Tailwind","|turn|8","|","|move|p2a: Durant|Hone Claws|p2a: Durant","|-boost|p2a: Durant|atk|1","|-boost|p2a: Durant|accuracy|1","|move|p1a: Forretress|Volt Switch|p2a: Durant","|-damage|p2a: Durant|156/257","|","|switch|p1a: Heracross|Heracross, M|301/301","|","|turn|9","|","|move|p1a: Heracross|Close Combat|p2a: Durant","|-damage|p2a: Durant|0 fnt","|-unboost|p1a: Heracross|def|1","|-unboost|p1a: Heracross|spd|1","|faint|p2a: Durant","|-boost|p1a: Heracross|atk|1|[from] ability: Moxie","|","|","|switch|p2a: Venomoth|Venomoth, F, shiny|281/281","|turn|10","|","|switch|p1a: Forretress|Forretress, M|216/354","|move|p2a: Venomoth|Sludge Bomb|p1a: Forretress","|-immune|p1a: Forretress|[msg]","|","|-heal|p1a: Forretress|238/354|[from] item: Leftovers","|turn|11","|","|move|p2a: Venomoth|Sleep Powder|p1a: Forretress","|-status|p1a: Forretress|slp","|cant|p1a: Forretress|slp","|","|-heal|p1a: Forretress|260/354 slp|[from] item: Leftovers","|turn|12","|","|switch|p1a: Volcarona|Volcarona, M|311/311","|move|p2a: Venomoth|Quiver Dance|p2a: Venomoth","|-boost|p2a: Venomoth|spa|1","|-boost|p2a: Venomoth|spd|1","|-boost|p2a: Venomoth|spe|1","|","|turn|13","|","|move|p2a: Venomoth|Sludge Bomb|p1a: Volcarona","|-damage|p1a: Volcarona|134/311","|-status|p1a: Volcarona|psn","|-enditem|p1a: Volcarona|Sitrus Berry|[eat]","|-heal|p1a: Volcarona|211/311 psn|[from] item: Sitrus Berry","|move|p1a: Volcarona|Fiery Dance|p2a: Venomoth","|-supereffective|p2a: Venomoth","|-damage|p2a: Venomoth|63/281","|","|-damage|p1a: Volcarona|173/311 psn|[from] psn","|turn|14","|","|move|p2a: Venomoth|Sludge Bomb|p1a: Volcarona","|-damage|p1a: Volcarona|0 fnt","|faint|p1a: Volcarona","|","|","|switch|p1a: Scizor|Scizor, F|319/343 par","|turn|15","|","|move|p1a: Scizor|Bullet Punch|p2a: Venomoth","|-damage|p2a: Venomoth|0 fnt","|faint|p2a: Venomoth","|","|","|switch|p2a: Heracross|Heracross, M, shiny|301/301","|turn|16","|","|switch|p1a: Forretress|Forretress, M|260/354 slp","|move|p2a: Heracross|Knock Off|p1a: Forretress","|-damage|p1a: Forretress|192/354 slp","|-enditem|p1a: Forretress|Leftovers|[from] move: Knock Off|[of] p2a: Heracross","|","|turn|17","|","|switch|p2a: Illumise|Illumise, F, shiny|334/334","|-curestatus|p1a: Forretress|slp","|move|p1a: Forretress|Toxic|p2a: Illumise","|-status|p2a: Illumise|tox","|","|-damage|p2a: Illumise|314/334 tox|[from] psn","|turn|18","|","|move|p2a: Illumise|Thunder Wave|p1a: Forretress","|-status|p1a: Forretress|par","|cant|p1a: Forretress|par","|","|-heal|p2a: Illumise|334/334 tox|[from] item: Leftovers","|-damage|p2a: Illumise|294/334 tox|[from] psn","|turn|19","|","|switch|p2a: Heracross|Heracross, M, shiny|301/301","|move|p1a: Forretress|Stealth Rock|p2a: Heracross","|-sidestart|p2: Guard Darkrai|move: Stealth Rock","|","|turn|20","|","|move|p2a: Heracross|Close Combat|p1a: Forretress","|-damage|p1a: Forretress|83/354 par","|-unboost|p2a: Heracross|def|1","|-unboost|p2a: Heracross|spd|1","|move|p1a: Forretress|Stealth Rock|p2a: Heracross","|-fail|p2a: Heracross","|","|turn|21","|","|switch|p1a: Pinsir|Pinsir, F|271/271","|move|p2a: Heracross|Close Combat|p1a: Pinsir","|-resisted|p1a: Pinsir","|-damage|p1a: Pinsir|160/271","|-unboost|p2a: Heracross|def|1","|-unboost|p2a: Heracross|spd|1","|","|turn|22","|","|switch|p2a: Illumise|Illumise, F, shiny|294/334 tox","|-damage|p2a: Illumise|211/334 tox|[from] Stealth Rock","|detailschange|p1a: Pinsir|Pinsir-Mega, F","|-mega|p1a: Pinsir|Pinsir|Pinsirite","|move|p1a: Pinsir|Quick Attack|p2a: Illumise","|-supereffective|p2a: Illumise","|-damage|p2a: Illumise|0 fnt","|faint|p2a: Illumise","|","|","|switch|p2a: Beedrill|Beedrill, F, shiny|271/271","|-damage|p2a: Beedrill|204/271|[from] Stealth Rock","|turn|23","|","|detailschange|p2a: Beedrill|Beedrill-Mega, F, shiny","|-mega|p2a: Beedrill|Beedrill|Beedrillite","|move|p2a: Beedrill|Protect|p2a: Beedrill","|-singleturn|p2a: Beedrill|Protect","|move|p1a: Pinsir|Quick Attack|p2a: Beedrill","|-activate|p2a: Beedrill|Protect","|","|turn|24","|","|move|p1a: Pinsir|Quick Attack|p2a: Beedrill","|-supereffective|p2a: Beedrill","|-damage|p2a: Beedrill|0 fnt","|faint|p2a: Beedrill","|","|","|win|Alliance - Warner"],"p1rating":{"entryid":"7343610","serverid":"eos","formatid":"monotype","userid":"alliancewarner","username":"Alliance - Warner","w":5,"l":"1","t":"0","gxe":61.5,"r":"1514.8543579572","rd":"112.77191578172","sigma":"0","rptime":"1438592400","rpr":1592.0137886909,"rprd":99.273220070916,"rpsigma":"0","acre":1158.2529171398,"lacre":1158.2529171398,"oldacre":"1133.672486834"},"p2rating":{"entryid":"6034648","serverid":"eos","formatid":"monotype","userid":"guarddarkrai","username":"Guard Darkrai","w":"51","l":55,"t":"0","gxe":48.7,"r":"1488.6159366829","rd":"39.621397946879","sigma":"0","rptime":"1438592400","rpr":1490.1128508076,"rprd":38.315807879998,"rpsigma":"0","acre":1103.2605712895,"lacre":1103.2605712895,"oldacre":"1127.8410015953"},"endType":"forfeit"}