{"seed":[4657,35512,40138,38199],"turns":19,"p1":"Blackwel","p2":"Sovereign♕Cactus","p1team":[{"name":"Charizard","species":"Charizard","item":"charizarditey","ability":"Blaze","moves":["flamethrower","airslash","solarbeam","focusblast"],"nature":"Timid","evs":{"hp":0,"atk":0,"def":0,"spa":252,"spd":4,"spe":252},"ivs":{"hp":31,"atk":31,"def":31,"spa":31,"spd":31,"spe":31}},{"name":"Victini","species":"Victini","item":"choicescarf","ability":"Victory Star","moves":["glaciate","blueflare","energyball","thunderbolt"],"nature":"Timid","evs":{"hp":0,"atk":0,"def":0,"spa":252,"spd":4,"spe":252},"ivs":{"hp":31,"atk":31,"def":31,"spa":31,"spd":31,"spe":31}},{"name":"Torkoal","species":"Torkoal","item":"leftovers","ability":"White Smoke","moves":["lavaplume","rapidspin","stealthrock","rest"],"nature":"Bold","evs":{"hp":252,"atk":0,"def":252,"spa":4,"spd":0,"spe":0},"ivs":{"hp":31,"atk":31,"def":31,"spa":31,"spd":31,"spe":31}},{"name":"Rotom-Heat","species":"Rotom-Heat","item":"leftovers","ability":"Levitate","moves":["voltswitch","overheat","painsplit","willowisp"],"nature":"Calm","evs":{"hp":252,"atk":0,"def":0,"spa":4,"spd":252,"spe":0},"ivs":{"hp":31,"atk":31,"def":31,"spa":31,"spd":31,"spe":31}},{"name":"Entei","species":"Entei","item":"lifeorb","ability":"Pressure","moves":["ironhead","sacredfire","stoneedge","extremespeed"],"nature":"Adamant","evs":{"hp":0,"atk":252,"def":0,"spa":0,"spd":4,"spe":252},"shiny":true,"ivs":{"hp":31,"atk":31,"def":31,"spa":31,"spd":31,"spe":31}},{"name":"Emboar","species":"Emboar","item":"choicescarf","ability":"Reckless","moves":["flareblitz","headsmash","wildcharge","superpower"],"nature":"Jolly","evs":{"hp":0,"atk":252,"def":0,"spa":0,"spd":4,"spe":252},"ivs":{"hp":31,"atk":31,"def":31,"spa":31,"spd":31,"spe":31}}],"p2team":[{"name":"Swampert","species":"Swampert","item":"leftovers","ability":"Torrent","moves":["scald","yawn","stealthrock","roar"],"nature":"Bold","evs":{"hp":252,"atk":0,"def":252,"spa":0,"spd":4,"spe":0},"ivs":{"hp":31,"atk":31,"def":31,"spa":31,"spd":31,"spe":31}},{"name":"Azumarill","species":"Azumarill","item":"wacanberry","ability":"Sap Sipper","moves":["toxic","scald","encore","protect"],"nature":"Bold","evs":{"hp":248,"atk":0,"def":252,"spa":0,"spd":8,"spe":0},"ivs":{"hp":31,"atk":31,"def":31,"spa":31,"spd":31,"spe":31}},{"name":"Lanturn","species":"Lanturn","item":"leftovers","ability":"Volt Absorb","moves":["icebeam","scald","voltswitch","healbell"],"nature":"Modest","evs":{"hp":252,"atk":0,"def":0,"spa":252,"spd":4,"spe":0},"ivs":{"hp":31,"atk":31,"def":31,"spa":31,"spd":31,"spe":31}},{"name":"Starmie","species":"Starmie","item":"choicescarf","ability":"Natural Cure","moves":["icebeam","psychic","surf","grassknot"],"nature":"Timid","evs":{"hp":0,"atk":0,"def":0,"spa":252,"spd":4,"spe":252},"ivs":{"hp":31,"atk":31,"def":31,"spa":31,"spd":31,"spe":31}},{"name":"Politoed","species":"Politoed","item":"ejectbutton","ability":"Drizzle","moves":["toxic","encore","scald","perishsong"],"nature":"Bold","evs":{"hp":248,"atk":0,"def":252,"spa":0,"spd":8,"spe":0},"ivs":{"hp":31,"atk":31,"def":31,"spa":31,"spd":31,"spe":31}},{"name":"Kingdra","species":"Kingdra","item":"lifeorb","ability":"Swift Swim","moves":["dracometeor","hydropump","waterfall","outrage"],"nature":"Lonely","evs":{"hp":0,"atk":252,"def":0,"spa":4,"spd":0,"spe":252},"ivs":{"hp":31,"atk":31,"def":31,"spa":31,"spd":31,"spe":31}}],"log":["|player|p1|Blackwel|63","|player|p2|Sovereign♕Cactus|251","|gametype|singles","|gen|6","|tier|Monotype","|rated","|rule|Baton Pass Clause: Limit one Baton Passer, can't pass Spe and other stats simultaneously","|rule|Swagger Clause: Swagger is banned","|rule|Same Type Clause: Pokémon in a team must share a type","|clearpoke","|poke|p1|Charizard, F","|poke|p1|Victini","|poke|p1|Torkoal, F","|poke|p1|Rotom-Heat","|poke|p1|Entei, shiny","|poke|p1|Emboar, F","|poke|p2|Swampert, F","|poke|p2|Azumarill, M","|poke|p2|Lanturn, M","|poke|p2|Starmie","|poke|p2|Politoed, M","|poke|p2|Kingdra, M","|rule|Sleep Clause Mod: Limit one foe put to sleep","|rule|Species Clause: Limit one of each Pokémon","|rule|OHKO Clause: OHKO moves are banned","|rule|Moody Clause: Moody is banned","|rule|Evasion Moves Clause: Evasion moves are banned","|rule|Endless Battle Clause: Forcing endless battles is banned","|rule|HP Percentage Mod: HP is shown in percentages","|teampreview","|","|start","|switch|p1a: Charizard|Charizard, F|297/297","|switch|p2a: Swampert|Swampert, F|404/404","|turn|1","|","|detailschange|p1a: Charizard|Charizard-Mega-Y, F","|-mega|p1a: Charizard|Charizard|Charizardite Y","|-weather|SunnyDay","|move|p1a: Charizard|Solar Beam|p2a: Swampert|[still]","|-prepare|p1a: Charizard|Solar Beam|p2a: Swampert","|-anim|p1a: Charizard|Solar Beam|p2a: Swampert","|-supereffective|p2a: Swampert","|-damage|p2a: Swampert|0 fnt","|faint|p2a: Swampert","|","|-weather|SunnyDay|[upkeep]","|","|switch|p2a: Azumarill|Azumarill, M|403/403","|turn|2","|","|switch|p1a: Torkoal|Torkoal, F|344/344","|move|p2a: Azumarill|Encore|p1a: Torkoal","|-fail|p1a: Torkoal","|","|-weather|SunnyDay|[upkeep]","|turn|3","|","|move|p2a: Azumarill|Toxic|p1a: Torkoal","|-status|p1a: Torkoal|tox","|move|p1a: Torkoal|Lava Plume|p2a: Azumarill","|-resisted|p2a: Azumarill","|-damage|p2a: Azumarill|334/403","|","|-weather|SunnyDay|[upkeep]","|-damage|p1a: Torkoal|323/344 tox|[from] psn","|turn|4","|","|switch|p2a: Politoed|Politoed, M|383/383","|-weather|RainDance","|move|p1a: Torkoal|Stealth Rock|p2a: Politoed","|-sidestart|p2: Sovereign♕Cactus|move: Stealth Rock","|","|-weather|RainDance|[upkeep]","|-heal|p1a: Torkoal|344/344 tox|[from] item: Leftovers","|-damage|p1a: Torkoal|302/344 tox|[from] psn","|turn|5","|","|switch|p1a: Charizard|Charizard-Mega-Y, F|297/297","|-weather|SunnyDay","|move|p2a: Politoed|Perish Song|p2a: Politoed","|-start|p1a: Charizard|perish3|[silent]","|-start|p2a: Politoed|perish3|[silent]","|-fieldactivate|move: Perish Song","|","|-start|p1a: Charizard|perish3","|-start|p2a: Politoed|perish3","|-weather|SunnyDay|[upkeep]","|turn|6","|","|switch|p2a: Azumarill|Azumarill, M|334/403","|-damage|p2a: Azumarill|284/403|[from] Stealth Rock","|move|p1a: Charizard|Solar Beam|p2a: Azumarill|[still]","|-prepare|p1a: Charizard|Solar Beam|p2a: Azumarill","|-anim|p1a: Charizard|Solar Beam|p2a: Azumarill","|-boost|p2a: Azumarill|atk|1|[from] ability: Sap Sipper","|","|-start|p1a: Charizard|perish2","|-weather|SunnyDay|[upkeep]","|turn|7","|","|move|p1a: Charizard|Air Slash|p2a: Azumarill","|-damage|p2a: Azumarill|106/403","|move|p2a: Azumarill|Toxic|p1a: Charizard","|-status|p1a: Charizard|tox","|","|-start|p1a: Charizard|perish1","|-weather|SunnyDay|[upkeep]","|-damage|p1a: Charizard|279/297 tox|[from] psn","|turn|8","|","|move|p2a: Azumarill|Protect|p2a: Azumarill","|-singleturn|p2a: Azumarill|Protect","|move|p1a: Charizard|Air Slash|p2a: Azumarill","|-activate|p2a: Azumarill|Protect","|","|-start|p1a: Charizard|perish0","|-weather|SunnyDay|[upkeep]","|faint|p1a: Charizard","|","|switch|p1a: Victini|Victini|341/341","|turn|9","|","|move|p1a: Victini|Thunderbolt|p2a: Azumarill","|-crit|p2a: Azumarill","|-supereffective|p2a: Azumarill","|-enditem|p2a: Azumarill|Wacan Berry|[eat]","|-damage|p2a: Azumarill|0 fnt","|faint|p2a: Azumarill","|","|-weather|none","|","|switch|p2a: Starmie|Starmie|261/261","|-damage|p2a: Starmie|229/261|[from] Stealth Rock","|turn|10","|","|move|p2a: Starmie|Surf|p1a: Victini","|-supereffective|p1a: Victini","|-damage|p1a: Victini|51/341","|move|p1a: Victini|Thunderbolt|p2a: Starmie","|-supereffective|p2a: Starmie","|-damage|p2a: Starmie|35/261","|","|turn|11","|","|switch|p1a: Rotom-Heat|Rotom-Heat|304/304","|move|p2a: Starmie|Surf|p1a: Rotom-Heat","|-supereffective|p1a: Rotom-Heat","|-damage|p1a: Rotom-Heat|118/304","|","|-heal|p1a: Rotom-Heat|137/304|[from] item: Leftovers","|turn|12","|","|move|p2a: Starmie|Surf|p1a: Rotom-Heat","|-supereffective|p1a: Rotom-Heat","|-damage|p1a: Rotom-Heat|0 fnt","|faint|p1a: Rotom-Heat","|","|","|switch|p1a: Entei|Entei, shiny|371/371","|-ability|p1a: Entei|Pressure","|turn|13","|","|move|p1a: Entei|Extreme Speed|p2a: Starmie","|-damage|p2a: Starmie|0 fnt","|-damage|p1a: Entei|334/371|[from] item: Life Orb","|faint|p2a: Starmie","|","|","|switch|p2a: Politoed|Politoed, M|383/383","|-damage|p2a: Politoed|336/383|[from] Stealth Rock","|-weather|RainDance","|turn|14","|","|switch|p1a: Torkoal|Torkoal, F|302/344 tox","|move|p2a: Politoed|Scald|p1a: Torkoal","|-supereffective|p1a: Torkoal","|-damage|p1a: Torkoal|0 fnt","|faint|p1a: Torkoal","|","|-weather|RainDance|[upkeep]","|","|switch|p1a: Emboar|Emboar, F|361/361","|turn|15","|","|move|p1a: Emboar|Wild Charge|p2a: Politoed","|-supereffective|p2a: Politoed","|-damage|p2a: Politoed|114/383","|-damage|p1a: Emboar|305/361|[from] recoil|[of] p2a: Politoed","|-enditem|p2a: Politoed|Eject Button","|","|switch|p2a: Kingdra|Kingdra, M|291/291","|-damage|p2a: Kingdra|255/291|[from] Stealth Rock","|","|-weather|RainDance|[upkeep]","|turn|16","|","|move|p2a: Kingdra|Waterfall|p1a: Emboar","|-supereffective|p1a: Emboar","|-damage|p1a: Emboar|0 fnt","|-damage|p2a: Kingdra|226/291|[from] item: Life Orb","|faint|p1a: Emboar","|","|-weather|RainDance|[upkeep]","|","|switch|p1a: Victini|Victini|51/341","|turn|17","|","|move|p2a: Kingdra|Waterfall|p1a: Victini","|-supereffective|p1a: Victini","|-damage|p1a: Victini|0 fnt","|-damage|p2a: Kingdra|197/291|[from] item: Life Orb","|faint|p1a: Victini","|","|-weather|RainDance|[upkeep]","|","|switch|p1a: Entei|Entei, shiny|334/371","|-ability|p1a: Entei|Pressure","|turn|18","|","|move|p1a: Entei|Extreme Speed|p2a: Kingdra","|-crit|p2a: Kingdra","|-damage|p2a: Kingdra|0 fnt","|-damage|p1a: Entei|297/371|[from] item: Life Orb","|faint|p2a: Kingdra","|","|-weather|none","|","|switch|p2a: Lanturn|Lanturn, M|454/454","|-damage|p2a: Lanturn|398/454|[from] Stealth Rock","|turn|19","|","|move|p1a: Entei|Sacred Fire|p2a: Lanturn","|-resisted|p2a: Lanturn","|-damage|p2a: Lanturn|206/454","|-damage|p1a: Entei|260/371|[from] item: Life Orb","|move|p2a: Lanturn|Scald|p1a: Entei","|-supereffective|p1a: Entei","|-damage|p1a: Entei|0 fnt","|faint|p1a: Entei","|","|win|Sovereign♕Cactus"],"p1rating":{"entryid":"6967914","serverid":"eos","formatid":"monotype","userid":"blackwel","username":"Blackwel","w":"16","l":12,"t":"0","gxe":53.8,"r":"1557.8545821755","rd":"67.757802746682","sigma":"0","rptime":"1438592400","rpr":1528.8278976628,"rprd":65.613723027244,"rpsigma":"0","acre":1159.8083013302,"lacre":1159.8083013302,"oldacre":"1185.9585844955"},"p2rating":{"entryid":"6867552","serverid":"eos","formatid":"monotype","userid":"sovereigncactus","username":"Sovereign♕Cactus","w":80,"l":"90","t":"0","gxe":46.8,"r":"1456.4259544297","rd":"30.025299364035","sigma":"0","rptime":"1438592400","rpr":1475.5073276884,"rprd":28.046228670579,"rpsigma":"0","acre":1196.1116001156,"lacre":1196.1116001156,"oldacre":"1169.9613169503"},"endType":"normal"}