{"seed":[11212,15754,41856,33960],"turns":18,"p1":"AskRnk","p2":"Sovereign♕Cactus","p1team":[{"name":"Volcarona","species":"Volcarona","item":"leftovers","ability":"Flame Body","moves":["bugbuzz","gigadrain","fierydance","quiverdance"],"nature":"Modest","evs":{"hp":4,"atk":0,"def":0,"spa":252,"spd":0,"spe":252},"shiny":true,"ivs":{"hp":31,"atk":31,"def":31,"spa":31,"spd":31,"spe":31}},{"name":"Yanmega","species":"Yanmega","item":"focussash","ability":"Speed Boost","moves":["airslash","gigadrain","bugbuzz","protect"],"nature":"Modest","evs":{"hp":4,"atk":0,"def":0,"spa":252,"spd":0,"spe":252},"shiny":true,"ivs":{"hp":31,"atk":31,"def":31,"spa":31,"spd":31,"spe":31}},{"name":"Galvantula","species":"Galvantula","item":"lifeorb","ability":"Compound Eyes","moves":["gigadrain","thunder","bugbuzz","hiddenpowerice"],"nature":"Timid","evs":{"hp":0,"atk":0,"def":0,"spa":252,"spd":4,"spe":252},"ivs":{"hp":31,"atk":30,"def":30,"spa":31,"spd":31,"spe":31},"shiny":true},{"name":"Scizor","species":"Scizor","item":"leftovers","ability":"Technician","moves":["bugbite","bulletpunch","roost","defog"],"nature":"Impish","evs":{"hp":4,"atk":252,"def":252,"spa":0,"spd":0,"spe":0},"shiny":true,"ivs":{"hp":31,"atk":31,"def":31,"spa":31,"spd":31,"spe":31}},{"name":"Pinsir","species":"Pinsir","item":"pinsirite","ability":"Hyper Cutter","moves":["swordsdance","return","quickattack","earthquake"],"nature":"Adamant","evs":{"hp":252,"atk":252,"def":0,"spa":0,"spd":4,"spe":0},"shiny":true,"ivs":{"hp":31,"atk":31,"def":31,"spa":31,"spd":31,"spe":31}},{"name":"Crustle","species":"Crustle","item":"lumberry","ability":"Sturdy","moves":["shellsmash","xscissor","rockblast","earthquake"],"nature":"Adamant","evs":{"hp":4,"atk":252,"def":0,"spa":0,"spd":0,"spe":252},"ivs":{"hp":31,"atk":31,"def":31,"spa":31,"spd":31,"spe":31}}],"p2team":[{"name":"My Little Ponyta","species":"keldeo","item":"leftovers","ability":"Justified","moves":["calmmind","secretsword","scald","substitute"],"nature":"Timid","evs":{"hp":0,"atk":0,"def":0,"spa":252,"spd":4,"spe":252},"ivs":{"hp":31,"atk":31,"def":31,"spa":31,"spd":31,"spe":31}},{"name":"StarOnStarAction","species":"starmie","item":"lifeorb","ability":"Natural Cure","moves":["hydropump","icebeam","psychic","recover"],"nature":"Timid","evs":{"hp":0,"atk":0,"def":0,"spa":252,"spd":4,"spe":252},"shiny":true,"ivs":{"hp":31,"atk":31,"def":31,"spa":31,"spd":31,"spe":31}},{"name":"Pistachios","species":"jellicent","item":"leftovers","ability":"Cursed Body","moves":["nightshade","recover","toxic","taunt"],"nature":"Calm","evs":{"hp":252,"atk":0,"def":4,"spa":0,"spd":252,"spe":0},"shiny":true,"ivs":{"hp":31,"atk":31,"def":31,"spa":31,"spd":31,"spe":31}},{"name":"Pink Lover","species":"swampert","item":"leftovers","ability":"Torrent","moves":["earthquake","icepunch","scald","stealthrock"],"nature":"Relaxed","evs":{"hp":252,"atk":4,"def":252,"spa":0,"spd":0,"spe":0},"gender":"M","shiny":true,"ivs":{"hp":31,"atk":31,"def":31,"spa":31,"spd":31,"spe":31}},{"name":"Mulan","species":"gyarados","item":"gyaradosite","ability":"Intimidate","moves":["dragondance","crunch","earthquake","waterfall"],"nature":"Jolly","evs":{"hp":88,"atk":252,"def":0,"spa":0,"spd":0,"spe":168},"gender":"M","shiny":true,"ivs":{"hp":31,"atk":31,"def":31,"spa":31,"spd":31,"spe":31}},{"name":"Butters","species":"azumarill","item":"choiceband","ability":"Sap Sipper","moves":["playrough","waterfall","knockoff","aquajet"],"nature":"Adamant","evs":{"hp":92,"atk":252,"def":0,"spa":0,"spd":0,"spe":164},"shiny":true,"ivs":{"hp":31,"atk":31,"def":31,"spa":31,"spd":31,"spe":31}}],"log":["|player|p1|AskRnk|285","|player|p2|Sovereign♕Cactus|251","|gametype|singles","|gen|6","|tier|Monotype","|rated","|rule|Baton Pass Clause: Limit one Baton Passer, can't pass Spe and other stats simultaneously","|rule|Swagger Clause: Swagger is banned","|rule|Same Type Clause: Pokémon in a team must share a type","|clearpoke","|poke|p1|Volcarona, M, shiny","|poke|p1|Yanmega, F, shiny","|poke|p1|Galvantula, F, shiny","|poke|p1|Scizor, F, shiny","|poke|p1|Pinsir, F, shiny","|poke|p1|Crustle, M","|poke|p2|Keldeo","|poke|p2|Starmie, shiny","|poke|p2|Jellicent, F, shiny","|poke|p2|Swampert, M, shiny","|poke|p2|Gyarados, M, shiny","|poke|p2|Azumarill, F, shiny","|rule|Sleep Clause Mod: Limit one foe put to sleep","|rule|Species Clause: Limit one of each Pokémon","|rule|OHKO Clause: OHKO moves are banned","|rule|Moody Clause: Moody is banned","|rule|Evasion Moves Clause: Evasion moves are banned","|rule|Endless Battle Clause: Forcing endless battles is banned","|rule|HP Percentage Mod: HP is shown in percentages","|teampreview","|","|start","|switch|p1a: Galvantula|Galvantula, F, shiny|281/281","|switch|p2a: Pink Lover|Swampert, M, shiny|404/404","|turn|1","|","|move|p1a: Galvantula|Giga Drain|p2a: Pink Lover","|-supereffective|p2a: Pink Lover","|-damage|p2a: Pink Lover|0 fnt","|-damage|p1a: Galvantula|253/281|[from] item: Life Orb","|faint|p2a: Pink Lover","|","|","|switch|p2a: Butters|Azumarill, F, shiny|364/364","|turn|2","|","|move|p1a: Galvantula|Thunder|p2a: Butters","|-crit|p2a: Butters","|-supereffective|p2a: Butters","|-damage|p2a: Butters|0 fnt","|-damage|p1a: Galvantula|225/281|[from] item: Life Orb","|faint|p2a: Butters","|","|","|switch|p2a: StarOnStarAction|Starmie, shiny|261/261","|turn|3","|","|move|p2a: StarOnStarAction|Hydro Pump|p1a: Galvantula","|-damage|p1a: Galvantula|0 fnt","|-damage|p2a: StarOnStarAction|235/261|[from] item: Life Orb","|faint|p1a: Galvantula","|","|","|switch|p1a: Pinsir|Pinsir, F, shiny|334/334","|turn|4","|","|detailschange|p1a: Pinsir|Pinsir-Mega, F, shiny","|-mega|p1a: Pinsir|Pinsir|Pinsirite","|move|p2a: StarOnStarAction|Ice Beam|p1a: Pinsir","|-crit|p1a: Pinsir","|-supereffective|p1a: Pinsir","|-damage|p1a: Pinsir|0 fnt","|-damage|p2a: StarOnStarAction|209/261|[from] item: Life Orb","|faint|p1a: Pinsir","|","|","|switch|p1a: Scizor|Scizor, F, shiny|282/282","|turn|5","|","|move|p2a: StarOnStarAction|Hydro Pump|p1a: Scizor","|-damage|p1a: Scizor|31/282","|-damage|p2a: StarOnStarAction|183/261|[from] item: Life Orb","|move|p1a: Scizor|Bug Bite|p2a: StarOnStarAction","|-crit|p2a: StarOnStarAction","|-supereffective|p2a: StarOnStarAction","|-damage|p2a: StarOnStarAction|0 fnt","|faint|p2a: StarOnStarAction","|","|-heal|p1a: Scizor|48/282|[from] item: Leftovers","|","|switch|p2a: Mulan|Gyarados, M, shiny|353/353","|-ability|p2a: Mulan|Intimidate","|-unboost|p1a: Scizor|atk|1","|turn|6","|","|detailschange|p2a: Mulan|Gyarados-Mega, M, shiny","|-mega|p2a: Mulan|Gyarados|Gyaradosite","|-ability|p2a: Mulan|Mold Breaker","|move|p2a: Mulan|Waterfall|p1a: Scizor","|-damage|p1a: Scizor|0 fnt","|faint|p1a: Scizor","|","|","|switch|p1a: Yanmega|Yanmega, F, shiny|314/314","|turn|7","|","|move|p1a: Yanmega|Giga Drain|p2a: Mulan","|-supereffective|p2a: Mulan","|-damage|p2a: Mulan|197/353","|move|p2a: Mulan|Waterfall|p1a: Yanmega","|-damage|p1a: Yanmega|134/314","|","|-boost|p1a: Yanmega|spe|1|[from] ability: Speed Boost","|turn|8","|","|move|p1a: Yanmega|Giga Drain|p2a: Mulan","|-supereffective|p2a: Mulan","|-damage|p2a: Mulan|51/353","|-heal|p1a: Yanmega|207/314|[from] drain|[of] p2a: Mulan","|move|p2a: Mulan|Waterfall|p1a: Yanmega","|-damage|p1a: Yanmega|14/314","|","|-boost|p1a: Yanmega|spe|1|[from] ability: Speed Boost","|turn|9","|","|switch|p2a: Pistachios|Jellicent, F, shiny|404/404","|move|p1a: Yanmega|Giga Drain|p2a: Pistachios","|-supereffective|p2a: Pistachios","|-damage|p2a: Pistachios|272/404","|-heal|p1a: Yanmega|80/314|[from] drain|[of] p2a: Pistachios","|","|-heal|p2a: Pistachios|297/404|[from] item: Leftovers","|-boost|p1a: Yanmega|spe|1|[from] ability: Speed Boost","|turn|10","|","|move|p1a: Yanmega|Giga Drain|p2a: Pistachios","|-supereffective|p2a: Pistachios","|-damage|p2a: Pistachios|165/404","|-heal|p1a: Yanmega|146/314|[from] drain|[of] p2a: Pistachios","|-start|p1a: Yanmega|Disable|Giga Drain","|move|p2a: Pistachios|Night Shade|p1a: Yanmega","|-damage|p1a: Yanmega|46/314","|","|-heal|p2a: Pistachios|190/404|[from] item: Leftovers","|-boost|p1a: Yanmega|spe|1|[from] ability: Speed Boost","|turn|11","|","|move|p1a: Yanmega|Protect|p1a: Yanmega","|-singleturn|p1a: Yanmega|Protect","|move|p2a: Pistachios|Night Shade|p1a: Yanmega","|-activate|p1a: Yanmega|Protect","|","|-heal|p2a: Pistachios|215/404|[from] item: Leftovers","|-boost|p1a: Yanmega|spe|1|[from] ability: Speed Boost","|turn|12","|","|move|p1a: Yanmega|Bug Buzz|p2a: Pistachios","|-resisted|p2a: Pistachios","|-damage|p2a: Pistachios|155/404","|move|p2a: Pistachios|Night Shade|p1a: Yanmega","|-damage|p1a: Yanmega|0 fnt","|faint|p1a: Yanmega","|","|-heal|p2a: Pistachios|180/404|[from] item: Leftovers","|","|switch|p1a: Volcarona|Volcarona, M, shiny|312/312","|turn|13","|","|move|p1a: Volcarona|Quiver Dance|p1a: Volcarona","|-boost|p1a: Volcarona|spa|1","|-boost|p1a: Volcarona|spd|1","|-boost|p1a: Volcarona|spe|1","|move|p2a: Pistachios|Taunt|p1a: Volcarona","|-start|p1a: Volcarona|move: Taunt","|","|-heal|p2a: Pistachios|205/404|[from] item: Leftovers","|turn|14","|","|move|p1a: Volcarona|Giga Drain|p2a: Pistachios","|-supereffective|p2a: Pistachios","|-damage|p2a: Pistachios|13/404","|move|p2a: Pistachios|Toxic|p1a: Volcarona","|-status|p1a: Volcarona|tox","|","|-heal|p2a: Pistachios|38/404|[from] item: Leftovers","|-damage|p1a: Volcarona|293/312 tox|[from] psn","|turn|15","|","|move|p1a: Volcarona|Giga Drain|p2a: Pistachios","|-supereffective|p2a: Pistachios","|-damage|p2a: Pistachios|0 fnt","|-heal|p1a: Volcarona|312/312 tox|[from] drain|[of] p2a: Pistachios","|faint|p2a: Pistachios","|","|-damage|p1a: Volcarona|274/312 tox|[from] psn","|","|switch|p2a: My Little Ponyta|Keldeo|323/323","|turn|16","|","|move|p1a: Volcarona|Giga Drain|p2a: My Little Ponyta","|-supereffective|p2a: My Little Ponyta","|-damage|p2a: My Little Ponyta|15/323","|-heal|p1a: Volcarona|312/312 tox|[from] drain|[of] p2a: My Little Ponyta","|move|p2a: My Little Ponyta|Scald|p1a: Volcarona","|-supereffective|p1a: Volcarona","|-damage|p1a: Volcarona|112/312 tox","|","|-heal|p1a: Volcarona|131/312 tox|[from] item: Leftovers","|-heal|p2a: My Little Ponyta|35/323|[from] item: Leftovers","|-damage|p1a: Volcarona|74/312 tox|[from] psn","|-end|p1a: Volcarona|move: Taunt","|turn|17","|","|move|p1a: Volcarona|Giga Drain|p2a: My Little Ponyta","|-supereffective|p2a: My Little Ponyta","|-damage|p2a: My Little Ponyta|0 fnt","|-heal|p1a: Volcarona|92/312 tox|[from] drain|[of] p2a: My Little Ponyta","|faint|p2a: My Little Ponyta","|","|-heal|p1a: Volcarona|111/312 tox|[from] item: Leftovers","|-damage|p1a: Volcarona|35/312 tox|[from] psn","|","|switch|p2a: Mulan|Gyarados-Mega, M, shiny|51/353","|-ability|p2a: Mulan|Mold Breaker","|turn|18","|","|move|p1a: Volcarona|Giga Drain|p2a: Mulan","|-supereffective|p2a: Mulan","|-damage|p2a: Mulan|0 fnt","|-heal|p1a: Volcarona|61/312 tox|[from] drain|[of] p2a: Mulan","|faint|p2a: Mulan","|","|win|AskRnk"],"p1rating":{"entryid":"7346804","serverid":"eos","formatid":"monotype","userid":"askrnk","username":"AskRnk","w":3,"l":"1","t":"0","gxe":54.8,"r":"1484.1402948193","rd":"115.99858594916","sigma":"0","rptime":"1438592400","rpr":1537.97595856,"rprd":105.52215833753,"rpsigma":"0","acre":1116.7838094713,"lacre":1116.7838094713,"oldacre":"1085.9983821718"},"p2rating":{"entryid":"6867552","serverid":"eos","formatid":"monotype","userid":"sovereigncactus","username":"Sovereign♕Cactus","w":"69","l":84,"t":"0","gxe":44.7,"r":"1456.4259544297","rd":"30.025299364035","sigma":"0","rptime":"1438592400","rpr":1459.8890332273,"rprd":29.524278882615,"rpsigma":"0","acre":1105.1387746623,"lacre":1105.1387746623,"oldacre":"1133.5383610327"},"endType":"normal"}