{"seed":[36164,36971,36078,36978],"turns":25,"p1":"Traine✘ Redbraze","p2":"jackker","p1team":[{"name":"Captain Teemo","species":"breloom","item":"focussash","ability":"Technician","moves":["bulletseed","machpunch","spore","rocktomb"],"nature":"Jolly","evs":{"hp":0,"atk":252,"def":0,"spa":0,"spd":4,"spe":252},"shiny":true,"ivs":{"hp":31,"atk":31,"def":31,"spa":31,"spd":31,"spe":31}},{"name":"Hulk","species":"machamp","item":"assaultvest","ability":"No Guard","moves":["dynamicpunch","bulletpunch","icepunch","knockoff"],"nature":"Adamant","evs":{"hp":248,"atk":252,"def":0,"spa":0,"spd":8,"spe":0},"shiny":true,"ivs":{"hp":31,"atk":31,"def":31,"spa":31,"spd":31,"spe":31}},{"name":"Unicorn of Love","species":"keldeoresolute","item":"lifeorb","ability":"Justified","moves":["hydropump","hiddenpowerice","secretsword","focusblast"],"nature":"Timid","evs":{"hp":0,"atk":0,"def":0,"spa":252,"spd":4,"spe":252},"ivs":{"hp":31,"atk":30,"def":30,"spa":31,"spd":31,"spe":31}},{"name":"Diddy Kong","species":"infernape","item":"focussash","ability":"Blaze","moves":["stealthrock","endeavor","overheat","focusblast"],"nature":"Timid","evs":{"hp":0,"atk":0,"def":0,"spa":252,"spd":4,"spe":252},"shiny":true,"ivs":{"hp":31,"atk":31,"def":31,"spa":31,"spd":31,"spe":31}},{"name":"Dabade-Dabudaa","species":"medicham","item":"medichamite","ability":"Pure Power","moves":["fakeout","highjumpkick","icepunch","zenheadbutt"],"nature":"Jolly","evs":{"hp":0,"atk":252,"def":0,"spa":0,"spd":4,"spe":252},"shiny":true,"ivs":{"hp":31,"atk":31,"def":31,"spa":31,"spd":31,"spe":31}},{"name":"Hitmontop","species":"Hitmontop","item":"leftovers","ability":"Technician","moves":["fakeout","bulletpunch","machpunch","rapidspin"],"nature":"Adamant","evs":{"hp":252,"atk":252,"def":0,"spa":0,"spd":4,"spe":0},"ivs":{"hp":31,"atk":31,"def":31,"spa":31,"spd":31,"spe":31}}],"p2team":[{"name":"Azumarill","species":"Azumarill","item":"sitrusberry","ability":"Huge Power","moves":["aquajet","bellydrum","waterfall","brickbreak"],"nature":"Adamant","evs":{"hp":252,"atk":252,"def":4,"spa":0,"spd":0,"spe":0},"ivs":{"hp":31,"atk":31,"def":31,"spa":31,"spd":31,"spe":31}},{"name":"Granbull","species":"Granbull","item":"focussash","ability":"Intimidate","moves":["thunderwave","closecombat","earthquake","playrough"],"nature":"Adamant","evs":{"hp":252,"atk":152,"def":104,"spa":0,"spd":0,"spe":0},"ivs":{"hp":31,"atk":31,"def":31,"spa":31,"spd":31,"spe":31}},{"name":"Diancie","species":"Diancie","item":"diancite","ability":"Clear Body","moves":["moonblast","earthpower","diamondstorm","rockpolish"],"nature":"Modest","evs":{"hp":92,"atk":0,"def":0,"spa":208,"spd":0,"spe":208},"ivs":{"hp":31,"atk":31,"def":31,"spa":31,"spd":31,"spe":31}},{"name":"Togekiss","species":"Togekiss","item":"leftovers","ability":"Serene Grace","moves":["flamethrower","airslash","defog","roost"],"nature":"Modest","evs":{"hp":252,"atk":0,"def":0,"spa":0,"spd":252,"spe":0},"ivs":{"hp":31,"atk":31,"def":31,"spa":31,"spd":31,"spe":31}},{"name":"Gardevoir","species":"Gardevoir","item":"assaultvest","ability":"Trace","moves":["energyball","psyshock","moonblast","hiddenpowerfire"],"nature":"Calm","evs":{"hp":252,"atk":0,"def":0,"spa":212,"spd":44,"spe":0},"ivs":{"hp":31,"atk":30,"def":31,"spa":30,"spd":31,"spe":30}},{"name":"Klefki","species":"Klefki","item":"lightclay","ability":"Prankster","moves":["thunderwave","reflect","lightscreen","foulplay"],"nature":"Impish","evs":{"hp":252,"atk":0,"def":252,"spa":0,"spd":0,"spe":0},"ivs":{"hp":31,"atk":31,"def":31,"spa":31,"spd":31,"spe":31}}],"log":["|player|p1|Traine✘ Redbraze|106","|player|p2|jackker|196","|gametype|singles","|gen|6","|tier|Monotype","|rated","|rule|Baton Pass Clause: Limit one Baton Passer, can't pass Spe and other stats simultaneously","|rule|Swagger Clause: Swagger is banned","|rule|Same Type Clause: Pokémon in a team must share a type","|clearpoke","|poke|p1|Breloom, F, shiny","|poke|p1|Machamp, F, shiny","|poke|p1|Keldeo-Resolute","|poke|p1|Infernape, F, shiny","|poke|p1|Medicham, F, shiny","|poke|p1|Hitmontop, M","|poke|p2|Azumarill, M","|poke|p2|Granbull, M","|poke|p2|Diancie","|poke|p2|Togekiss, M","|poke|p2|Gardevoir, M","|poke|p2|Klefki, F","|rule|Sleep Clause Mod: Limit one foe put to sleep","|rule|Species Clause: Limit one of each Pokémon","|rule|OHKO Clause: OHKO moves are banned","|rule|Moody Clause: Moody is banned","|rule|Evasion Moves Clause: Evasion moves are banned","|rule|Endless Battle Clause: Forcing endless battles is banned","|rule|HP Percentage Mod: HP is shown in percentages","|teampreview","|","|start","|switch|p1a: Diddy Kong|Infernape, F, shiny|293/293","|switch|p2a: Diancie|Diancie|264/264","|turn|1","|","|detailschange|p2a: Diancie|Diancie-Mega","|-mega|p2a: Diancie|Diancie|Diancite","|move|p1a: Diddy Kong|Stealth Rock|p2a: Diancie","|move|p2a: Diancie|Stealth Rock|p1a: Diddy Kong|[from]Magic Bounce","|-sidestart|p1: Traine✘ Redbraze|move: Stealth Rock","|move|p2a: Diancie|Diamond Storm|p1a: Diddy Kong","|-miss|p2a: Diancie|p1a: Diddy Kong","|","|turn|2","|","|move|p1a: Diddy Kong|Endeavor|p2a: Diancie","|-immune|p2a: Diancie|[msg]","|move|p2a: Diancie|Earth Power|p1a: Diddy Kong","|-supereffective|p1a: Diddy Kong","|-enditem|p1a: Diddy Kong|Focus Sash","|-damage|p1a: Diddy Kong|1/293","|","|turn|3","|","|switch|p2a: Azumarill|Azumarill, M|404/404","|move|p1a: Diddy Kong|Endeavor|p2a: Azumarill","|-damage|p2a: Azumarill|1/404","|-enditem|p2a: Azumarill|Sitrus Berry|[eat]","|-heal|p2a: Azumarill|102/404|[from] item: Sitrus Berry","|","|turn|4","|","|move|p2a: Azumarill|Aqua Jet|p1a: Diddy Kong","|-supereffective|p1a: Diddy Kong","|-damage|p1a: Diddy Kong|0 fnt","|faint|p1a: Diddy Kong","|","|","|switch|p1a: Captain Teemo|Breloom, F, shiny|261/261","|-damage|p1a: Captain Teemo|245/261|[from] Stealth Rock","|turn|5","|","|move|p1a: Captain Teemo|Spore|p2a: Azumarill","|-status|p2a: Azumarill|slp","|cant|p2a: Azumarill|slp","|","|turn|6","|","|switch|p2a: Granbull|Granbull, M|384/384","|-ability|p2a: Granbull|Intimidate","|-unboost|p1a: Captain Teemo|atk|1","|move|p1a: Captain Teemo|Bullet Seed|p2a: Granbull","|-damage|p2a: Granbull|336/384","|-damage|p2a: Granbull|287/384","|-damage|p2a: Granbull|241/384","|-hitcount|p2a: Granbull|3","|","|turn|7","|","|switch|p1a: Hitmontop|Hitmontop, M|304/304","|-damage|p1a: Hitmontop|285/304|[from] Stealth Rock","|move|p2a: Granbull|Play Rough|p1a: Hitmontop","|-crit|p1a: Hitmontop","|-supereffective|p1a: Hitmontop","|-damage|p1a: Hitmontop|0 fnt","|faint|p1a: Hitmontop","|","|","|switch|p1a: Hulk|Machamp, F, shiny|383/383","|-damage|p1a: Hulk|360/383|[from] Stealth Rock","|turn|8","|","|switch|p2a: Klefki|Klefki, F|318/318","|move|p1a: Hulk|Bullet Punch|p2a: Klefki","|-damage|p2a: Klefki|277/318","|","|turn|9","|","|move|p2a: Klefki|Reflect|p2a: Klefki","|-sidestart|p2: jackker|Reflect","|move|p1a: Hulk|Dynamic Punch|p2a: Klefki","|-damage|p2a: Klefki|200/318","|-start|p2a: Klefki|confusion","|","|turn|10","|","|-activate|p2a: Klefki|confusion","|-damage|p2a: Klefki|178/318|[from] confusion","|move|p1a: Hulk|Knock Off|p2a: Klefki","|-resisted|p2a: Klefki","|-damage|p2a: Klefki|154/318","|-enditem|p2a: Klefki|Light Clay|[from] move: Knock Off|[of] p1a: Hulk","|","|turn|11","|","|-activate|p2a: Klefki|confusion","|-damage|p2a: Klefki|135/318|[from] confusion","|move|p1a: Hulk|Dynamic Punch|p2a: Klefki","|-damage|p2a: Klefki|56/318","|","|turn|12","|","|switch|p2a: Granbull|Granbull, M|241/384","|-ability|p2a: Granbull|Intimidate","|-unboost|p1a: Hulk|atk|1","|move|p1a: Hulk|Dynamic Punch|p2a: Granbull","|-resisted|p2a: Granbull","|-damage|p2a: Granbull|206/384","|-start|p2a: Granbull|confusion","|","|turn|13","|","|move|p1a: Hulk|Bullet Punch|p2a: Granbull","|-supereffective|p2a: Granbull","|-damage|p2a: Granbull|166/384","|-activate|p2a: Granbull|confusion","|-damage|p2a: Granbull|116/384|[from] confusion","|","|turn|14","|","|move|p1a: Hulk|Bullet Punch|p2a: Granbull","|-crit|p2a: Granbull","|-supereffective|p2a: Granbull","|-damage|p2a: Granbull|0 fnt","|faint|p2a: Granbull","|","|","|switch|p2a: Togekiss|Togekiss, M|374/374","|turn|15","|","|move|p2a: Togekiss|Air Slash|p1a: Hulk","|-supereffective|p1a: Hulk","|-damage|p1a: Hulk|186/383","|cant|p1a: Hulk|flinch","|","|turn|16","|","|move|p1a: Hulk|Bullet Punch|p2a: Togekiss","|-supereffective|p2a: Togekiss","|-damage|p2a: Togekiss|335/374","|move|p2a: Togekiss|Air Slash|p1a: Hulk","|-supereffective|p1a: Hulk","|-damage|p1a: Hulk|4/383","|","|-heal|p2a: Togekiss|358/374|[from] item: Leftovers","|-sideend|p2: jackker|Reflect","|turn|17","|","|move|p1a: Hulk|Bullet Punch|p2a: Togekiss","|-supereffective|p2a: Togekiss","|-damage|p2a: Togekiss|288/374","|move|p2a: Togekiss|Flamethrower|p1a: Hulk","|-damage|p1a: Hulk|0 fnt","|faint|p1a: Hulk","|","|-heal|p2a: Togekiss|311/374|[from] item: Leftovers","|","|switch|p1a: Dabade-Dabudaa|Medicham, F, shiny|261/261","|-damage|p1a: Dabade-Dabudaa|245/261|[from] Stealth Rock","|turn|18","|","|detailschange|p1a: Dabade-Dabudaa|Medicham-Mega, F, shiny","|-mega|p1a: Dabade-Dabudaa|Medicham|Medichamite","|move|p1a: Dabade-Dabudaa|Fake Out|p2a: Togekiss","|-damage|p2a: Togekiss|230/374","|cant|p2a: Togekiss|flinch","|","|-heal|p2a: Togekiss|253/374|[from] item: Leftovers","|turn|19","|","|move|p1a: Dabade-Dabudaa|Ice Punch|p2a: Togekiss","|-supereffective|p2a: Togekiss","|-damage|p2a: Togekiss|0 fnt","|faint|p2a: Togekiss","|","|","|switch|p2a: Klefki|Klefki, F|56/318","|turn|20","|","|move|p2a: Klefki|Reflect|p2a: Klefki","|-sidestart|p2: jackker|Reflect","|move|p1a: Dabade-Dabudaa|High Jump Kick|p2a: Klefki","|-damage|p2a: Klefki|0 fnt","|faint|p2a: Klefki","|","|player|p2","|player|p2|jackker|196","|","|switch|p2a: Gardevoir|Gardevoir, M|340/340","|-ability|p2a: Gardevoir|Pure Power|[from] ability: Trace|[of] p1a: Dabade-Dabudaa","|turn|21","|","|move|p1a: Dabade-Dabudaa|Ice Punch|p2a: Gardevoir","|-damage|p2a: Gardevoir|226/340","|move|p2a: Gardevoir|Psyshock|p1a: Dabade-Dabudaa","|-damage|p1a: Dabade-Dabudaa|101/261","|","|turn|22","|","|move|p1a: Dabade-Dabudaa|Ice Punch|p2a: Gardevoir","|-damage|p2a: Gardevoir|123/340","|move|p2a: Gardevoir|Psyshock|p1a: Dabade-Dabudaa","|-damage|p1a: Dabade-Dabudaa|0 fnt","|faint|p1a: Dabade-Dabudaa","|","|","|switch|p1a: Unicorn of Love|Keldeo-Resolute|323/323","|-damage|p1a: Unicorn of Love|303/323|[from] Stealth Rock","|turn|23","|","|move|p1a: Unicorn of Love|Hydro Pump|p2a: Gardevoir","|-damage|p2a: Gardevoir|0 fnt","|-damage|p1a: Unicorn of Love|271/323|[from] item: Life Orb","|faint|p2a: Gardevoir","|","|","|switch|p2a: Diancie|Diancie-Mega|264/264","|turn|24","|","|move|p1a: Unicorn of Love|Hydro Pump|p2a: Diancie","|-supereffective|p2a: Diancie","|-damage|p2a: Diancie|0 fnt","|-damage|p1a: Unicorn of Love|239/323|[from] item: Life Orb","|faint|p2a: Diancie","|","|-sideend|p2: jackker|Reflect","|","|switch|p2a: Azumarill|Azumarill, M|102/404 slp","|turn|25","|","|move|p1a: Unicorn of Love|Secret Sword|p2a: Azumarill","|-resisted|p2a: Azumarill","|-damage|p2a: Azumarill|0 fnt","|-damage|p1a: Unicorn of Love|207/323|[from] item: Life Orb","|faint|p2a: Azumarill","|","|win|Traine✘ Redbraze"],"p1rating":{"entryid":"7247602","serverid":"eos","formatid":"monotype","userid":"traineredbraze","username":"Traine✘ Redbraze","w":20,"l":"20","t":"0","gxe":51.1,"r":"1526.2624687204","rd":"57.913291298834","sigma":"0","rptime":"1438592400","rpr":1508.3246720799,"rprd":53.660304212684,"rpsigma":"0","acre":1110.6548929735,"lacre":1110.6548929735,"oldacre":"1061.8519317705"},"p2rating":{"entryid":"6396823","serverid":"eos","formatid":"monotype","userid":"jackker","username":"jackker","w":"21","l":7,"t":"0","gxe":70.9,"r":"1682.6133122826","rd":"74.959178858919","sigma":"0","rptime":"1438592400","rpr":1670.8361985464,"rprd":68.229889784202,"rpsigma":"0","acre":1256.7984234475,"lacre":1256.7984234475,"oldacre":"1296.5115176802"},"endType":"normal"}