{"seed":[47366,52500,29738,58136],"turns":30,"p1":"Emg_DemZii","p2":"MrNyanNyanz","p1team":[{"name":"Hoopa-Unbound","species":"Hoopa-Unbound","item":"choicescarf","ability":"Magician","moves":["firepunch","hyperspacefury","knockoff","zenheadbutt"],"nature":"Jolly","evs":{"hp":0,"atk":252,"def":0,"spa":0,"spd":4,"spe":252},"ivs":{"hp":31,"atk":31,"def":31,"spa":31,"spd":31,"spe":31}},{"name":"Sableye","species":"Sableye","item":"sablenite","ability":"Prankster","moves":["willowisp","recover","calmmind","dazzlinggleam"],"nature":"Calm","evs":{"hp":248,"atk":0,"def":0,"spa":8,"spd":252,"spe":0},"ivs":{"hp":31,"atk":31,"def":31,"spa":31,"spd":31,"spe":31}},{"name":"Honchkrow","species":"Honchkrow","item":"choicescarf","ability":"Moxie","moves":["bravebird","foulplay","nightslash","superpower"],"nature":"Jolly","evs":{"hp":0,"atk":252,"def":0,"spa":0,"spd":4,"spe":252},"ivs":{"hp":31,"atk":31,"def":31,"spa":31,"spd":31,"spe":31}},{"name":"Skuntank","species":"Skuntank","item":"toxicplate","ability":"Stench","moves":["haze","defog","suckerpunch","taunt"],"nature":"Impish","evs":{"hp":248,"atk":8,"def":252,"spa":0,"spd":0,"spe":0},"ivs":{"hp":31,"atk":31,"def":31,"spa":31,"spd":31,"spe":31}},{"name":"Bisharp","species":"Bisharp","item":"muscleband","ability":"Defiant","moves":["suckerpunch","swordsdance","ironhead","xscissor"],"nature":"Adamant","evs":{"hp":248,"atk":0,"def":0,"spa":0,"spd":8,"spe":0},"ivs":{"hp":31,"atk":31,"def":31,"spa":31,"spd":31,"spe":31}},{"name":"Tyranitar","species":"Tyranitar","item":"leftovers","ability":"Sand Stream","moves":["stealthrock","crunch","pursuit","rockslide"],"nature":"Adamant","evs":{"hp":252,"atk":252,"def":0,"spa":0,"spd":4,"spe":0},"ivs":{"hp":31,"atk":31,"def":31,"spa":31,"spd":31,"spe":31}}],"p2team":[{"name":"Bisharp","species":"Bisharp","item":"focussash","ability":"Defiant","moves":["suckerpunch","swordsdance","knockoff","ironhead"],"nature":"","evs":{"hp":0,"atk":0,"def":0,"spa":0,"spd":0,"spe":0},"ivs":{"hp":31,"atk":31,"def":31,"spa":31,"spd":31,"spe":31}},{"name":"Magnezone","species":"Magnezone","item":"choicescarf","ability":"Magnet Pull","moves":["thunderbolt","hiddenpowerice","voltswitch","flashcannon"],"nature":"Timid","evs":{"hp":0,"atk":0,"def":0,"spa":252,"spd":4,"spe":252},"ivs":{"hp":31,"atk":30,"def":30,"spa":31,"spd":31,"spe":31}},{"name":"Doublade","species":"Doublade","item":"eviolite","ability":"No Guard","moves":["swordsdance","rockslide","sacredsword","shadowsneak"],"nature":"Adamant","evs":{"hp":248,"atk":252,"def":0,"spa":0,"spd":8,"spe":0},"ivs":{"hp":31,"atk":31,"def":31,"spa":31,"spd":31,"spe":31}},{"name":"Heatran","species":"Heatran","item":"airballoon","ability":"Flash Fire","moves":["lavaplume","earthpower","ancientpower","roar"],"nature":"Modest","evs":{"hp":248,"atk":0,"def":0,"spa":252,"spd":8,"spe":0},"ivs":{"hp":31,"atk":31,"def":31,"spa":31,"spd":31,"spe":31}},{"name":"Skarmory","species":"Skarmory","item":"rockyhelmet","ability":"Sturdy","moves":["bravebird","roost","defog","stealthrock"],"nature":"Impish","evs":{"hp":248,"atk":0,"def":236,"spa":0,"spd":0,"spe":24},"ivs":{"hp":31,"atk":31,"def":31,"spa":31,"spd":31,"spe":31}},{"name":"Scizor","species":"Scizor","item":"scizorite","ability":"Technician","moves":["swordsdance","aerialace","bulletpunch","bugbite"],"nature":"Adamant","evs":{"hp":248,"atk":252,"def":0,"spa":0,"spd":8,"spe":0},"ivs":{"hp":31,"atk":31,"def":31,"spa":31,"spd":31,"spe":31}}],"log":["|player|p1|Emg_DemZii|274","|player|p2|MrNyanNyanz|mrnyannyanz.png","|gametype|singles","|gen|6","|tier|Monotype","|rated","|rule|Baton Pass Clause: Limit one Baton Passer, can't pass Spe and other stats simultaneously","|rule|Swagger Clause: Swagger is banned","|rule|Same Type Clause: Pokémon in a team must share a type","|clearpoke","|poke|p1|Hoopa-Unbound","|poke|p1|Sableye, F","|poke|p1|Honchkrow, F","|poke|p1|Skuntank, M","|poke|p1|Bisharp, M","|poke|p1|Tyranitar, F","|poke|p2|Bisharp, F","|poke|p2|Magnezone","|poke|p2|Doublade, M","|poke|p2|Heatran, F","|poke|p2|Skarmory, F","|poke|p2|Scizor, F","|rule|Sleep Clause Mod: Limit one foe put to sleep","|rule|Species Clause: Limit one of each Pokémon","|rule|OHKO Clause: OHKO moves are banned","|rule|Moody Clause: Moody is banned","|rule|Evasion Moves Clause: Evasion moves are banned","|rule|Endless Battle Clause: Forcing endless battles is banned","|rule|HP Percentage Mod: HP is shown in percentages","|teampreview","|","|start","|switch|p1a: Hoopa-Unbound|Hoopa-Unbound|301/301","|switch|p2a: Magnezone|Magnezone|281/281","|turn|1","|","|move|p1a: Hoopa-Unbound|Knock Off|p2a: Magnezone","|-damage|p2a: Magnezone|103/281","|-enditem|p2a: Magnezone|Choice Scarf|[from] move: Knock Off|[of] p1a: Hoopa-Unbound","|move|p2a: Magnezone|Volt Switch|p1a: Hoopa-Unbound","|-damage|p1a: Hoopa-Unbound|208/301","|","|switch|p2a: Skarmory|Skarmory, F|333/333","|","|turn|2","|","|switch|p1a: Tyranitar|Tyranitar, F|404/404","|-weather|Sandstorm","|move|p2a: Skarmory|Stealth Rock|p1a: Tyranitar","|-sidestart|p1: Emg_DemZii|move: Stealth Rock","|","|-weather|Sandstorm|[upkeep]","|turn|3","|","|switch|p2a: Bisharp|Bisharp, F|271/271","|move|p1a: Tyranitar|Stealth Rock|p2a: Bisharp","|-sidestart|p2: MrNyanNyanz|move: Stealth Rock","|","|-weather|Sandstorm|[upkeep]","|turn|4","|","|switch|p1a: Honchkrow|Honchkrow, F|341/341","|-damage|p1a: Honchkrow|256/341|[from] Stealth Rock","|move|p2a: Bisharp|Iron Head|p1a: Honchkrow","|-damage|p1a: Honchkrow|61/341","|","|-weather|Sandstorm|[upkeep]","|-damage|p1a: Honchkrow|40/341|[from] sandstorm","|turn|5","|","|switch|p2a: Skarmory|Skarmory, F|333/333","|-damage|p2a: Skarmory|292/333|[from] Stealth Rock","|move|p1a: Honchkrow|Superpower|p2a: Skarmory","|-damage|p2a: Skarmory|216/333","|-damage|p1a: Honchkrow|0 fnt|[from] item: Rocky Helmet|[of] p2a: Skarmory","|faint|p1a: Honchkrow","|","|-weather|Sandstorm|[upkeep]","|","|switch|p1a: Skuntank|Skuntank, M|409/409","|-damage|p1a: Skuntank|358/409|[from] Stealth Rock","|turn|6","|","|switch|p2a: Heatran|Heatran, F|385/385","|-damage|p2a: Heatran|337/385|[from] Stealth Rock","|-item|p2a: Heatran|Air Balloon","|move|p1a: Skuntank|Taunt|p2a: Heatran","|-start|p2a: Heatran|move: Taunt","|","|-weather|none","|turn|7","|","|move|p1a: Skuntank|Defog|p2a: Heatran","|-unboost|p2a: Heatran|evasion|1","|-sideend|p2: MrNyanNyanz|Stealth Rock|[from] move: Defog|[of] p2a: Heatran","|-sideend|p1: Emg_DemZii|Stealth Rock|[from] move: Defog|[of] p1a: Skuntank","|move|p2a: Heatran|Earth Power|p1a: Skuntank","|-supereffective|p1a: Skuntank","|-damage|p1a: Skuntank|36/409","|","|turn|8","|","|switch|p1a: Hoopa-Unbound|Hoopa-Unbound|208/301","|switch|p2a: Skarmory|Skarmory, F|216/333","|","|turn|9","|","|move|p1a: Hoopa-Unbound|Fire Punch|p2a: Skarmory","|-supereffective|p2a: Skarmory","|-damage|p2a: Skarmory|104/333","|-damage|p1a: Hoopa-Unbound|158/301|[from] item: Rocky Helmet|[of] p2a: Skarmory","|move|p2a: Skarmory|Stealth Rock|p1a: Hoopa-Unbound","|-sidestart|p1: Emg_DemZii|move: Stealth Rock","|","|turn|10","|","|switch|p1a: Skuntank|Skuntank, M|36/409","|-damage|p1a: Skuntank|0 fnt|[from] Stealth Rock","|faint|p1a: Skuntank","|switch|p2a: Heatran|Heatran, F|337/385","|-item|p2a: Heatran|Air Balloon","|","|","|switch|p1a: Tyranitar|Tyranitar, F|404/404","|-damage|p1a: Tyranitar|354/404|[from] Stealth Rock","|-weather|Sandstorm","|turn|11","|","|switch|p2a: Skarmory|Skarmory, F|104/333","|move|p1a: Tyranitar|Rock Slide|p2a: Skarmory","|-miss|p1a: Tyranitar|p2a: Skarmory","|","|-weather|Sandstorm|[upkeep]","|-heal|p1a: Tyranitar|379/404|[from] item: Leftovers","|turn|12","|","|move|p2a: Skarmory|Roost|p2a: Skarmory","|-heal|p2a: Skarmory|271/333","|move|p1a: Tyranitar|Rock Slide|p2a: Skarmory","|-resisted|p2a: Skarmory","|-damage|p2a: Skarmory|231/333","|","|-weather|Sandstorm|[upkeep]","|-heal|p1a: Tyranitar|404/404|[from] item: Leftovers","|turn|13","|","|move|p2a: Skarmory|Roost|p2a: Skarmory","|-heal|p2a: Skarmory|333/333","|move|p1a: Tyranitar|Stealth Rock|p2a: Skarmory","|-sidestart|p2: MrNyanNyanz|move: Stealth Rock","|","|-weather|Sandstorm|[upkeep]","|turn|14","|","|switch|p1a: Hoopa-Unbound|Hoopa-Unbound|158/301","|-damage|p1a: Hoopa-Unbound|121/301|[from] Stealth Rock","|move|p2a: Skarmory|Defog|p1a: Hoopa-Unbound","|-unboost|p1a: Hoopa-Unbound|evasion|1","|-sideend|p1: Emg_DemZii|Stealth Rock|[from] move: Defog|[of] p1a: Hoopa-Unbound","|-sideend|p2: MrNyanNyanz|Stealth Rock|[from] move: Defog|[of] p2a: Skarmory","|","|-weather|Sandstorm|[upkeep]","|-damage|p1a: Hoopa-Unbound|103/301|[from] sandstorm","|turn|15","|","|move|p1a: Hoopa-Unbound|Knock Off|p2a: Skarmory","|-damage|p2a: Skarmory|209/333","|-damage|p1a: Hoopa-Unbound|53/301|[from] item: Rocky Helmet|[of] p2a: Skarmory","|-enditem|p2a: Skarmory|Rocky Helmet|[from] move: Knock Off|[of] p1a: Hoopa-Unbound","|move|p2a: Skarmory|Stealth Rock|p1a: Hoopa-Unbound","|-sidestart|p1: Emg_DemZii|move: Stealth Rock","|","|-weather|none","|turn|16","|","|switch|p1a: Tyranitar|Tyranitar, F|404/404","|-damage|p1a: Tyranitar|354/404|[from] Stealth Rock","|-weather|Sandstorm","|move|p2a: Skarmory|Brave Bird|p1a: Tyranitar","|-resisted|p1a: Tyranitar","|-damage|p1a: Tyranitar|301/404","|-damage|p2a: Skarmory|192/333|[from] recoil|[of] p1a: Tyranitar","|","|-weather|Sandstorm|[upkeep]","|-heal|p1a: Tyranitar|326/404|[from] item: Leftovers","|turn|17","|","|switch|p2a: Magnezone|Magnezone|103/281","|move|p1a: Tyranitar|Crunch|p2a: Magnezone","|-damage|p2a: Magnezone|0 fnt","|faint|p2a: Magnezone","|","|-weather|Sandstorm|[upkeep]","|-heal|p1a: Tyranitar|351/404|[from] item: Leftovers","|","|switch|p2a: Bisharp|Bisharp, F|271/271","|turn|18","|","|switch|p1a: Hoopa-Unbound|Hoopa-Unbound|53/301","|-damage|p1a: Hoopa-Unbound|16/301|[from] Stealth Rock","|move|p2a: Bisharp|Iron Head|p1a: Hoopa-Unbound","|-damage|p1a: Hoopa-Unbound|0 fnt","|faint|p1a: Hoopa-Unbound","|","|-weather|Sandstorm|[upkeep]","|","|switch|p1a: Bisharp|Bisharp, M|333/333","|-damage|p1a: Bisharp|313/333|[from] Stealth Rock","|turn|19","|","|move|p2a: Bisharp|Knock Off|p1a: Bisharp","|-resisted|p1a: Bisharp","|-damage|p1a: Bisharp|245/333","|-enditem|p1a: Bisharp|Muscle Band|[from] move: Knock Off|[of] p2a: Bisharp","|move|p1a: Bisharp|Swords Dance|p1a: Bisharp","|-boost|p1a: Bisharp|atk|2","|","|-weather|Sandstorm|[upkeep]","|turn|20","|","|move|p1a: Bisharp|X-Scissor|p2a: Bisharp","|-damage|p2a: Bisharp|104/271","|move|p2a: Bisharp|Iron Head|p1a: Bisharp","|-resisted|p1a: Bisharp","|-damage|p1a: Bisharp|193/333","|","|-weather|none","|turn|21","|","|switch|p2a: Skarmory|Skarmory, F|192/333","|move|p1a: Bisharp|Swords Dance|p1a: Bisharp","|-boost|p1a: Bisharp|atk|2","|","|turn|22","|","|move|p1a: Bisharp|Sucker Punch|p2a: Skarmory","|-fail|p1a: Bisharp","|move|p2a: Skarmory|Roost|p2a: Skarmory","|-heal|p2a: Skarmory|333/333","|","|turn|23","|","|move|p2a: Skarmory|Brave Bird|p1a: Bisharp","|-resisted|p1a: Bisharp","|-damage|p1a: Bisharp|136/333","|-damage|p2a: Skarmory|314/333|[from] recoil|[of] p1a: Bisharp","|move|p1a: Bisharp|Iron Head|p2a: Skarmory","|-crit|p2a: Skarmory","|-resisted|p2a: Skarmory","|-damage|p2a: Skarmory|160/333","|","|turn|24","|","|move|p2a: Skarmory|Roost|p2a: Skarmory","|-heal|p2a: Skarmory|327/333","|move|p1a: Bisharp|Iron Head|p2a: Skarmory","|-resisted|p2a: Skarmory","|-damage|p2a: Skarmory|221/333","|","|turn|25","|","|move|p2a: Skarmory|Brave Bird|p1a: Bisharp","|-resisted|p1a: Bisharp","|-damage|p1a: Bisharp|79/333","|-damage|p2a: Skarmory|202/333|[from] recoil|[of] p1a: Bisharp","|move|p1a: Bisharp|Iron Head|p2a: Skarmory","|-resisted|p2a: Skarmory","|-damage|p2a: Skarmory|102/333","|","|turn|26","|","|move|p2a: Skarmory|Roost|p2a: Skarmory","|-heal|p2a: Skarmory|269/333","|move|p1a: Bisharp|Swords Dance|p1a: Bisharp","|-boost|p1a: Bisharp|atk|2","|","|turn|27","|","|move|p2a: Skarmory|Brave Bird|p1a: Bisharp","|-resisted|p1a: Bisharp","|-damage|p1a: Bisharp|20/333","|-damage|p2a: Skarmory|250/333|[from] recoil|[of] p1a: Bisharp","|move|p1a: Bisharp|Iron Head|p2a: Skarmory","|-resisted|p2a: Skarmory","|-damage|p2a: Skarmory|107/333","|","|turn|28","|","|move|p1a: Bisharp|Sucker Punch|p2a: Skarmory","|-fail|p1a: Bisharp","|move|p2a: Skarmory|Roost|p2a: Skarmory","|-heal|p2a: Skarmory|274/333","|","|turn|29","|","|move|p2a: Skarmory|Brave Bird|p1a: Bisharp","|-resisted|p1a: Bisharp","|-damage|p1a: Bisharp|0 fnt","|-damage|p2a: Skarmory|267/333|[from] recoil|[of] p1a: Bisharp","|faint|p1a: Bisharp","|","|","|switch|p1a: Sableye|Sableye, F|303/303","|-damage|p1a: Sableye|266/303|[from] Stealth Rock","|turn|30","|","|win|MrNyanNyanz"],"p1rating":{"entryid":"7361210","serverid":"eos","formatid":"monotype","userid":"emgdemzii","username":"Emg_DemZii","w":"0","l":2,"t":"0","gxe":41.4,"r":"1500","rd":"130","sigma":"0","rptime":"1438592400","rpr":1431.0496081358,"rprd":115.22008200283,"rpsigma":"0","acre":1000,"lacre":1000,"oldacre":"1000"},"p2rating":{"entryid":"6703862","serverid":"eos","formatid":"monotype","userid":"mrnyannyanz","username":"MrNyanNyanz","w":33,"l":"24","t":"0","gxe":55.8,"r":1538.8037937295,"rd":47.610146032348,"sigma":"0","rptime":1438592400,"rpr":1544.1297843174,"rprd":47.23664147882,"rpsigma":"0","acre":1202.1501348092,"lacre":1202.1501348092,"oldacre":"1189.5816418062"},"endType":"forfeit"}