{"seed":[36826,8042,30022,57928],"turns":23,"p1":"Guard Darkrai","p2":"Sovereign♕Cactus","p1team":[{"name":"Beedrill","species":"Beedrill","item":"beedrillite","ability":"Sniper","moves":["fellstinger","poisonjab","uturn","protect"],"nature":"Jolly","evs":{"hp":0,"atk":252,"def":0,"spa":0,"spd":4,"spe":252},"shiny":true,"ivs":{"hp":31,"atk":31,"def":31,"spa":31,"spd":31,"spe":31}},{"name":"Durant","species":"Durant","item":"lifeorb","ability":"Hustle","moves":["ironhead","xscissor","superpower","honeclaws"],"nature":"Jolly","evs":{"hp":0,"atk":252,"def":0,"spa":0,"spd":4,"spe":252},"shiny":true,"ivs":{"hp":31,"atk":31,"def":31,"spa":31,"spd":31,"spe":31}},{"name":"Venomoth","species":"Venomoth","item":"focussash","ability":"Wonder Skin","moves":["quiverdance","bugbuzz","sludgebomb","sleeppowder"],"nature":"Modest","evs":{"hp":0,"atk":0,"def":0,"spa":252,"spd":4,"spe":252},"shiny":true,"ivs":{"hp":31,"atk":31,"def":31,"spa":31,"spd":31,"spe":31}},{"name":"Shuckle","species":"Shuckle","item":"leftovers","ability":"Contrary","moves":["shellsmash","stickyweb","infestation","stealthrock"],"nature":"Modest","evs":{"hp":0,"atk":0,"def":0,"spa":252,"spd":4,"spe":252},"shiny":true,"ivs":{"hp":31,"atk":31,"def":31,"spa":31,"spd":31,"spe":31}},{"name":"Heracross","species":"Heracross","item":"choicescarf","ability":"Moxie","moves":["closecombat","stoneedge","megahorn","knockoff"],"nature":"Jolly","evs":{"hp":0,"atk":252,"def":0,"spa":0,"spd":4,"spe":252},"shiny":true,"ivs":{"hp":31,"atk":31,"def":31,"spa":31,"spd":31,"spe":31}},{"name":"Illumise","species":"Illumise","item":"leftovers","ability":"Prankster","moves":["thunderwave","encore","uturn","tailwind"],"nature":"Careful","evs":{"hp":252,"atk":0,"def":4,"spa":0,"spd":252,"spe":0},"shiny":true,"ivs":{"hp":31,"atk":31,"def":31,"spa":31,"spd":31,"spe":31}}],"p2team":[{"name":"My Little Ponyta","species":"keldeo","item":"leftovers","ability":"Justified","moves":["calmmind","secretsword","scald","substitute"],"nature":"Timid","evs":{"hp":0,"atk":0,"def":0,"spa":252,"spd":4,"spe":252},"ivs":{"hp":31,"atk":31,"def":31,"spa":31,"spd":31,"spe":31}},{"name":"StarOnStarAction","species":"starmie","item":"lifeorb","ability":"Natural Cure","moves":["hydropump","icebeam","psychic","recover"],"nature":"Timid","evs":{"hp":0,"atk":0,"def":0,"spa":252,"spd":4,"spe":252},"shiny":true,"ivs":{"hp":31,"atk":31,"def":31,"spa":31,"spd":31,"spe":31}},{"name":"Pistachios","species":"jellicent","item":"leftovers","ability":"Cursed Body","moves":["shadowball","recover","toxic","taunt"],"nature":"Calm","evs":{"hp":252,"atk":0,"def":4,"spa":0,"spd":252,"spe":0},"gender":"M","shiny":true,"ivs":{"hp":31,"atk":31,"def":31,"spa":31,"spd":31,"spe":31}},{"name":"Bareny","species":"sharpedo","item":"cellbattery","ability":"Speed Boost","moves":["protect","crunch","icefang","waterfall"],"nature":"Adamant","evs":{"hp":0,"atk":252,"def":0,"spa":0,"spd":4,"spe":252},"shiny":true,"ivs":{"hp":31,"atk":31,"def":31,"spa":31,"spd":31,"spe":31}},{"name":"Mulan","species":"gyarados","item":"gyaradosite","ability":"Intimidate","moves":["dragondance","crunch","earthquake","waterfall"],"nature":"Jolly","evs":{"hp":88,"atk":252,"def":0,"spa":0,"spd":0,"spe":168},"gender":"M","shiny":true,"ivs":{"hp":31,"atk":31,"def":31,"spa":31,"spd":31,"spe":31}},{"name":"Butters","species":"azumarill","item":"choiceband","ability":"Sap Sipper","moves":["playrough","waterfall","knockoff","icepunch"],"nature":"Adamant","evs":{"hp":92,"atk":252,"def":0,"spa":0,"spd":0,"spe":164},"shiny":true,"ivs":{"hp":31,"atk":31,"def":31,"spa":31,"spd":31,"spe":31}}],"log":["|player|p1|Guard Darkrai|guarddarkrai.png","|player|p2|Sovereign♕Cactus|251","|gametype|singles","|gen|6","|tier|Monotype","|rated","|rule|Baton Pass Clause: Limit one Baton Passer, can't pass Spe and other stats simultaneously","|rule|Swagger Clause: Swagger is banned","|rule|Same Type Clause: Pokémon in a team must share a type","|clearpoke","|poke|p1|Beedrill, F, shiny","|poke|p1|Durant, F, shiny","|poke|p1|Venomoth, M, shiny","|poke|p1|Shuckle, F, shiny","|poke|p1|Heracross, F, shiny","|poke|p1|Illumise, F, shiny","|poke|p2|Keldeo","|poke|p2|Starmie, shiny","|poke|p2|Jellicent, M, shiny","|poke|p2|Sharpedo, F, shiny","|poke|p2|Gyarados, M, shiny","|poke|p2|Azumarill, M, shiny","|rule|Sleep Clause Mod: Limit one foe put to sleep","|rule|Species Clause: Limit one of each Pokémon","|rule|OHKO Clause: OHKO moves are banned","|rule|Moody Clause: Moody is banned","|rule|Evasion Moves Clause: Evasion moves are banned","|rule|Endless Battle Clause: Forcing endless battles is banned","|rule|HP Percentage Mod: HP is shown in percentages","|teampreview","|","|start","|switch|p1a: Shuckle|Shuckle, F, shiny|181/181","|switch|p2a: StarOnStarAction|Starmie, shiny|261/261","|turn|1","|","|move|p2a: StarOnStarAction|Hydro Pump|p1a: Shuckle|[miss]","|-miss|p2a: StarOnStarAction|p1a: Shuckle","|move|p1a: Shuckle|Infestation|p2a: StarOnStarAction","|-supereffective|p2a: StarOnStarAction","|-damage|p2a: StarOnStarAction|231/261","|-activate|p2a: StarOnStarAction|move: Infestation|[of] p1a: Shuckle","|","|-damage|p2a: StarOnStarAction|199/261|[from] move: Infestation|[partiallytrapped]","|turn|2","|","|move|p2a: StarOnStarAction|Hydro Pump|p1a: Shuckle","|-supereffective|p1a: Shuckle","|-damage|p1a: Shuckle|0 fnt","|-damage|p2a: StarOnStarAction|173/261|[from] item: Life Orb","|faint|p1a: Shuckle","|","|","|switch|p1a: Beedrill|Beedrill, F, shiny|271/271","|turn|3","|","|detailschange|p1a: Beedrill|Beedrill-Mega, F, shiny","|-mega|p1a: Beedrill|Beedrill|Beedrillite","|move|p1a: Beedrill|Protect|p1a: Beedrill","|-singleturn|p1a: Beedrill|Protect","|move|p2a: StarOnStarAction|Hydro Pump|p1a: Beedrill","|-activate|p1a: Beedrill|Protect","|","|turn|4","|","|switch|p2a: My Little Ponyta|Keldeo|323/323","|move|p1a: Beedrill|Fell Stinger|p2a: My Little Ponyta","|-resisted|p2a: My Little Ponyta","|-damage|p2a: My Little Ponyta|276/323","|","|-heal|p2a: My Little Ponyta|296/323|[from] item: Leftovers","|turn|5","|","|move|p1a: Beedrill|Poison Jab|p2a: My Little Ponyta","|-damage|p2a: My Little Ponyta|56/323","|move|p2a: My Little Ponyta|Scald|p1a: Beedrill","|-damage|p1a: Beedrill|105/271","|","|-heal|p2a: My Little Ponyta|76/323|[from] item: Leftovers","|turn|6","|","|switch|p2a: Pistachios|Jellicent, M, shiny|404/404","|move|p1a: Beedrill|Poison Jab|p2a: Pistachios","|-resisted|p2a: Pistachios","|-damage|p2a: Pistachios|262/404","|-status|p2a: Pistachios|psn","|","|-heal|p2a: Pistachios|287/404 psn|[from] item: Leftovers","|-damage|p2a: Pistachios|237/404 psn|[from] psn","|turn|7","|","|move|p1a: Beedrill|U-turn|p2a: Pistachios","|-resisted|p2a: Pistachios","|-damage|p2a: Pistachios|106/404 psn","|","|switch|p1a: Illumise|Illumise, F, shiny|334/334","|move|p2a: Pistachios|Shadow Ball|p1a: Illumise","|-damage|p1a: Illumise|262/334","|-unboost|p1a: Illumise|spd|1","|","|-heal|p1a: Illumise|282/334|[from] item: Leftovers","|-heal|p2a: Pistachios|131/404 psn|[from] item: Leftovers","|-damage|p2a: Pistachios|81/404 psn|[from] psn","|turn|8","|","|move|p1a: Illumise|Encore|p2a: Pistachios","|-start|p2a: Pistachios|Encore","|move|p2a: Pistachios|Shadow Ball|p1a: Illumise","|-damage|p1a: Illumise|177/334","|-unboost|p1a: Illumise|spd|1","|","|-heal|p1a: Illumise|197/334|[from] item: Leftovers","|-heal|p2a: Pistachios|106/404 psn|[from] item: Leftovers","|-damage|p2a: Pistachios|56/404 psn|[from] psn","|turn|9","|","|move|p1a: Illumise|U-turn|p2a: Pistachios","|-resisted|p2a: Pistachios","|-damage|p2a: Pistachios|26/404 psn","|","|switch|p1a: Beedrill|Beedrill-Mega, F, shiny|105/271","|move|p2a: Pistachios|Shadow Ball|p1a: Beedrill","|-damage|p1a: Beedrill|12/271","|","|-heal|p2a: Pistachios|51/404 psn|[from] item: Leftovers","|-damage|p2a: Pistachios|1/404 psn|[from] psn","|turn|10","|","|move|p1a: Beedrill|Fell Stinger|p2a: Pistachios","|-resisted|p2a: Pistachios","|-damage|p2a: Pistachios|0 fnt","|-boost|p1a: Beedrill|atk|2","|faint|p2a: Pistachios","|","|","|switch|p2a: Butters|Azumarill, M, shiny|364/364","|turn|11","|","|switch|p1a: Venomoth|Venomoth, M, shiny|281/281","|switch|p2a: StarOnStarAction|Starmie, shiny|173/261","|","|turn|12","|","|move|p2a: StarOnStarAction|Psychic|p1a: Venomoth","|-supereffective|p1a: Venomoth","|-enditem|p1a: Venomoth|Focus Sash","|-damage|p1a: Venomoth|1/281","|-damage|p2a: StarOnStarAction|147/261|[from] item: Life Orb","|move|p1a: Venomoth|Bug Buzz|p2a: StarOnStarAction","|-supereffective|p2a: StarOnStarAction","|-damage|p2a: StarOnStarAction|0 fnt","|faint|p2a: StarOnStarAction","|","|","|switch|p2a: Mulan|Gyarados, M, shiny|353/353","|-ability|p2a: Mulan|Intimidate","|-unboost|p1a: Venomoth|atk|1","|turn|13","|","|detailschange|p2a: Mulan|Gyarados-Mega, M, shiny","|-mega|p2a: Mulan|Gyarados|Gyaradosite","|-ability|p2a: Mulan|Mold Breaker","|move|p1a: Venomoth|Sleep Powder|p2a: Mulan","|-status|p2a: Mulan|slp","|cant|p2a: Mulan|slp","|","|turn|14","|","|switch|p2a: Bareny|Sharpedo, F, shiny|281/281","|move|p1a: Venomoth|Quiver Dance|p1a: Venomoth","|-boost|p1a: Venomoth|spa|1","|-boost|p1a: Venomoth|spd|1","|-boost|p1a: Venomoth|spe|1","|","|turn|15","|","|move|p2a: Bareny|Protect|p2a: Bareny","|-singleturn|p2a: Bareny|Protect","|move|p1a: Venomoth|Bug Buzz|p2a: Bareny","|-activate|p2a: Bareny|Protect","|","|-boost|p2a: Bareny|spe|1|[from] ability: Speed Boost","|turn|16","|","|move|p2a: Bareny|Crunch|p1a: Venomoth","|-damage|p1a: Venomoth|0 fnt","|faint|p1a: Venomoth","|","|-boost|p2a: Bareny|spe|1|[from] ability: Speed Boost","|","|switch|p1a: Durant|Durant, F, shiny|257/257","|turn|17","|","|move|p2a: Bareny|Waterfall|p1a: Durant","|-damage|p1a: Durant|118/257","|move|p1a: Durant|X-Scissor|p2a: Bareny|[miss]","|-miss|p1a: Durant|p2a: Bareny","|","|-boost|p2a: Bareny|spe|1|[from] ability: Speed Boost","|turn|18","|","|move|p2a: Bareny|Waterfall|p1a: Durant","|-damage|p1a: Durant|0 fnt","|faint|p1a: Durant","|","|-boost|p2a: Bareny|spe|1|[from] ability: Speed Boost","|","|switch|p1a: Heracross|Heracross, F, shiny|301/301","|turn|19","|","|move|p2a: Bareny|Waterfall|p1a: Heracross","|-crit|p1a: Heracross","|-damage|p1a: Heracross|9/301","|cant|p1a: Heracross|flinch","|","|-boost|p2a: Bareny|spe|1|[from] ability: Speed Boost","|turn|20","|","|move|p2a: Bareny|Waterfall|p1a: Heracross","|-damage|p1a: Heracross|0 fnt","|faint|p1a: Heracross","|","|-boost|p2a: Bareny|spe|1|[from] ability: Speed Boost","|","|switch|p1a: Illumise|Illumise, F, shiny|197/334","|turn|21","|","|move|p1a: Illumise|Thunder Wave|p2a: Bareny","|-status|p2a: Bareny|par","|move|p2a: Bareny|Waterfall|p1a: Illumise","|-damage|p1a: Illumise|0 fnt","|faint|p1a: Illumise","|","|","|switch|p1a: Beedrill|Beedrill-Mega, F, shiny|12/271","|turn|22","|","|move|p1a: Beedrill|U-turn|p2a: Bareny","|-supereffective|p2a: Bareny","|-damage|p2a: Bareny|0 fnt","|faint|p2a: Bareny","|","|","|switch|p2a: Mulan|Gyarados-Mega, M, shiny|353/353 slp","|-ability|p2a: Mulan|Mold Breaker","|turn|23","|","|move|p1a: Beedrill|Fell Stinger|p2a: Mulan","|-supereffective|p2a: Mulan","|-damage|p2a: Mulan|201/353 slp","|-curestatus|p2a: Mulan|slp","|move|p2a: Mulan|Waterfall|p1a: Beedrill","|-damage|p1a: Beedrill|0 fnt","|faint|p1a: Beedrill","|","|win|Sovereign♕Cactus"],"p1rating":{"entryid":"6034648","serverid":"eos","formatid":"monotype","userid":"guarddarkrai","username":"Guard Darkrai","w":"51","l":57,"t":"0","gxe":47.7,"r":"1488.6159366829","rd":"39.621397946879","sigma":"0","rptime":"1438592400","rpr":1482.2679367072,"rprd":37.877995348111,"rpsigma":"0","acre":1067.3155599465,"lacre":1067.3155599465,"oldacre":"1085.6592101655"},"p2rating":{"entryid":"6867552","serverid":"eos","formatid":"monotype","userid":"sovereigncactus","username":"Sovereign♕Cactus","w":72,"l":"84","t":"0","gxe":45.7,"r":"1456.4259544297","rd":"30.025299364035","sigma":"0","rptime":"1438592400","rpr":1467.4344409016,"rprd":29.235130734672,"rpsigma":"0","acre":1175.1445811433,"lacre":1175.1445811433,"oldacre":"1155.0739595255"},"endType":"normal"}