{"seed":[5828,11461,40958,7609],"turns":37,"p1":"jackker","p2":"Sovereign♕Blake","p1team":[{"name":"Azumarill","species":"Azumarill","item":"sitrusberry","ability":"Huge Power","moves":["aquajet","bellydrum","waterfall","brickbreak"],"nature":"Adamant","evs":{"hp":252,"atk":252,"def":4,"spa":0,"spd":0,"spe":0},"ivs":{"hp":31,"atk":31,"def":31,"spa":31,"spd":31,"spe":31}},{"name":"Granbull","species":"Granbull","item":"focussash","ability":"Intimidate","moves":["thunderwave","closecombat","earthquake","playrough"],"nature":"Adamant","evs":{"hp":252,"atk":152,"def":104,"spa":0,"spd":0,"spe":0},"ivs":{"hp":31,"atk":31,"def":31,"spa":31,"spd":31,"spe":31}},{"name":"Diancie","species":"Diancie","item":"diancite","ability":"Clear Body","moves":["moonblast","earthpower","diamondstorm","rockpolish"],"nature":"Modest","evs":{"hp":92,"atk":0,"def":0,"spa":208,"spd":0,"spe":208},"ivs":{"hp":31,"atk":31,"def":31,"spa":31,"spd":31,"spe":31}},{"name":"Togekiss","species":"Togekiss","item":"leftovers","ability":"Serene Grace","moves":["flamethrower","airslash","defog","roost"],"nature":"Modest","evs":{"hp":252,"atk":0,"def":0,"spa":0,"spd":252,"spe":0},"ivs":{"hp":31,"atk":31,"def":31,"spa":31,"spd":31,"spe":31}},{"name":"Gardevoir","species":"Gardevoir","item":"assaultvest","ability":"Trace","moves":["energyball","psyshock","moonblast","hiddenpowerfire"],"nature":"Calm","evs":{"hp":252,"atk":0,"def":0,"spa":212,"spd":44,"spe":0},"ivs":{"hp":31,"atk":30,"def":31,"spa":30,"spd":31,"spe":30}},{"name":"Klefki","species":"Klefki","item":"lightclay","ability":"Prankster","moves":["thunderwave","reflect","lightscreen","foulplay"],"nature":"Impish","evs":{"hp":252,"atk":0,"def":252,"spa":0,"spd":0,"spe":0},"ivs":{"hp":31,"atk":31,"def":31,"spa":31,"spd":31,"spe":31}}],"p2team":[{"name":"Terrakion","species":"Terrakion","item":"choicescarf","ability":"Justified","moves":["closecombat","stoneedge","ironhead","poisonjab"],"nature":"Jolly","evs":{"hp":0,"atk":252,"def":0,"spa":0,"spd":4,"spe":252},"ivs":{"hp":31,"atk":31,"def":31,"spa":31,"spd":31,"spe":31}},{"name":"Tyranitar","species":"Tyranitar","item":"leftovers","ability":"Sand Stream","moves":["stealthrock","crunch","stoneedge","earthquake"],"nature":"Adamant","evs":{"hp":252,"atk":252,"def":0,"spa":0,"spd":4,"spe":0},"gender":"M","ivs":{"hp":31,"atk":31,"def":31,"spa":31,"spd":31,"spe":31}},{"name":"Aggron","species":"Aggron","item":"aggronite","ability":"Sturdy","moves":["rest","sleeptalk","heavyslam","curse"],"nature":"Impish","evs":{"hp":248,"atk":8,"def":252,"spa":0,"spd":0,"spe":0},"gender":"M","shiny":true,"ivs":{"hp":31,"atk":31,"def":31,"spa":31,"spd":31,"spe":31}},{"name":"Cradily","species":"Cradily","item":"leftovers","ability":"Storm Drain","moves":["gigadrain","recover","toxic","ancientpower"],"nature":"Calm","evs":{"hp":252,"atk":0,"def":0,"spa":4,"spd":252,"spe":0},"gender":"M","ivs":{"hp":31,"atk":31,"def":31,"spa":31,"spd":31,"spe":31}},{"name":"Rhyperior","species":"Rhyperior","item":"assaultvest","ability":"Solid Rock","moves":["megahorn","stoneedge","earthquake","thunderpunch"],"nature":"Adamant","evs":{"hp":248,"atk":252,"def":0,"spa":0,"spd":8,"spe":0},"gender":"M","ivs":{"hp":31,"atk":31,"def":31,"spa":31,"spd":31,"spe":31}},{"name":"Diancie","species":"Diancie","item":"leftovers","ability":"Clear Body","moves":["trickroom","moonblast","diamondstorm","earthpower"],"nature":"Quiet","evs":{"hp":252,"atk":4,"def":0,"spa":252,"spd":0,"spe":0},"ivs":{"hp":31,"atk":31,"def":31,"spa":31,"spd":31,"spe":0}}],"log":["|player|p1|jackker|196","|player|p2|Sovereign♕Blake|169","|gametype|singles","|gen|6","|tier|Monotype","|rated","|rule|Baton Pass Clause: Limit one Baton Passer, can't pass Spe and other stats simultaneously","|rule|Swagger Clause: Swagger is banned","|rule|Same Type Clause: Pokémon in a team must share a type","|clearpoke","|poke|p1|Azumarill, F","|poke|p1|Granbull, M","|poke|p1|Diancie","|poke|p1|Togekiss, M","|poke|p1|Gardevoir, M","|poke|p1|Klefki, F","|poke|p2|Terrakion","|poke|p2|Tyranitar, M","|poke|p2|Aggron, M, shiny","|poke|p2|Cradily, M","|poke|p2|Rhyperior, M","|poke|p2|Diancie","|rule|Sleep Clause Mod: Limit one foe put to sleep","|rule|Species Clause: Limit one of each Pokémon","|rule|OHKO Clause: OHKO moves are banned","|rule|Moody Clause: Moody is banned","|rule|Evasion Moves Clause: Evasion moves are banned","|rule|Endless Battle Clause: Forcing endless battles is banned","|rule|HP Percentage Mod: HP is shown in percentages","|teampreview","|","|start","|switch|p1a: Granbull|Granbull, M|384/384","|switch|p2a: Rhyperior|Rhyperior, M|433/433","|-ability|p1a: Granbull|Intimidate","|-unboost|p2a: Rhyperior|atk|1","|turn|1","|","|move|p1a: Granbull|Close Combat|p2a: Rhyperior","|-supereffective|p2a: Rhyperior","|-damage|p2a: Rhyperior|280/433","|-unboost|p1a: Granbull|def|1","|-unboost|p1a: Granbull|spd|1","|move|p2a: Rhyperior|Earthquake|p1a: Granbull","|-damage|p1a: Granbull|173/384","|","|turn|2","|","|switch|p1a: Togekiss|Togekiss, M|374/374","|move|p2a: Rhyperior|Earthquake|p1a: Togekiss","|-immune|p1a: Togekiss|[msg]","|","|turn|3","|","|switch|p1a: Klefki|Klefki, F|318/318","|move|p2a: Rhyperior|Stone Edge|p1a: Klefki|[miss]","|-miss|p2a: Rhyperior|p1a: Klefki","|","|turn|4","|","|move|p1a: Klefki|Reflect|p1a: Klefki","|-sidestart|p1: jackker|Reflect","|move|p2a: Rhyperior|Earthquake|p1a: Klefki","|-supereffective|p1a: Klefki","|-damage|p1a: Klefki|218/318","|","|turn|5","|","|switch|p1a: Granbull|Granbull, M|173/384","|-ability|p1a: Granbull|Intimidate","|-unboost|p2a: Rhyperior|atk|1","|move|p2a: Rhyperior|Earthquake|p1a: Granbull","|-damage|p1a: Granbull|113/384","|","|turn|6","|","|switch|p2a: Tyranitar|Tyranitar, M|404/404","|-weather|Sandstorm","|move|p1a: Granbull|Earthquake|p2a: Tyranitar","|-supereffective|p2a: Tyranitar","|-damage|p2a: Tyranitar|188/404","|","|-weather|Sandstorm|[upkeep]","|-damage|p1a: Granbull|89/384|[from] sandstorm","|-heal|p2a: Tyranitar|213/404|[from] item: Leftovers","|turn|7","|","|move|p2a: Tyranitar|Stealth Rock|p1a: Granbull","|-sidestart|p1: jackker|move: Stealth Rock","|move|p1a: Granbull|Earthquake|p2a: Tyranitar","|-supereffective|p2a: Tyranitar","|-damage|p2a: Tyranitar|0 fnt","|faint|p2a: Tyranitar","|","|-weather|Sandstorm|[upkeep]","|-damage|p1a: Granbull|65/384|[from] sandstorm","|","|switch|p2a: Terrakion|Terrakion|323/323","|turn|8","|","|move|p2a: Terrakion|Iron Head|p1a: Granbull","|-supereffective|p1a: Granbull","|-damage|p1a: Granbull|0 fnt","|faint|p1a: Granbull","|","|-weather|Sandstorm|[upkeep]","|","|switch|p1a: Klefki|Klefki, F|218/318","|-damage|p1a: Klefki|199/318|[from] Stealth Rock","|turn|9","|","|switch|p2a: Rhyperior|Rhyperior, M|280/433","|move|p1a: Klefki|Thunder Wave|p2a: Rhyperior","|-immune|p2a: Rhyperior|[msg]","|","|-weather|Sandstorm|[upkeep]","|turn|10","|","|switch|p1a: Togekiss|Togekiss, M|374/374","|-damage|p1a: Togekiss|281/374|[from] Stealth Rock","|move|p2a: Rhyperior|Earthquake|p1a: Togekiss","|-immune|p1a: Togekiss|[msg]","|","|-weather|none","|-heal|p1a: Togekiss|304/374|[from] item: Leftovers","|turn|11","|","|move|p1a: Togekiss|Defog|p2a: Rhyperior","|-unboost|p2a: Rhyperior|evasion|1","|-sideend|p1: jackker|Stealth Rock|[from] move: Defog|[of] p1a: Togekiss","|move|p2a: Rhyperior|Stone Edge|p1a: Togekiss","|-supereffective|p1a: Togekiss","|-damage|p1a: Togekiss|90/374","|","|-heal|p1a: Togekiss|113/374|[from] item: Leftovers","|-sideend|p1: jackker|Reflect","|turn|12","|","|move|p1a: Togekiss|Air Slash|p2a: Rhyperior","|-resisted|p2a: Rhyperior","|-damage|p2a: Rhyperior|215/433","|cant|p2a: Rhyperior|flinch","|","|-heal|p1a: Togekiss|136/374|[from] item: Leftovers","|turn|13","|","|switch|p1a: Klefki|Klefki, F|199/318","|move|p2a: Rhyperior|Thunder Punch|p1a: Klefki","|-damage|p1a: Klefki|115/318","|","|turn|14","|","|move|p1a: Klefki|Reflect|p1a: Klefki","|-sidestart|p1: jackker|Reflect","|move|p2a: Rhyperior|Earthquake|p1a: Klefki","|-supereffective|p1a: Klefki","|-damage|p1a: Klefki|0 fnt","|faint|p1a: Klefki","|","|","|switch|p1a: Gardevoir|Gardevoir, M|340/340","|-ability|p1a: Gardevoir|Solid Rock|[from] ability: Trace|[of] p2a: Rhyperior","|turn|15","|","|move|p1a: Gardevoir|Energy Ball|p2a: Rhyperior","|-crit|p2a: Rhyperior","|-supereffective|p2a: Rhyperior","|-damage|p2a: Rhyperior|0 fnt","|faint|p2a: Rhyperior","|","|","|switch|p2a: Aggron|Aggron, M, shiny|343/343","|turn|16","|","|detailschange|p2a: Aggron|Aggron-Mega, M, shiny","|-mega|p2a: Aggron|Aggron|Aggronite","|move|p1a: Gardevoir|Hidden Power|p2a: Aggron","|-supereffective|p2a: Aggron","|-damage|p2a: Aggron|228/343","|move|p2a: Aggron|Curse|p2a: Aggron","|-unboost|p2a: Aggron|spe|1","|-boost|p2a: Aggron|atk|1","|-boost|p2a: Aggron|def|1","|","|turn|17","|","|move|p1a: Gardevoir|Hidden Power|p2a: Aggron","|-supereffective|p2a: Aggron","|-damage|p2a: Aggron|105/343","|move|p2a: Aggron|Heavy Slam|p1a: Gardevoir","|-supereffective|p1a: Gardevoir","|-damage|p1a: Gardevoir|13/340","|","|turn|18","|","|move|p1a: Gardevoir|Hidden Power|p2a: Aggron","|-supereffective|p2a: Aggron","|-damage|p2a: Aggron|0 fnt","|faint|p2a: Aggron","|","|","|switch|p2a: Terrakion|Terrakion|323/323","|turn|19","|","|move|p2a: Terrakion|Poison Jab|p1a: Gardevoir","|-supereffective|p1a: Gardevoir","|-damage|p1a: Gardevoir|0 fnt","|faint|p1a: Gardevoir","|","|","|switch|p1a: Diancie|Diancie|264/264","|turn|20","|","|switch|p2a: Cradily|Cradily, M|376/376","|detailschange|p1a: Diancie|Diancie-Mega","|-mega|p1a: Diancie|Diancie|Diancite","|move|p1a: Diancie|Rock Polish|p1a: Diancie","|-boost|p1a: Diancie|spe|2","|","|turn|21","|","|move|p1a: Diancie|Earth Power|p2a: Cradily","|-damage|p2a: Cradily|278/376","|move|p2a: Cradily|Giga Drain|p1a: Diancie","|-crit|p1a: Diancie","|-supereffective|p1a: Diancie","|-damage|p1a: Diancie|70/264","|-heal|p2a: Cradily|375/376|[from] drain|[of] p1a: Diancie","|","|-heal|p2a: Cradily|376/376|[from] item: Leftovers","|-sideend|p1: jackker|Reflect","|turn|22","|","|switch|p1a: Togekiss|Togekiss, M|136/374","|move|p2a: Cradily|Giga Drain|p1a: Togekiss","|-resisted|p1a: Togekiss","|-damage|p1a: Togekiss|109/374","|","|-heal|p1a: Togekiss|132/374|[from] item: Leftovers","|turn|23","|","|move|p1a: Togekiss|Roost|p1a: Togekiss","|-heal|p1a: Togekiss|319/374","|move|p2a: Cradily|Ancient Power|p1a: Togekiss","|-damage|p1a: Togekiss|276/374","|","|-heal|p1a: Togekiss|299/374|[from] item: Leftovers","|turn|24","|","|move|p1a: Togekiss|Air Slash|p2a: Cradily","|-damage|p2a: Cradily|297/376","|cant|p2a: Cradily|flinch","|","|-heal|p1a: Togekiss|322/374|[from] item: Leftovers","|-heal|p2a: Cradily|320/376|[from] item: Leftovers","|turn|25","|","|move|p1a: Togekiss|Air Slash|p2a: Cradily","|-damage|p2a: Cradily|247/376","|move|p2a: Cradily|Ancient Power|p1a: Togekiss","|-supereffective|p1a: Togekiss","|-damage|p1a: Togekiss|238/374","|","|-heal|p1a: Togekiss|261/374|[from] item: Leftovers","|-heal|p2a: Cradily|270/376|[from] item: Leftovers","|turn|26","|","|move|p1a: Togekiss|Air Slash|p2a: Cradily","|-damage|p2a: Cradily|188/376","|cant|p2a: Cradily|flinch","|","|-heal|p1a: Togekiss|284/374|[from] item: Leftovers","|-heal|p2a: Cradily|211/376|[from] item: Leftovers","|turn|27","|","|move|p1a: Togekiss|Air Slash|p2a: Cradily","|-damage|p2a: Cradily|129/376","|move|p2a: Cradily|Toxic|p1a: Togekiss","|-status|p1a: Togekiss|tox","|","|-heal|p1a: Togekiss|307/374 tox|[from] item: Leftovers","|-heal|p2a: Cradily|152/376|[from] item: Leftovers","|-damage|p1a: Togekiss|284/374 tox|[from] psn","|turn|28","|","|move|p1a: Togekiss|Air Slash|p2a: Cradily","|-damage|p2a: Cradily|71/376","|cant|p2a: Cradily|flinch","|","|-heal|p1a: Togekiss|307/374 tox|[from] item: Leftovers","|-heal|p2a: Cradily|94/376|[from] item: Leftovers","|-damage|p1a: Togekiss|261/374 tox|[from] psn","|turn|29","|","|move|p1a: Togekiss|Air Slash|p2a: Cradily","|-damage|p2a: Cradily|15/376","|move|p2a: Cradily|Recover|p2a: Cradily","|-heal|p2a: Cradily|203/376","|","|-heal|p1a: Togekiss|284/374 tox|[from] item: Leftovers","|-heal|p2a: Cradily|226/376|[from] item: Leftovers","|-damage|p1a: Togekiss|215/374 tox|[from] psn","|turn|30","|","|move|p1a: Togekiss|Air Slash|p2a: Cradily","|-damage|p2a: Cradily|142/376","|move|p2a: Cradily|Recover|p2a: Cradily","|-heal|p2a: Cradily|330/376","|","|-heal|p1a: Togekiss|238/374 tox|[from] item: Leftovers","|-heal|p2a: Cradily|353/376|[from] item: Leftovers","|-damage|p1a: Togekiss|146/374 tox|[from] psn","|turn|31","|","|move|p1a: Togekiss|Air Slash|p2a: Cradily","|-damage|p2a: Cradily|278/376","|cant|p2a: Cradily|flinch","|","|-heal|p1a: Togekiss|169/374 tox|[from] item: Leftovers","|-heal|p2a: Cradily|301/376|[from] item: Leftovers","|-damage|p1a: Togekiss|54/374 tox|[from] psn","|turn|32","|","|move|p1a: Togekiss|Air Slash|p2a: Cradily","|-damage|p2a: Cradily|228/376","|cant|p2a: Cradily|flinch","|","|-heal|p1a: Togekiss|77/374 tox|[from] item: Leftovers","|-heal|p2a: Cradily|251/376|[from] item: Leftovers","|-damage|p1a: Togekiss|0 fnt|[from] psn","|faint|p1a: Togekiss","|","|switch|p1a: Azumarill|Azumarill, F|404/404","|turn|33","|","|move|p1a: Azumarill|Brick Break|p2a: Cradily","|-supereffective|p2a: Cradily","|-damage|p2a: Cradily|35/376","|move|p2a: Cradily|Giga Drain|p1a: Azumarill","|-supereffective|p1a: Azumarill","|-damage|p1a: Azumarill|216/404","|-heal|p2a: Cradily|129/376|[from] drain|[of] p1a: Azumarill","|","|-heal|p2a: Cradily|152/376|[from] item: Leftovers","|turn|34","|","|move|p1a: Azumarill|Brick Break|p2a: Cradily","|-supereffective|p2a: Cradily","|-damage|p2a: Cradily|0 fnt","|faint|p2a: Cradily","|","|","|switch|p2a: Diancie|Diancie|304/304","|turn|35","|","|move|p1a: Azumarill|Waterfall|p2a: Diancie","|-supereffective|p2a: Diancie","|-damage|p2a: Diancie|62/304","|move|p2a: Diancie|Trick Room|p2a: Diancie","|-fieldstart|move: Trick Room|[of] p2a: Diancie","|","|-heal|p2a: Diancie|81/304|[from] item: Leftovers","|turn|36","|","|move|p1a: Azumarill|Aqua Jet|p2a: Diancie","|-supereffective|p2a: Diancie","|-damage|p2a: Diancie|0 fnt","|faint|p2a: Diancie","|","|","|switch|p2a: Terrakion|Terrakion|323/323","|turn|37","|","|move|p1a: Azumarill|Waterfall|p2a: Terrakion","|-supereffective|p2a: Terrakion","|-damage|p2a: Terrakion|0 fnt","|faint|p2a: Terrakion","|","|win|jackker"],"p1rating":{"entryid":"6396823","serverid":"eos","formatid":"monotype","userid":"jackker","username":"jackker","w":21,"l":"6","t":"0","gxe":72.9,"r":"1682.6133122826","rd":"74.959178858919","sigma":"0","rptime":"1438592400","rpr":1689.7131164643,"rprd":69.307536334139,"rpsigma":"0","acre":1296.5115176802,"lacre":1296.5115176802,"oldacre":"1286.4210772994"},"p2rating":{"entryid":"7151294","serverid":"eos","formatid":"monotype","userid":"sovereignblake","username":"Sovereign♕Blake","w":"11","l":15,"t":"0","gxe":41,"r":"1443.4184595138","rd":"65.349380319769","sigma":"0","rptime":"1438592400","rpr":1430.0949723531,"rprd":63.714661291173,"rpsigma":"0","acre":1040.639109113,"lacre":1040.639109113,"oldacre":"1047.5543513481"},"endType":"normal"}