{"seed":[19669,13620,43552,25845],"turns":27,"p1":"MrNyanNyanz","p2":"Knight♕Sealeo","p1team":[{"name":"Nyxia","species":"liepard","item":"ironball","ability":"Prankster","moves":["thunderwave","taunt","trick","assist"],"nature":"Naive","evs":{"hp":0,"atk":128,"def":0,"spa":128,"spd":0,"spe":252},"ivs":{"hp":31,"atk":31,"def":31,"spa":31,"spd":31,"spe":31}},{"name":"Houndoom","species":"Houndoom","item":"houndoominite","ability":"Flash Fire","moves":["nastyplot","protect","darkpulse","flamethrower"],"nature":"Timid","evs":{"hp":0,"atk":0,"def":0,"spa":252,"spd":4,"spe":252},"ivs":{"hp":31,"atk":31,"def":31,"spa":31,"spd":31,"spe":31}},{"name":"2Sharp","species":"bisharp","item":"choicescarf","ability":"Defiant","moves":["suckerpunch","ironhead","knockoff","stoneedge"],"nature":"Jolly","evs":{"hp":0,"atk":252,"def":0,"spa":0,"spd":4,"spe":252},"shiny":true,"ivs":{"hp":31,"atk":31,"def":31,"spa":31,"spd":31,"spe":31}},{"name":"Stall","species":"sableye","item":"leftovers","ability":"Prankster","moves":["recover","willowisp","toxic","shadowball"],"nature":"Calm","evs":{"hp":252,"atk":0,"def":0,"spa":4,"spd":252,"spe":0},"shiny":true,"ivs":{"hp":31,"atk":31,"def":31,"spa":31,"spd":31,"spe":31}},{"name":"Drago","species":"hydreigon","item":"choicescarf","ability":"Levitate","moves":["earthpower","darkpulse","dracometeor","flashcannon"],"nature":"Timid","evs":{"hp":0,"atk":0,"def":0,"spa":252,"spd":4,"spe":252},"shiny":true,"ivs":{"hp":31,"atk":31,"def":31,"spa":31,"spd":31,"spe":31}},{"name":"Mandibuzz","species":"Mandibuzz","item":"rockyhelmet","ability":"Overcoat","moves":["bravebird","roost","defog","knockoff"],"nature":"Impish","evs":{"hp":248,"atk":8,"def":252,"spa":0,"spd":0,"spe":0},"ivs":{"hp":31,"atk":31,"def":31,"spa":31,"spd":31,"spe":31}}],"p2team":[{"name":"Smeargle","species":"Smeargle","item":"focussash","ability":"Own Tempo","moves":["spore","stickyweb","stealthrock","transform"],"nature":"Timid","evs":{"hp":252,"atk":0,"def":4,"spa":0,"spd":0,"spe":252},"ivs":{"hp":31,"atk":31,"def":31,"spa":31,"spd":31,"spe":31}},{"name":"Lopunny","species":"Lopunny","item":"lopunnite","ability":"Limber","moves":["fakeout","quickattack","highjumpkick","return"],"nature":"Jolly","evs":{"hp":4,"atk":252,"def":0,"spa":0,"spd":0,"spe":252},"ivs":{"hp":31,"atk":31,"def":31,"spa":31,"spd":31,"spe":31}},{"name":"Meloetta","species":"Meloetta","item":"assaultvest","ability":"Serene Grace","moves":["dazzlinggleam","shadowball","hypervoice","hiddenpowerpoison"],"nature":"Calm","evs":{"hp":252,"atk":0,"def":0,"spa":4,"spd":252,"spe":0},"ivs":{"hp":31,"atk":31,"def":30,"spa":30,"spd":30,"spe":31}},{"name":"Diggersby","species":"Diggersby","item":"focussash","ability":"Huge Power","moves":["earthquake","quickattack","swordsdance","return"],"nature":"Adamant","evs":{"hp":4,"atk":252,"def":0,"spa":0,"spd":0,"spe":252},"ivs":{"hp":31,"atk":31,"def":31,"spa":31,"spd":31,"spe":31}},{"name":"Porygon2","species":"Porygon2","item":"eviolite","ability":"Trace","moves":["icebeam","thunderbolt","recover","thunderwave"],"nature":"Bold","evs":{"hp":176,"atk":0,"def":252,"spa":0,"spd":80,"spe":0},"ivs":{"hp":31,"atk":30,"def":31,"spa":30,"spd":31,"spe":30}},{"name":"Porygon-Z","species":"Porygon-Z","item":"focussash","ability":"Adaptability","moves":["triattack","icebeam","hiddenpowerfire","nastyplot"],"nature":"Timid","evs":{"hp":4,"atk":0,"def":0,"spa":252,"spd":0,"spe":252},"ivs":{"hp":31,"atk":30,"def":31,"spa":30,"spd":31,"spe":30}}],"log":["|player|p1|MrNyanNyanz|mrnyannyanz.png","|player|p2|Knight♕Sealeo|knightkingdra.png","|gametype|singles","|gen|6","|tier|Monotype","|rated","|rule|Baton Pass Clause: Limit one Baton Passer, can't pass Spe and other stats simultaneously","|rule|Swagger Clause: Swagger is banned","|rule|Same Type Clause: Pokémon in a team must share a type","|clearpoke","|poke|p1|Liepard, M","|poke|p1|Houndoom, F","|poke|p1|Bisharp, M, shiny","|poke|p1|Sableye, M, shiny","|poke|p1|Hydreigon, M, shiny","|poke|p1|Mandibuzz, F","|poke|p2|Smeargle, M","|poke|p2|Lopunny, F","|poke|p2|Meloetta","|poke|p2|Diggersby, F","|poke|p2|Porygon2","|poke|p2|Porygon-Z","|rule|Sleep Clause Mod: Limit one foe put to sleep","|rule|Species Clause: Limit one of each Pokémon","|rule|OHKO Clause: OHKO moves are banned","|rule|Moody Clause: Moody is banned","|rule|Evasion Moves Clause: Evasion moves are banned","|rule|Endless Battle Clause: Forcing endless battles is banned","|rule|HP Percentage Mod: HP is shown in percentages","|teampreview","|","|start","|switch|p1a: Mandibuzz|Mandibuzz, F|423/423","|switch|p2a: Lopunny|Lopunny, F|272/272","|turn|1","|","|switch|p2a: Porygon2|Porygon2|355/355","|-ability|p2a: Porygon2|Overcoat|[from] ability: Trace|[of] p1a: Mandibuzz","|move|p1a: Mandibuzz|Brave Bird|p2a: Porygon2","|-damage|p2a: Porygon2|301/355","|-damage|p1a: Mandibuzz|405/423|[from] recoil|[of] p2a: Porygon2","|","|turn|2","|","|switch|p1a: 2Sharp|Bisharp, M, shiny|271/271","|move|p2a: Porygon2|Ice Beam|p1a: 2Sharp","|-resisted|p1a: 2Sharp","|-damage|p1a: 2Sharp|222/271","|","|turn|3","|","|move|p1a: 2Sharp|Knock Off|p2a: Porygon2","|-damage|p2a: Porygon2|213/355","|-enditem|p2a: Porygon2|Eviolite|[from] move: Knock Off|[of] p1a: 2Sharp","|move|p2a: Porygon2|Thunder Wave|p1a: 2Sharp","|-status|p1a: 2Sharp|par","|","|turn|4","|","|switch|p1a: Nyxia|Liepard, M|269/269","|move|p2a: Porygon2|Recover|p2a: Porygon2","|-heal|p2a: Porygon2|355/355","|","|turn|5","|","|move|p1a: Nyxia|Taunt|p2a: Porygon2","|-start|p2a: Porygon2|move: Taunt","|cant|p2a: Porygon2|move: Taunt|Thunder Wave","|","|turn|6","|","|switch|p1a: 2Sharp|Bisharp, M, shiny|222/271 par","|move|p2a: Porygon2|Thunderbolt|p1a: 2Sharp","|-damage|p1a: 2Sharp|131/271 par","|","|turn|7","|","|move|p2a: Porygon2|Thunderbolt|p1a: 2Sharp","|-damage|p1a: 2Sharp|36/271 par","|move|p1a: 2Sharp|Iron Head|p2a: Porygon2","|-damage|p2a: Porygon2|246/355","|","|-end|p2a: Porygon2|move: Taunt","|turn|8","|","|move|p2a: Porygon2|Thunderbolt|p1a: 2Sharp","|-damage|p1a: 2Sharp|0 fnt","|faint|p1a: 2Sharp","|","|","|switch|p1a: Stall|Sableye, M, shiny|304/304","|turn|9","|","|move|p1a: Stall|Toxic|p2a: Porygon2","|-status|p2a: Porygon2|tox","|move|p2a: Porygon2|Thunderbolt|p1a: Stall","|-damage|p1a: Stall|238/304","|","|-heal|p1a: Stall|257/304|[from] item: Leftovers","|-damage|p2a: Porygon2|224/355 tox|[from] psn","|turn|10","|","|move|p1a: Stall|Recover|p1a: Stall","|-heal|p1a: Stall|304/304","|move|p2a: Porygon2|Thunder Wave|p1a: Stall","|-status|p1a: Stall|par","|","|-damage|p2a: Porygon2|180/355 tox|[from] psn","|turn|11","|","|cant|p1a: Stall|par","|move|p2a: Porygon2|Recover|p2a: Porygon2","|-heal|p2a: Porygon2|355/355 tox","|","|-damage|p2a: Porygon2|289/355 tox|[from] psn","|turn|12","|","|move|p1a: Stall|Will-O-Wisp|p2a: Porygon2","|-fail|p2a: Porygon2","|move|p2a: Porygon2|Ice Beam|p1a: Stall","|-damage|p1a: Stall|230/304 par","|","|-heal|p1a: Stall|249/304 par|[from] item: Leftovers","|-damage|p2a: Porygon2|201/355 tox|[from] psn","|turn|13","|","|move|p1a: Stall|Toxic|p2a: Porygon2","|-fail|p2a: Porygon2|tox","|move|p2a: Porygon2|Ice Beam|p1a: Stall","|-damage|p1a: Stall|185/304 par","|","|-heal|p1a: Stall|204/304 par|[from] item: Leftovers","|-damage|p2a: Porygon2|91/355 tox|[from] psn","|turn|14","|","|cant|p1a: Stall|par","|move|p2a: Porygon2|Ice Beam|p1a: Stall","|-damage|p1a: Stall|131/304 par","|","|-heal|p1a: Stall|150/304 par|[from] item: Leftovers","|-damage|p2a: Porygon2|0 fnt|[from] psn","|faint|p2a: Porygon2","|","|switch|p2a: Porygon-Z|Porygon-Z|312/312","|turn|15","|","|move|p1a: Stall|Recover|p1a: Stall","|-heal|p1a: Stall|302/304 par","|move|p2a: Porygon-Z|Nasty Plot|p2a: Porygon-Z","|-boost|p2a: Porygon-Z|spa|2","|","|-heal|p1a: Stall|304/304 par|[from] item: Leftovers","|turn|16","|","|move|p1a: Stall|Toxic|p2a: Porygon-Z","|-status|p2a: Porygon-Z|tox","|move|p2a: Porygon-Z|Ice Beam|p1a: Stall","|-damage|p1a: Stall|95/304 par","|","|-heal|p1a: Stall|114/304 par|[from] item: Leftovers","|-damage|p2a: Porygon-Z|293/312 tox|[from] psn","|turn|17","|","|move|p1a: Stall|Recover|p1a: Stall","|-heal|p1a: Stall|266/304 par","|move|p2a: Porygon-Z|Ice Beam|p1a: Stall","|-damage|p1a: Stall|64/304 par","|","|-heal|p1a: Stall|83/304 par|[from] item: Leftovers","|-damage|p2a: Porygon-Z|255/312 tox|[from] psn","|turn|18","|","|switch|p1a: Houndoom|Houndoom, F|291/291","|move|p2a: Porygon-Z|Ice Beam|p1a: Houndoom","|-crit|p1a: Houndoom","|-resisted|p1a: Houndoom","|-damage|p1a: Houndoom|106/291","|","|-damage|p2a: Porygon-Z|198/312 tox|[from] psn","|turn|19","|","|detailschange|p1a: Houndoom|Houndoom-Mega, F","|-mega|p1a: Houndoom|Houndoom|Houndoominite","|move|p1a: Houndoom|Flamethrower|p2a: Porygon-Z","|-damage|p2a: Porygon-Z|0 fnt","|faint|p2a: Porygon-Z","|","|","|switch|p2a: Lopunny|Lopunny, F|272/272","|turn|20","|","|switch|p1a: Mandibuzz|Mandibuzz, F|405/423","|detailschange|p2a: Lopunny|Lopunny-Mega, F","|-mega|p2a: Lopunny|Lopunny|Lopunnite","|move|p2a: Lopunny|Fake Out|p1a: Mandibuzz","|-damage|p1a: Mandibuzz|357/423","|-damage|p2a: Lopunny|227/272|[from] item: Rocky Helmet|[of] p1a: Mandibuzz","|","|turn|21","|","|move|p2a: Lopunny|High Jump Kick|p1a: Mandibuzz","|-damage|p1a: Mandibuzz|201/423","|-damage|p2a: Lopunny|182/272|[from] item: Rocky Helmet|[of] p1a: Mandibuzz","|move|p1a: Mandibuzz|Knock Off|p2a: Lopunny","|-resisted|p2a: Lopunny","|-damage|p2a: Lopunny|155/272","|","|turn|22","|","|move|p2a: Lopunny|High Jump Kick|p1a: Mandibuzz","|-damage|p1a: Mandibuzz|44/423","|-damage|p2a: Lopunny|110/272|[from] item: Rocky Helmet|[of] p1a: Mandibuzz","|move|p1a: Mandibuzz|Roost|p1a: Mandibuzz","|-heal|p1a: Mandibuzz|256/423","|","|turn|23","|","|move|p2a: Lopunny|High Jump Kick|p1a: Mandibuzz","|-damage|p1a: Mandibuzz|75/423","|-damage|p2a: Lopunny|65/272|[from] item: Rocky Helmet|[of] p1a: Mandibuzz","|move|p1a: Mandibuzz|Roost|p1a: Mandibuzz","|-heal|p1a: Mandibuzz|287/423","|","|turn|24","|","|move|p2a: Lopunny|High Jump Kick|p1a: Mandibuzz","|-damage|p1a: Mandibuzz|121/423","|-damage|p2a: Lopunny|20/272|[from] item: Rocky Helmet|[of] p1a: Mandibuzz","|move|p1a: Mandibuzz|Roost|p1a: Mandibuzz","|-heal|p1a: Mandibuzz|333/423","|","|turn|25","|","|move|p2a: Lopunny|High Jump Kick|p1a: Mandibuzz","|-damage|p1a: Mandibuzz|177/423","|-damage|p2a: Lopunny|0 fnt|[from] item: Rocky Helmet|[of] p1a: Mandibuzz","|faint|p2a: Lopunny","|move|p1a: Mandibuzz|Roost|p1a: Mandibuzz","|-heal|p1a: Mandibuzz|389/423","|","|","|switch|p2a: Meloetta|Meloetta|404/404","|turn|26","|","|move|p2a: Meloetta|Dazzling Gleam|p1a: Mandibuzz","|-supereffective|p1a: Mandibuzz","|-damage|p1a: Mandibuzz|225/423","|move|p1a: Mandibuzz|Knock Off|p2a: Meloetta","|-supereffective|p2a: Meloetta","|-damage|p2a: Meloetta|212/404","|-enditem|p2a: Meloetta|Assault Vest|[from] move: Knock Off|[of] p1a: Mandibuzz","|","|turn|27","|","|win|MrNyanNyanz"],"p1rating":{"entryid":"6703862","serverid":"eos","formatid":"monotype","userid":"mrnyannyanz","username":"MrNyanNyanz","w":40,"l":"33","t":"0","gxe":53.4,"r":"1538.8037937295","rd":"47.610146032348","sigma":"0","rptime":"1438592400","rpr":1526.083448884,"rprd":42.167392789366,"rpsigma":"0","acre":1118.6268172427,"lacre":1118.6268172427,"oldacre":"1100.6747874707"},"p2rating":{"entryid":7372526,"formatid":"monotype","userid":"knightsealeo","username":"Knight♕Sealeo","r":1500,"rd":130,"sigma":0,"rpr":1462.2926249922,"rprd":122.01209665494,"rpsigma":0,"rptime":1438592400,"w":0,"l":1,"t":0,"gxe":45.3,"acre":1000,"lacre":1000,"oldacre":1000},"endType":"forfeit"}