{"seed":[18640,27265,13870,26400],"turns":24,"p1":"Carnie Moe Sedah","p2":"Knight♕Zygarde","p1team":[{"name":"slice and dice","species":"bisharp","item":"choicescarf","ability":"Defiant","moves":["xscissor","nightslash","ironhead","brickbreak"],"nature":"Adamant","evs":{"hp":252,"atk":252,"def":0,"spa":0,"spd":4,"spe":0},"ivs":{"hp":31,"atk":31,"def":31,"spa":31,"spd":31,"spe":31}},{"name":"Hades","species":"hydreigon","item":"choicescarf","ability":"Levitate","moves":["darkpulse","dragonpulse","flamethrower","flashcannon"],"nature":"Timid","evs":{"hp":0,"atk":0,"def":0,"spa":252,"spd":4,"spe":252},"ivs":{"hp":31,"atk":31,"def":31,"spa":31,"spd":30,"spe":31}},{"name":"wheres me diamonds","species":"sableye","item":"sablenite","ability":"Prankster","moves":["calmmind","darkpulse","recover","willowisp"],"nature":"Calm","evs":{"hp":248,"atk":0,"def":0,"spa":8,"spd":252,"spe":0},"ivs":{"hp":31,"atk":31,"def":31,"spa":31,"spd":31,"spe":31}},{"name":"Carnie-Reapz 3.0","species":"sharpedo","item":"focussash","ability":"Speed Boost","moves":["protect","waterfall","poisonjab","destinybond"],"nature":"Adamant","evs":{"hp":0,"atk":252,"def":0,"spa":0,"spd":4,"spe":252},"shiny":true,"ivs":{"hp":31,"atk":31,"def":31,"spa":31,"spd":31,"spe":31}},{"name":"this is a vulture","species":"mandibuzz","item":"rockyhelmet","ability":"Big Pecks","moves":["roost","foulplay","toxic","defog"],"nature":"Bold","evs":{"hp":248,"atk":0,"def":252,"spa":0,"spd":8,"spe":0},"ivs":{"hp":31,"atk":31,"def":31,"spa":31,"spd":31,"spe":31}},{"name":"FAIRY JANITOR","species":"drapion","item":"assaultvest","ability":"Battle Armor","moves":["earthquake","crunch","poisonjab","icefang"],"nature":"Adamant","evs":{"hp":248,"atk":252,"def":0,"spa":0,"spd":8,"spe":0},"ivs":{"hp":31,"atk":31,"def":31,"spa":31,"spd":31,"spe":31}}],"p2team":[{"name":"Azumarill","species":"Azumarill","item":"sitrusberry","ability":"Huge Power","moves":["aquajet","bellydrum","playrough","superpower"],"nature":"Adamant","evs":{"hp":252,"atk":252,"def":0,"spa":0,"spd":4,"spe":0},"ivs":{"hp":31,"atk":31,"def":31,"spa":31,"spd":31,"spe":31}},{"name":"Diancie","species":"Diancie","item":"diancite","ability":"Clear Body","moves":["ancientpower","dazzlinggleam","earthpower","protect"],"nature":"Modest","evs":{"hp":248,"atk":0,"def":0,"spa":252,"spd":8,"spe":0},"ivs":{"hp":31,"atk":31,"def":31,"spa":31,"spd":31,"spe":31}},{"name":"Togekiss","species":"Togekiss","item":"leftovers","ability":"Serene Grace","moves":["airslash","dazzlinggleam","nastyplot","batonpass"],"nature":"Modest","evs":{"hp":248,"atk":0,"def":0,"spa":252,"spd":4,"spe":0},"ivs":{"hp":31,"atk":31,"def":31,"spa":31,"spd":31,"spe":31}},{"name":"Sylveon","species":"Sylveon","item":"choicescarf","ability":"Pixilate","moves":["hyperbeam","hypervoice","psyshock","shadowball"],"nature":"Timid","evs":{"hp":0,"atk":0,"def":0,"spa":252,"spd":4,"spe":252},"ivs":{"hp":31,"atk":31,"def":31,"spa":31,"spd":31,"spe":31}},{"name":"Klefki","species":"Klefki","item":"lightclay","ability":"Prankster","moves":["thunderwave","reflect","lightscreen","foulplay"],"nature":"Bold","evs":{"hp":252,"atk":0,"def":252,"spa":0,"spd":4,"spe":0},"ivs":{"hp":31,"atk":31,"def":31,"spa":31,"spd":31,"spe":31}},{"name":"Whimsicott","species":"Whimsicott","item":"leftovers","ability":"Prankster","moves":["leechseed","substitute","protect","moonblast"],"nature":"Bold","evs":{"hp":248,"atk":0,"def":252,"spa":8,"spd":0,"spe":0},"ivs":{"hp":31,"atk":31,"def":31,"spa":31,"spd":31,"spe":31}}],"log":["|player|p1|Carnie Moe Sedah|89","|player|p2|Knight♕Zygarde|167","|gametype|singles","|gen|6","|tier|Monotype","|rated","|rule|Baton Pass Clause: Limit one Baton Passer, can't pass Spe and other stats simultaneously","|rule|Swagger Clause: Swagger is banned","|rule|Same Type Clause: Pokémon in a team must share a type","|clearpoke","|poke|p1|Bisharp, M","|poke|p1|Hydreigon, M","|poke|p1|Sableye, F","|poke|p1|Sharpedo, F, shiny","|poke|p1|Mandibuzz, F","|poke|p1|Drapion, F","|poke|p2|Azumarill, M","|poke|p2|Diancie","|poke|p2|Togekiss, M","|poke|p2|Sylveon, M","|poke|p2|Klefki, F","|poke|p2|Whimsicott, M","|rule|Sleep Clause Mod: Limit one foe put to sleep","|rule|Species Clause: Limit one of each Pokémon","|rule|OHKO Clause: OHKO moves are banned","|rule|Moody Clause: Moody is banned","|rule|Evasion Moves Clause: Evasion moves are banned","|rule|Endless Battle Clause: Forcing endless battles is banned","|rule|HP Percentage Mod: HP is shown in percentages","|teampreview","|","|start","|switch|p1a: Carnie-Reapz 3.0|Sharpedo, F, shiny|281/281","|switch|p2a: Klefki|Klefki, F|318/318","|turn|1","|","|move|p1a: Carnie-Reapz 3.0|Protect|p1a: Carnie-Reapz 3.0","|-singleturn|p1a: Carnie-Reapz 3.0|Protect","|move|p2a: Klefki|Reflect|p2a: Klefki","|-sidestart|p2: Knight♕Zygarde|Reflect","|","|-boost|p1a: Carnie-Reapz 3.0|spe|1|[from] ability: Speed Boost","|turn|2","|","|switch|p1a: slice and dice|Bisharp, M|334/334","|move|p2a: Klefki|Light Screen|p2a: Klefki","|-sidestart|p2: Knight♕Zygarde|move: Light Screen","|","|turn|3","|","|move|p2a: Klefki|Thunder Wave|p1a: slice and dice","|-status|p1a: slice and dice|par","|cant|p1a: slice and dice|par","|","|turn|4","|","|move|p2a: Klefki|Foul Play|p1a: slice and dice","|-resisted|p1a: slice and dice","|-damage|p1a: slice and dice|272/334 par","|cant|p1a: slice and dice|par","|","|turn|5","|","|move|p2a: Klefki|Foul Play|p1a: slice and dice","|-resisted|p1a: slice and dice","|-damage|p1a: slice and dice|216/334 par","|move|p1a: slice and dice|Brick Break|p2a: Klefki","|-sideend|p2: Knight♕Zygarde|Reflect","|-sideend|p2: Knight♕Zygarde|move: Light Screen","|-damage|p2a: Klefki|249/318","|","|turn|6","|","|switch|p1a: wheres me diamonds|Sableye, F|303/303","|move|p2a: Klefki|Foul Play|p1a: wheres me diamonds","|-damage|p1a: wheres me diamonds|240/303","|","|turn|7","|","|switch|p2a: Togekiss|Togekiss, M|373/373","|detailschange|p1a: wheres me diamonds|Sableye-Mega, F","|-mega|p1a: wheres me diamonds|Sableye|Sablenite","|move|p1a: wheres me diamonds|Will-O-Wisp|p2a: Togekiss","|-status|p2a: Togekiss|brn","|","|-damage|p2a: Togekiss|327/373 brn|[from] brn","|turn|8","|","|move|p2a: Togekiss|Dazzling Gleam|p1a: wheres me diamonds","|-supereffective|p1a: wheres me diamonds","|-damage|p1a: wheres me diamonds|34/303","|move|p1a: wheres me diamonds|Calm Mind|p1a: wheres me diamonds","|-boost|p1a: wheres me diamonds|spa|1","|-boost|p1a: wheres me diamonds|spd|1","|","|-heal|p2a: Togekiss|350/373 brn|[from] item: Leftovers","|-damage|p2a: Togekiss|304/373 brn|[from] brn","|turn|9","|","|switch|p1a: FAIRY JANITOR|Drapion, F|343/343","|move|p2a: Togekiss|Air Slash|p1a: FAIRY JANITOR","|-damage|p1a: FAIRY JANITOR|216/343","|","|-heal|p2a: Togekiss|327/373 brn|[from] item: Leftovers","|-damage|p2a: Togekiss|281/373 brn|[from] brn","|turn|10","|","|move|p1a: FAIRY JANITOR|Poison Jab|p2a: Togekiss","|-supereffective|p2a: Togekiss","|-damage|p2a: Togekiss|39/373 brn","|move|p2a: Togekiss|Nasty Plot|p2a: Togekiss","|-boost|p2a: Togekiss|spa|2","|","|-heal|p2a: Togekiss|62/373 brn|[from] item: Leftovers","|-damage|p2a: Togekiss|16/373 brn|[from] brn","|turn|11","|","|move|p1a: FAIRY JANITOR|Ice Fang|p2a: Togekiss","|-supereffective|p2a: Togekiss","|-damage|p2a: Togekiss|0 fnt","|faint|p2a: Togekiss","|","|","|switch|p2a: Sylveon|Sylveon, M|331/331","|turn|12","|","|move|p2a: Sylveon|Hyper Voice|p1a: FAIRY JANITOR","|-damage|p1a: FAIRY JANITOR|57/343","|move|p1a: FAIRY JANITOR|Poison Jab|p2a: Sylveon","|-supereffective|p2a: Sylveon","|-damage|p2a: Sylveon|0 fnt","|faint|p2a: Sylveon","|","|","|switch|p2a: Diancie|Diancie|303/303","|turn|13","|","|detailschange|p2a: Diancie|Diancie-Mega","|-mega|p2a: Diancie|Diancie|Diancite","|move|p2a: Diancie|Protect|p2a: Diancie","|-singleturn|p2a: Diancie|Protect","|move|p1a: FAIRY JANITOR|Earthquake|p2a: Diancie","|-activate|p2a: Diancie|Protect","|","|turn|14","|","|move|p2a: Diancie|Earth Power|p1a: FAIRY JANITOR","|-supereffective|p1a: FAIRY JANITOR","|-damage|p1a: FAIRY JANITOR|0 fnt","|faint|p1a: FAIRY JANITOR","|","|","|switch|p1a: Hades|Hydreigon, M|325/325","|turn|15","|","|move|p1a: Hades|Flash Cannon|p2a: Diancie","|-supereffective|p2a: Diancie","|-damage|p2a: Diancie|0 fnt","|faint|p2a: Diancie","|","|","|switch|p2a: Azumarill|Azumarill, M|404/404","|turn|16","|","|switch|p1a: wheres me diamonds|Sableye-Mega, F|34/303","|move|p2a: Azumarill|Belly Drum|p2a: Azumarill","|-damage|p2a: Azumarill|202/404","|-setboost|p2a: Azumarill|atk|6|[from] move: Belly Drum","|-enditem|p2a: Azumarill|Sitrus Berry|[eat]","|-heal|p2a: Azumarill|303/404|[from] item: Sitrus Berry","|","|turn|17","|","|move|p2a: Azumarill|Aqua Jet|p1a: wheres me diamonds","|-damage|p1a: wheres me diamonds|0 fnt","|faint|p1a: wheres me diamonds","|","|","|switch|p1a: Carnie-Reapz 3.0|Sharpedo, F, shiny|281/281","|turn|18","|","|move|p1a: Carnie-Reapz 3.0|Protect|p1a: Carnie-Reapz 3.0","|-singleturn|p1a: Carnie-Reapz 3.0|Protect","|move|p2a: Azumarill|Play Rough|p1a: Carnie-Reapz 3.0","|-activate|p1a: Carnie-Reapz 3.0|Protect","|","|-boost|p1a: Carnie-Reapz 3.0|spe|1|[from] ability: Speed Boost","|turn|19","|","|move|p1a: Carnie-Reapz 3.0|Poison Jab|p2a: Azumarill","|-supereffective|p2a: Azumarill","|-damage|p2a: Azumarill|49/404","|-status|p2a: Azumarill|psn","|move|p2a: Azumarill|Play Rough|p1a: Carnie-Reapz 3.0","|-supereffective|p1a: Carnie-Reapz 3.0","|-enditem|p1a: Carnie-Reapz 3.0|Focus Sash","|-damage|p1a: Carnie-Reapz 3.0|1/281","|","|-damage|p2a: Azumarill|0 fnt|[from] psn","|-boost|p1a: Carnie-Reapz 3.0|spe|1|[from] ability: Speed Boost","|faint|p2a: Azumarill","|","|switch|p2a: Whimsicott|Whimsicott, M|323/323","|turn|20","|","|move|p2a: Whimsicott|Substitute|p2a: Whimsicott","|-start|p2a: Whimsicott|Substitute","|-damage|p2a: Whimsicott|243/323","|move|p1a: Carnie-Reapz 3.0|Poison Jab|p2a: Whimsicott","|-supereffective|p2a: Whimsicott","|-end|p2a: Whimsicott|Substitute","|","|-heal|p2a: Whimsicott|263/323|[from] item: Leftovers","|-boost|p1a: Carnie-Reapz 3.0|spe|1|[from] ability: Speed Boost","|turn|21","|","|move|p2a: Whimsicott|Leech Seed|p1a: Carnie-Reapz 3.0","|-start|p1a: Carnie-Reapz 3.0|move: Leech Seed","|move|p1a: Carnie-Reapz 3.0|Poison Jab|p2a: Whimsicott","|-supereffective|p2a: Whimsicott","|-damage|p2a: Whimsicott|0 fnt","|faint|p2a: Whimsicott","|","|-boost|p1a: Carnie-Reapz 3.0|spe|1|[from] ability: Speed Boost","|","|switch|p2a: Klefki|Klefki, F|249/318","|turn|22","|","|move|p2a: Klefki|Reflect|p2a: Klefki","|-sidestart|p2: Knight♕Zygarde|Reflect","|move|p1a: Carnie-Reapz 3.0|Waterfall|p2a: Klefki","|-damage|p2a: Klefki|195/318","|","|-damage|p1a: Carnie-Reapz 3.0|0 fnt|[from] Leech Seed|[of] p2a: Klefki","|-heal|p2a: Klefki|196/318|[silent]","|faint|p1a: Carnie-Reapz 3.0","|","|switch|p1a: Hades|Hydreigon, M|325/325","|turn|23","|","|move|p2a: Klefki|Light Screen|p2a: Klefki","|-sidestart|p2: Knight♕Zygarde|move: Light Screen","|move|p1a: Hades|Flamethrower|p2a: Klefki","|-supereffective|p2a: Klefki","|-damage|p2a: Klefki|81/318","|-status|p2a: Klefki|brn","|","|-damage|p2a: Klefki|42/318 brn|[from] brn","|turn|24","|","|win|Carnie Moe Sedah"],"p1rating":{"entryid":"7144790","serverid":"eos","formatid":"monotype","userid":"carniemoesedah","username":"Carnie Moe Sedah","w":11,"l":"22","t":"0","gxe":37.3,"r":"1336.1121183247","rd":"65.802143348134","sigma":"0","rptime":"1438506000","rpr":1400.8379730378,"rprd":62.717899638341,"rpsigma":"0","acre":1144.2564656514,"lacre":1144.2564656514,"oldacre":"1111.0961519196"},"p2rating":{"entryid":"7130918","serverid":"eos","formatid":"monotype","userid":"knightzygarde","username":"Knight♕Zygarde","w":"25","l":14,"t":"0","gxe":63,"r":"1623.2958074289","rd":"59.779159880695","sigma":"0","rptime":"1438506000","rpr":1601.353484709,"rprd":56.51738103764,"rpsigma":"0","acre":1195.6496920552,"lacre":1195.6496920552,"oldacre":"1228.810005787"},"endType":"forfeit"}