{"seed":[11219,25400,11376,538],"turns":25,"p1":"dremtesting","p2":"Alliance - Mxy","p1team":[{"name":"Infernape","species":"Infernape","item":"focussash","ability":"Blaze","moves":["stealthrock","taunt","fireblast","focusblast"],"nature":"Timid","evs":{"hp":4,"atk":0,"def":0,"spa":252,"spd":0,"spe":252},"gender":"M","ivs":{"hp":31,"atk":31,"def":31,"spa":31,"spd":31,"spe":31}},{"name":"Gallade","species":"Gallade","item":"galladite","ability":"Steadfast","moves":["bulkup","shadowsneak","drainpunch","zenheadbutt"],"nature":"Jolly","evs":{"hp":4,"atk":252,"def":0,"spa":0,"spd":0,"spe":252},"ivs":{"hp":31,"atk":31,"def":31,"spa":31,"spd":31,"spe":31}},{"name":"Toxicroak","species":"Toxicroak","item":"focussash","ability":"Dry Skin","moves":["suckerpunch","poisonjab","earthquake","swordsdance"],"nature":"Jolly","evs":{"hp":4,"atk":252,"def":0,"spa":0,"spd":0,"spe":252},"gender":"M","ivs":{"hp":31,"atk":31,"def":31,"spa":31,"spd":31,"spe":31}},{"name":"Cobalion","species":"Cobalion","item":"rockyhelmet","ability":"Justified","moves":["voltswitch","flashcannon","thunderwave","reflect"],"nature":"Bold","evs":{"hp":252,"atk":0,"def":252,"spa":0,"spd":0,"spe":4},"ivs":{"hp":31,"atk":31,"def":31,"spa":31,"spd":31,"spe":31}},{"name":"Terrakion","species":"Terrakion","item":"choicescarf","ability":"Justified","moves":["stoneedge","zenheadbutt","closecombat","ironhead"],"nature":"Adamant","evs":{"hp":4,"atk":252,"def":0,"spa":0,"spd":0,"spe":252},"ivs":{"hp":31,"atk":31,"def":31,"spa":31,"spd":31,"spe":31}},{"name":"Machamp","species":"Machamp","item":"assaultvest","ability":"No Guard","moves":["dynamicpunch","bulletpunch","earthquake","icepunch"],"nature":"Adamant","evs":{"hp":252,"atk":160,"def":0,"spa":0,"spd":96,"spe":0},"gender":"M","shiny":true,"ivs":{"hp":31,"atk":31,"def":31,"spa":31,"spd":31,"spe":31}}],"p2team":[{"name":"Gengar","species":"Gengar","item":"choicescarf","ability":"Levitate","moves":["shadowball","sludgewave","focusblast","destinybond"],"nature":"Timid","evs":{"hp":0,"atk":0,"def":0,"spa":252,"spd":4,"spe":252},"ivs":{"hp":31,"atk":31,"def":31,"spa":31,"spd":31,"spe":31}},{"name":"Beedrill","species":"Beedrill","item":"beedrillite","ability":"Swarm","moves":["uturn","poisonjab","drillrun","protect"],"nature":"Jolly","evs":{"hp":0,"atk":252,"def":0,"spa":0,"spd":4,"spe":252},"ivs":{"hp":31,"atk":31,"def":31,"spa":31,"spd":31,"spe":31}},{"name":"Venusaur","species":"Venusaur","item":"venusaurite","ability":"Overgrow","moves":["synthesis","gigadrain","sludgebomb","hiddenpowerfire"],"nature":"Bold","evs":{"hp":248,"atk":0,"def":160,"spa":20,"spd":80,"spe":0},"ivs":{"hp":31,"atk":30,"def":31,"spa":30,"spd":31,"spe":30}},{"name":"Nidoqueen","species":"Nidoqueen","item":"airballoon","ability":"Sheer Force","moves":["stealthrock","flamethrower","earthpower","icebeam"],"nature":"Modest","evs":{"hp":248,"atk":0,"def":108,"spa":132,"spd":0,"spe":20},"ivs":{"hp":31,"atk":31,"def":31,"spa":31,"spd":31,"spe":31}},{"name":"Drapion","species":"Drapion","item":"blacksludge","ability":"Battle Armor","moves":["knockoff","taunt","toxicspikes","earthquake"],"nature":"Jolly","evs":{"hp":248,"atk":8,"def":0,"spa":0,"spd":0,"spe":252},"ivs":{"hp":31,"atk":31,"def":31,"spa":31,"spd":31,"spe":31}},{"name":"Scolipede","species":"Scolipede","item":"lifeorb","ability":"Speed Boost","moves":["megahorn","superpower","rockslide","protect"],"nature":"Jolly","evs":{"hp":0,"atk":252,"def":0,"spa":0,"spd":4,"spe":252},"shiny":true,"ivs":{"hp":31,"atk":31,"def":31,"spa":31,"spd":31,"spe":31}}],"log":["|player|p1|dremtesting|164","|player|p2|Alliance - Mxy|270","|gametype|singles","|gen|6","|tier|Monotype","|rated","|rule|Baton Pass Clause: Limit one Baton Passer, can't pass Spe and other stats simultaneously","|rule|Swagger Clause: Swagger is banned","|rule|Same Type Clause: Pokémon in a team must share a type","|clearpoke","|poke|p1|Infernape, M","|poke|p1|Gallade, M","|poke|p1|Toxicroak, M","|poke|p1|Cobalion","|poke|p1|Terrakion","|poke|p1|Machamp, M, shiny","|poke|p2|Gengar, M","|poke|p2|Beedrill, F","|poke|p2|Venusaur, M","|poke|p2|Nidoqueen, F","|poke|p2|Drapion, M","|poke|p2|Scolipede, F, shiny","|rule|Sleep Clause Mod: Limit one foe put to sleep","|rule|Species Clause: Limit one of each Pokémon","|rule|OHKO Clause: OHKO moves are banned","|rule|Moody Clause: Moody is banned","|rule|Evasion Moves Clause: Evasion moves are banned","|rule|Endless Battle Clause: Forcing endless battles is banned","|rule|HP Percentage Mod: HP is shown in percentages","|teampreview","|","|start","|switch|p1a: Gallade|Gallade, M|278/278","|switch|p2a: Drapion|Drapion, M|343/343","|turn|1","|","|switch|p1a: Cobalion|Cobalion|386/386","|move|p2a: Drapion|Toxic Spikes|p1a: Cobalion","|-sidestart|p1: dremtesting|move: Toxic Spikes","|","|turn|2","|","|move|p2a: Drapion|Earthquake|p1a: Cobalion","|-supereffective|p1a: Cobalion","|-damage|p1a: Cobalion|296/386","|move|p1a: Cobalion|Thunder Wave|p2a: Drapion","|-status|p2a: Drapion|par","|","|turn|3","|","|move|p1a: Cobalion|Reflect|p1a: Cobalion","|-sidestart|p1: dremtesting|Reflect","|move|p2a: Drapion|Earthquake|p1a: Cobalion","|-supereffective|p1a: Cobalion","|-damage|p1a: Cobalion|255/386","|","|turn|4","|","|switch|p1a: Gallade|Gallade, M|278/278","|-status|p1a: Gallade|psn","|move|p2a: Drapion|Toxic Spikes|p1a: Gallade","|-sidestart|p1: dremtesting|move: Toxic Spikes","|","|-damage|p1a: Gallade|244/278 psn|[from] psn","|turn|5","|","|detailschange|p1a: Gallade|Gallade-Mega, M","|-mega|p1a: Gallade|Gallade|Galladite","|move|p1a: Gallade|Bulk Up|p1a: Gallade","|-boost|p1a: Gallade|atk|1","|-boost|p1a: Gallade|def|1","|move|p2a: Drapion|Knock Off|p1a: Gallade","|-damage|p1a: Gallade|220/278 psn","|","|-damage|p1a: Gallade|186/278 psn|[from] psn","|turn|6","|","|move|p1a: Gallade|Drain Punch|p2a: Drapion","|-damage|p2a: Drapion|103/343 par","|-heal|p1a: Gallade|278/278 psn|[from] drain|[of] p2a: Drapion","|cant|p2a: Drapion|par","|","|-heal|p2a: Drapion|124/343 par|[from] item: Black Sludge","|-damage|p1a: Gallade|244/278 psn|[from] psn","|turn|7","|","|switch|p2a: Gengar|Gengar, M|261/261","|move|p1a: Gallade|Drain Punch|p2a: Gengar","|-immune|p2a: Gengar|[msg]","|","|-damage|p1a: Gallade|210/278 psn|[from] psn","|-sideend|p1: dremtesting|Reflect","|turn|8","|","|move|p1a: Gallade|Shadow Sneak|p2a: Gengar","|-supereffective|p2a: Gengar","|-damage|p2a: Gengar|23/261","|move|p2a: Gengar|Shadow Ball|p1a: Gallade","|-supereffective|p1a: Gallade","|-damage|p1a: Gallade|0 fnt","|faint|p1a: Gallade","|","|","|switch|p1a: Machamp|Machamp, M, shiny|384/384","|-status|p1a: Machamp|tox","|turn|9","|","|switch|p2a: Drapion|Drapion, M|124/343 par","|move|p1a: Machamp|Bullet Punch|p2a: Drapion","|-damage|p2a: Drapion|81/343 par","|","|-heal|p2a: Drapion|102/343 par|[from] item: Black Sludge","|-damage|p1a: Machamp|360/384 tox|[from] psn","|turn|10","|","|move|p1a: Machamp|Ice Punch|p2a: Drapion","|-damage|p2a: Drapion|15/343 par","|move|p2a: Drapion|Knock Off|p1a: Machamp","|-resisted|p1a: Machamp","|-damage|p1a: Machamp|296/384 tox","|-enditem|p1a: Machamp|Assault Vest|[from] move: Knock Off|[of] p2a: Drapion","|","|-heal|p2a: Drapion|36/343 par|[from] item: Black Sludge","|-damage|p1a: Machamp|248/384 tox|[from] psn","|turn|11","|","|move|p1a: Machamp|Bullet Punch|p2a: Drapion","|-damage|p2a: Drapion|0 fnt","|faint|p2a: Drapion","|","|-damage|p1a: Machamp|176/384 tox|[from] psn","|","|switch|p2a: Venusaur|Venusaur, M|363/363","|turn|12","|","|detailschange|p2a: Venusaur|Venusaur-Mega, M","|-mega|p2a: Venusaur|Venusaur|Venusaurite","|move|p2a: Venusaur|Giga Drain|p1a: Machamp","|-crit|p1a: Machamp","|-damage|p1a: Machamp|23/384 tox","|move|p1a: Machamp|Dynamic Punch|p2a: Venusaur","|-resisted|p2a: Venusaur","|-damage|p2a: Venusaur|306/363","|-start|p2a: Venusaur|confusion","|","|-damage|p1a: Machamp|0 fnt|[from] psn","|faint|p1a: Machamp","|","|switch|p1a: Infernape|Infernape, M|294/294","|-status|p1a: Infernape|tox","|turn|13","|","|switch|p2a: Beedrill|Beedrill, F|271/271","|move|p1a: Infernape|Stealth Rock|p2a: Beedrill","|-sidestart|p2: Alliance - Mxy|move: Stealth Rock","|","|-damage|p1a: Infernape|276/294 tox|[from] psn","|turn|14","|","|move|p1a: Infernape|Fire Blast|p2a: Beedrill","|-supereffective|p2a: Beedrill","|-damage|p2a: Beedrill|0 fnt","|faint|p2a: Beedrill","|","|-damage|p1a: Infernape|240/294 tox|[from] psn","|","|switch|p2a: Venusaur|Venusaur-Mega, M|306/363","|-damage|p2a: Venusaur|261/363|[from] Stealth Rock","|turn|15","|","|move|p1a: Infernape|Fire Blast|p2a: Venusaur","|-supereffective|p2a: Venusaur","|-damage|p2a: Venusaur|135/363","|move|p2a: Venusaur|Sludge Bomb|p1a: Infernape","|-damage|p1a: Infernape|69/294 tox","|","|-damage|p1a: Infernape|15/294 tox|[from] psn","|turn|16","|","|move|p1a: Infernape|Taunt|p2a: Venusaur","|-start|p2a: Venusaur|move: Taunt","|cant|p2a: Venusaur|move: Taunt|Synthesis","|","|-damage|p1a: Infernape|0 fnt|[from] psn","|faint|p1a: Infernape","|","|switch|p1a: Terrakion|Terrakion|324/324","|-status|p1a: Terrakion|tox","|turn|17","|","|move|p1a: Terrakion|Zen Headbutt|p2a: Venusaur","|-supereffective|p2a: Venusaur","|-damage|p2a: Venusaur|0 fnt","|faint|p2a: Venusaur","|","|-damage|p1a: Terrakion|304/324 tox|[from] psn","|","|switch|p2a: Scolipede|Scolipede, F, shiny|261/261","|-damage|p2a: Scolipede|196/261|[from] Stealth Rock","|turn|18","|","|switch|p1a: Cobalion|Cobalion|255/386","|move|p2a: Scolipede|Protect|p2a: Scolipede","|-fail|p2a: Scolipede","|","|-boost|p2a: Scolipede|spe|1|[from] ability: Speed Boost","|turn|19","|","|switch|p2a: Nidoqueen|Nidoqueen, F|383/383","|-damage|p2a: Nidoqueen|360/383|[from] Stealth Rock","|-item|p2a: Nidoqueen|Air Balloon","|move|p1a: Cobalion|Thunder Wave|p2a: Nidoqueen","|-immune|p2a: Nidoqueen|[msg]","|","|turn|20","|","|move|p1a: Cobalion|Flash Cannon|p2a: Nidoqueen","|-damage|p2a: Nidoqueen|269/383","|-enditem|p2a: Nidoqueen|Air Balloon","|move|p2a: Nidoqueen|Earth Power|p1a: Cobalion","|-supereffective|p1a: Cobalion","|-damage|p1a: Cobalion|0 fnt","|faint|p1a: Cobalion","|","|","|switch|p1a: Toxicroak|Toxicroak, M|308/308","|-sideend|p1: dremtesting|move: Toxic Spikes|[of] p1a: Toxicroak","|turn|21","|","|move|p1a: Toxicroak|Earthquake|p2a: Nidoqueen","|-supereffective|p2a: Nidoqueen","|-damage|p2a: Nidoqueen|53/383","|move|p2a: Nidoqueen|Earth Power|p1a: Toxicroak","|-supereffective|p1a: Toxicroak","|-enditem|p1a: Toxicroak|Focus Sash","|-damage|p1a: Toxicroak|1/308","|","|turn|22","|","|move|p1a: Toxicroak|Sucker Punch|p2a: Nidoqueen","|-damage|p2a: Nidoqueen|0 fnt","|faint|p2a: Nidoqueen","|","|","|switch|p2a: Scolipede|Scolipede, F, shiny|196/261","|-damage|p2a: Scolipede|131/261|[from] Stealth Rock","|turn|23","|","|move|p2a: Scolipede|Rock Slide|p1a: Toxicroak","|-crit|p1a: Toxicroak","|-resisted|p1a: Toxicroak","|-damage|p1a: Toxicroak|0 fnt","|-damage|p2a: Scolipede|105/261|[from] item: Life Orb","|faint|p1a: Toxicroak","|","|-boost|p2a: Scolipede|spe|1|[from] ability: Speed Boost","|","|switch|p1a: Terrakion|Terrakion|304/324 tox","|turn|24","|","|move|p2a: Scolipede|Protect|p2a: Scolipede","|-singleturn|p2a: Scolipede|Protect","|move|p1a: Terrakion|Zen Headbutt|p2a: Scolipede","|-activate|p2a: Scolipede|Protect","|","|-damage|p1a: Terrakion|284/324 tox|[from] psn","|-boost|p2a: Scolipede|spe|1|[from] ability: Speed Boost","|turn|25","|","|move|p2a: Scolipede|Superpower|p1a: Terrakion","|-supereffective|p1a: Terrakion","|-damage|p1a: Terrakion|0 fnt","|-unboost|p2a: Scolipede|atk|1","|-unboost|p2a: Scolipede|def|1","|-damage|p2a: Scolipede|79/261|[from] item: Life Orb","|faint|p1a: Terrakion","|","|win|Alliance - Mxy"],"p1rating":{"entryid":"7368347","serverid":"eos","formatid":"monotype","userid":"dremtesting","username":"dremtesting","w":"0","l":2,"t":"0","gxe":41.6,"r":"1500","rd":"130","sigma":"0","rptime":"1438592400","rpr":1432.2985839914,"rprd":116.013979607,"rpsigma":"0","acre":1000,"lacre":1000,"oldacre":"1000"},"p2rating":{"entryid":"6690851","serverid":"eos","formatid":"monotype","userid":"alliancemxy","username":"Alliance - Mxy","w":58,"l":"27","t":"0","gxe":66.5,"r":"1634.4303757297","rd":"43.340767533071","sigma":"0","rptime":"1438592400","rpr":1629.46374731,"rprd":41.415874286172,"rpsigma":"0","acre":1252.4394947495,"lacre":1252.4394947495,"oldacre":"1242.5172436993"},"endType":"normal"}