{"seed":[994,23417,14574,44463],"turns":23,"p1":"Guard Darkrai","p2":"Seven Swell","p1team":[{"name":"Beedrill","species":"Beedrill","item":"beedrillite","ability":"Sniper","moves":["fellstinger","poisonjab","uturn","protect"],"nature":"Jolly","evs":{"hp":0,"atk":252,"def":0,"spa":0,"spd":4,"spe":252},"shiny":true,"ivs":{"hp":31,"atk":31,"def":31,"spa":31,"spd":31,"spe":31}},{"name":"Durant","species":"Durant","item":"lifeorb","ability":"Hustle","moves":["ironhead","xscissor","superpower","honeclaws"],"nature":"Jolly","evs":{"hp":0,"atk":252,"def":0,"spa":0,"spd":4,"spe":252},"shiny":true,"ivs":{"hp":31,"atk":31,"def":31,"spa":31,"spd":31,"spe":31}},{"name":"Venomoth","species":"Venomoth","item":"focussash","ability":"Wonder Skin","moves":["quiverdance","bugbuzz","sludgebomb","energyball"],"nature":"Modest","evs":{"hp":0,"atk":0,"def":0,"spa":252,"spd":4,"spe":252},"shiny":true,"ivs":{"hp":31,"atk":31,"def":31,"spa":31,"spd":31,"spe":31}},{"name":"Ariados","species":"Ariados","item":"focussash","ability":"Swarm","moves":["stickyweb","megahorn","suckerpunch","shadowsneak"],"nature":"Adamant","evs":{"hp":248,"atk":252,"def":0,"spa":0,"spd":8,"spe":0},"ivs":{"hp":31,"atk":31,"def":31,"spa":31,"spd":31,"spe":31}},{"name":"Heracross","species":"Heracross","item":"choicescarf","ability":"Moxie","moves":["closecombat","earthquake","megahorn","knockoff"],"nature":"Jolly","evs":{"hp":0,"atk":252,"def":0,"spa":0,"spd":4,"spe":252},"shiny":true,"ivs":{"hp":31,"atk":31,"def":31,"spa":31,"spd":31,"spe":31}},{"name":"Illumise","species":"Illumise","item":"leftovers","ability":"Prankster","moves":["thunderwave","encore","uturn","tailwind"],"nature":"Careful","evs":{"hp":252,"atk":0,"def":4,"spa":0,"spd":252,"spe":0},"shiny":true,"ivs":{"hp":31,"atk":31,"def":31,"spa":31,"spd":31,"spe":31}}],"p2team":[{"name":"Mew","species":"Mew","item":"leftovers","ability":"Synchronize","moves":["roost","toxic","healbell","aurasphere"],"nature":"Calm","evs":{"hp":252,"atk":0,"def":0,"spa":4,"spd":252,"spe":0},"ivs":{"hp":31,"atk":31,"def":31,"spa":31,"spd":31,"spe":31}},{"name":"Slowbro","species":"Slowbro","item":"rockyhelmet","ability":"Regenerator","moves":["scald","yawn","flamethrower","slackoff"],"nature":"Bold","evs":{"hp":252,"atk":0,"def":252,"spa":4,"spd":0,"spe":0},"ivs":{"hp":31,"atk":31,"def":31,"spa":31,"spd":31,"spe":31}},{"name":"Deoxys-Speed","species":"Deoxys-Speed","item":"focussash","ability":"Pressure","moves":["stealthrock","thunderbolt","thunderwave","icebeam"],"nature":"Timid","evs":{"hp":252,"atk":0,"def":44,"spa":0,"spd":0,"spe":212},"ivs":{"hp":31,"atk":31,"def":31,"spa":31,"spd":31,"spe":31}},{"name":"Gardevoir","species":"Gardevoir","item":"gardevoirite","ability":"Trace","moves":["hypervoice","psyshock","destinybond","thunderbolt"],"nature":"Timid","evs":{"hp":0,"atk":0,"def":4,"spa":252,"spd":0,"spe":252},"ivs":{"hp":31,"atk":0,"def":31,"spa":31,"spd":31,"spe":31}},{"name":"Latias","species":"Latias","item":"leftovers","ability":"Levitate","moves":["dracometeor","psyshock","roost","defog"],"nature":"Timid","evs":{"hp":252,"atk":0,"def":0,"spa":4,"spd":0,"spe":252},"ivs":{"hp":31,"atk":31,"def":31,"spa":31,"spd":31,"spe":31}},{"name":"Hoopa-Unbound","species":"Hoopa-Unbound","item":"focussash","ability":"Magician","moves":["hyperspacefury","drainpunch","firepunch","gunkshot"],"nature":"Adamant","evs":{"hp":0,"atk":252,"def":0,"spa":0,"spd":4,"spe":252},"ivs":{"hp":31,"atk":31,"def":31,"spa":31,"spd":31,"spe":31}}],"log":["|player|p1|Guard Darkrai|guarddarkrai.png","|player|p2|Seven Swell|sevenswell.png","|gametype|singles","|gen|6","|tier|Monotype","|rated","|rule|Baton Pass Clause: Limit one Baton Passer, can't pass Spe and other stats simultaneously","|rule|Swagger Clause: Swagger is banned","|rule|Same Type Clause: Pokémon in a team must share a type","|clearpoke","|poke|p1|Beedrill, M, shiny","|poke|p1|Durant, M, shiny","|poke|p1|Venomoth, F, shiny","|poke|p1|Ariados, F","|poke|p1|Heracross, F, shiny","|poke|p1|Illumise, F, shiny","|poke|p2|Mew","|poke|p2|Slowbro, F","|poke|p2|Deoxys-Speed","|poke|p2|Gardevoir, M","|poke|p2|Latias, F","|poke|p2|Hoopa-Unbound","|rule|Sleep Clause Mod: Limit one foe put to sleep","|rule|Species Clause: Limit one of each Pokémon","|rule|OHKO Clause: OHKO moves are banned","|rule|Moody Clause: Moody is banned","|rule|Evasion Moves Clause: Evasion moves are banned","|rule|Endless Battle Clause: Forcing endless battles is banned","|rule|HP Percentage Mod: HP is shown in percentages","|teampreview","|","|start","|switch|p1a: Ariados|Ariados, F|343/343","|switch|p2a: Deoxys-Speed|Deoxys-Speed|304/304","|-ability|p2a: Deoxys-Speed|Pressure","|turn|1","|","|switch|p2a: Slowbro|Slowbro, F|394/394","|move|p1a: Ariados|Megahorn|p2a: Slowbro","|-supereffective|p2a: Slowbro","|-damage|p2a: Slowbro|152/394","|-damage|p1a: Ariados|286/343|[from] item: Rocky Helmet|[of] p2a: Slowbro","|","|turn|2","|","|move|p1a: Ariados|Sucker Punch|p2a: Slowbro","|-supereffective|p2a: Slowbro","|-damage|p2a: Slowbro|40/394","|-damage|p1a: Ariados|229/343|[from] item: Rocky Helmet|[of] p2a: Slowbro","|move|p2a: Slowbro|Flamethrower|p1a: Ariados","|-supereffective|p1a: Ariados","|-damage|p1a: Ariados|29/343","|","|turn|3","|","|move|p1a: Ariados|Sticky Web|p2a: Slowbro","|-sidestart|p2: Seven Swell|move: Sticky Web","|move|p2a: Slowbro|Slack Off|p2a: Slowbro","|-heal|p2a: Slowbro|237/394","|","|turn|4","|","|move|p1a: Ariados|Megahorn|p2a: Slowbro","|-supereffective|p2a: Slowbro","|-damage|p2a: Slowbro|0 fnt","|-damage|p1a: Ariados|0 fnt|[from] item: Rocky Helmet|[of] p2a: Slowbro","|faint|p1a: Ariados","|faint|p2a: Slowbro","|","|","|switch|p2a: Latias|Latias, F|364/364","|switch|p1a: Illumise|Illumise, F, shiny|334/334","|turn|5","|","|move|p1a: Illumise|Thunder Wave|p2a: Latias","|-status|p2a: Latias|par","|move|p2a: Latias|Defog|p1a: Illumise","|-unboost|p1a: Illumise|evasion|1","|-sideend|p2: Seven Swell|Sticky Web|[from] move: Defog|[of] p2a: Latias","|","|turn|6","|","|switch|p2a: Mew|Mew|404/404","|move|p1a: Illumise|Encore|p2a: Mew","|-fail|p2a: Mew","|","|turn|7","|","|move|p1a: Illumise|Thunder Wave|p2a: Mew","|-status|p2a: Mew|par","|-status|p1a: Illumise|par","|move|p2a: Mew|Heal Bell|p2a: Mew","|-cureteam|p2a: Mew|[from] move: HealBell","|","|turn|8","|","|move|p2a: Mew|Aura Sphere|p1a: Illumise","|-resisted|p1a: Illumise","|-damage|p1a: Illumise|308/334 par","|move|p1a: Illumise|U-turn|p2a: Mew","|-supereffective|p2a: Mew","|-damage|p2a: Mew|318/404","|","|switch|p1a: Beedrill|Beedrill, M, shiny|271/271","|","|-heal|p2a: Mew|343/404|[from] item: Leftovers","|turn|9","|","|detailschange|p1a: Beedrill|Beedrill-Mega, M, shiny","|-mega|p1a: Beedrill|Beedrill|Beedrillite","|move|p1a: Beedrill|Protect|p1a: Beedrill","|-singleturn|p1a: Beedrill|Protect","|move|p2a: Mew|Aura Sphere|p1a: Beedrill","|-activate|p1a: Beedrill|Protect","|","|-heal|p2a: Mew|368/404|[from] item: Leftovers","|turn|10","|","|move|p1a: Beedrill|U-turn|p2a: Mew","|-supereffective|p2a: Mew","|-damage|p2a: Mew|0 fnt","|faint|p2a: Mew","|","|switch|p1a: Durant|Durant, M, shiny|257/257","|","|","|switch|p2a: Hoopa-Unbound|Hoopa-Unbound|301/301","|turn|11","|","|move|p1a: Durant|X-Scissor|p2a: Hoopa-Unbound","|-crit|p2a: Hoopa-Unbound","|-supereffective|p2a: Hoopa-Unbound","|-enditem|p2a: Hoopa-Unbound|Focus Sash","|-damage|p2a: Hoopa-Unbound|1/301","|-damage|p1a: Durant|232/257|[from] item: Life Orb","|move|p2a: Hoopa-Unbound|Fire Punch|p1a: Durant","|-supereffective|p1a: Durant","|-damage|p1a: Durant|0 fnt","|-item|p2a: Hoopa-Unbound|Life Orb|[from] ability: Magician|[of] p1a: Durant","|-damage|p2a: Hoopa-Unbound|0 fnt|[from] item: Life Orb","|faint|p1a: Durant","|faint|p2a: Hoopa-Unbound","|","|","|switch|p2a: Deoxys-Speed|Deoxys-Speed|304/304","|switch|p1a: Beedrill|Beedrill-Mega, M, shiny|271/271","|-ability|p2a: Deoxys-Speed|Pressure","|turn|12","|","|move|p2a: Deoxys-Speed|Thunder Wave|p1a: Beedrill","|-status|p1a: Beedrill|par","|move|p1a: Beedrill|U-turn|p2a: Deoxys-Speed","|-supereffective|p2a: Deoxys-Speed","|-enditem|p2a: Deoxys-Speed|Focus Sash","|-damage|p2a: Deoxys-Speed|1/304","|","|switch|p1a: Illumise|Illumise, F, shiny|308/334 par","|","|-heal|p1a: Illumise|328/334 par|[from] item: Leftovers","|turn|13","|","|switch|p2a: Latias|Latias, F|364/364","|move|p1a: Illumise|Encore|p2a: Latias","|-fail|p2a: Latias","|","|-heal|p1a: Illumise|334/334 par|[from] item: Leftovers","|turn|14","|","|move|p1a: Illumise|Thunder Wave|p2a: Latias","|-status|p2a: Latias|par","|move|p2a: Latias|Psyshock|p1a: Illumise","|-crit|p1a: Illumise","|-damage|p1a: Illumise|105/334 par","|","|-heal|p1a: Illumise|125/334 par|[from] item: Leftovers","|turn|15","|","|cant|p2a: Latias|par","|cant|p1a: Illumise|par","|","|-heal|p1a: Illumise|145/334 par|[from] item: Leftovers","|turn|16","|","|cant|p2a: Latias|par","|move|p1a: Illumise|U-turn|p2a: Latias","|-supereffective|p2a: Latias","|-damage|p2a: Latias|256/364 par","|","|switch|p1a: Beedrill|Beedrill-Mega, M, shiny|271/271 par","|","|-heal|p2a: Latias|278/364 par|[from] item: Leftovers","|turn|17","|","|cant|p1a: Beedrill|par","|move|p2a: Latias|Psyshock|p1a: Beedrill","|-supereffective|p1a: Beedrill","|-damage|p1a: Beedrill|0 fnt","|faint|p1a: Beedrill","|","|-heal|p2a: Latias|300/364 par|[from] item: Leftovers","|","|switch|p1a: Venomoth|Venomoth, F, shiny|281/281","|turn|18","|","|move|p1a: Venomoth|Bug Buzz|p2a: Latias","|-supereffective|p2a: Latias","|-damage|p2a: Latias|60/364 par","|cant|p2a: Latias|par","|","|-heal|p2a: Latias|82/364 par|[from] item: Leftovers","|turn|19","|","|move|p1a: Venomoth|Sludge Bomb|p2a: Latias","|-damage|p2a: Latias|0 fnt","|faint|p2a: Latias","|","|","|switch|p2a: Gardevoir|Gardevoir, M|277/277","|-ability|p2a: Gardevoir|Wonder Skin|[from] ability: Trace|[of] p1a: Venomoth","|turn|20","|","|detailschange|p2a: Gardevoir|Gardevoir-Mega, M","|-mega|p2a: Gardevoir|Gardevoir|Gardevoirite","|move|p2a: Gardevoir|Psyshock|p1a: Venomoth","|-supereffective|p1a: Venomoth","|-enditem|p1a: Venomoth|Focus Sash","|-damage|p1a: Venomoth|1/281","|move|p1a: Venomoth|Sludge Bomb|p2a: Gardevoir","|-supereffective|p2a: Gardevoir","|-damage|p2a: Gardevoir|79/277","|","|turn|21","|","|move|p2a: Gardevoir|Psyshock|p1a: Venomoth","|-supereffective|p1a: Venomoth","|-damage|p1a: Venomoth|0 fnt","|faint|p1a: Venomoth","|","|","|switch|p1a: Heracross|Heracross, F, shiny|301/301","|turn|22","|","|move|p1a: Heracross|Knock Off|p2a: Gardevoir","|-crit|p2a: Gardevoir","|-damage|p2a: Gardevoir|0 fnt","|faint|p2a: Gardevoir","|-boost|p1a: Heracross|atk|1|[from] ability: Moxie","|","|","|switch|p2a: Deoxys-Speed|Deoxys-Speed|1/304","|-ability|p2a: Deoxys-Speed|Pressure","|turn|23","|","|move|p2a: Deoxys-Speed|Thunder Wave|p1a: Heracross","|-status|p1a: Heracross|par","|move|p1a: Heracross|Knock Off|p2a: Deoxys-Speed","|-supereffective|p2a: Deoxys-Speed","|-damage|p2a: Deoxys-Speed|0 fnt","|faint|p2a: Deoxys-Speed","|-boost|p1a: Heracross|atk|1|[from] ability: Moxie","|","|win|Guard Darkrai"],"p1rating":{"entryid":"6034648","serverid":"eos","formatid":"monotype","userid":"guarddarkrai","username":"Guard Darkrai","w":62,"l":"75","t":"0","gxe":44.7,"r":"1488.6159366829","rd":"39.621397946879","sigma":"0","rptime":"1438592400","rpr":1460.1037078647,"rprd":33.145922397542,"rpsigma":"0","acre":1061.9627779622,"lacre":1061.9627779622,"oldacre":"1000"},"p2rating":{"entryid":"7267988","serverid":"eos","formatid":"monotype","userid":"sevenswell","username":"Seven Swell","w":"30","l":20,"t":"0","gxe":61,"r":"1572.309210045","rd":"54.856714065649","sigma":"0","rptime":"1438592400","rpr":1585.0296947431,"rprd":49.172828807687,"rpsigma":"0","acre":1175.6577552441,"lacre":1175.6577552441,"oldacre":"1214.3844914705"},"endType":"normal"}