{"seed":[39226,14517,55886,26973],"turns":49,"p1":"Trill Nye","p2":"Spettro_Filo","p1team":[{"name":"Clefable","species":"Clefable","item":"leftovers","ability":"Magic Guard","moves":["cosmicpower","storedpower","flamethrower","softboiled"],"nature":"Bold","evs":{"hp":252,"atk":0,"def":252,"spa":4,"spd":0,"spe":0},"ivs":{"hp":31,"atk":31,"def":31,"spa":31,"spd":31,"spe":31}},{"name":"Azumarill","species":"Azumarill","item":"sitrusberry","ability":"Huge Power","moves":["aquajet","playrough","icepunch","waterfall"],"nature":"Adamant","evs":{"hp":252,"atk":252,"def":0,"spa":0,"spd":0,"spe":4},"ivs":{"hp":31,"atk":31,"def":31,"spa":31,"spd":31,"spe":31}},{"name":"Klefki","species":"Klefki","item":"leftovers","ability":"Prankster","moves":["spikes","lightscreen","reflect","toxic"],"nature":"Careful","evs":{"hp":252,"atk":0,"def":0,"spa":0,"spd":252,"spe":4},"ivs":{"hp":31,"atk":31,"def":31,"spa":31,"spd":31,"spe":31}},{"name":"Gardevoir","species":"Gardevoir","item":"gardevoirite","ability":"Synchronize","moves":["calmmind","hypervoice","shadowball","psyshock"],"nature":"Modest","evs":{"hp":248,"atk":0,"def":0,"spa":252,"spd":8,"spe":0},"ivs":{"hp":31,"atk":31,"def":31,"spa":31,"spd":31,"spe":31}},{"name":"Togekiss","species":"Togekiss","item":"leftovers","ability":"Serene Grace","moves":["roost","thunderwave","airslash","healbell"],"nature":"Bold","evs":{"hp":252,"atk":0,"def":252,"spa":4,"spd":0,"spe":0},"ivs":{"hp":31,"atk":31,"def":31,"spa":31,"spd":31,"spe":31}},{"name":"Sylveon","species":"Sylveon","item":"leftovers","ability":"Pixilate","moves":["calmmind","substitute","hypervoice","psyshock"],"nature":"Modest","evs":{"hp":4,"atk":0,"def":252,"spa":252,"spd":0,"spe":0},"ivs":{"hp":31,"atk":31,"def":31,"spa":31,"spd":31,"spe":31}}],"p2team":[{"name":"Gengar","species":"Gengar","item":"choicespecs","ability":"Levitate","moves":["dazzlinggleam","energyball","darkpulse","shadowball"],"nature":"Timid","evs":{"hp":0,"atk":0,"def":0,"spa":252,"spd":4,"spe":252},"ivs":{"hp":31,"atk":31,"def":31,"spa":31,"spd":31,"spe":31}},{"name":"Spiritomb","species":"Spiritomb","item":"leftovers","ability":"Pressure","moves":["calmmind","darkpulse","rest","sleeptalk"],"nature":"Modest","evs":{"hp":252,"atk":0,"def":0,"spa":252,"spd":4,"spe":0},"ivs":{"hp":31,"atk":31,"def":31,"spa":31,"spd":31,"spe":31}},{"name":"Chandelure","species":"Chandelure","item":"leftovers","ability":"Flash Fire","moves":["calmmind","substitute","flamethrower","shadowball"],"nature":"Modest","evs":{"hp":248,"atk":0,"def":0,"spa":252,"spd":8,"spe":0},"ivs":{"hp":31,"atk":31,"def":31,"spa":31,"spd":31,"spe":31}},{"name":"Golurk","species":"Golurk","item":"assaultvest","ability":"No Guard","moves":["earthquake","dynamicpunch","icepunch","hammerarm"],"nature":"Adamant","evs":{"hp":248,"atk":252,"def":0,"spa":0,"spd":8,"spe":0},"ivs":{"hp":31,"atk":31,"def":31,"spa":31,"spd":31,"spe":31}},{"name":"Cofagrigus","species":"Cofagrigus","item":"leftovers","ability":"Mummy","moves":["toxicspikes","nastyplot","shadowball","trickroom"],"nature":"Quiet","evs":{"hp":248,"atk":0,"def":0,"spa":252,"spd":8,"spe":0},"ivs":{"hp":31,"atk":31,"def":31,"spa":31,"spd":31,"spe":0}},{"name":"Froslass","species":"Froslass","item":"focussash","ability":"Cursed Body","moves":["thunderbolt","destinybond","icebeam","shadowball"],"nature":"Timid","evs":{"hp":0,"atk":0,"def":0,"spa":252,"spd":4,"spe":252},"ivs":{"hp":31,"atk":31,"def":31,"spa":31,"spd":31,"spe":31}}],"log":["|player|p1|Trill Nye|293","|player|p2|Spettro_Filo|168","|gametype|singles","|gen|6","|tier|Monotype","|rated","|rule|Baton Pass Clause: Limit one Baton Passer, can't pass Spe and other stats simultaneously","|rule|Swagger Clause: Swagger is banned","|rule|Same Type Clause: Pokémon in a team must share a type","|clearpoke","|poke|p1|Clefable, F","|poke|p1|Azumarill, M","|poke|p1|Klefki, F","|poke|p1|Gardevoir, M","|poke|p1|Togekiss, M","|poke|p1|Sylveon, F","|poke|p2|Gengar, M","|poke|p2|Spiritomb, F","|poke|p2|Chandelure, F","|poke|p2|Golurk","|poke|p2|Cofagrigus, M","|poke|p2|Froslass, F","|rule|Sleep Clause Mod: Limit one foe put to sleep","|rule|Species Clause: Limit one of each Pokémon","|rule|OHKO Clause: OHKO moves are banned","|rule|Moody Clause: Moody is banned","|rule|Evasion Moves Clause: Evasion moves are banned","|rule|Endless Battle Clause: Forcing endless battles is banned","|rule|HP Percentage Mod: HP is shown in percentages","|teampreview","|","|start","|switch|p1a: Sylveon|Sylveon, F|332/332","|switch|p2a: Cofagrigus|Cofagrigus, M|319/319","|turn|1","|","|move|p1a: Sylveon|Substitute|p1a: Sylveon","|-start|p1a: Sylveon|Substitute","|-damage|p1a: Sylveon|249/332","|move|p2a: Cofagrigus|Trick Room|p2a: Cofagrigus","|-fieldstart|move: Trick Room|[of] p2a: Cofagrigus","|","|-heal|p1a: Sylveon|269/332|[from] item: Leftovers","|turn|2","|","|move|p2a: Cofagrigus|Toxic Spikes|p1a: Sylveon","|-sidestart|p1: Trill Nye|move: Toxic Spikes","|move|p1a: Sylveon|Calm Mind|p1a: Sylveon","|-boost|p1a: Sylveon|spa|1","|-boost|p1a: Sylveon|spd|1","|","|-heal|p1a: Sylveon|289/332|[from] item: Leftovers","|turn|3","|","|move|p2a: Cofagrigus|Toxic Spikes|p1a: Sylveon","|-sidestart|p1: Trill Nye|move: Toxic Spikes","|move|p1a: Sylveon|Calm Mind|p1a: Sylveon","|-boost|p1a: Sylveon|spa|1","|-boost|p1a: Sylveon|spd|1","|","|-heal|p1a: Sylveon|309/332|[from] item: Leftovers","|turn|4","|","|move|p2a: Cofagrigus|Shadow Ball|p1a: Sylveon","|-activate|p1a: Sylveon|Substitute|[damage]","|move|p1a: Sylveon|Calm Mind|p1a: Sylveon","|-boost|p1a: Sylveon|spa|1","|-boost|p1a: Sylveon|spd|1","|","|-heal|p1a: Sylveon|329/332|[from] item: Leftovers","|turn|5","|","|move|p2a: Cofagrigus|Nasty Plot|p2a: Cofagrigus","|-boost|p2a: Cofagrigus|spa|2","|move|p1a: Sylveon|Hyper Voice|p2a: Cofagrigus","|-damage|p2a: Cofagrigus|0 fnt","|faint|p2a: Cofagrigus","|","|-heal|p1a: Sylveon|332/332|[from] item: Leftovers","|-fieldend|move: Trick Room","|","|switch|p2a: Golurk|Golurk|381/381","|turn|6","|","|move|p1a: Sylveon|Hyper Voice|p2a: Golurk","|-damage|p2a: Golurk|0 fnt","|faint|p2a: Golurk","|","|","|switch|p2a: Froslass|Froslass, F|281/281","|turn|7","|","|move|p2a: Froslass|Ice Beam|p1a: Sylveon","|-end|p1a: Sylveon|Substitute","|move|p1a: Sylveon|Hyper Voice|p2a: Froslass","|-crit|p2a: Froslass","|-enditem|p2a: Froslass|Focus Sash","|-damage|p2a: Froslass|1/281","|","|turn|8","|","|move|p2a: Froslass|Destiny Bond|p2a: Froslass","|-singlemove|p2a: Froslass|Destiny Bond","|move|p1a: Sylveon|Substitute|p1a: Sylveon","|-start|p1a: Sylveon|Substitute","|-damage|p1a: Sylveon|249/332","|","|-heal|p1a: Sylveon|269/332|[from] item: Leftovers","|turn|9","|","|move|p2a: Froslass|Destiny Bond|p2a: Froslass","|-singlemove|p2a: Froslass|Destiny Bond","|move|p1a: Sylveon|Hyper Voice|p2a: Froslass","|-damage|p2a: Froslass|0 fnt","|faint|p2a: Froslass","|-activate|p2a: Froslass|Destiny Bond","|faint|p1a: Sylveon","|","|","|switch|p1a: Klefki|Klefki, F|318/318","|switch|p2a: Spiritomb|Spiritomb, F|304/304","|-ability|p2a: Spiritomb|Pressure","|turn|10","|","|move|p1a: Klefki|Light Screen|p1a: Klefki","|-sidestart|p1: Trill Nye|move: Light Screen","|move|p2a: Spiritomb|Calm Mind|p2a: Spiritomb","|-boost|p2a: Spiritomb|spa|1","|-boost|p2a: Spiritomb|spd|1","|","|turn|11","|","|move|p1a: Klefki|Toxic|p2a: Spiritomb","|-status|p2a: Spiritomb|tox","|move|p2a: Spiritomb|Calm Mind|p2a: Spiritomb","|-boost|p2a: Spiritomb|spa|1","|-boost|p2a: Spiritomb|spd|1","|","|-damage|p2a: Spiritomb|285/304 tox|[from] psn","|turn|12","|","|move|p1a: Klefki|Reflect|p1a: Klefki","|-sidestart|p1: Trill Nye|Reflect","|move|p2a: Spiritomb|Calm Mind|p2a: Spiritomb","|-boost|p2a: Spiritomb|spa|1","|-boost|p2a: Spiritomb|spd|1","|","|-heal|p2a: Spiritomb|304/304 tox|[from] item: Leftovers","|-damage|p2a: Spiritomb|266/304 tox|[from] psn","|turn|13","|","|move|p1a: Klefki|Spikes|p2a: Spiritomb","|-sidestart|p2: Spettro_Filo|Spikes","|move|p2a: Spiritomb|Rest|p2a: Spiritomb","|-status|p2a: Spiritomb|slp","|-heal|p2a: Spiritomb|304/304 slp|[silent]","|-status|p2a: Spiritomb|slp|[from] move: Rest","|","|turn|14","|","|switch|p1a: Clefable|Clefable, F|394/394","|-status|p1a: Clefable|tox","|cant|p2a: Spiritomb|slp","|move|p2a: Spiritomb|Sleep Talk|p2a: Spiritomb","|move|p2a: Spiritomb|Calm Mind|p2a: Spiritomb|[from]Sleep Talk","|-boost|p2a: Spiritomb|spa|1","|-boost|p2a: Spiritomb|spd|1","|","|-sideend|p1: Trill Nye|move: Light Screen","|turn|15","|","|move|p1a: Clefable|Cosmic Power|p1a: Clefable","|-boost|p1a: Clefable|def|1","|-boost|p1a: Clefable|spd|1","|cant|p2a: Spiritomb|slp","|move|p2a: Spiritomb|Sleep Talk|p2a: Spiritomb","|move|p2a: Spiritomb|Rest|p2a: Spiritomb|[from]Sleep Talk","|-fail|p2a: Spiritomb","|","|turn|16","|","|move|p1a: Clefable|Cosmic Power|p1a: Clefable","|-boost|p1a: Clefable|def|1","|-boost|p1a: Clefable|spd|1","|-curestatus|p2a: Spiritomb|slp","|move|p2a: Spiritomb|Sleep Talk|p2a: Spiritomb","|-fail|p2a: Spiritomb","|","|-sideend|p1: Trill Nye|Reflect","|turn|17","|","|move|p1a: Clefable|Cosmic Power|p1a: Clefable","|-boost|p1a: Clefable|def|1","|-boost|p1a: Clefable|spd|1","|move|p2a: Spiritomb|Dark Pulse|p1a: Clefable","|-resisted|p1a: Clefable","|-damage|p1a: Clefable|312/394 tox","|","|-heal|p1a: Clefable|336/394 tox|[from] item: Leftovers","|turn|18","|","|move|p1a: Clefable|Cosmic Power|p1a: Clefable","|-boost|p1a: Clefable|def|1","|-boost|p1a: Clefable|spd|1","|move|p2a: Spiritomb|Dark Pulse|p1a: Clefable","|-resisted|p1a: Clefable","|-damage|p1a: Clefable|269/394 tox","|","|-heal|p1a: Clefable|293/394 tox|[from] item: Leftovers","|turn|19","|","|move|p1a: Clefable|Cosmic Power|p1a: Clefable","|-boost|p1a: Clefable|def|1","|-boost|p1a: Clefable|spd|1","|move|p2a: Spiritomb|Calm Mind|p2a: Spiritomb","|-boost|p2a: Spiritomb|spa|1","|-boost|p2a: Spiritomb|spd|1","|","|-heal|p1a: Clefable|317/394 tox|[from] item: Leftovers","|turn|20","|","|move|p1a: Clefable|Cosmic Power|p1a: Clefable","|-boost|p1a: Clefable|def|1","|-boost|p1a: Clefable|spd|1","|move|p2a: Spiritomb|Calm Mind|p2a: Spiritomb","|-boost|p2a: Spiritomb|spa|1","|-boost|p2a: Spiritomb|spd|1","|","|-heal|p1a: Clefable|341/394 tox|[from] item: Leftovers","|turn|21","|","|move|p1a: Clefable|Flamethrower|p2a: Spiritomb","|-damage|p2a: Spiritomb|289/304","|move|p2a: Spiritomb|Dark Pulse|p1a: Clefable","|-resisted|p1a: Clefable","|-damage|p1a: Clefable|278/394 tox","|","|-heal|p1a: Clefable|302/394 tox|[from] item: Leftovers","|-heal|p2a: Spiritomb|304/304|[from] item: Leftovers","|turn|22","|","|move|p1a: Clefable|Flamethrower|p2a: Spiritomb","|-damage|p2a: Spiritomb|288/304","|move|p2a: Spiritomb|Dark Pulse|p1a: Clefable","|-resisted|p1a: Clefable","|-damage|p1a: Clefable|240/394 tox","|","|-heal|p1a: Clefable|264/394 tox|[from] item: Leftovers","|-heal|p2a: Spiritomb|304/304|[from] item: Leftovers","|turn|23","|","|move|p1a: Clefable|Soft-Boiled|p1a: Clefable","|-heal|p1a: Clefable|394/394 tox","|move|p2a: Spiritomb|Dark Pulse|p1a: Clefable","|-resisted|p1a: Clefable","|-damage|p1a: Clefable|332/394 tox","|","|-heal|p1a: Clefable|356/394 tox|[from] item: Leftovers","|turn|24","|","|move|p1a: Clefable|Flamethrower|p2a: Spiritomb","|-damage|p2a: Spiritomb|287/304","|move|p2a: Spiritomb|Dark Pulse|p1a: Clefable","|-resisted|p1a: Clefable","|-damage|p1a: Clefable|286/394 tox","|","|-heal|p1a: Clefable|310/394 tox|[from] item: Leftovers","|-heal|p2a: Spiritomb|304/304|[from] item: Leftovers","|turn|25","|","|move|p1a: Clefable|Flamethrower|p2a: Spiritomb","|-damage|p2a: Spiritomb|288/304","|move|p2a: Spiritomb|Dark Pulse|p1a: Clefable","|-resisted|p1a: Clefable","|-damage|p1a: Clefable|245/394 tox","|","|-heal|p1a: Clefable|269/394 tox|[from] item: Leftovers","|-heal|p2a: Spiritomb|304/304|[from] item: Leftovers","|turn|26","|","|move|p1a: Clefable|Flamethrower|p2a: Spiritomb","|-damage|p2a: Spiritomb|287/304","|move|p2a: Spiritomb|Dark Pulse|p1a: Clefable","|-resisted|p1a: Clefable","|-damage|p1a: Clefable|203/394 tox","|","|-heal|p1a: Clefable|227/394 tox|[from] item: Leftovers","|-heal|p2a: Spiritomb|304/304|[from] item: Leftovers","|turn|27","|","|move|p1a: Clefable|Flamethrower|p2a: Spiritomb","|-damage|p2a: Spiritomb|289/304","|move|p2a: Spiritomb|Dark Pulse|p1a: Clefable","|-resisted|p1a: Clefable","|-damage|p1a: Clefable|165/394 tox","|","|-heal|p1a: Clefable|189/394 tox|[from] item: Leftovers","|-heal|p2a: Spiritomb|304/304|[from] item: Leftovers","|turn|28","|","|move|p1a: Clefable|Flamethrower|p2a: Spiritomb","|-damage|p2a: Spiritomb|287/304","|move|p2a: Spiritomb|Dark Pulse|p1a: Clefable","|-resisted|p1a: Clefable","|-damage|p1a: Clefable|125/394 tox","|","|-heal|p1a: Clefable|149/394 tox|[from] item: Leftovers","|-heal|p2a: Spiritomb|304/304|[from] item: Leftovers","|turn|29","|","|move|p1a: Clefable|Flamethrower|p2a: Spiritomb","|-damage|p2a: Spiritomb|288/304","|move|p2a: Spiritomb|Dark Pulse|p1a: Clefable","|-resisted|p1a: Clefable","|-damage|p1a: Clefable|84/394 tox","|","|-heal|p1a: Clefable|108/394 tox|[from] item: Leftovers","|-heal|p2a: Spiritomb|304/304|[from] item: Leftovers","|turn|30","|","|move|p1a: Clefable|Flamethrower|p2a: Spiritomb","|-damage|p2a: Spiritomb|288/304","|move|p2a: Spiritomb|Dark Pulse|p1a: Clefable","|-resisted|p1a: Clefable","|-damage|p1a: Clefable|45/394 tox","|","|-heal|p1a: Clefable|69/394 tox|[from] item: Leftovers","|-heal|p2a: Spiritomb|304/304|[from] item: Leftovers","|turn|31","|","|move|p1a: Clefable|Flamethrower|p2a: Spiritomb","|-damage|p2a: Spiritomb|288/304","|move|p2a: Spiritomb|Dark Pulse|p1a: Clefable","|-resisted|p1a: Clefable","|-damage|p1a: Clefable|0 fnt","|faint|p1a: Clefable","|","|-heal|p2a: Spiritomb|304/304|[from] item: Leftovers","|","|switch|p1a: Togekiss|Togekiss, M|374/374","|turn|32","|","|move|p1a: Togekiss|Thunder Wave|p2a: Spiritomb","|-status|p2a: Spiritomb|par","|cant|p2a: Spiritomb|par","|","|turn|33","|","|switch|p1a: Klefki|Klefki, F|318/318","|cant|p2a: Spiritomb|par","|","|turn|34","|","|move|p1a: Klefki|Light Screen|p1a: Klefki","|-sidestart|p1: Trill Nye|move: Light Screen","|move|p2a: Spiritomb|Rest|p2a: Spiritomb","|-fail|p2a: Spiritomb","|","|turn|35","|","|move|p1a: Klefki|Reflect|p1a: Klefki","|-sidestart|p1: Trill Nye|Reflect","|cant|p2a: Spiritomb|par","|","|turn|36","|","|switch|p1a: Gardevoir|Gardevoir, M|339/339","|-status|p1a: Gardevoir|tox","|move|p2a: Spiritomb|Dark Pulse|p1a: Gardevoir","|-damage|p1a: Gardevoir|105/339 tox","|","|-damage|p1a: Gardevoir|84/339 tox|[from] psn","|turn|37","|","|detailschange|p1a: Gardevoir|Gardevoir-Mega, M","|-mega|p1a: Gardevoir|Gardevoir|Gardevoirite","|move|p1a: Gardevoir|Hyper Voice|p2a: Spiritomb","|-supereffective|p2a: Spiritomb","|-damage|p2a: Spiritomb|176/304 par","|move|p2a: Spiritomb|Dark Pulse|p1a: Gardevoir","|-damage|p1a: Gardevoir|0 fnt","|faint|p1a: Gardevoir","|","|-heal|p2a: Spiritomb|195/304 par|[from] item: Leftovers","|","|switch|p1a: Azumarill|Azumarill, M|404/404","|-status|p1a: Azumarill|tox","|turn|38","|","|move|p1a: Azumarill|Play Rough|p2a: Spiritomb","|-supereffective|p2a: Spiritomb","|-damage|p2a: Spiritomb|0 fnt","|faint|p2a: Spiritomb","|","|-damage|p1a: Azumarill|379/404 tox|[from] psn","|-sideend|p1: Trill Nye|move: Light Screen","|","|switch|p2a: Gengar|Gengar, M|261/261","|turn|39","|","|move|p1a: Azumarill|Aqua Jet|p2a: Gengar","|-damage|p2a: Gengar|125/261","|move|p2a: Gengar|Energy Ball|p1a: Azumarill","|-supereffective|p1a: Azumarill","|-damage|p1a: Azumarill|0 fnt","|faint|p1a: Azumarill","|","|-sideend|p1: Trill Nye|Reflect","|","|switch|p1a: Klefki|Klefki, F|318/318","|turn|40","|","|move|p1a: Klefki|Light Screen|p1a: Klefki","|-sidestart|p1: Trill Nye|move: Light Screen","|move|p2a: Gengar|Energy Ball|p1a: Klefki","|-resisted|p1a: Klefki","|-damage|p1a: Klefki|287/318","|","|-heal|p1a: Klefki|306/318|[from] item: Leftovers","|turn|41","|","|switch|p2a: Chandelure|Chandelure, F|323/323","|-damage|p2a: Chandelure|283/323|[from] Spikes","|move|p1a: Klefki|Spikes|p2a: Chandelure","|-sidestart|p2: Spettro_Filo|Spikes","|","|-heal|p2a: Chandelure|303/323|[from] item: Leftovers","|-heal|p1a: Klefki|318/318|[from] item: Leftovers","|turn|42","|","|move|p1a: Klefki|Toxic|p2a: Chandelure","|-status|p2a: Chandelure|tox","|move|p2a: Chandelure|Substitute|p2a: Chandelure","|-start|p2a: Chandelure|Substitute","|-damage|p2a: Chandelure|223/323 tox","|","|-heal|p2a: Chandelure|243/323 tox|[from] item: Leftovers","|-damage|p2a: Chandelure|223/323 tox|[from] psn","|turn|43","|","|move|p1a: Klefki|Spikes|p2a: Chandelure","|-sidestart|p2: Spettro_Filo|Spikes","|move|p2a: Chandelure|Calm Mind|p2a: Chandelure","|-boost|p2a: Chandelure|spa|1","|-boost|p2a: Chandelure|spd|1","|","|-heal|p2a: Chandelure|243/323 tox|[from] item: Leftovers","|-damage|p2a: Chandelure|203/323 tox|[from] psn","|turn|44","|","|move|p1a: Klefki|Reflect|p1a: Klefki","|-sidestart|p1: Trill Nye|Reflect","|move|p2a: Chandelure|Flamethrower|p1a: Klefki","|-supereffective|p1a: Klefki","|-damage|p1a: Klefki|101/318","|","|-heal|p2a: Chandelure|223/323 tox|[from] item: Leftovers","|-heal|p1a: Klefki|120/318|[from] item: Leftovers","|-damage|p2a: Chandelure|163/323 tox|[from] psn","|-sideend|p1: Trill Nye|move: Light Screen","|turn|45","|","|move|p1a: Klefki|Light Screen|p1a: Klefki","|-sidestart|p1: Trill Nye|move: Light Screen","|move|p2a: Chandelure|Flamethrower|p1a: Klefki","|-supereffective|p1a: Klefki","|-damage|p1a: Klefki|0 fnt","|faint|p1a: Klefki","|","|-heal|p2a: Chandelure|183/323 tox|[from] item: Leftovers","|-damage|p2a: Chandelure|103/323 tox|[from] psn","|","|switch|p1a: Togekiss|Togekiss, M|374/374","|turn|46","|","|move|p2a: Chandelure|Flamethrower|p1a: Togekiss","|-damage|p1a: Togekiss|243/374","|move|p1a: Togekiss|Roost|p1a: Togekiss","|-heal|p1a: Togekiss|374/374","|","|-heal|p2a: Chandelure|123/323 tox|[from] item: Leftovers","|-damage|p2a: Chandelure|23/323 tox|[from] psn","|turn|47","|","|move|p2a: Chandelure|Flamethrower|p1a: Togekiss","|-damage|p1a: Togekiss|245/374","|move|p1a: Togekiss|Roost|p1a: Togekiss","|-heal|p1a: Togekiss|374/374","|","|-heal|p2a: Chandelure|43/323 tox|[from] item: Leftovers","|-damage|p2a: Chandelure|0 fnt|[from] psn","|faint|p2a: Chandelure","|","|switch|p2a: Gengar|Gengar, M|125/261","|turn|48","|","|move|p2a: Gengar|Shadow Ball|p1a: Togekiss","|-damage|p1a: Togekiss|279/374","|-unboost|p1a: Togekiss|spd|1","|move|p1a: Togekiss|Thunder Wave|p2a: Gengar","|-status|p2a: Gengar|par","|","|-heal|p1a: Togekiss|302/374|[from] item: Leftovers","|-sideend|p1: Trill Nye|Reflect","|turn|49","|","|move|p1a: Togekiss|Air Slash|p2a: Gengar","|-damage|p2a: Gengar|0 fnt","|faint|p2a: Gengar","|","|win|Trill Nye"],"p1rating":{"entryid":7374609,"formatid":"monotype","userid":"trillnye","username":"Trill Nye","r":1500,"rd":130,"sigma":0,"rpr":1533.8943026215,"rprd":122.94044142979,"rpsigma":0,"rptime":1438592400,"w":1,"l":0,"t":0,"gxe":54.2,"acre":1040,"lacre":1040,"oldacre":1000},"p2rating":{"entryid":"7345280","serverid":"eos","formatid":"monotype","userid":"spettrofilo","username":"Spettro Filo","w":"1","l":7,"t":"0","gxe":28.9,"r":"1438.5479551848","rd":"123.43649464304","sigma":"0","rptime":"1438592400","rpr":1325.1198392019,"rprd":91.744060327583,"rpsigma":"0","acre":1000,"lacre":1000,"oldacre":"1000"},"endType":"normal"}