{"seed":[5969,20448,27232,1189],"turns":23,"p1":"Guard Darkrai","p2":"Traine✘ Chief","p1team":[{"name":"Beedrill","species":"Beedrill","item":"beedrillite","ability":"Sniper","moves":["fellstinger","poisonjab","uturn","protect"],"nature":"Jolly","evs":{"hp":0,"atk":252,"def":0,"spa":0,"spd":4,"spe":252},"shiny":true,"ivs":{"hp":31,"atk":31,"def":31,"spa":31,"spd":31,"spe":31}},{"name":"Durant","species":"Durant","item":"lifeorb","ability":"Hustle","moves":["ironhead","xscissor","superpower","honeclaws"],"nature":"Jolly","evs":{"hp":0,"atk":252,"def":0,"spa":0,"spd":4,"spe":252},"shiny":true,"ivs":{"hp":31,"atk":31,"def":31,"spa":31,"spd":31,"spe":31}},{"name":"Venomoth","species":"Venomoth","item":"focussash","ability":"Wonder Skin","moves":["quiverdance","bugbuzz","sludgebomb","sleeppowder"],"nature":"Modest","evs":{"hp":0,"atk":0,"def":0,"spa":252,"spd":4,"spe":252},"shiny":true,"ivs":{"hp":31,"atk":31,"def":31,"spa":31,"spd":31,"spe":31}},{"name":"Shuckle","species":"Shuckle","item":"leftovers","ability":"Contrary","moves":["shellsmash","stickyweb","infestation","stealthrock"],"nature":"Modest","evs":{"hp":0,"atk":0,"def":0,"spa":252,"spd":4,"spe":252},"shiny":true,"ivs":{"hp":31,"atk":31,"def":31,"spa":31,"spd":31,"spe":31}},{"name":"Heracross","species":"Heracross","item":"choicescarf","ability":"Moxie","moves":["closecombat","stoneedge","megahorn","knockoff"],"nature":"Jolly","evs":{"hp":0,"atk":252,"def":0,"spa":0,"spd":4,"spe":252},"shiny":true,"ivs":{"hp":31,"atk":31,"def":31,"spa":31,"spd":31,"spe":31}},{"name":"Illumise","species":"Illumise","item":"leftovers","ability":"Prankster","moves":["thunderwave","encore","uturn","tailwind"],"nature":"Careful","evs":{"hp":252,"atk":0,"def":4,"spa":0,"spd":252,"spe":0},"shiny":true,"ivs":{"hp":31,"atk":31,"def":31,"spa":31,"spd":31,"spe":31}}],"p2team":[{"name":"Cofagrigus","species":"Cofagrigus","item":"leftovers","ability":"Mummy","moves":["toxic","willowisp","trickroom","hex"],"nature":"Relaxed","evs":{"hp":252,"atk":0,"def":252,"spa":4,"spd":0,"spe":0},"ivs":{"hp":31,"atk":31,"def":31,"spa":31,"spd":31,"spe":0}},{"name":"Aegislash","species":"Aegislash","item":"weaknesspolicy","ability":"Stance Change","moves":["swordsdance","kingsshield","shadowsneak","ironhead"],"nature":"Adamant","evs":{"hp":248,"atk":252,"def":0,"spa":0,"spd":8,"spe":0},"ivs":{"hp":31,"atk":31,"def":31,"spa":31,"spd":31,"spe":31}},{"name":"Banette","species":"Banette","item":"banettite","ability":"Cursed Body","moves":["cottonguard","shadowclaw","knockoff","shadowsneak"],"nature":"Adamant","evs":{"hp":0,"atk":252,"def":0,"spa":0,"spd":252,"spe":0},"gender":"F","ivs":{"hp":31,"atk":31,"def":31,"spa":31,"spd":31,"spe":31}},{"name":"Dusknoir","species":"Dusknoir","item":"leftovers","ability":"Pressure","moves":["icepunch","shadowsneak","poweruppunch","counter"],"nature":"Adamant","evs":{"hp":248,"atk":252,"def":0,"spa":0,"spd":8,"spe":0},"ivs":{"hp":31,"atk":31,"def":31,"spa":31,"spd":31,"spe":31}},{"name":"Chandelure","species":"Chandelure","item":"assaultvest","ability":"Infiltrator","moves":["energyball","shadowball","fireblast","flamecharge"],"nature":"Modest","evs":{"hp":4,"atk":0,"def":0,"spa":252,"spd":0,"spe":252},"ivs":{"hp":31,"atk":31,"def":31,"spa":31,"spd":31,"spe":31}},{"name":"Sableye","species":"Sableye","item":"focussash","ability":"Prankster","moves":["willowisp","confuseray","painsplit","foulplay"],"nature":"Calm","evs":{"hp":248,"atk":0,"def":8,"spa":0,"spd":252,"spe":0},"ivs":{"hp":31,"atk":31,"def":31,"spa":31,"spd":31,"spe":31}}],"log":["|player|p1|Guard Darkrai|guarddarkrai.png","|player|p2|Traine✘ Chief|127","|gametype|singles","|gen|6","|tier|Monotype","|rated","|rule|Baton Pass Clause: Limit one Baton Passer, can't pass Spe and other stats simultaneously","|rule|Swagger Clause: Swagger is banned","|rule|Same Type Clause: Pokémon in a team must share a type","|clearpoke","|poke|p1|Beedrill, F, shiny","|poke|p1|Durant, F, shiny","|poke|p1|Venomoth, F, shiny","|poke|p1|Shuckle, F, shiny","|poke|p1|Heracross, F, shiny","|poke|p1|Illumise, F, shiny","|poke|p2|Cofagrigus, F","|poke|p2|Aegislash, F","|poke|p2|Banette, F","|poke|p2|Dusknoir, F","|poke|p2|Chandelure, M","|poke|p2|Sableye, M","|rule|Sleep Clause Mod: Limit one foe put to sleep","|rule|Species Clause: Limit one of each Pokémon","|rule|OHKO Clause: OHKO moves are banned","|rule|Moody Clause: Moody is banned","|rule|Evasion Moves Clause: Evasion moves are banned","|rule|Endless Battle Clause: Forcing endless battles is banned","|rule|HP Percentage Mod: HP is shown in percentages","|teampreview","|","|start","|switch|p1a: Shuckle|Shuckle, F, shiny|181/181","|switch|p2a: Cofagrigus|Cofagrigus, F|320/320","|turn|1","|","|move|p1a: Shuckle|Sticky Web|p2a: Cofagrigus","|-sidestart|p2: Traine✘ Chief|move: Sticky Web","|move|p2a: Cofagrigus|Toxic|p1a: Shuckle","|-status|p1a: Shuckle|tox","|","|-damage|p1a: Shuckle|170/181 tox|[from] psn","|turn|2","|","|move|p1a: Shuckle|Stealth Rock|p2a: Cofagrigus","|-sidestart|p2: Traine✘ Chief|move: Stealth Rock","|move|p2a: Cofagrigus|Hex|p1a: Shuckle","|-damage|p1a: Shuckle|94/181 tox","|","|-heal|p1a: Shuckle|105/181 tox|[from] item: Leftovers","|-damage|p1a: Shuckle|83/181 tox|[from] psn","|turn|3","|","|move|p1a: Shuckle|Infestation|p2a: Cofagrigus","|-resisted|p2a: Cofagrigus","|-damage|p2a: Cofagrigus|314/320","|-endability|p1a: Shuckle|contrary|[from] Mummy","|-ability|p1a: Shuckle|Mummy|[from] Mummy","|-activate|p2a: Cofagrigus|move: Infestation|[of] p1a: Shuckle","|move|p2a: Cofagrigus|Hex|p1a: Shuckle","|-damage|p1a: Shuckle|7/181 tox","|","|-heal|p1a: Shuckle|18/181 tox|[from] item: Leftovers","|-heal|p2a: Cofagrigus|320/320|[from] item: Leftovers","|-damage|p1a: Shuckle|0 fnt|[from] psn","|faint|p1a: Shuckle","|","|switch|p1a: Heracross|Heracross, F, shiny|301/301","|turn|4","|","|move|p1a: Heracross|Knock Off|p2a: Cofagrigus","|-supereffective|p2a: Cofagrigus","|-damage|p2a: Cofagrigus|192/320","|-endability|p1a: Heracross|moxie|[from] Mummy","|-ability|p1a: Heracross|Mummy|[from] Mummy","|-enditem|p2a: Cofagrigus|Leftovers|[from] move: Knock Off|[of] p1a: Heracross","|move|p2a: Cofagrigus|Trick Room|p2a: Cofagrigus","|-fieldstart|move: Trick Room|[of] p2a: Cofagrigus","|","|turn|5","|","|move|p2a: Cofagrigus|Will-O-Wisp|p1a: Heracross","|-status|p1a: Heracross|brn","|move|p1a: Heracross|Knock Off|p2a: Cofagrigus","|-supereffective|p2a: Cofagrigus","|-damage|p2a: Cofagrigus|147/320","|","|-damage|p1a: Heracross|264/301 brn|[from] brn","|turn|6","|","|switch|p1a: Illumise|Illumise, F, shiny|334/334","|move|p2a: Cofagrigus|Hex|p1a: Illumise","|-damage|p1a: Illumise|271/334","|","|-heal|p1a: Illumise|291/334|[from] item: Leftovers","|turn|7","|","|move|p1a: Illumise|Encore|p2a: Cofagrigus","|-start|p2a: Cofagrigus|Encore","|move|p2a: Cofagrigus|Hex|p1a: Illumise","|-damage|p1a: Illumise|222/334","|","|-heal|p1a: Illumise|242/334|[from] item: Leftovers","|turn|8","|","|move|p1a: Illumise|Thunder Wave|p2a: Cofagrigus","|-status|p2a: Cofagrigus|par","|move|p2a: Cofagrigus|Hex|p1a: Illumise","|-damage|p1a: Illumise|182/334","|","|-heal|p1a: Illumise|202/334|[from] item: Leftovers","|-fieldend|move: Trick Room","|turn|9","|","|move|p1a: Illumise|Tailwind|p1a: Illumise","|-sidestart|p1: Guard Darkrai|move: Tailwind","|move|p2a: Cofagrigus|Hex|p1a: Illumise","|-damage|p1a: Illumise|135/334","|","|-heal|p1a: Illumise|155/334|[from] item: Leftovers","|-end|p2a: Cofagrigus|Encore","|turn|10","|","|move|p1a: Illumise|Encore|p2a: Cofagrigus","|-start|p2a: Cofagrigus|Encore","|move|p2a: Cofagrigus|Hex|p1a: Illumise","|-damage|p1a: Illumise|85/334","|","|-heal|p1a: Illumise|105/334|[from] item: Leftovers","|turn|11","|","|move|p1a: Illumise|U-turn|p2a: Cofagrigus","|-crit|p2a: Cofagrigus","|-resisted|p2a: Cofagrigus","|-damage|p2a: Cofagrigus|129/320 par","|-endability|p1a: Illumise|prankster|[from] Mummy","|-ability|p1a: Illumise|Mummy|[from] Mummy","|","|switch|p1a: Durant|Durant, F, shiny|257/257","|move|p2a: Cofagrigus|Hex|p1a: Durant","|-damage|p1a: Durant|133/257","|","|turn|12","|","|move|p1a: Durant|Iron Head|p2a: Cofagrigus","|-damage|p2a: Cofagrigus|0 fnt","|-endability|p1a: Durant|hustle|[from] Mummy","|-ability|p1a: Durant|Mummy|[from] Mummy","|-damage|p1a: Durant|108/257|[from] item: Life Orb","|faint|p2a: Cofagrigus","|","|-sideend|p1: Guard Darkrai|move: Tailwind","|","|switch|p2a: Aegislash|Aegislash, F|323/323","|-activate|p2a: Aegislash|move: Sticky Web","|-unboost|p2a: Aegislash|spe|1","|-damage|p2a: Aegislash|303/323|[from] Stealth Rock","|turn|13","|","|switch|p1a: Beedrill|Beedrill, F, shiny|271/271","|move|p2a: Aegislash|Swords Dance|p2a: Aegislash","|-boost|p2a: Aegislash|atk|2","|","|turn|14","|","|detailschange|p1a: Beedrill|Beedrill-Mega, F, shiny","|-mega|p1a: Beedrill|Beedrill|Beedrillite","|move|p1a: Beedrill|U-turn|p2a: Aegislash","|-resisted|p2a: Aegislash","|-damage|p2a: Aegislash|268/323","|","|switch|p1a: Venomoth|Venomoth, F, shiny|281/281","|move|p2a: Aegislash|Swords Dance|p2a: Aegislash","|-boost|p2a: Aegislash|atk|2","|","|turn|15","|","|-formechange|p2a: Aegislash|Aegislash-Blade","|move|p2a: Aegislash|Shadow Sneak|p1a: Venomoth","|-enditem|p1a: Venomoth|Focus Sash","|-damage|p1a: Venomoth|1/281","|move|p1a: Venomoth|Sleep Powder|p2a: Aegislash","|-status|p2a: Aegislash|slp","|","|turn|16","|","|-formechange|p2a: Aegislash|Aegislash","|cant|p2a: Aegislash|slp","|move|p1a: Venomoth|Quiver Dance|p1a: Venomoth","|-boost|p1a: Venomoth|spa|1","|-boost|p1a: Venomoth|spd|1","|-boost|p1a: Venomoth|spe|1","|","|turn|17","|","|-curestatus|p2a: Aegislash|slp","|move|p2a: Aegislash|King's Shield|p2a: Aegislash","|-singleturn|p2a: Aegislash|Protect","|move|p1a: Venomoth|Quiver Dance|p1a: Venomoth","|-boost|p1a: Venomoth|spa|1","|-boost|p1a: Venomoth|spd|1","|-boost|p1a: Venomoth|spe|1","|","|turn|18","|","|-formechange|p2a: Aegislash|Aegislash-Blade","|move|p2a: Aegislash|Shadow Sneak|p1a: Venomoth","|-damage|p1a: Venomoth|0 fnt","|faint|p1a: Venomoth","|","|","|switch|p1a: Illumise|Illumise, F, shiny|105/334","|turn|19","|","|move|p1a: Illumise|Thunder Wave|p2a: Aegislash","|-status|p2a: Aegislash|par","|move|p2a: Aegislash|Shadow Sneak|p1a: Illumise","|-damage|p1a: Illumise|0 fnt","|faint|p1a: Illumise","|","|","|switch|p1a: Heracross|Heracross, F, shiny|264/301 brn","|turn|20","|","|-formechange|p2a: Aegislash|Aegislash","|cant|p2a: Aegislash|par","|move|p1a: Heracross|Knock Off|p2a: Aegislash","|-supereffective|p2a: Aegislash","|-damage|p2a: Aegislash|184/323 par","|-enditem|p2a: Aegislash|Weakness Policy","|-boost|p2a: Aegislash|atk|2|[from] item: Weakness Policy","|-boost|p2a: Aegislash|spa|2|[from] item: Weakness Policy","|","|-damage|p1a: Heracross|227/301 brn|[from] brn","|turn|21","|","|switch|p1a: Beedrill|Beedrill-Mega, F, shiny|271/271","|-formechange|p2a: Aegislash|Aegislash-Blade","|move|p2a: Aegislash|Shadow Sneak|p1a: Beedrill","|-damage|p1a: Beedrill|0 fnt","|faint|p1a: Beedrill","|","|","|switch|p1a: Durant|Durant, F, shiny|108/257","|turn|22","|","|move|p2a: Aegislash|Shadow Sneak|p1a: Durant","|-damage|p1a: Durant|0 fnt","|faint|p1a: Durant","|","|","|switch|p1a: Heracross|Heracross, F, shiny|227/301 brn","|turn|23","|","|move|p2a: Aegislash|Shadow Sneak|p1a: Heracross","|-damage|p1a: Heracross|0 fnt","|faint|p1a: Heracross","|","|win|Traine✘ Chief"],"p1rating":{"entryid":"6034648","serverid":"eos","formatid":"monotype","userid":"guarddarkrai","username":"Guard Darkrai","w":"51","l":54,"t":"0","gxe":49.2,"r":"1488.6159366829","rd":"39.621397946879","sigma":"0","rptime":"1438592400","rpr":1493.8651578324,"rprd":38.5229778479,"rpsigma":"0","acre":1127.8410015953,"lacre":1127.8410015953,"oldacre":"1149.50267277"},"p2rating":{"entryid":"7268014","serverid":"eos","formatid":"monotype","userid":"trainechief","username":"Traine✘ Chief","w":20,"l":"12","t":"0","gxe":58.9,"r":"1552.7531386711","rd":"64.45599173542","sigma":"0","rptime":"1438592400","rpr":1568.3917886606,"rprd":59.112061322097,"rpsigma":"0","acre":1217.8372545095,"lacre":1217.8372545095,"oldacre":"1196.1755833348"},"endType":"normal"}