{"seed":[48845,14107,37742,28171],"turns":25,"p1":"Alliance-SeaHutch","p2":"noah9280","p1team":[{"name":"Jenna Marbles","species":"garchomp","item":"rockyhelmet","ability":"Rough Skin","moves":["dragontail","earthquake","stealthrock","fireblast"],"nature":"Lax","evs":{"hp":252,"atk":0,"def":236,"spa":0,"spd":0,"spe":20},"ivs":{"hp":31,"atk":31,"def":31,"spa":31,"spd":31,"spe":31}},{"name":"Gooey ( ͡° ͜ʖ ͡°)","species":"goodra","item":"assaultvest","ability":"Gooey","moves":["dragonpulse","flamethrower","sludgebomb","hiddenpowerground"],"nature":"Modest","evs":{"hp":248,"atk":0,"def":0,"spa":252,"spd":8,"spe":0},"ivs":{"hp":31,"atk":31,"def":31,"spa":30,"spd":30,"spe":31}},{"name":"The Mailman","species":"dragonite","item":"lumberry","ability":"Multiscale","moves":["dragondance","dragonclaw","extremespeed","earthquake"],"nature":"Adamant","evs":{"hp":0,"atk":252,"def":0,"spa":0,"spd":4,"spe":252},"ivs":{"hp":31,"atk":31,"def":31,"spa":31,"spd":31,"spe":31}},{"name":"Angel","species":"latias","item":"latiasite","ability":"Levitate","moves":["healingwish","tailwind","defog","psyshock"],"nature":"Timid","evs":{"hp":248,"atk":0,"def":0,"spa":8,"spd":0,"spe":252},"ivs":{"hp":31,"atk":0,"def":31,"spa":31,"spd":31,"spe":31}},{"name":"Hail Hydra","species":"hydreigon","item":"choicespecs","ability":"Levitate","moves":["darkpulse","flamethrower","earthpower","flashcannon"],"nature":"Timid","evs":{"hp":0,"atk":0,"def":0,"spa":252,"spd":4,"spe":252},"happiness":0,"ivs":{"hp":31,"atk":31,"def":31,"spa":31,"spd":31,"spe":31}},{"name":"Kaneki Ken","species":"kyuremblack","item":"choiceband","ability":"Teravolt","moves":["outrage","fusionbolt","shadowclaw","ironhead"],"nature":"Adamant","evs":{"hp":160,"atk":252,"def":0,"spa":0,"spd":0,"spe":96},"ivs":{"hp":31,"atk":31,"def":31,"spa":31,"spd":31,"spe":31}}],"p2team":[{"name":"Hoopa-Unbound","species":"Hoopa-Unbound","item":"lifeorb","ability":"Magician","moves":["drainpunch","firepunch","hyperspacefury","gunkshot"],"nature":"Jolly","evs":{"hp":0,"atk":252,"def":0,"spa":0,"spd":4,"spe":252},"ivs":{"hp":31,"atk":31,"def":31,"spa":31,"spd":31,"spe":31}},{"name":"Weavile","species":"Weavile","item":"lifeorb","ability":"Pressure","moves":["icepunch","iceshard","nightslash","lowkick"],"nature":"Jolly","evs":{"hp":0,"atk":252,"def":0,"spa":0,"spd":4,"spe":252},"gender":"M","ivs":{"hp":31,"atk":31,"def":31,"spa":31,"spd":31,"spe":31}},{"name":"Umbreon","species":"Umbreon","item":"leftovers","ability":"Synchronize","moves":["wish","toxic","protect","foulplay"],"nature":"Calm","evs":{"hp":252,"atk":0,"def":4,"spa":0,"spd":252,"spe":0},"gender":"F","shiny":true,"ivs":{"hp":31,"atk":31,"def":31,"spa":31,"spd":31,"spe":31}},{"name":"Sableye","species":"Sableye","item":"sablenite","ability":"Keen Eye","moves":["willowisp","calmmind","shadowball","recover"],"nature":"Calm","evs":{"hp":248,"atk":0,"def":0,"spa":8,"spd":252,"spe":0},"gender":"M","ivs":{"hp":31,"atk":31,"def":31,"spa":31,"spd":31,"spe":31}},{"name":"Zoroark","species":"Zoroark","item":"lifeorb","ability":"Illusion","moves":["nightdaze","extrasensory","flamethrower","focusblast"],"nature":"Timid","evs":{"hp":0,"atk":0,"def":0,"spa":252,"spd":4,"spe":252},"gender":"M","ivs":{"hp":31,"atk":31,"def":31,"spa":31,"spd":31,"spe":31}},{"name":"Tyranitar","species":"Tyranitar","item":"choicescarf","ability":"Sand Stream","moves":["fireblast","earthquake","stoneedge","crunch"],"nature":"Naive","evs":{"hp":0,"atk":252,"def":0,"spa":4,"spd":0,"spe":252},"ivs":{"hp":31,"atk":31,"def":31,"spa":31,"spd":31,"spe":31}}],"log":["|player|p1|Alliance-SeaHutch|288","|player|p2|noah9280|68","|gametype|singles","|gen|6","|tier|Monotype","|rated","|rule|Baton Pass Clause: Limit one Baton Passer, can't pass Spe and other stats simultaneously","|rule|Swagger Clause: Swagger is banned","|rule|Same Type Clause: Pokémon in a team must share a type","|clearpoke","|poke|p1|Garchomp, F","|poke|p1|Goodra, F","|poke|p1|Dragonite, M","|poke|p1|Latias, F","|poke|p1|Hydreigon, F","|poke|p1|Kyurem-Black","|poke|p2|Hoopa-Unbound","|poke|p2|Weavile, M","|poke|p2|Umbreon, F, shiny","|poke|p2|Sableye, M","|poke|p2|Zoroark, M","|poke|p2|Tyranitar, M","|rule|Sleep Clause Mod: Limit one foe put to sleep","|rule|Species Clause: Limit one of each Pokémon","|rule|OHKO Clause: OHKO moves are banned","|rule|Moody Clause: Moody is banned","|rule|Evasion Moves Clause: Evasion moves are banned","|rule|Endless Battle Clause: Forcing endless battles is banned","|rule|HP Percentage Mod: HP is shown in percentages","|teampreview","|","|start","|switch|p1a: Jenna Marbles|Garchomp, F|420/420","|switch|p2a: Sableye|Sableye, M|261/261","|turn|1","|","|switch|p1a: Hail Hydra|Hydreigon, F|325/325","|move|p2a: Sableye|Night Daze|p1a: Hail Hydra","|-crit|p1a: Hail Hydra","|-resisted|p1a: Hail Hydra","|-damage|p1a: Hail Hydra|169/325","|-damage|p2a: Sableye|235/261|[from] item: Life Orb","|","|turn|2","|","|move|p2a: Sableye|Focus Blast|p1a: Hail Hydra|[miss]","|-miss|p2a: Sableye|p1a: Hail Hydra","|move|p1a: Hail Hydra|Dark Pulse|p2a: Sableye","|-resisted|p2a: Sableye","|replace|p2a: Zoroark|Zoroark, M|235/261","|-damage|p2a: Zoroark|69/261","|","|turn|3","|","|switch|p1a: Gooey ( ͡° ͜ʖ ͡°)|Goodra, F|383/383","|move|p2a: Zoroark|Focus Blast|p1a: Gooey ( ͡° ͜ʖ ͡°)|[miss]","|-miss|p2a: Zoroark|p1a: Gooey ( ͡° ͜ʖ ͡°)","|","|turn|4","|","|move|p2a: Zoroark|Night Daze|p1a: Gooey ( ͡° ͜ʖ ͡°)","|-damage|p1a: Gooey ( ͡° ͜ʖ ͡°)|293/383","|-damage|p2a: Zoroark|43/261|[from] item: Life Orb","|move|p1a: Gooey ( ͡° ͜ʖ ͡°)|Dragon Pulse|p2a: Zoroark","|-damage|p2a: Zoroark|0 fnt","|faint|p2a: Zoroark","|","|","|switch|p2a: Weavile|Weavile, M|281/281","|-ability|p2a: Weavile|Pressure","|turn|5","|","|move|p2a: Weavile|Ice Punch|p1a: Gooey ( ͡° ͜ʖ ͡°)","|-supereffective|p1a: Gooey ( ͡° ͜ʖ ͡°)","|-damage|p1a: Gooey ( ͡° ͜ʖ ͡°)|0 fnt","|-unboost|p2a: Weavile|spe|1","|-damage|p2a: Weavile|253/281|[from] item: Life Orb","|faint|p1a: Gooey ( ͡° ͜ʖ ͡°)","|","|","|switch|p1a: Jenna Marbles|Garchomp, F|420/420","|turn|6","|","|switch|p2a: Umbreon|Umbreon, F, shiny|394/394","|move|p1a: Jenna Marbles|Stealth Rock|p2a: Umbreon","|-sidestart|p2: noah9280|move: Stealth Rock","|","|turn|7","|","|move|p2a: Umbreon|Toxic|p1a: Jenna Marbles","|-status|p1a: Jenna Marbles|tox","|move|p1a: Jenna Marbles|Dragon Tail|p2a: Umbreon","|-damage|p2a: Umbreon|316/394","|drag|p2a: Weavile|Weavile, M|253/281","|-damage|p2a: Weavile|183/281|[from] Stealth Rock","|-ability|p2a: Weavile|Pressure","|","|-damage|p1a: Jenna Marbles|394/420 tox|[from] psn","|turn|8","|","|move|p2a: Weavile|Ice Punch|p1a: Jenna Marbles","|-supereffective|p1a: Jenna Marbles","|-damage|p1a: Jenna Marbles|0 fnt","|-damage|p2a: Weavile|148/281|[from] ability: Rough Skin|[of] p1a: Jenna Marbles","|-damage|p2a: Weavile|102/281|[from] item: Rocky Helmet|[of] p1a: Jenna Marbles","|-damage|p2a: Weavile|74/281|[from] item: Life Orb","|faint|p1a: Jenna Marbles","|","|","|switch|p1a: The Mailman|Dragonite, M|323/323","|turn|9","|","|switch|p2a: Tyranitar|Tyranitar, M|341/341","|-damage|p2a: Tyranitar|299/341|[from] Stealth Rock","|-weather|Sandstorm","|move|p1a: The Mailman|Extreme Speed|p2a: Tyranitar","|-crit|p2a: Tyranitar","|-resisted|p2a: Tyranitar","|-damage|p2a: Tyranitar|230/341","|","|-weather|Sandstorm|[upkeep]","|-damage|p1a: The Mailman|303/323|[from] sandstorm","|turn|10","|","|move|p2a: Tyranitar|Stone Edge|p1a: The Mailman","|-supereffective|p1a: The Mailman","|-damage|p1a: The Mailman|0 fnt","|faint|p1a: The Mailman","|","|-weather|Sandstorm|[upkeep]","|","|switch|p1a: Angel|Latias, F|363/363","|turn|11","|","|detailschange|p1a: Angel|Latias-Mega, F","|-mega|p1a: Angel|Latias|Latiasite","|move|p2a: Tyranitar|Stone Edge|p1a: Angel","|-damage|p1a: Angel|204/363","|move|p1a: Angel|Tailwind|p1a: Angel","|-sidestart|p1: Alliance-SeaHutch|move: Tailwind","|","|-weather|Sandstorm|[upkeep]","|-damage|p1a: Angel|182/363|[from] sandstorm","|turn|12","|","|move|p1a: Angel|Healing Wish|p1a: Angel","|faint|p1a: Angel","|move|p2a: Tyranitar|Stone Edge|p1: Angel|[notarget]","|-notarget","|","|-weather|Sandstorm|[upkeep]","|","|switch|p1a: Kaneki Ken|Kyurem-Black|431/431","|-heal|p1a: Kaneki Ken|431/431|[from] move: Healing Wish","|-ability|p1a: Kaneki Ken|Teravolt","|turn|13","|","|move|p1a: Kaneki Ken|Outrage|p2a: Tyranitar","|-damage|p2a: Tyranitar|0 fnt","|faint|p2a: Tyranitar","|","|-weather|none","|","|switch|p2a: Umbreon|Umbreon, F, shiny|316/394","|-damage|p2a: Umbreon|267/394|[from] Stealth Rock","|turn|14","|","|move|p2a: Umbreon|Protect|p2a: Umbreon","|-singleturn|p2a: Umbreon|Protect","|move|p1a: Kaneki Ken|Outrage|p2a: Umbreon|[from]lockedmove","|-activate|p2a: Umbreon|Protect","|-start|p1a: Kaneki Ken|confusion|[fatigue]","|","|-heal|p2a: Umbreon|291/394|[from] item: Leftovers","|-sideend|p1: Alliance-SeaHutch|move: Tailwind","|turn|15","|","|switch|p1a: Hail Hydra|Hydreigon, F|169/325","|move|p2a: Umbreon|Wish|p2a: Umbreon","|","|-heal|p2a: Umbreon|315/394|[from] item: Leftovers","|turn|16","|","|move|p1a: Hail Hydra|Flamethrower|p2a: Umbreon","|-damage|p2a: Umbreon|221/394","|move|p2a: Umbreon|Toxic|p1a: Hail Hydra","|-status|p1a: Hail Hydra|tox","|","|-heal|p2a: Umbreon|394/394|[from] move: Wish|[wisher] Umbreon","|-damage|p1a: Hail Hydra|149/325 tox|[from] psn","|turn|17","|","|move|p1a: Hail Hydra|Flamethrower|p2a: Umbreon","|-damage|p2a: Umbreon|303/394","|move|p2a: Umbreon|Foul Play|p1a: Hail Hydra","|-resisted|p1a: Hail Hydra","|-damage|p1a: Hail Hydra|95/325 tox","|","|-heal|p2a: Umbreon|327/394|[from] item: Leftovers","|-damage|p1a: Hail Hydra|55/325 tox|[from] psn","|turn|18","|","|move|p1a: Hail Hydra|Flamethrower|p2a: Umbreon","|-damage|p2a: Umbreon|231/394","|move|p2a: Umbreon|Foul Play|p1a: Hail Hydra","|-resisted|p1a: Hail Hydra","|-damage|p1a: Hail Hydra|3/325 tox","|","|-heal|p2a: Umbreon|255/394|[from] item: Leftovers","|-damage|p1a: Hail Hydra|0 fnt|[from] psn","|faint|p1a: Hail Hydra","|","|switch|p1a: Kaneki Ken|Kyurem-Black|431/431","|-ability|p1a: Kaneki Ken|Teravolt","|turn|19","|","|move|p1a: Kaneki Ken|Fusion Bolt|p2a: Umbreon","|-damage|p2a: Umbreon|41/394","|move|p2a: Umbreon|Wish|p2a: Umbreon","|","|-heal|p2a: Umbreon|65/394|[from] item: Leftovers","|turn|20","|","|move|p2a: Umbreon|Protect|p2a: Umbreon","|-singleturn|p2a: Umbreon|Protect","|move|p1a: Kaneki Ken|Fusion Bolt|p2a: Umbreon","|-activate|p2a: Umbreon|Protect","|","|-heal|p2a: Umbreon|262/394|[from] move: Wish|[wisher] Umbreon","|-heal|p2a: Umbreon|286/394|[from] item: Leftovers","|turn|21","|","|move|p1a: Kaneki Ken|Fusion Bolt|p2a: Umbreon","|-damage|p2a: Umbreon|53/394","|move|p2a: Umbreon|Foul Play|p1a: Kaneki Ken","|-crit|p1a: Kaneki Ken","|-damage|p1a: Kaneki Ken|100/431","|","|-heal|p2a: Umbreon|77/394|[from] item: Leftovers","|turn|22","|","|move|p1a: Kaneki Ken|Fusion Bolt|p2a: Umbreon","|-damage|p2a: Umbreon|0 fnt","|faint|p2a: Umbreon","|","|","|switch|p2a: Weavile|Weavile, M|74/281","|-damage|p2a: Weavile|4/281|[from] Stealth Rock","|-ability|p2a: Weavile|Pressure","|turn|23","|","|move|p2a: Weavile|Ice Shard|p1a: Kaneki Ken","|-damage|p1a: Kaneki Ken|18/431","|-damage|p2a: Weavile|0 fnt|[from] item: Life Orb","|faint|p2a: Weavile","|move|p1a: Kaneki Ken|Fusion Bolt|p2: Weavile|[notarget]","|-notarget","|","|","|switch|p2a: Sableye|Sableye, M|303/303","|-damage|p2a: Sableye|266/303|[from] Stealth Rock","|turn|24","|","|detailschange|p2a: Sableye|Sableye-Mega, M","|-mega|p2a: Sableye|Sableye|Sablenite","|move|p1a: Kaneki Ken|Fusion Bolt|p2a: Sableye","|-crit|p2a: Sableye","|-damage|p2a: Sableye|0 fnt","|faint|p2a: Sableye","|","|","|switch|p2a: Hoopa-Unbound|Hoopa-Unbound|301/301","|-damage|p2a: Hoopa-Unbound|264/301|[from] Stealth Rock","|turn|25","|","|move|p2a: Hoopa-Unbound|Drain Punch|p1a: Kaneki Ken","|-supereffective|p1a: Kaneki Ken","|-damage|p1a: Kaneki Ken|0 fnt","|-heal|p2a: Hoopa-Unbound|273/301|[from] drain|[of] p1a: Kaneki Ken","|-damage|p2a: Hoopa-Unbound|243/301|[from] item: Life Orb","|faint|p1a: Kaneki Ken","|","|win|noah9280"],"p1rating":{"entryid":"6933655","serverid":"eos","formatid":"monotype","userid":"allianceseahutch","username":"Alliance-SeaHutch","w":"26","l":4,"t":"0","gxe":77.4,"r":"1753.9288611428","rd":"67.148209381152","sigma":"0","rptime":"1438506000","rpr":1735.324863874,"rprd":66.38921799074,"rpsigma":"0","acre":1340.9590432978,"lacre":1340.9590432978,"oldacre":"1373.2725317491"},"p2rating":{"entryid":"7319634","serverid":"eos","formatid":"monotype","userid":"noah9280","username":"noah9280","w":5,"l":"1","t":"0","gxe":63.9,"r":"1523.5332300939","rd":"111.03354182331","sigma":"0","rptime":"1438506000","rpr":1611.4584434083,"rprd":99.781131556728,"rpsigma":"0","acre":1164.2025677385,"lacre":1164.2025677385,"oldacre":"1123.8107071743"},"endType":"normal"}