{"seed":[11723,60576,5476,6366],"turns":16,"p1":"Sovereign♕Rah","p2":"Sovereign♕Cactus","p1team":[{"name":"Muk","species":"Muk","item":"leftovers","ability":"Poison Touch","moves":["gunkshot","firepunch","shadowsneak","painsplit"],"nature":"Adamant","evs":{"hp":200,"atk":108,"def":200,"spa":0,"spd":0,"spe":0},"ivs":{"hp":31,"atk":31,"def":31,"spa":31,"spd":31,"spe":31}},{"name":"Toxicroak","species":"Toxicroak","item":"blacksludge","ability":"Dry Skin","moves":["gunkshot","drainpunch","suckerpunch","swordsdance"],"nature":"Jolly","evs":{"hp":0,"atk":252,"def":4,"spa":0,"spd":0,"spe":252},"ivs":{"hp":31,"atk":31,"def":31,"spa":31,"spd":31,"spe":31}},{"name":"Nidoqueen","species":"Nidoqueen","item":"lifeorb","ability":"Sheer Force","moves":["earthpower","icebeam","stealthrock","sludgewave"],"nature":"Modest","evs":{"hp":40,"atk":0,"def":0,"spa":252,"spd":0,"spe":216},"ivs":{"hp":31,"atk":31,"def":31,"spa":31,"spd":31,"spe":31}},{"name":"Nidoking","species":"Nidoking","item":"lifeorb","ability":"Sheer Force","moves":["sludgewave","earthpower","icebeam","superpower"],"nature":"Naive","evs":{"hp":0,"atk":0,"def":4,"spa":252,"spd":0,"spe":252},"ivs":{"hp":31,"atk":31,"def":31,"spa":31,"spd":31,"spe":31}},{"name":"Dragalge","species":"Dragalge","item":"blacksludge","ability":"Adaptability","moves":["dracometeor","sludgewave","scald","toxicspikes"],"nature":"Calm","evs":{"hp":248,"atk":0,"def":0,"spa":0,"spd":232,"spe":28},"ivs":{"hp":31,"atk":31,"def":31,"spa":31,"spd":31,"spe":31}},{"name":"Crobat","species":"Crobat","item":"blacksludge","ability":"Infiltrator","moves":["bravebird","uturn","taunt","roost"],"nature":"Jolly","evs":{"hp":248,"atk":0,"def":48,"spa":0,"spd":0,"spe":212},"ivs":{"hp":31,"atk":31,"def":31,"spa":31,"spd":31,"spe":31}}],"p2team":[{"name":"Finding Nemo","species":"lanturn","item":"leftovers","ability":"Volt Absorb","moves":["scald","voltswitch","icebeam","healbell"],"nature":"Modest","evs":{"hp":252,"atk":0,"def":0,"spa":252,"spd":4,"spe":0},"shiny":true,"ivs":{"hp":31,"atk":31,"def":31,"spa":31,"spd":31,"spe":31}},{"name":"Hot Pink Rocks","species":"swampert","item":"leftovers","ability":"Torrent","moves":["stealthrock","earthquake","protect","roar"],"nature":"Careful","evs":{"hp":252,"atk":4,"def":0,"spa":0,"spd":252,"spe":0},"gender":"M","shiny":true,"ivs":{"hp":31,"atk":31,"def":31,"spa":31,"spd":31,"spe":31}},{"name":"Mulan","species":"gyarados","item":"leftovers","ability":"Moxie","moves":["dragondance","waterfall","bounce","substitute"],"nature":"Adamant","evs":{"hp":0,"atk":252,"def":0,"spa":0,"spd":4,"spe":252},"gender":"M","shiny":true,"ivs":{"hp":31,"atk":31,"def":31,"spa":31,"spd":31,"spe":31}},{"name":"David","species":"slowbro","item":"leftovers","ability":"Regenerator","moves":["calmmind","slackoff","psychic","surf"],"nature":"Bold","evs":{"hp":252,"atk":0,"def":252,"spa":4,"spd":0,"spe":0},"ivs":{"hp":31,"atk":31,"def":31,"spa":31,"spd":31,"spe":31}},{"name":"My Little Ponyta","species":"keldeo","item":"choicescarf","ability":"Justified","moves":["stoneedge","hydropump","sacredsword","hiddenpowerice"],"nature":"Hasty","evs":{"hp":0,"atk":4,"def":0,"spa":252,"spd":0,"spe":252},"ivs":{"hp":31,"atk":30,"def":30,"spa":31,"spd":31,"spe":31}},{"name":"Tank-Zilla","species":"blastoise","item":"blastoisinite","ability":"Torrent","moves":["aurasphere","dragonpulse","rapidspin","waterpulse"],"nature":"Modest","evs":{"hp":248,"atk":0,"def":0,"spa":252,"spd":8,"spe":0},"shiny":true,"ivs":{"hp":31,"atk":31,"def":31,"spa":31,"spd":31,"spe":31}}],"log":["|player|p1|Sovereign♕Rah|267","|player|p2|Sovereign♕Cactus|251","|gametype|singles","|gen|6","|tier|Monotype","|rated","|rule|Baton Pass Clause: Limit one Baton Passer, can't pass Spe and other stats simultaneously","|rule|Swagger Clause: Swagger is banned","|rule|Same Type Clause: Pokémon in a team must share a type","|clearpoke","|poke|p1|Muk, M","|poke|p1|Toxicroak, M","|poke|p1|Nidoqueen, F","|poke|p1|Nidoking, M","|poke|p1|Dragalge, F","|poke|p1|Crobat, F","|poke|p2|Lanturn, F, shiny","|poke|p2|Swampert, M, shiny","|poke|p2|Gyarados, M, shiny","|poke|p2|Slowbro, F","|poke|p2|Keldeo","|poke|p2|Blastoise, F, shiny","|rule|Sleep Clause Mod: Limit one foe put to sleep","|rule|Species Clause: Limit one of each Pokémon","|rule|OHKO Clause: OHKO moves are banned","|rule|Moody Clause: Moody is banned","|rule|Evasion Moves Clause: Evasion moves are banned","|rule|Endless Battle Clause: Forcing endless battles is banned","|rule|HP Percentage Mod: HP is shown in percentages","|teampreview","|","|start","|switch|p1a: Dragalge|Dragalge, F|333/333","|switch|p2a: Hot Pink Rocks|Swampert, M, shiny|404/404","|turn|1","|","|move|p2a: Hot Pink Rocks|Stealth Rock|p1a: Dragalge","|-sidestart|p1: Sovereign♕Rah|move: Stealth Rock","|move|p1a: Dragalge|Toxic Spikes|p2a: Hot Pink Rocks","|-sidestart|p2: Sovereign♕Cactus|move: Toxic Spikes","|","|turn|2","|","|move|p1a: Dragalge|Toxic Spikes|p2a: Hot Pink Rocks","|-sidestart|p2: Sovereign♕Cactus|move: Toxic Spikes","|move|p2a: Hot Pink Rocks|Roar|p1a: Dragalge","|drag|p1a: Toxicroak|Toxicroak, M|307/307","|-damage|p1a: Toxicroak|288/307|[from] Stealth Rock","|","|-heal|p1a: Toxicroak|307/307|[from] item: Black Sludge","|turn|3","|","|move|p1a: Toxicroak|Swords Dance|p1a: Toxicroak","|-boost|p1a: Toxicroak|atk|2","|move|p2a: Hot Pink Rocks|Earthquake|p1a: Toxicroak","|-supereffective|p1a: Toxicroak","|-damage|p1a: Toxicroak|0 fnt","|faint|p1a: Toxicroak","|","|","|switch|p1a: Dragalge|Dragalge, F|333/333","|-damage|p1a: Dragalge|292/333|[from] Stealth Rock","|turn|4","|","|move|p2a: Hot Pink Rocks|Earthquake|p1a: Dragalge","|-supereffective|p1a: Dragalge","|-damage|p1a: Dragalge|22/333","|move|p1a: Dragalge|Toxic Spikes|p2a: Hot Pink Rocks","|-fail|p2a: Hot Pink Rocks","|","|-heal|p1a: Dragalge|42/333|[from] item: Black Sludge","|turn|5","|","|move|p2a: Hot Pink Rocks|Earthquake|p1a: Dragalge","|-supereffective|p1a: Dragalge","|-damage|p1a: Dragalge|0 fnt","|faint|p1a: Dragalge","|","|","|switch|p1a: Nidoqueen|Nidoqueen, F|331/331","|-damage|p1a: Nidoqueen|311/331|[from] Stealth Rock","|turn|6","|","|move|p1a: Nidoqueen|Stealth Rock|p2a: Hot Pink Rocks","|-sidestart|p2: Sovereign♕Cactus|move: Stealth Rock","|move|p2a: Hot Pink Rocks|Earthquake|p1a: Nidoqueen","|-supereffective|p1a: Nidoqueen","|-damage|p1a: Nidoqueen|41/331","|","|turn|7","|","|move|p1a: Nidoqueen|Sludge Wave|p2a: Hot Pink Rocks","|-resisted|p2a: Hot Pink Rocks","|-damage|p2a: Hot Pink Rocks|327/404","|move|p2a: Hot Pink Rocks|Earthquake|p1a: Nidoqueen","|-crit|p1a: Nidoqueen","|-supereffective|p1a: Nidoqueen","|-damage|p1a: Nidoqueen|0 fnt","|faint|p1a: Nidoqueen","|","|-heal|p2a: Hot Pink Rocks|352/404|[from] item: Leftovers","|","|switch|p1a: Nidoking|Nidoking, M|303/303","|-damage|p1a: Nidoking|285/303|[from] Stealth Rock","|turn|8","|","|move|p1a: Nidoking|Superpower|p2a: Hot Pink Rocks","|-damage|p2a: Hot Pink Rocks|223/404","|-unboost|p1a: Nidoking|atk|1","|-unboost|p1a: Nidoking|def|1","|-damage|p1a: Nidoking|255/303|[from] item: Life Orb","|move|p2a: Hot Pink Rocks|Earthquake|p1a: Nidoking","|-supereffective|p1a: Nidoking","|-damage|p1a: Nidoking|0 fnt","|faint|p1a: Nidoking","|","|-heal|p2a: Hot Pink Rocks|248/404|[from] item: Leftovers","|","|switch|p1a: Crobat|Crobat, F|373/373","|-damage|p1a: Crobat|280/373|[from] Stealth Rock","|turn|9","|","|move|p1a: Crobat|Brave Bird|p2a: Hot Pink Rocks","|-damage|p2a: Hot Pink Rocks|103/404","|-damage|p1a: Crobat|232/373|[from] recoil|[of] p2a: Hot Pink Rocks","|move|p2a: Hot Pink Rocks|Roar|p1a: Crobat","|drag|p1a: Muk|Muk, M|401/401","|-damage|p1a: Muk|351/401|[from] Stealth Rock","|","|-heal|p2a: Hot Pink Rocks|128/404|[from] item: Leftovers","|-heal|p1a: Muk|376/401|[from] item: Leftovers","|turn|10","|","|move|p1a: Muk|Shadow Sneak|p2a: Hot Pink Rocks","|-crit|p2a: Hot Pink Rocks","|-damage|p2a: Hot Pink Rocks|62/404","|move|p2a: Hot Pink Rocks|Earthquake|p1a: Muk","|-supereffective|p1a: Muk","|-damage|p1a: Muk|104/401","|","|-heal|p2a: Hot Pink Rocks|87/404|[from] item: Leftovers","|-heal|p1a: Muk|129/401|[from] item: Leftovers","|turn|11","|","|switch|p1a: Crobat|Crobat, F|232/373","|-damage|p1a: Crobat|139/373|[from] Stealth Rock","|move|p2a: Hot Pink Rocks|Protect|p2a: Hot Pink Rocks","|-fail|p2a: Hot Pink Rocks","|","|-heal|p1a: Crobat|162/373|[from] item: Black Sludge","|-heal|p2a: Hot Pink Rocks|112/404|[from] item: Leftovers","|turn|12","|","|switch|p2a: David|Slowbro, F|394/394","|-damage|p2a: David|345/394|[from] Stealth Rock","|-status|p2a: David|tox","|move|p1a: Crobat|Brave Bird|p2a: David","|-damage|p2a: David|251/394 tox","|-damage|p1a: Crobat|131/373|[from] recoil|[of] p2a: David","|","|-heal|p1a: Crobat|154/373|[from] item: Black Sludge","|-heal|p2a: David|275/394 tox|[from] item: Leftovers","|-damage|p2a: David|251/394 tox|[from] psn","|turn|13","|","|move|p1a: Crobat|U-turn|p2a: David","|-supereffective|p2a: David","|-damage|p2a: David|179/394 tox","|","|switch|p1a: Muk|Muk, M|129/401","|-damage|p1a: Muk|79/401|[from] Stealth Rock","|move|p2a: David|Psychic|p1a: Muk","|-supereffective|p1a: Muk","|-damage|p1a: Muk|0 fnt","|faint|p1a: Muk","|","|-heal|p2a: David|203/394 tox|[from] item: Leftovers","|-damage|p2a: David|155/394 tox|[from] psn","|","|switch|p1a: Crobat|Crobat, F|154/373","|-damage|p1a: Crobat|61/373|[from] Stealth Rock","|turn|14","|","|switch|p2a: Tank-Zilla|Blastoise, F, shiny|361/361","|-status|p2a: Tank-Zilla|tox","|-damage|p2a: Tank-Zilla|316/361 tox|[from] Stealth Rock","|move|p1a: Crobat|Roost|p1a: Crobat","|-heal|p1a: Crobat|248/373","|","|-heal|p1a: Crobat|271/373|[from] item: Black Sludge","|-damage|p2a: Tank-Zilla|294/361 tox|[from] psn","|turn|15","|","|detailschange|p2a: Tank-Zilla|Blastoise-Mega, F, shiny","|-mega|p2a: Tank-Zilla|Blastoise|Blastoisinite","|move|p1a: Crobat|Brave Bird|p2a: Tank-Zilla","|-damage|p2a: Tank-Zilla|180/361 tox","|-damage|p1a: Crobat|233/373|[from] recoil|[of] p2a: Tank-Zilla","|move|p2a: Tank-Zilla|Water Pulse|p1a: Crobat","|-damage|p1a: Crobat|2/373","|","|-heal|p1a: Crobat|25/373|[from] item: Black Sludge","|-damage|p2a: Tank-Zilla|136/361 tox|[from] psn","|turn|16","|","|move|p1a: Crobat|Roost|p1a: Crobat","|-heal|p1a: Crobat|212/373","|move|p2a: Tank-Zilla|Water Pulse|p1a: Crobat","|-crit|p1a: Crobat","|-damage|p1a: Crobat|0 fnt","|faint|p1a: Crobat","|","|win|Sovereign♕Cactus"],"p1rating":{"entryid":"7204071","serverid":"eos","formatid":"monotype","userid":"sovereignrah","username":"Sovereign♕Rah","w":"3","l":8,"t":"0","gxe":35.6,"r":"1421.6748419656","rd":"90.132712707709","sigma":"0","rptime":"1438592400","rpr":1385.3427478472,"rprd":84.856901319269,"rpsigma":"0","acre":1026.4658082421,"lacre":1026.4658082421,"oldacre":"1036.4365531708"},"p2rating":{"entryid":"6867552","serverid":"eos","formatid":"monotype","userid":"sovereigncactus","username":"Sovereign♕Cactus","w":78,"l":"89","t":"0","gxe":46.3,"r":"1456.4259544297","rd":"30.025299364035","sigma":"0","rptime":"1438592400","rpr":1472.3723014609,"rprd":28.29260221894,"rpsigma":"0","acre":1181.621593149,"lacre":1181.621593149,"oldacre":"1165.5038538188"},"endType":"normal"}