{"seed":[34637,41495,61808,47265],"turns":27,"p1":"Inferno OverClass","p2":"Traine✘greNINJA16","p1team":[{"name":"Hoopa","species":"Hoopa","item":"lifeorb","ability":"Magician","moves":["trickroom","hyperspacehole","shadowball","focusblast"],"nature":"Modest","evs":{"hp":252,"atk":0,"def":4,"spa":252,"spd":0,"spe":0},"ivs":{"hp":31,"atk":31,"def":31,"spa":31,"spd":31,"spe":31}},{"name":"Latias","species":"Latias","item":"latiasite","ability":"Levitate","moves":["calmmind","roost","reflecttype","storedpower"],"nature":"Bold","evs":{"hp":248,"atk":0,"def":84,"spa":0,"spd":0,"spe":176},"ivs":{"hp":31,"atk":31,"def":31,"spa":31,"spd":31,"spe":31}},{"name":"Mew","species":"Mew","item":"leftovers","ability":"Synchronize","moves":["defog","softboiled","willowisp","psychic"],"nature":"Calm","evs":{"hp":252,"atk":0,"def":0,"spa":0,"spd":224,"spe":32},"ivs":{"hp":31,"atk":31,"def":31,"spa":31,"spd":31,"spe":31}},{"name":"Jirachi","species":"Jirachi","item":"leftovers","ability":"Serene Grace","moves":["stealthrock","ironhead","uturn","thunderwave"],"nature":"Careful","evs":{"hp":252,"atk":0,"def":0,"spa":0,"spd":176,"spe":80},"ivs":{"hp":31,"atk":31,"def":31,"spa":31,"spd":31,"spe":31}},{"name":"Malamar","species":"Malamar","item":"lifeorb","ability":"Contrary","moves":["superpower","psychic","psychocut","return"],"nature":"Naive","evs":{"hp":0,"atk":252,"def":0,"spa":4,"spd":0,"spe":252},"ivs":{"hp":31,"atk":31,"def":31,"spa":31,"spd":31,"spe":31}},{"name":"Victini","species":"Victini","item":"choiceband","ability":"Victory Star","moves":["vcreate","boltstrike","zenheadbutt","uturn"],"nature":"Adamant","evs":{"hp":0,"atk":252,"def":4,"spa":0,"spd":0,"spe":252},"ivs":{"hp":31,"atk":31,"def":31,"spa":31,"spd":31,"spe":31}}],"p2team":[{"name":"Altaria","species":"Altaria","item":"altarianite","ability":"Cloud Nine","moves":["healbell","hypervoice","roost","fireblast"],"nature":"Modest","evs":{"hp":100,"atk":0,"def":0,"spa":252,"spd":0,"spe":156},"ivs":{"hp":31,"atk":31,"def":31,"spa":31,"spd":31,"spe":31}},{"name":"Togekiss","species":"Togekiss","item":"leftovers","ability":"Serene Grace","moves":["thunderwave","nastyplot","airslash","dazzlinggleam"],"nature":"Modest","evs":{"hp":252,"atk":0,"def":0,"spa":252,"spd":4,"spe":0},"ivs":{"hp":31,"atk":31,"def":31,"spa":31,"spd":31,"spe":31}},{"name":"Gliscor","species":"Gliscor","item":"toxicorb","ability":"Poison Heal","moves":["fling","earthquake","acrobatics","protect"],"nature":"Adamant","evs":{"hp":76,"atk":252,"def":0,"spa":0,"spd":0,"spe":180},"ivs":{"hp":31,"atk":31,"def":31,"spa":31,"spd":31,"spe":31}},{"name":"Landorus","species":"Landorus","item":"lifeorb","ability":"Sheer Force","moves":["sludgewave","earthpower","calmmind","focusblast"],"nature":"Timid","evs":{"hp":0,"atk":0,"def":0,"spa":252,"spd":4,"spe":252},"ivs":{"hp":31,"atk":31,"def":31,"spa":31,"spd":31,"spe":31}},{"name":"Noivern","species":"Noivern","item":"choicespecs","ability":"Infiltrator","moves":["boomburst","flamethrower","hurricane","dracometeor"],"nature":"Timid","evs":{"hp":0,"atk":0,"def":0,"spa":252,"spd":4,"spe":252},"ivs":{"hp":31,"atk":31,"def":31,"spa":31,"spd":31,"spe":31}},{"name":"Delibird","species":"Delibird","item":"choicescarf","ability":"Hustle","moves":["rapidspin","icepunch","brickbreak","aerialace"],"nature":"Adamant","evs":{"hp":0,"atk":252,"def":0,"spa":0,"spd":4,"spe":252},"ivs":{"hp":31,"atk":31,"def":31,"spa":31,"spd":31,"spe":31}}],"log":["|player|p1|Inferno OverClass|110","|player|p2|Traine✘greNINJA16|trainegreninja16.png","|gametype|singles","|gen|6","|tier|Monotype","|rated","|rule|Baton Pass Clause: Limit one Baton Passer, can't pass Spe and other stats simultaneously","|rule|Swagger Clause: Swagger is banned","|rule|Same Type Clause: Pokémon in a team must share a type","|clearpoke","|poke|p1|Hoopa","|poke|p1|Latias, F","|poke|p1|Mew","|poke|p1|Jirachi","|poke|p1|Malamar, F","|poke|p1|Victini","|poke|p2|Altaria, F","|poke|p2|Togekiss, M","|poke|p2|Gliscor, M","|poke|p2|Landorus, M","|poke|p2|Noivern, F","|poke|p2|Delibird, M","|rule|Sleep Clause Mod: Limit one foe put to sleep","|rule|Species Clause: Limit one of each Pokémon","|rule|OHKO Clause: OHKO moves are banned","|rule|Moody Clause: Moody is banned","|rule|Evasion Moves Clause: Evasion moves are banned","|rule|Endless Battle Clause: Forcing endless battles is banned","|rule|HP Percentage Mod: HP is shown in percentages","|teampreview","|","|start","|switch|p1a: Jirachi|Jirachi|404/404","|switch|p2a: Gliscor|Gliscor, M|310/310","|turn|1","|","|move|p2a: Gliscor|Protect|p2a: Gliscor","|-singleturn|p2a: Gliscor|Protect","|move|p1a: Jirachi|Stealth Rock|p2a: Gliscor","|-sidestart|p2: Traine✘greNINJA16|move: Stealth Rock","|","|-status|p2a: Gliscor|tox|[from] item: Toxic Orb","|turn|2","|","|move|p2a: Gliscor|Earthquake|p1a: Jirachi","|-supereffective|p1a: Jirachi","|-damage|p1a: Jirachi|96/404","|move|p1a: Jirachi|U-turn|p2a: Gliscor","|-resisted|p2a: Gliscor","|-damage|p2a: Gliscor|287/310 tox","|","|switch|p1a: Mew|Mew|404/404","|","|-heal|p2a: Gliscor|310/310 tox|[from] ability: Poison Heal","|turn|3","|","|move|p2a: Gliscor|Fling|p1a: Mew","|-enditem|p2a: Gliscor|Toxic Orb|[from] move: Fling","|-supereffective|p1a: Mew","|-damage|p1a: Mew|336/404","|-status|p1a: Mew|tox","|move|p1a: Mew|Psychic|p2a: Gliscor","|-damage|p2a: Gliscor|186/310 tox","|","|-heal|p1a: Mew|361/404 tox|[from] item: Leftovers","|-heal|p2a: Gliscor|224/310 tox|[from] ability: Poison Heal","|-damage|p1a: Mew|336/404 tox|[from] psn","|turn|4","|","|move|p2a: Gliscor|Protect|p2a: Gliscor","|-singleturn|p2a: Gliscor|Protect","|move|p1a: Mew|Psychic|p2a: Gliscor","|-activate|p2a: Gliscor|Protect","|","|-heal|p1a: Mew|361/404 tox|[from] item: Leftovers","|-heal|p2a: Gliscor|262/310 tox|[from] ability: Poison Heal","|-damage|p1a: Mew|311/404 tox|[from] psn","|turn|5","|","|switch|p1a: Hoopa|Hoopa|364/364","|move|p2a: Gliscor|Acrobatics|p1a: Hoopa","|-damage|p1a: Hoopa|94/364","|","|-heal|p2a: Gliscor|300/310 tox|[from] ability: Poison Heal","|turn|6","|","|move|p2a: Gliscor|Protect|p2a: Gliscor","|-singleturn|p2a: Gliscor|Protect","|move|p1a: Hoopa|Hyperspace Hole|p2a: Gliscor","|-damage|p2a: Gliscor|35/310 tox","|-damage|p1a: Hoopa|58/364|[from] item: Life Orb","|","|-heal|p2a: Gliscor|73/310 tox|[from] ability: Poison Heal","|turn|7","|","|move|p2a: Gliscor|Earthquake|p1a: Hoopa","|-damage|p1a: Hoopa|0 fnt","|faint|p1a: Hoopa","|","|-heal|p2a: Gliscor|111/310 tox|[from] ability: Poison Heal","|","|switch|p1a: Latias|Latias, F|363/363","|turn|8","|","|detailschange|p1a: Latias|Latias-Mega, F","|-mega|p1a: Latias|Latias|Latiasite","|move|p2a: Gliscor|Protect|p2a: Gliscor","|-singleturn|p2a: Gliscor|Protect","|move|p1a: Latias|Calm Mind|p1a: Latias","|-boost|p1a: Latias|spa|1","|-boost|p1a: Latias|spd|1","|","|-heal|p2a: Gliscor|149/310 tox|[from] ability: Poison Heal","|turn|9","|","|move|p1a: Latias|Reflect Type|p2a: Gliscor","|-start|p1a: Latias|typechange|[from] move: Reflect Type|[of] p2a: Gliscor","|move|p2a: Gliscor|Acrobatics|p1a: Latias","|-damage|p1a: Latias|230/363","|","|-heal|p2a: Gliscor|187/310 tox|[from] ability: Poison Heal","|turn|10","|","|move|p1a: Latias|Calm Mind|p1a: Latias","|-boost|p1a: Latias|spa|1","|-boost|p1a: Latias|spd|1","|move|p2a: Gliscor|Acrobatics|p1a: Latias","|-damage|p1a: Latias|115/363","|","|-heal|p2a: Gliscor|225/310 tox|[from] ability: Poison Heal","|turn|11","|","|move|p1a: Latias|Roost|p1a: Latias","|-heal|p1a: Latias|297/363","|move|p2a: Gliscor|Acrobatics|p1a: Latias","|-damage|p1a: Latias|168/363","|","|-heal|p2a: Gliscor|263/310 tox|[from] ability: Poison Heal","|turn|12","|","|move|p1a: Latias|Roost|p1a: Latias","|-heal|p1a: Latias|350/363","|move|p2a: Gliscor|Acrobatics|p1a: Latias","|-damage|p1a: Latias|235/363","|","|-heal|p2a: Gliscor|301/310 tox|[from] ability: Poison Heal","|turn|13","|","|move|p1a: Latias|Stored Power|p2a: Gliscor","|-damage|p2a: Gliscor|14/310 tox","|move|p2a: Gliscor|Acrobatics|p1a: Latias","|-damage|p1a: Latias|115/363","|","|-heal|p2a: Gliscor|52/310 tox|[from] ability: Poison Heal","|turn|14","|","|move|p1a: Latias|Roost|p1a: Latias","|-heal|p1a: Latias|297/363","|move|p2a: Gliscor|Acrobatics|p1a: Latias","|-crit|p1a: Latias","|-damage|p1a: Latias|93/363","|","|-heal|p2a: Gliscor|90/310 tox|[from] ability: Poison Heal","|turn|15","|","|move|p1a: Latias|Stored Power|p2a: Gliscor","|-damage|p2a: Gliscor|0 fnt","|faint|p2a: Gliscor","|","|","|switch|p2a: Delibird|Delibird, M|231/231","|-damage|p2a: Delibird|116/231|[from] Stealth Rock","|turn|16","|","|move|p2a: Delibird|Ice Punch|p1a: Latias","|-supereffective|p1a: Latias","|-damage|p1a: Latias|0 fnt","|faint|p1a: Latias","|","|","|switch|p1a: Malamar|Malamar, F|313/313","|turn|17","|","|move|p2a: Delibird|Ice Punch|p1a: Malamar","|-damage|p1a: Malamar|180/313","|-status|p1a: Malamar|frz","|cant|p1a: Malamar|frz","|","|turn|18","|","|switch|p1a: Victini|Victini|341/341","|move|p2a: Delibird|Ice Punch|p1a: Victini","|-resisted|p1a: Victini","|-damage|p1a: Victini|281/341","|","|turn|19","|","|move|p2a: Delibird|Ice Punch|p1a: Victini","|-resisted|p1a: Victini","|-damage|p1a: Victini|213/341","|move|p1a: Victini|U-turn|p2a: Delibird","|-resisted|p2a: Delibird","|-damage|p2a: Delibird|15/231","|","|switch|p1a: Jirachi|Jirachi|96/404","|","|-heal|p1a: Jirachi|121/404|[from] item: Leftovers","|turn|20","|","|move|p2a: Delibird|Ice Punch|p1a: Jirachi|[miss]","|-miss|p2a: Delibird|p1a: Jirachi","|move|p1a: Jirachi|Iron Head|p2a: Delibird","|-supereffective|p2a: Delibird","|-damage|p2a: Delibird|0 fnt","|faint|p2a: Delibird","|","|-heal|p1a: Jirachi|146/404|[from] item: Leftovers","|","|switch|p2a: Landorus|Landorus, M|319/319","|-damage|p2a: Landorus|280/319|[from] Stealth Rock","|turn|21","|","|move|p2a: Landorus|Earth Power|p1a: Jirachi","|-supereffective|p1a: Jirachi","|-damage|p1a: Jirachi|0 fnt","|faint|p1a: Jirachi","|","|","|switch|p1a: Mew|Mew|311/404 tox","|turn|22","|","|move|p2a: Landorus|Calm Mind|p2a: Landorus","|-boost|p2a: Landorus|spa|1","|-boost|p2a: Landorus|spd|1","|move|p1a: Mew|Will-O-Wisp|p2a: Landorus","|-status|p2a: Landorus|brn","|","|-heal|p1a: Mew|336/404 tox|[from] item: Leftovers","|-damage|p2a: Landorus|241/319 brn|[from] brn","|-damage|p1a: Mew|311/404 tox|[from] psn","|turn|23","|","|move|p2a: Landorus|Calm Mind|p2a: Landorus","|-boost|p2a: Landorus|spa|1","|-boost|p2a: Landorus|spd|1","|move|p1a: Mew|Soft-Boiled|p1a: Mew","|-heal|p1a: Mew|404/404 tox","|","|-damage|p2a: Landorus|202/319 brn|[from] brn","|-damage|p1a: Mew|354/404 tox|[from] psn","|turn|24","|","|move|p2a: Landorus|Calm Mind|p2a: Landorus","|-boost|p2a: Landorus|spa|1","|-boost|p2a: Landorus|spd|1","|move|p1a: Mew|Psychic|p2a: Landorus","|-damage|p2a: Landorus|145/319 brn","|","|-heal|p1a: Mew|379/404 tox|[from] item: Leftovers","|-damage|p2a: Landorus|106/319 brn|[from] brn","|-damage|p1a: Mew|304/404 tox|[from] psn","|turn|25","|","|move|p2a: Landorus|Earth Power|p1a: Mew","|-crit|p1a: Mew","|-damage|p1a: Mew|0 fnt","|faint|p1a: Mew","|","|-damage|p2a: Landorus|67/319 brn|[from] brn","|","|switch|p1a: Victini|Victini|213/341","|turn|26","|","|move|p2a: Landorus|Earth Power|p1a: Victini","|-supereffective|p1a: Victini","|-damage|p1a: Victini|0 fnt","|faint|p1a: Victini","|","|-damage|p2a: Landorus|28/319 brn|[from] brn","|","|switch|p1a: Malamar|Malamar, F|180/313 frz","|turn|27","|","|move|p2a: Landorus|Focus Blast|p1a: Malamar","|-damage|p1a: Malamar|0 fnt","|faint|p1a: Malamar","|","|win|Traine✘greNINJA16"],"p1rating":{"entryid":"7012653","serverid":"eos","formatid":"monotype","userid":"infernooverclass","username":"Inferno OverClass","w":"15","l":31,"t":"0","gxe":33.9,"r":"1374.1644409085","rd":"55.306236495597","sigma":"0","rptime":"1438592400","rpr":1373.1764895721,"rprd":52.13493184451,"rpsigma":"0","acre":1046.8665021267,"lacre":1046.8665021267,"oldacre":"1069.4266982759"},"p2rating":{"entryid":"6891028","serverid":"eos","formatid":"monotype","userid":"trainegreninja16","username":"Traine✘greNINJA16","w":20,"l":"46","t":"0","gxe":31.5,"r":"1363.3763008631","rd":"50.509209785723","sigma":"0","rptime":"1438592400","rpr":1352.6744970882,"rprd":45.2308609612,"rpsigma":"0","acre":1071.5381900969,"lacre":1071.5381900969,"oldacre":"1032.7641758375"},"endType":"normal"}