{"seed":[32982,26924,12696,4075],"turns":32,"p1":"Guard Darkrai","p2":"CaneParadox","p1team":[{"name":"Beedrill","species":"Beedrill","item":"beedrillite","ability":"Sniper","moves":["fellstinger","poisonjab","uturn","protect"],"nature":"Jolly","evs":{"hp":0,"atk":252,"def":0,"spa":0,"spd":4,"spe":252},"shiny":true,"ivs":{"hp":31,"atk":31,"def":31,"spa":31,"spd":31,"spe":31}},{"name":"Durant","species":"Durant","item":"lifeorb","ability":"Hustle","moves":["ironhead","xscissor","superpower","honeclaws"],"nature":"Jolly","evs":{"hp":0,"atk":252,"def":0,"spa":0,"spd":4,"spe":252},"shiny":true,"ivs":{"hp":31,"atk":31,"def":31,"spa":31,"spd":31,"spe":31}},{"name":"Venomoth","species":"Venomoth","item":"focussash","ability":"Wonder Skin","moves":["quiverdance","bugbuzz","sludgebomb","sleeppowder"],"nature":"Modest","evs":{"hp":0,"atk":0,"def":0,"spa":252,"spd":4,"spe":252},"shiny":true,"ivs":{"hp":31,"atk":31,"def":31,"spa":31,"spd":31,"spe":31}},{"name":"Shuckle","species":"Shuckle","item":"leftovers","ability":"Contrary","moves":["shellsmash","stickyweb","infestation","stealthrock"],"nature":"Modest","evs":{"hp":0,"atk":0,"def":0,"spa":252,"spd":4,"spe":252},"shiny":true,"ivs":{"hp":31,"atk":31,"def":31,"spa":31,"spd":31,"spe":31}},{"name":"Heracross","species":"Heracross","item":"choicescarf","ability":"Moxie","moves":["closecombat","stoneedge","megahorn","knockoff"],"nature":"Jolly","evs":{"hp":0,"atk":252,"def":0,"spa":0,"spd":4,"spe":252},"shiny":true,"ivs":{"hp":31,"atk":31,"def":31,"spa":31,"spd":31,"spe":31}},{"name":"Illumise","species":"Illumise","item":"leftovers","ability":"Prankster","moves":["thunderwave","encore","uturn","tailwind"],"nature":"Careful","evs":{"hp":252,"atk":0,"def":4,"spa":0,"spd":252,"spe":0},"shiny":true,"ivs":{"hp":31,"atk":31,"def":31,"spa":31,"spd":31,"spe":31}}],"p2team":[{"name":"Venusaur","species":"Venusaur","item":"venusaurite","ability":"Overgrow","moves":["leechseed","earthquake","sludgebomb","synthesis"],"nature":"Gentle","evs":{"hp":248,"atk":8,"def":0,"spa":0,"spd":252,"spe":0},"ivs":{"hp":31,"atk":31,"def":31,"spa":31,"spd":31,"spe":31}},{"name":"Toxicroak","species":"Toxicroak","item":"assaultvest","ability":"Dry Skin","moves":["bulletpunch","drainpunch","fakeout","suckerpunch"],"nature":"Adamant","evs":{"hp":0,"atk":252,"def":0,"spa":0,"spd":8,"spe":0},"ivs":{"hp":31,"atk":31,"def":31,"spa":31,"spd":31,"spe":31}},{"name":"Skuntank","species":"Skuntank","item":"airballoon","ability":"Stench","moves":["flamethrower","crunch","playrough","poisonjab"],"nature":"Naughty","evs":{"hp":248,"atk":252,"def":0,"spa":8,"spd":0,"spe":0},"ivs":{"hp":31,"atk":31,"def":31,"spa":31,"spd":31,"spe":31}},{"name":"Nidoqueen","species":"Nidoqueen","item":"choicescarf","ability":"Sheer Force","moves":["earthpower","icebeam","stealthrock","sludgewave"],"nature":"Modest","evs":{"hp":40,"atk":0,"def":0,"spa":252,"spd":0,"spe":216},"shiny":true,"ivs":{"hp":31,"atk":31,"def":31,"spa":31,"spd":31,"spe":31}},{"name":"Muk","species":"Muk","item":"assaultvest","ability":"Poison Touch","moves":["poisonjab","shadowsneak","gigadrain","firepunch"],"nature":"Brave","evs":{"hp":252,"atk":252,"def":4,"spa":0,"spd":0,"spe":0},"ivs":{"hp":31,"atk":31,"def":31,"spa":31,"spd":31,"spe":31}},{"name":"Gengar","species":"Gengar","item":"choicescarf","ability":"Levitate","moves":["dazzlinggleam","sludgebomb","thunderbolt","willowisp"],"nature":"Timid","evs":{"hp":0,"atk":0,"def":0,"spa":252,"spd":4,"spe":252},"ivs":{"hp":31,"atk":31,"def":31,"spa":31,"spd":31,"spe":31}}],"log":["|player|p1|Guard Darkrai|guarddarkrai.png","|player|p2|CaneParadox|247","|gametype|singles","|gen|6","|tier|Monotype","|rated","|rule|Baton Pass Clause: Limit one Baton Passer, can't pass Spe and other stats simultaneously","|rule|Swagger Clause: Swagger is banned","|rule|Same Type Clause: Pokémon in a team must share a type","|clearpoke","|poke|p1|Beedrill, M, shiny","|poke|p1|Durant, M, shiny","|poke|p1|Venomoth, M, shiny","|poke|p1|Shuckle, F, shiny","|poke|p1|Heracross, F, shiny","|poke|p1|Illumise, F, shiny","|poke|p2|Venusaur, F","|poke|p2|Toxicroak, M","|poke|p2|Skuntank, M","|poke|p2|Nidoqueen, F, shiny","|poke|p2|Muk, F","|poke|p2|Gengar, F","|rule|Sleep Clause Mod: Limit one foe put to sleep","|rule|Species Clause: Limit one of each Pokémon","|rule|OHKO Clause: OHKO moves are banned","|rule|Moody Clause: Moody is banned","|rule|Evasion Moves Clause: Evasion moves are banned","|rule|Endless Battle Clause: Forcing endless battles is banned","|rule|HP Percentage Mod: HP is shown in percentages","|teampreview","|","|start","|switch|p1a: Shuckle|Shuckle, F, shiny|181/181","|switch|p2a: Skuntank|Skuntank, M|409/409","|-item|p2a: Skuntank|Air Balloon","|turn|1","|","|move|p2a: Skuntank|Flamethrower|p1a: Shuckle","|-crit|p1a: Shuckle","|-damage|p1a: Shuckle|138/181","|move|p1a: Shuckle|Sticky Web|p2a: Skuntank","|-sidestart|p2: CaneParadox|move: Sticky Web","|","|-heal|p1a: Shuckle|149/181|[from] item: Leftovers","|turn|2","|","|switch|p2a: Muk|Muk, F|414/414","|-activate|p2a: Muk|move: Sticky Web","|-unboost|p2a: Muk|spe|1","|move|p1a: Shuckle|Stealth Rock|p2a: Muk","|-sidestart|p2: CaneParadox|move: Stealth Rock","|","|-heal|p1a: Shuckle|160/181|[from] item: Leftovers","|turn|3","|","|move|p1a: Shuckle|Infestation|p2a: Muk","|-resisted|p2a: Muk","|-damage|p2a: Muk|409/414","|-activate|p2a: Muk|move: Infestation|[of] p1a: Shuckle","|move|p2a: Muk|Fire Punch|p1a: Shuckle","|-damage|p1a: Shuckle|117/181","|-status|p1a: Shuckle|psn","|","|-heal|p1a: Shuckle|128/181 psn|[from] item: Leftovers","|-damage|p1a: Shuckle|106/181 psn|[from] psn","|-damage|p2a: Muk|358/414|[from] move: Infestation|[partiallytrapped]","|turn|4","|","|move|p1a: Shuckle|Shell Smash|p1a: Shuckle","|-boost|p1a: Shuckle|def|1","|-boost|p1a: Shuckle|spd|1","|-unboost|p1a: Shuckle|atk|2","|-unboost|p1a: Shuckle|spa|2","|-unboost|p1a: Shuckle|spe|2","|move|p2a: Muk|Fire Punch|p1a: Shuckle","|-damage|p1a: Shuckle|80/181 psn","|","|-heal|p1a: Shuckle|91/181 psn|[from] item: Leftovers","|-damage|p1a: Shuckle|69/181 psn|[from] psn","|-damage|p2a: Muk|307/414|[from] move: Infestation|[partiallytrapped]","|turn|5","|","|move|p2a: Muk|Fire Punch|p1a: Shuckle","|-damage|p1a: Shuckle|43/181 psn","|move|p1a: Shuckle|Shell Smash|p1a: Shuckle","|-boost|p1a: Shuckle|def|1","|-boost|p1a: Shuckle|spd|1","|-unboost|p1a: Shuckle|atk|2","|-unboost|p1a: Shuckle|spa|2","|-unboost|p1a: Shuckle|spe|2","|","|-heal|p1a: Shuckle|54/181 psn|[from] item: Leftovers","|-damage|p1a: Shuckle|32/181 psn|[from] psn","|-damage|p2a: Muk|256/414|[from] move: Infestation|[partiallytrapped]","|turn|6","|","|move|p2a: Muk|Giga Drain|p1a: Shuckle","|-damage|p1a: Shuckle|21/181 psn","|-heal|p2a: Muk|262/414|[from] drain|[of] p1a: Shuckle","|move|p1a: Shuckle|Shell Smash|p1a: Shuckle","|-boost|p1a: Shuckle|def|1","|-boost|p1a: Shuckle|spd|1","|-unboost|p1a: Shuckle|atk|2","|-unboost|p1a: Shuckle|spa|2","|-unboost|p1a: Shuckle|spe|2","|","|-heal|p1a: Shuckle|32/181 psn|[from] item: Leftovers","|-damage|p1a: Shuckle|10/181 psn|[from] psn","|-damage|p2a: Muk|211/414|[from] move: Infestation|[partiallytrapped]","|turn|7","|","|move|p2a: Muk|Giga Drain|p1a: Shuckle","|-damage|p1a: Shuckle|2/181 psn","|-heal|p2a: Muk|215/414|[from] drain|[of] p1a: Shuckle","|move|p1a: Shuckle|Shell Smash|p1a: Shuckle","|-boost|p1a: Shuckle|def|1","|-boost|p1a: Shuckle|spd|1","|","|-heal|p1a: Shuckle|13/181 psn|[from] item: Leftovers","|-damage|p1a: Shuckle|0 fnt|[from] psn","|-end|p2a: Muk|Infestation|[partiallytrapped]","|faint|p1a: Shuckle","|","|switch|p1a: Illumise|Illumise, F, shiny|334/334","|turn|8","|","|move|p1a: Illumise|Encore|p2a: Muk","|-start|p2a: Muk|Encore","|move|p2a: Muk|Giga Drain|p1a: Illumise","|-crit|p1a: Illumise","|-resisted|p1a: Illumise","|-damage|p1a: Illumise|306/334","|-heal|p2a: Muk|229/414|[from] drain|[of] p1a: Illumise","|","|-heal|p1a: Illumise|326/334|[from] item: Leftovers","|turn|9","|","|switch|p2a: Skuntank|Skuntank, M|409/409","|-damage|p2a: Skuntank|358/409|[from] Stealth Rock","|-item|p2a: Skuntank|Air Balloon","|move|p1a: Illumise|Thunder Wave|p2a: Skuntank","|-status|p2a: Skuntank|par","|","|-heal|p1a: Illumise|334/334|[from] item: Leftovers","|turn|10","|","|move|p1a: Illumise|U-turn|p2a: Skuntank","|-damage|p2a: Skuntank|300/409 par","|-enditem|p2a: Skuntank|Air Balloon","|","|switch|p1a: Durant|Durant, M, shiny|257/257","|move|p2a: Skuntank|Flamethrower|p1a: Durant","|-supereffective|p1a: Durant","|-damage|p1a: Durant|0 fnt","|faint|p1a: Durant","|","|","|switch|p1a: Venomoth|Venomoth, M, shiny|281/281","|turn|11","|","|move|p1a: Venomoth|Quiver Dance|p1a: Venomoth","|-boost|p1a: Venomoth|spa|1","|-boost|p1a: Venomoth|spd|1","|-boost|p1a: Venomoth|spe|1","|move|p2a: Skuntank|Crunch|p1a: Venomoth","|-damage|p1a: Venomoth|86/281","|","|turn|12","|","|move|p1a: Venomoth|Bug Buzz|p2a: Skuntank","|-damage|p2a: Skuntank|0 fnt","|faint|p2a: Skuntank","|","|","|switch|p2a: Toxicroak|Toxicroak, M|307/307","|-damage|p2a: Toxicroak|288/307|[from] Stealth Rock","|-activate|p2a: Toxicroak|move: Sticky Web","|-unboost|p2a: Toxicroak|spe|1","|turn|13","|","|move|p2a: Toxicroak|Fake Out|p1a: Venomoth","|-damage|p1a: Venomoth|17/281","|cant|p1a: Venomoth|flinch","|","|turn|14","|","|move|p2a: Toxicroak|Bullet Punch|p1a: Venomoth","|-damage|p1a: Venomoth|0 fnt","|faint|p1a: Venomoth","|","|","|switch|p1a: Heracross|Heracross, F, shiny|301/301","|turn|15","|","|switch|p2a: Muk|Muk, F|229/414","|-activate|p2a: Muk|move: Sticky Web","|-unboost|p2a: Muk|spe|1","|-damage|p2a: Muk|178/414|[from] Stealth Rock","|move|p1a: Heracross|Stone Edge|p2a: Muk","|-damage|p2a: Muk|35/414","|","|turn|16","|","|move|p1a: Heracross|Stone Edge|p2a: Muk","|-damage|p2a: Muk|0 fnt","|faint|p2a: Muk","|-boost|p1a: Heracross|atk|1|[from] ability: Moxie","|","|","|switch|p2a: Gengar|Gengar, F|261/261","|-damage|p2a: Gengar|229/261|[from] Stealth Rock","|turn|17","|","|move|p2a: Gengar|Dazzling Gleam|p1a: Heracross","|-supereffective|p1a: Heracross","|-damage|p1a: Heracross|89/301","|move|p1a: Heracross|Stone Edge|p2a: Gengar","|-crit|p2a: Gengar","|-damage|p2a: Gengar|0 fnt","|faint|p2a: Gengar","|-boost|p1a: Heracross|atk|1|[from] ability: Moxie","|","|","|switch|p2a: Nidoqueen|Nidoqueen, F, shiny|331/331","|-activate|p2a: Nidoqueen|move: Sticky Web","|-unboost|p2a: Nidoqueen|spe|1","|-damage|p2a: Nidoqueen|311/331|[from] Stealth Rock","|turn|18","|","|move|p1a: Heracross|Stone Edge|p2a: Nidoqueen|[miss]","|-miss|p1a: Heracross|p2a: Nidoqueen","|move|p2a: Nidoqueen|Ice Beam|p1a: Heracross","|-damage|p1a: Heracross|0 fnt","|faint|p1a: Heracross","|","|","|switch|p1a: Illumise|Illumise, F, shiny|334/334","|turn|19","|","|move|p2a: Nidoqueen|Ice Beam|p1a: Illumise","|-damage|p1a: Illumise|236/334","|move|p1a: Illumise|U-turn|p2a: Nidoqueen","|-crit|p2a: Nidoqueen","|-resisted|p2a: Nidoqueen","|-damage|p2a: Nidoqueen|269/331","|","|switch|p1a: Beedrill|Beedrill, M, shiny|271/271","|","|turn|20","|","|detailschange|p1a: Beedrill|Beedrill-Mega, M, shiny","|-mega|p1a: Beedrill|Beedrill|Beedrillite","|move|p1a: Beedrill|Protect|p1a: Beedrill","|-singleturn|p1a: Beedrill|Protect","|move|p2a: Nidoqueen|Ice Beam|p1a: Beedrill","|-activate|p1a: Beedrill|Protect","|","|turn|21","|","|switch|p2a: Toxicroak|Toxicroak, M|288/307","|-activate|p2a: Toxicroak|move: Sticky Web","|-unboost|p2a: Toxicroak|spe|1","|-damage|p2a: Toxicroak|269/307|[from] Stealth Rock","|move|p1a: Beedrill|U-turn|p2a: Toxicroak","|-resisted|p2a: Toxicroak","|-damage|p2a: Toxicroak|204/307","|","|switch|p1a: Illumise|Illumise, F, shiny|236/334","|","|-heal|p1a: Illumise|256/334|[from] item: Leftovers","|turn|22","|","|move|p2a: Toxicroak|Fake Out|p1a: Illumise","|-damage|p1a: Illumise|183/334","|cant|p1a: Illumise|flinch","|","|-heal|p1a: Illumise|203/334|[from] item: Leftovers","|turn|23","|","|move|p1a: Illumise|Thunder Wave|p2a: Toxicroak","|-status|p2a: Toxicroak|par","|move|p2a: Toxicroak|Sucker Punch|p1a: Illumise","|-fail|p2a: Toxicroak","|","|-heal|p1a: Illumise|223/334|[from] item: Leftovers","|turn|24","|","|switch|p2a: Venusaur|Venusaur, F|363/363","|-damage|p2a: Venusaur|318/363|[from] Stealth Rock","|-activate|p2a: Venusaur|move: Sticky Web","|-unboost|p2a: Venusaur|spe|1","|move|p1a: Illumise|Encore|p2a: Venusaur","|-fail|p2a: Venusaur","|","|-heal|p1a: Illumise|243/334|[from] item: Leftovers","|turn|25","|","|detailschange|p2a: Venusaur|Venusaur-Mega, F","|-mega|p2a: Venusaur|Venusaur|Venusaurite","|move|p1a: Illumise|Thunder Wave|p2a: Venusaur","|-status|p2a: Venusaur|par","|move|p2a: Venusaur|Sludge Bomb|p1a: Illumise","|-damage|p1a: Illumise|140/334","|-status|p1a: Illumise|psn","|","|-heal|p1a: Illumise|160/334 psn|[from] item: Leftovers","|-damage|p1a: Illumise|119/334 psn|[from] psn","|turn|26","|","|move|p1a: Illumise|U-turn|p2a: Venusaur","|-damage|p2a: Venusaur|276/363 par","|","|switch|p1a: Beedrill|Beedrill-Mega, M, shiny|271/271","|move|p2a: Venusaur|Earthquake|p1a: Beedrill","|-damage|p1a: Beedrill|103/271","|","|turn|27","|","|move|p1a: Beedrill|U-turn|p2a: Venusaur","|-damage|p2a: Venusaur|88/363 par","|","|switch|p1a: Illumise|Illumise, F, shiny|119/334 psn","|move|p2a: Venusaur|Earthquake|p1a: Illumise","|-resisted|p1a: Illumise","|-damage|p1a: Illumise|57/334 psn","|","|-heal|p1a: Illumise|77/334 psn|[from] item: Leftovers","|-damage|p1a: Illumise|36/334 psn|[from] psn","|turn|28","|","|move|p1a: Illumise|U-turn|p2a: Venusaur","|-damage|p2a: Venusaur|45/363 par","|","|switch|p1a: Beedrill|Beedrill-Mega, M, shiny|103/271","|move|p2a: Venusaur|Synthesis|p2a: Venusaur","|-heal|p2a: Venusaur|226/363 par","|","|turn|29","|","|move|p1a: Beedrill|U-turn|p2a: Venusaur","|-damage|p2a: Venusaur|56/363 par","|","|switch|p1a: Illumise|Illumise, F, shiny|36/334 psn","|move|p2a: Venusaur|Synthesis|p2a: Venusaur","|-heal|p2a: Venusaur|237/363 par","|","|-heal|p1a: Illumise|56/334 psn|[from] item: Leftovers","|-damage|p1a: Illumise|15/334 psn|[from] psn","|turn|30","|","|move|p1a: Illumise|U-turn|p2a: Venusaur","|-damage|p2a: Venusaur|191/363 par","|","|switch|p1a: Beedrill|Beedrill-Mega, M, shiny|103/271","|move|p2a: Venusaur|Synthesis|p2a: Venusaur","|-heal|p2a: Venusaur|363/363 par","|","|turn|31","|","|move|p1a: Beedrill|U-turn|p2a: Venusaur","|-damage|p2a: Venusaur|187/363 par","|","|switch|p1a: Illumise|Illumise, F, shiny|15/334 psn","|move|p2a: Venusaur|Earthquake|p1a: Illumise","|-resisted|p1a: Illumise","|-damage|p1a: Illumise|0 fnt","|faint|p1a: Illumise","|","|","|switch|p1a: Beedrill|Beedrill-Mega, M, shiny|103/271","|turn|32","|","|move|p1a: Beedrill|Poison Jab|p2a: Venusaur","|-damage|p2a: Venusaur|3/363 par","|move|p2a: Venusaur|Earthquake|p1a: Beedrill","|-damage|p1a: Beedrill|0 fnt","|faint|p1a: Beedrill","|","|win|CaneParadox"],"p1rating":{"entryid":"6034648","serverid":"eos","formatid":"monotype","userid":"guarddarkrai","username":"Guard Darkrai","w":"57","l":60,"t":"0","gxe":49.2,"r":"1488.6159366829","rd":"39.621397946879","sigma":"0","rptime":"1438592400","rpr":1494.1685203243,"rprd":36.198196588365,"rpsigma":"0","acre":1139.344490172,"lacre":1139.344490172,"oldacre":"1169.9802878745"},"p2rating":{"entryid":"7371929","serverid":"eos","formatid":"monotype","userid":"caneparadox","username":"CaneParadox","w":3,"l":"0","t":"0","gxe":63.7,"r":"1500","rd":"130","sigma":"0","rptime":"1438592400","rpr":1610.6771001776,"rprd":110.37890486926,"rpsigma":"0","acre":1122.7093783234,"lacre":1122.7093783234,"oldacre":"1090.2884550648"},"endType":"normal"}