{"seed":[52167,31946,34651,43334],"turns":29,"p1":"Kre8noyz","p2":"Guard Darkrai","p1team":[{"name":"Swampert","species":"Swampert","item":"focussash","ability":"Damp","moves":["earthquake","brickbreak","icepunch","counter"],"nature":"Impish","evs":{"hp":8,"atk":252,"def":0,"spa":0,"spd":0,"spe":248},"happiness":0,"ivs":{"hp":31,"atk":31,"def":31,"spa":31,"spd":31,"spe":31}},{"name":"Starmie","species":"Starmie","item":"leftovers","ability":"Natural Cure","moves":["rapidspin","signalbeam","psychic","reflecttype"],"nature":"Timid","evs":{"hp":0,"atk":0,"def":4,"spa":188,"spd":64,"spe":252},"ivs":{"hp":31,"atk":31,"def":31,"spa":31,"spd":31,"spe":31}},{"name":"Keldeo-Resolute","species":"Keldeo-Resolute","item":"leftovers","ability":"Justified","moves":["surf","secretsword","hiddenpowerflying","calmmind"],"nature":"Timid","evs":{"hp":0,"atk":4,"def":0,"spa":252,"spd":0,"spe":252},"ivs":{"hp":30,"atk":30,"def":30,"spa":30,"spd":30,"spe":31}},{"name":"Politoed","species":"Politoed","item":"leftovers","ability":"Drizzle","moves":["endeavor","hypnosis","perishsong","scald"],"nature":"","evs":{"hp":0,"atk":0,"def":252,"spa":0,"spd":252,"spe":4},"ivs":{"hp":31,"atk":31,"def":31,"spa":31,"spd":31,"spe":31}},{"name":"Lapras","species":"Lapras","item":"leftovers","ability":"Hydration","moves":["raindance","confuseray","freezedry","surf"],"nature":"Timid","evs":{"hp":0,"atk":0,"def":4,"spa":252,"spd":0,"spe":252},"ivs":{"hp":31,"atk":31,"def":31,"spa":31,"spd":31,"spe":31}},{"name":"Kingdra","species":"Kingdra","item":"lifeorb","ability":"Swift Swim","moves":["clearsmog","dragonpulse","scald","raindance"],"nature":"","evs":{"hp":4,"atk":0,"def":0,"spa":252,"spd":0,"spe":252},"ivs":{"hp":31,"atk":31,"def":31,"spa":31,"spd":31,"spe":31}}],"p2team":[{"name":"Beedrill","species":"Beedrill","item":"beedrillite","ability":"Sniper","moves":["fellstinger","poisonjab","uturn","protect"],"nature":"Jolly","evs":{"hp":0,"atk":252,"def":0,"spa":0,"spd":4,"spe":252},"shiny":true,"ivs":{"hp":31,"atk":31,"def":31,"spa":31,"spd":31,"spe":31}},{"name":"Durant","species":"Durant","item":"lifeorb","ability":"Hustle","moves":["ironhead","xscissor","superpower","honeclaws"],"nature":"Jolly","evs":{"hp":0,"atk":252,"def":0,"spa":0,"spd":4,"spe":252},"shiny":true,"ivs":{"hp":31,"atk":31,"def":31,"spa":31,"spd":31,"spe":31}},{"name":"Venomoth","species":"Venomoth","item":"focussash","ability":"Wonder Skin","moves":["quiverdance","bugbuzz","sludgebomb","energyball"],"nature":"Modest","evs":{"hp":0,"atk":0,"def":0,"spa":252,"spd":4,"spe":252},"shiny":true,"ivs":{"hp":31,"atk":31,"def":31,"spa":31,"spd":31,"spe":31}},{"name":"Shuckle","species":"Shuckle","item":"leftovers","ability":"Contrary","moves":["shellsmash","stickyweb","infestation","stealthrock"],"nature":"Modest","evs":{"hp":0,"atk":0,"def":0,"spa":252,"spd":4,"spe":252},"shiny":true,"ivs":{"hp":31,"atk":31,"def":31,"spa":31,"spd":31,"spe":31}},{"name":"Heracross","species":"Heracross","item":"choicescarf","ability":"Moxie","moves":["closecombat","earthquake","megahorn","knockoff"],"nature":"Jolly","evs":{"hp":0,"atk":252,"def":0,"spa":0,"spd":4,"spe":252},"shiny":true,"ivs":{"hp":31,"atk":31,"def":31,"spa":31,"spd":31,"spe":31}},{"name":"Illumise","species":"Illumise","item":"leftovers","ability":"Prankster","moves":["thunderwave","encore","uturn","tailwind"],"nature":"Careful","evs":{"hp":252,"atk":0,"def":4,"spa":0,"spd":252,"spe":0},"shiny":true,"ivs":{"hp":31,"atk":31,"def":31,"spa":31,"spd":31,"spe":31}}],"log":["|player|p1|Kre8noyz|163","|player|p2|Guard Darkrai|guarddarkrai.png","|gametype|singles","|gen|6","|tier|Monotype","|rated","|rule|Baton Pass Clause: Limit one Baton Passer, can't pass Spe and other stats simultaneously","|rule|Swagger Clause: Swagger is banned","|rule|Same Type Clause: Pokémon in a team must share a type","|clearpoke","|poke|p1|Swampert, F","|poke|p1|Starmie","|poke|p1|Keldeo-Resolute","|poke|p1|Politoed, F","|poke|p1|Lapras, M","|poke|p1|Kingdra, F","|poke|p2|Beedrill, F, shiny","|poke|p2|Durant, F, shiny","|poke|p2|Venomoth, M, shiny","|poke|p2|Shuckle, F, shiny","|poke|p2|Heracross, F, shiny","|poke|p2|Illumise, F, shiny","|rule|Sleep Clause Mod: Limit one foe put to sleep","|rule|Species Clause: Limit one of each Pokémon","|rule|OHKO Clause: OHKO moves are banned","|rule|Moody Clause: Moody is banned","|rule|Evasion Moves Clause: Evasion moves are banned","|rule|Endless Battle Clause: Forcing endless battles is banned","|rule|HP Percentage Mod: HP is shown in percentages","|teampreview","|","|start","|switch|p1a: Politoed|Politoed, F|321/321","|switch|p2a: Durant|Durant, F, shiny|257/257","|-weather|RainDance","|turn|1","|","|move|p2a: Durant|X-Scissor|p1a: Politoed","|-damage|p1a: Politoed|97/321","|-damage|p2a: Durant|232/257|[from] item: Life Orb","|move|p1a: Politoed|Scald|p2a: Durant","|-damage|p2a: Durant|3/257","|","|-weather|RainDance|[upkeep]","|-heal|p1a: Politoed|117/321|[from] item: Leftovers","|turn|2","|","|switch|p1a: Kingdra|Kingdra, F|292/292","|move|p2a: Durant|X-Scissor|p1a: Kingdra|[miss]","|-miss|p2a: Durant|p1a: Kingdra","|","|-weather|RainDance|[upkeep]","|turn|3","|","|move|p1a: Kingdra|Scald|p2a: Durant","|-damage|p2a: Durant|0 fnt","|-damage|p1a: Kingdra|263/292|[from] item: Life Orb","|faint|p2a: Durant","|","|-weather|RainDance|[upkeep]","|","|switch|p2a: Illumise|Illumise, F, shiny|334/334","|turn|4","|","|move|p2a: Illumise|Thunder Wave|p1a: Kingdra","|-status|p1a: Kingdra|par","|move|p1a: Kingdra|Scald|p2a: Illumise","|-damage|p2a: Illumise|149/334","|-damage|p1a: Kingdra|234/292 par|[from] item: Life Orb","|","|-weather|RainDance|[upkeep]","|-heal|p2a: Illumise|169/334|[from] item: Leftovers","|turn|5","|","|move|p2a: Illumise|Tailwind|p2a: Illumise","|-sidestart|p2: Guard Darkrai|move: Tailwind","|cant|p1a: Kingdra|par","|","|-weather|none","|-heal|p2a: Illumise|189/334|[from] item: Leftovers","|turn|6","|","|switch|p1a: Politoed|Politoed, F|117/321","|-weather|RainDance","|move|p2a: Illumise|U-turn|p1a: Politoed","|-damage|p1a: Politoed|74/321","|","|switch|p2a: Beedrill|Beedrill, F, shiny|271/271","|","|-weather|RainDance|[upkeep]","|-heal|p1a: Politoed|94/321|[from] item: Leftovers","|turn|7","|","|detailschange|p2a: Beedrill|Beedrill-Mega, F, shiny","|-mega|p2a: Beedrill|Beedrill|Beedrillite","|move|p2a: Beedrill|Protect|p2a: Beedrill","|-singleturn|p2a: Beedrill|Protect","|move|p1a: Politoed|Scald|p2a: Beedrill","|-activate|p2a: Beedrill|Protect","|","|-weather|RainDance|[upkeep]","|-heal|p1a: Politoed|114/321|[from] item: Leftovers","|turn|8","|","|move|p2a: Beedrill|Fell Stinger|p1a: Politoed","|-damage|p1a: Politoed|38/321","|move|p1a: Politoed|Scald|p2a: Beedrill","|-damage|p2a: Beedrill|123/271","|-status|p2a: Beedrill|brn","|","|-weather|RainDance|[upkeep]","|-heal|p1a: Politoed|58/321|[from] item: Leftovers","|-damage|p2a: Beedrill|90/271 brn|[from] brn","|-sideend|p2: Guard Darkrai|move: Tailwind","|turn|9","|","|switch|p1a: Keldeo-Resolute|Keldeo-Resolute|322/322","|move|p2a: Beedrill|U-turn|p1a: Keldeo-Resolute","|-resisted|p1a: Keldeo-Resolute","|-damage|p1a: Keldeo-Resolute|269/322","|","|switch|p2a: Illumise|Illumise, F, shiny|189/334","|","|-weather|RainDance|[upkeep]","|-heal|p1a: Keldeo-Resolute|289/322|[from] item: Leftovers","|-heal|p2a: Illumise|209/334|[from] item: Leftovers","|turn|10","|","|switch|p1a: Lapras|Lapras, M|401/401","|move|p2a: Illumise|Thunder Wave|p1a: Lapras","|-status|p1a: Lapras|par","|","|-weather|none","|-heal|p2a: Illumise|229/334|[from] item: Leftovers","|turn|11","|","|move|p2a: Illumise|U-turn|p1a: Lapras","|-damage|p1a: Lapras|343/401 par","|","|switch|p2a: Venomoth|Venomoth, M, shiny|281/281","|move|p1a: Lapras|Rain Dance|p1a: Lapras","|-weather|RainDance","|","|-weather|RainDance|[upkeep]","|-curestatus|p1a: Lapras|par","|-heal|p1a: Lapras|368/401|[from] item: Leftovers","|turn|12","|","|move|p2a: Venomoth|Quiver Dance|p2a: Venomoth","|-boost|p2a: Venomoth|spa|1","|-boost|p2a: Venomoth|spd|1","|-boost|p2a: Venomoth|spe|1","|move|p1a: Lapras|Surf|p2a: Venomoth","|-crit|p2a: Venomoth","|-enditem|p2a: Venomoth|Focus Sash","|-damage|p2a: Venomoth|1/281","|","|-weather|RainDance|[upkeep]","|-heal|p1a: Lapras|393/401|[from] item: Leftovers","|turn|13","|","|move|p2a: Venomoth|Energy Ball|p1a: Lapras","|-supereffective|p1a: Lapras","|-damage|p1a: Lapras|97/401","|-unboost|p1a: Lapras|spd|1","|move|p1a: Lapras|Surf|p2a: Venomoth","|-damage|p2a: Venomoth|0 fnt","|faint|p2a: Venomoth","|","|-weather|RainDance|[upkeep]","|-heal|p1a: Lapras|122/401|[from] item: Leftovers","|","|switch|p2a: Beedrill|Beedrill-Mega, F, shiny|90/271 brn","|turn|14","|","|switch|p1a: Keldeo-Resolute|Keldeo-Resolute|289/322","|move|p2a: Beedrill|Poison Jab|p1a: Keldeo-Resolute","|-damage|p1a: Keldeo-Resolute|175/322","|-status|p1a: Keldeo-Resolute|psn","|","|-weather|RainDance|[upkeep]","|-heal|p1a: Keldeo-Resolute|195/322 psn|[from] item: Leftovers","|-damage|p2a: Beedrill|57/271 brn|[from] brn","|-damage|p1a: Keldeo-Resolute|155/322 psn|[from] psn","|turn|15","|","|move|p2a: Beedrill|Poison Jab|p1a: Keldeo-Resolute","|-damage|p1a: Keldeo-Resolute|45/322 psn","|move|p1a: Keldeo-Resolute|Surf|p2a: Beedrill","|-damage|p2a: Beedrill|0 fnt","|faint|p2a: Beedrill","|","|-weather|none","|-heal|p1a: Keldeo-Resolute|65/322 psn|[from] item: Leftovers","|-damage|p1a: Keldeo-Resolute|25/322 psn|[from] psn","|","|switch|p2a: Heracross|Heracross, F, shiny|301/301","|turn|16","|","|move|p2a: Heracross|Earthquake|p1a: Keldeo-Resolute","|-crit|p1a: Keldeo-Resolute","|-damage|p1a: Keldeo-Resolute|0 fnt","|faint|p1a: Keldeo-Resolute","|-boost|p2a: Heracross|atk|1|[from] ability: Moxie","|","|","|switch|p1a: Kingdra|Kingdra, F|234/292 par","|turn|17","|","|move|p2a: Heracross|Earthquake|p1a: Kingdra","|-damage|p1a: Kingdra|66/292 par","|cant|p1a: Kingdra|par","|","|turn|18","|","|move|p2a: Heracross|Earthquake|p1a: Kingdra","|-damage|p1a: Kingdra|0 fnt","|faint|p1a: Kingdra","|-boost|p2a: Heracross|atk|1|[from] ability: Moxie","|","|","|switch|p1a: Swampert|Swampert, F|343/343","|turn|19","|","|move|p2a: Heracross|Earthquake|p1a: Swampert","|-damage|p1a: Swampert|117/343","|move|p1a: Swampert|Counter|p2a: Heracross","|-damage|p2a: Heracross|0 fnt","|faint|p2a: Heracross","|","|","|switch|p2a: Illumise|Illumise, F, shiny|229/334","|turn|20","|","|switch|p1a: Politoed|Politoed, F|58/321","|-weather|RainDance","|move|p2a: Illumise|U-turn|p1a: Politoed","|-damage|p1a: Politoed|15/321","|","|switch|p2a: Shuckle|Shuckle, F, shiny|181/181","|","|-weather|RainDance|[upkeep]","|-heal|p1a: Politoed|35/321|[from] item: Leftovers","|turn|21","|","|move|p1a: Politoed|Scald|p2a: Shuckle","|-supereffective|p2a: Shuckle","|-damage|p2a: Shuckle|55/181","|move|p2a: Shuckle|Infestation|p1a: Politoed","|-damage|p1a: Politoed|25/321","|-activate|p1a: Politoed|move: Infestation|[of] p2a: Shuckle","|","|-weather|RainDance|[upkeep]","|-heal|p1a: Politoed|45/321|[from] item: Leftovers","|-heal|p2a: Shuckle|66/181|[from] item: Leftovers","|-damage|p1a: Politoed|5/321|[from] move: Infestation|[partiallytrapped]","|turn|22","|","|move|p1a: Politoed|Scald|p2a: Shuckle","|-supereffective|p2a: Shuckle","|-damage|p2a: Shuckle|0 fnt","|faint|p2a: Shuckle","|","|-weather|RainDance|[upkeep]","|-heal|p1a: Politoed|25/321|[from] item: Leftovers","|","|switch|p2a: Illumise|Illumise, F, shiny|229/334","|turn|23","|","|move|p2a: Illumise|U-turn|p1a: Politoed","|-damage|p1a: Politoed|0 fnt","|faint|p1a: Politoed","|","|-weather|RainDance|[upkeep]","|-heal|p2a: Illumise|249/334|[from] item: Leftovers","|","|switch|p1a: Lapras|Lapras, M|122/401","|turn|24","|","|move|p1a: Lapras|Surf|p2a: Illumise","|-damage|p2a: Illumise|89/334","|move|p2a: Illumise|U-turn|p1a: Lapras","|-damage|p1a: Lapras|64/401","|","|-weather|none","|-heal|p1a: Lapras|89/401|[from] item: Leftovers","|-heal|p2a: Illumise|109/334|[from] item: Leftovers","|turn|25","|","|move|p2a: Illumise|Thunder Wave|p1a: Lapras","|-status|p1a: Lapras|par","|move|p1a: Lapras|Rain Dance|p1a: Lapras","|-weather|RainDance","|","|-weather|RainDance|[upkeep]","|-heal|p2a: Illumise|129/334|[from] item: Leftovers","|-curestatus|p1a: Lapras|par","|-heal|p1a: Lapras|114/401|[from] item: Leftovers","|turn|26","|","|move|p2a: Illumise|Encore|p1a: Lapras","|-start|p1a: Lapras|Encore","|move|p1a: Lapras|Rain Dance|p1a: Lapras","|-fail|p1a: Lapras","|","|-weather|RainDance|[upkeep]","|-heal|p1a: Lapras|139/401|[from] item: Leftovers","|-heal|p2a: Illumise|149/334|[from] item: Leftovers","|turn|27","|","|switch|p1a: Swampert|Swampert, F|117/343","|move|p2a: Illumise|U-turn|p1a: Swampert","|-damage|p1a: Swampert|75/343","|","|-weather|RainDance|[upkeep]","|-heal|p2a: Illumise|169/334|[from] item: Leftovers","|turn|28","|","|move|p1a: Swampert|Earthquake|p2a: Illumise","|-resisted|p2a: Illumise","|-damage|p2a: Illumise|33/334","|move|p2a: Illumise|U-turn|p1a: Swampert","|-damage|p1a: Swampert|29/343","|","|-weather|RainDance|[upkeep]","|-heal|p2a: Illumise|53/334|[from] item: Leftovers","|turn|29","|","|move|p1a: Swampert|Earthquake|p2a: Illumise","|-resisted|p2a: Illumise","|-damage|p2a: Illumise|0 fnt","|faint|p2a: Illumise","|","|win|Kre8noyz"],"p1rating":{"entryid":"6510480","serverid":"eos","formatid":"monotype","userid":"kre8noyz","username":"Kre8noyz","w":31,"l":"44","t":"0","gxe":42.9,"r":"1419.1591347486","rd":"47.247291694619","sigma":"0","rptime":"1438592400","rpr":1445.9250021159,"rprd":45.508653875687,"rpsigma":"0","acre":1153.1158313717,"lacre":1153.1158313717,"oldacre":"1135.4941630207"},"p2rating":{"entryid":"6034648","serverid":"eos","formatid":"monotype","userid":"guarddarkrai","username":"Guard Darkrai","w":"61","l":71,"t":"0","gxe":45.7,"r":"1488.6159366829","rd":"39.621397946879","sigma":"0","rptime":"1438592400","rpr":1467.5839814345,"rprd":33.856899654965,"rpsigma":"0","acre":1019.610581193,"lacre":1019.610581193,"oldacre":"1029.811185475"},"endType":"normal"}