{"seed":[12,40624,61619,1297],"turns":28,"p1":"DSV","p2":"samuelwade223","p1team":[{"name":"Banette","species":"Banette","item":"banettite","ability":"Insomnia","moves":["protect","disable","willowisp","knockoff"],"nature":"Careful","evs":{"hp":250,"atk":38,"def":10,"spa":0,"spd":210,"spe":0},"ivs":{"hp":31,"atk":31,"def":31,"spa":31,"spd":31,"spe":31}},{"name":"Mismagius","species":"Mismagius","item":"leftovers","ability":"Levitate","moves":["nastyplot","thunderbolt","dazzlinggleam","taunt"],"nature":"Timid","evs":{"hp":200,"atk":0,"def":0,"spa":78,"spd":0,"spe":230},"ivs":{"hp":31,"atk":31,"def":31,"spa":31,"spd":31,"spe":31}},{"name":"Aegislash","species":"Aegislash","item":"leftovers","ability":"Stance Change","moves":["swordsdance","sacredsword","kingsshield","shadowsneak"],"nature":"Brave","evs":{"hp":250,"atk":230,"def":14,"spa":0,"spd":14,"spe":0},"ivs":{"hp":31,"atk":31,"def":31,"spa":31,"spd":31,"spe":31}},{"name":"Chandelure","species":"Chandelure","item":"choicescarf","ability":"Flash Fire","moves":["fireblast","energyball","hiddenpowerice","shadowball"],"nature":"Modest","evs":{"hp":0,"atk":0,"def":0,"spa":252,"spd":4,"spe":252},"ivs":{"hp":31,"atk":30,"def":30,"spa":31,"spd":31,"spe":31}},{"name":"Golurk","species":"Golurk","item":"focussash","ability":"No Guard","moves":["stealthrock","stoneedge","dynamicpunch","earthquake"],"nature":"Adamant","evs":{"hp":248,"atk":252,"def":0,"spa":0,"spd":8,"spe":0},"ivs":{"hp":31,"atk":31,"def":31,"spa":31,"spd":31,"spe":31}},{"name":"Gengar","species":"Gengar","item":"blacksludge","ability":"Levitate","moves":["painsplit","substitute","willowisp","shadowball"],"nature":"Timid","evs":{"hp":250,"atk":0,"def":0,"spa":8,"spd":0,"spe":250},"ivs":{"hp":31,"atk":31,"def":31,"spa":31,"spd":31,"spe":31}}],"p2team":[{"name":"my main bitch","species":"nidoqueen","item":"blacksludge","ability":"Poison Point","moves":["stealthrock","toxicspikes","roar","superfang"],"nature":"Impish","evs":{"hp":252,"atk":0,"def":252,"spa":0,"spd":0,"spe":4},"shiny":true,"ivs":{"hp":31,"atk":31,"def":31,"spa":31,"spd":31,"spe":31}},{"name":"the fat but pretty","species":"venusaur","item":"venusaurite","ability":"Chlorophyll","moves":["gigadrain","sludgebomb","hiddenpowerfire","roar"],"nature":"Modest","evs":{"hp":252,"atk":0,"def":0,"spa":252,"spd":0,"spe":4},"gender":"F","ivs":{"hp":31,"atk":30,"def":31,"spa":30,"spd":31,"spe":30},"shiny":true},{"name":"hentai","species":"tentacruel","item":"assaultvest","ability":"Liquid Ooze","moves":["acidspray","scald","hiddenpowerfire","icebeam"],"nature":"Bold","evs":{"hp":224,"atk":0,"def":252,"spa":0,"spd":0,"spe":32},"ivs":{"hp":31,"atk":30,"def":31,"spa":30,"spd":31,"spe":30},"shiny":true},{"name":"stinkypinky","species":"skuntank","item":"dreadplate","ability":"Aftermath","moves":["suckerpunch","taunt","pursuit","crunch"],"nature":"Adamant","evs":{"hp":252,"atk":252,"def":0,"spa":0,"spd":0,"spe":4},"shiny":true,"ivs":{"hp":31,"atk":31,"def":31,"spa":31,"spd":31,"spe":31}},{"name":"gangbang","species":"gengar","item":"widelens","ability":"Levitate","moves":["substitute","confuseray","shadowball","focusblast"],"nature":"Timid","evs":{"hp":4,"atk":0,"def":0,"spa":252,"spd":0,"spe":252},"shiny":true,"ivs":{"hp":31,"atk":31,"def":31,"spa":31,"spd":31,"spe":31}},{"name":"P.I.M.P.","species":"nidoking","item":"lifeorb","ability":"Sheer Force","moves":["earthpower","thunderbolt","icebeam","flamethrower"],"nature":"Timid","evs":{"hp":4,"atk":0,"def":0,"spa":252,"spd":0,"spe":252},"shiny":true,"ivs":{"hp":31,"atk":31,"def":31,"spa":31,"spd":31,"spe":31}}],"log":["|player|p1|DSV|159","|player|p2|samuelwade223|290","|gametype|singles","|gen|6","|tier|Monotype","|rated","|rule|Baton Pass Clause: Limit one Baton Passer, can't pass Spe and other stats simultaneously","|rule|Swagger Clause: Swagger is banned","|rule|Same Type Clause: Pokémon in a team must share a type","|clearpoke","|poke|p1|Banette, F","|poke|p1|Mismagius, M","|poke|p1|Aegislash, M","|poke|p1|Chandelure, F","|poke|p1|Golurk","|poke|p1|Gengar, M","|poke|p2|Nidoqueen, F, shiny","|poke|p2|Venusaur, F, shiny","|poke|p2|Tentacruel, M, shiny","|poke|p2|Skuntank, F, shiny","|poke|p2|Gengar, M, shiny","|poke|p2|Nidoking, M, shiny","|rule|Sleep Clause Mod: Limit one foe put to sleep","|rule|Species Clause: Limit one of each Pokémon","|rule|OHKO Clause: OHKO moves are banned","|rule|Moody Clause: Moody is banned","|rule|Evasion Moves Clause: Evasion moves are banned","|rule|Endless Battle Clause: Forcing endless battles is banned","|rule|HP Percentage Mod: HP is shown in percentages","|teampreview","|","|start","|switch|p1a: Mismagius|Mismagius, M|311/311","|switch|p2a: my main bitch|Nidoqueen, F, shiny|384/384","|turn|1","|","|move|p1a: Mismagius|Taunt|p2a: my main bitch","|-start|p2a: my main bitch|move: Taunt","|cant|p2a: my main bitch|move: Taunt|Stealth Rock","|","|turn|2","|","|switch|p1a: Banette|Banette, F|331/331","|switch|p2a: stinkypinky|Skuntank, F, shiny|410/410","|","|turn|3","|","|detailschange|p1a: Banette|Banette-Mega, F","|-mega|p1a: Banette|Banette|Banettite","|move|p1a: Banette|Protect|p1a: Banette","|-singleturn|p1a: Banette|Protect","|move|p2a: stinkypinky|Sucker Punch|p1a: Banette","|-fail|p2a: stinkypinky","|","|turn|4","|","|move|p2a: stinkypinky|Sucker Punch|p1a: Banette","|-fail|p2a: stinkypinky","|move|p1a: Banette|Disable|p2a: stinkypinky","|-start|p2a: stinkypinky|Disable|Sucker Punch","|","|turn|5","|","|move|p1a: Banette|Will-O-Wisp|p2a: stinkypinky","|-status|p2a: stinkypinky|brn","|move|p2a: stinkypinky|Crunch|p1a: Banette","|-supereffective|p1a: Banette","|-damage|p1a: Banette|144/331","|","|-damage|p2a: stinkypinky|359/410 brn|[from] brn","|turn|6","|","|move|p1a: Banette|Protect|p1a: Banette","|-singleturn|p1a: Banette|Protect","|move|p2a: stinkypinky|Pursuit|p1a: Banette","|-activate|p1a: Banette|Protect","|","|-damage|p2a: stinkypinky|308/410 brn|[from] brn","|turn|7","|","|move|p2a: stinkypinky|Pursuit|p1a: Banette","|-supereffective|p1a: Banette","|-damage|p1a: Banette|48/331","|move|p1a: Banette|Knock Off|p2a: stinkypinky","|-resisted|p2a: stinkypinky","|-damage|p2a: stinkypinky|225/410 brn","|-enditem|p2a: stinkypinky|Dread Plate|[from] move: Knock Off|[of] p1a: Banette","|","|-damage|p2a: stinkypinky|174/410 brn|[from] brn","|turn|8","|player|p1","|player|p1|DSV|159","|","|move|p1a: Banette|Protect|p1a: Banette","|-singleturn|p1a: Banette|Protect","|move|p2a: stinkypinky|Crunch|p1a: Banette","|-activate|p1a: Banette|Protect","|","|-damage|p2a: stinkypinky|123/410 brn|[from] brn","|-end|p2a: stinkypinky|Disable","|turn|9","|","|move|p2a: stinkypinky|Sucker Punch|p1a: Banette","|-fail|p2a: stinkypinky","|move|p1a: Banette|Disable|p2a: stinkypinky","|-start|p2a: stinkypinky|Disable|Sucker Punch","|","|-damage|p2a: stinkypinky|72/410 brn|[from] brn","|turn|10","|","|move|p1a: Banette|Protect|p1a: Banette","|-singleturn|p1a: Banette|Protect","|move|p2a: stinkypinky|Crunch|p1a: Banette","|-activate|p1a: Banette|Protect","|","|-damage|p2a: stinkypinky|21/410 brn|[from] brn","|turn|11","|","|move|p1a: Banette|Protect|p1a: Banette","|-singleturn|p1a: Banette|Protect","|move|p2a: stinkypinky|Crunch|p1a: Banette","|-activate|p1a: Banette|Protect","|","|-damage|p2a: stinkypinky|0 fnt|[from] brn","|faint|p2a: stinkypinky","|","|switch|p2a: my main bitch|Nidoqueen, F, shiny|384/384","|turn|12","|","|move|p2a: my main bitch|Stealth Rock|p1a: Banette","|-sidestart|p1: DSV|move: Stealth Rock","|move|p1a: Banette|Knock Off|p2a: my main bitch","|-damage|p2a: my main bitch|287/384","|-enditem|p2a: my main bitch|Black Sludge|[from] move: Knock Off|[of] p1a: Banette","|","|turn|13","|","|move|p1a: Banette|Protect|p1a: Banette","|-singleturn|p1a: Banette|Protect","|move|p2a: my main bitch|Toxic Spikes|p1a: Banette","|-sidestart|p1: DSV|move: Toxic Spikes","|","|turn|14","|","|move|p1a: Banette|Will-O-Wisp|p2a: my main bitch|[miss]","|-miss|p1a: Banette|p2a: my main bitch","|move|p2a: my main bitch|Toxic Spikes|p1a: Banette","|-sidestart|p1: DSV|move: Toxic Spikes","|","|turn|15","|","|move|p1a: Banette|Will-O-Wisp|p2a: my main bitch","|-status|p2a: my main bitch|brn","|move|p2a: my main bitch|Toxic Spikes|p1a: Banette","|-fail|p1a: Banette","|","|-damage|p2a: my main bitch|239/384 brn|[from] brn","|turn|16","|","|move|p1a: Banette|Protect|p1a: Banette","|-singleturn|p1a: Banette|Protect","|move|p2a: my main bitch|Roar|p1a: Banette","|drag|p1a: Mismagius|Mismagius, M|311/311","|-damage|p1a: Mismagius|273/311|[from] Stealth Rock","|","|-heal|p1a: Mismagius|292/311|[from] item: Leftovers","|-damage|p2a: my main bitch|191/384 brn|[from] brn","|turn|17","|","|move|p1a: Mismagius|Taunt|p2a: my main bitch","|-start|p2a: my main bitch|move: Taunt","|cant|p2a: my main bitch|move: Taunt|Roar","|","|-heal|p1a: Mismagius|311/311|[from] item: Leftovers","|-damage|p2a: my main bitch|143/384 brn|[from] brn","|turn|18","|","|switch|p2a: hentai|Tentacruel, M, shiny|357/357","|move|p1a: Mismagius|Thunderbolt|p2a: hentai","|-supereffective|p2a: hentai","|-damage|p2a: hentai|267/357","|","|turn|19","|","|move|p1a: Mismagius|Nasty Plot|p1a: Mismagius","|-boost|p1a: Mismagius|spa|2","|move|p2a: hentai|Scald|p1a: Mismagius","|-damage|p1a: Mismagius|235/311","|","|-heal|p1a: Mismagius|254/311|[from] item: Leftovers","|turn|20","|","|move|p1a: Mismagius|Thunderbolt|p2a: hentai","|-supereffective|p2a: hentai","|-damage|p2a: hentai|71/357","|move|p2a: hentai|Acid Spray|p1a: Mismagius","|-resisted|p1a: Mismagius","|-damage|p1a: Mismagius|236/311","|-unboost|p1a: Mismagius|spd|2","|","|-heal|p1a: Mismagius|255/311|[from] item: Leftovers","|turn|21","|player|p1","|player|p1|DSV|159","|","|move|p1a: Mismagius|Thunderbolt|p2a: hentai","|-crit|p2a: hentai","|-supereffective|p2a: hentai","|-damage|p2a: hentai|0 fnt","|faint|p2a: hentai","|","|-heal|p1a: Mismagius|274/311|[from] item: Leftovers","|","|switch|p2a: P.I.M.P.|Nidoking, M, shiny|304/304","|turn|22","|","|switch|p1a: Banette|Banette-Mega, F|48/331","|-damage|p1a: Banette|7/331|[from] Stealth Rock","|-status|p1a: Banette|tox","|move|p2a: P.I.M.P.|Earth Power|p1a: Banette","|-damage|p1a: Banette|0 fnt","|faint|p1a: Banette","|","|","|switch|p1a: Gengar|Gengar, M|323/323","|-damage|p1a: Gengar|283/323|[from] Stealth Rock","|turn|23","|","|move|p1a: Gengar|Substitute|p1a: Gengar","|-start|p1a: Gengar|Substitute","|-damage|p1a: Gengar|203/323","|move|p2a: P.I.M.P.|Earth Power|p1a: Gengar","|-immune|p1a: Gengar|[msg]","|","|-heal|p1a: Gengar|223/323|[from] item: Black Sludge","|turn|24","|","|move|p1a: Gengar|Will-O-Wisp|p2a: P.I.M.P.","|-status|p2a: P.I.M.P.|brn","|move|p2a: P.I.M.P.|Flamethrower|p1a: Gengar","|-end|p1a: Gengar|Substitute","|","|-heal|p1a: Gengar|243/323|[from] item: Black Sludge","|-damage|p2a: P.I.M.P.|266/304 brn|[from] brn","|turn|25","|","|switch|p1a: Chandelure|Chandelure, F|261/261","|-damage|p1a: Chandelure|196/261|[from] Stealth Rock","|-status|p1a: Chandelure|tox","|move|p2a: P.I.M.P.|Flamethrower|p1a: Chandelure","|-start|p1a: Chandelure|ability: Flash Fire","|","|-damage|p1a: Chandelure|180/261 tox|[from] psn","|-damage|p2a: P.I.M.P.|228/304 brn|[from] brn","|turn|26","|","|move|p1a: Chandelure|Fire Blast|p2a: P.I.M.P.","|-damage|p2a: P.I.M.P.|0 fnt","|faint|p2a: P.I.M.P.","|","|-damage|p1a: Chandelure|148/261 tox|[from] psn","|","|switch|p2a: the fat but pretty|Venusaur, F, shiny|364/364","|turn|27","|","|detailschange|p2a: the fat but pretty|Venusaur-Mega, F, shiny","|-mega|p2a: the fat but pretty|Venusaur|Venusaurite","|move|p1a: Chandelure|Fire Blast|p2a: the fat but pretty|[miss]","|-miss|p1a: Chandelure|p2a: the fat but pretty","|move|p2a: the fat but pretty|Roar|p1a: Chandelure","|-end|p1a: Chandelure|ability: Flash Fire|[silent]","|drag|p1a: Aegislash|Aegislash, M|323/323","|-damage|p1a: Aegislash|303/323|[from] Stealth Rock","|","|-heal|p1a: Aegislash|323/323|[from] item: Leftovers","|turn|28","|","|win|DSV"],"p1rating":{"entryid":"6124841","serverid":"eos","formatid":"monotype","userid":"dsv","username":"DSV","w":22,"l":"10","t":"0","gxe":66.8,"r":"1628.6661086278","rd":"74.247066001805","sigma":"0","rptime":"1438592400","rpr":1634.6826255547,"rprd":73.224694926652,"rpsigma":"0","acre":1284.0180841555,"lacre":1284.0180841555,"oldacre":"1270.6649836231"},"p2rating":{"entryid":"7061762","serverid":"eos","formatid":"monotype","userid":"samuelwade223","username":"samuelwade223","w":"13","l":29,"t":"0","gxe":35.1,"r":"1381.8365162994","rd":"55.908097163289","sigma":"0","rptime":"1438592400","rpr":1383.1216720674,"rprd":54.419292673141,"rpsigma":"0","acre":1082.3077604081,"lacre":1082.3077604081,"oldacre":"1095.2829363932"},"endType":"forfeit"}