{"seed":[49931,4265,25963,7984],"turns":30,"p1":"Mete0r of 300","p2":"Alliance - Warner","p1team":[{"name":"Politoed","species":"Politoed","item":"ejectbutton","ability":"Drizzle","moves":["scald","encore","icebeam","toxic"],"nature":"Bold","evs":{"hp":230,"atk":0,"def":252,"spa":0,"spd":26,"spe":0},"ivs":{"hp":31,"atk":31,"def":31,"spa":31,"spd":31,"spe":31}},{"name":"Kingdra","species":"Kingdra","item":"choicespecs","ability":"Swift Swim","moves":["dragonpulse","surf","dracometeor","hiddenpowerelectric"],"nature":"Modest","evs":{"hp":0,"atk":0,"def":0,"spa":252,"spd":4,"spe":252},"ivs":{"hp":31,"atk":31,"def":31,"spa":30,"spd":31,"spe":31}},{"name":"Swampert","species":"Swampert","item":"swampertite","ability":"Torrent","moves":["stealthrock","waterfall","earthquake","icepunch"],"nature":"Jolly","evs":{"hp":100,"atk":252,"def":0,"spa":0,"spd":0,"spe":156},"ivs":{"hp":31,"atk":31,"def":31,"spa":31,"spd":31,"spe":31}},{"name":"Tentacruel","species":"Tentacruel","item":"assaultvest","ability":"Rain Dish","moves":["knockoff","scald","sludgebomb","rapidspin"],"nature":"Calm","evs":{"hp":204,"atk":0,"def":100,"spa":0,"spd":96,"spe":108},"ivs":{"hp":31,"atk":31,"def":31,"spa":31,"spd":31,"spe":31}},{"name":"Keldeo","species":"Keldeo","item":"leftovers","ability":"Justified","moves":["scald","calmmind","secretsword","substitute"],"nature":"Timid","evs":{"hp":32,"atk":0,"def":0,"spa":252,"spd":4,"spe":220},"ivs":{"hp":31,"atk":31,"def":30,"spa":31,"spd":30,"spe":31}},{"name":"Azumarill","species":"Azumarill","item":"choiceband","ability":"Huge Power","moves":["superpower","playrough","waterfall","aquajet"],"nature":"Adamant","evs":{"hp":248,"atk":252,"def":0,"spa":0,"spd":4,"spe":4},"ivs":{"hp":31,"atk":31,"def":31,"spa":31,"spd":31,"spe":31}}],"p2team":[{"name":"Soulfire","species":"chandelure","item":"choicescarf","ability":"Infiltrator","moves":["flamethrower","shadowball","energyball","trick"],"nature":"Modest","evs":{"hp":4,"atk":0,"def":0,"spa":252,"spd":0,"spe":252},"ivs":{"hp":31,"atk":31,"def":31,"spa":31,"spd":31,"spe":31}},{"name":"Rebellion","species":"aegislash","item":"weaknesspolicy","ability":"Stance Change","moves":["shadowsneak","ironhead","swordsdance","kingsshield"],"nature":"Adamant","evs":{"hp":252,"atk":252,"def":4,"spa":0,"spd":0,"spe":0},"ivs":{"hp":31,"atk":31,"def":31,"spa":31,"spd":31,"spe":31}},{"name":"Sableye","species":"Sableye","item":"sablenite","ability":"Prankster","moves":["calmmind","recover","willowisp","darkpulse"],"nature":"Bold","evs":{"hp":248,"atk":0,"def":252,"spa":0,"spd":4,"spe":0},"ivs":{"hp":31,"atk":0,"def":31,"spa":31,"spd":31,"spe":31}},{"name":"Joker","species":"gengar","item":"choicespecs","ability":"Levitate","moves":["sludgebomb","thunderbolt","dazzlinggleam","shadowball"],"nature":"Timid","evs":{"hp":4,"atk":0,"def":0,"spa":252,"spd":0,"spe":252},"ivs":{"hp":31,"atk":0,"def":31,"spa":31,"spd":31,"spe":31}},{"name":"Predator X","species":"jellicent","item":"leftovers","ability":"Cursed Body","moves":["toxic","scald","acidarmor","recover"],"nature":"Calm","evs":{"hp":252,"atk":0,"def":4,"spa":0,"spd":252,"spe":0},"ivs":{"hp":31,"atk":31,"def":31,"spa":31,"spd":31,"spe":31}},{"name":"Golurk","species":"Golurk","item":"focussash","ability":"Iron Fist","moves":["stealthrock","shadowpunch","drainpunch","earthquake"],"nature":"Serious","evs":{"hp":4,"atk":252,"def":0,"spa":0,"spd":0,"spe":252},"ivs":{"hp":31,"atk":31,"def":31,"spa":31,"spd":31,"spe":31}}],"log":["|player|p1|Mete0r of 300|107","|player|p2|Alliance - Warner|167","|gametype|singles","|gen|6","|tier|Monotype","|rated","|rule|Baton Pass Clause: Limit one Baton Passer, can't pass Spe and other stats simultaneously","|rule|Swagger Clause: Swagger is banned","|rule|Same Type Clause: Pokémon in a team must share a type","|clearpoke","|poke|p1|Politoed, M","|poke|p1|Kingdra, M","|poke|p1|Swampert, F","|poke|p1|Tentacruel, M","|poke|p1|Keldeo","|poke|p1|Azumarill, M","|poke|p2|Chandelure, F","|poke|p2|Aegislash, F","|poke|p2|Sableye, F","|poke|p2|Gengar, M","|poke|p2|Jellicent, F","|poke|p2|Golurk","|rule|Sleep Clause Mod: Limit one foe put to sleep","|rule|Species Clause: Limit one of each Pokémon","|rule|OHKO Clause: OHKO moves are banned","|rule|Moody Clause: Moody is banned","|rule|Evasion Moves Clause: Evasion moves are banned","|rule|Endless Battle Clause: Forcing endless battles is banned","|rule|HP Percentage Mod: HP is shown in percentages","|teampreview","|","|start","|switch|p1a: Keldeo|Keldeo|331/331","|switch|p2a: Golurk|Golurk|320/320","|turn|1","|","|move|p1a: Keldeo|Substitute|p1a: Keldeo","|-start|p1a: Keldeo|Substitute","|-damage|p1a: Keldeo|249/331","|move|p2a: Golurk|Earthquake|p1a: Keldeo","|-end|p1a: Keldeo|Substitute","|","|-heal|p1a: Keldeo|269/331|[from] item: Leftovers","|turn|2","|","|switch|p1a: Politoed|Politoed, M|378/378","|-weather|RainDance","|move|p2a: Golurk|Earthquake|p1a: Politoed","|-damage|p1a: Politoed|224/378","|-enditem|p1a: Politoed|Eject Button","|","|switch|p1a: Kingdra|Kingdra, M|291/291","|","|-weather|RainDance|[upkeep]","|turn|3","|","|move|p1a: Kingdra|Surf|p2a: Golurk","|-supereffective|p2a: Golurk","|-enditem|p2a: Golurk|Focus Sash","|-damage|p2a: Golurk|1/320","|move|p2a: Golurk|Earthquake|p1a: Kingdra","|-damage|p1a: Kingdra|101/291","|","|-weather|RainDance|[upkeep]","|turn|4","|","|move|p1a: Kingdra|Surf|p2a: Golurk","|-supereffective|p2a: Golurk","|-damage|p2a: Golurk|0 fnt","|faint|p2a: Golurk","|","|-weather|RainDance|[upkeep]","|","|switch|p2a: Rebellion|Aegislash, F|324/324","|turn|5","|","|move|p2a: Rebellion|King's Shield|p2a: Rebellion","|-singleturn|p2a: Rebellion|Protect","|move|p1a: Kingdra|Surf|p2a: Rebellion","|-activate|p2a: Rebellion|Protect","|","|-weather|RainDance|[upkeep]","|turn|6","|","|move|p1a: Kingdra|Surf|p2a: Rebellion","|-damage|p2a: Rebellion|83/324","|-formechange|p2a: Rebellion|Aegislash-Blade","|move|p2a: Rebellion|Iron Head|p1a: Kingdra","|-resisted|p1a: Kingdra","|-damage|p1a: Kingdra|7/291","|","|-weather|none","|turn|7","|","|switch|p1a: Politoed|Politoed, M|224/378","|-weather|RainDance","|move|p2a: Rebellion|Shadow Sneak|p1a: Politoed","|-damage|p1a: Politoed|152/378","|","|-weather|RainDance|[upkeep]","|turn|8","|","|-formechange|p2a: Rebellion|Aegislash","|move|p2a: Rebellion|King's Shield|p2a: Rebellion","|-singleturn|p2a: Rebellion|Protect","|move|p1a: Politoed|Encore|p2a: Rebellion","|-start|p2a: Rebellion|Encore","|","|-weather|RainDance|[upkeep]","|turn|9","|","|switch|p1a: Keldeo|Keldeo|269/331","|switch|p2a: Predator X|Jellicent, F|404/404","|","|-weather|RainDance|[upkeep]","|-heal|p1a: Keldeo|289/331|[from] item: Leftovers","|turn|10","|","|switch|p1a: Tentacruel|Tentacruel, M|352/352","|switch|p2a: Soulfire|Chandelure, F|262/262","|","|-weather|RainDance|[upkeep]","|turn|11","|","|switch|p2a: Predator X|Jellicent, F|404/404","|move|p1a: Tentacruel|Knock Off|p2a: Predator X","|-supereffective|p2a: Predator X","|-damage|p2a: Predator X|274/404","|-enditem|p2a: Predator X|Leftovers|[from] move: Knock Off|[of] p1a: Tentacruel","|","|-weather|none","|turn|12","|","|move|p1a: Tentacruel|Sludge Bomb|p2a: Predator X","|-resisted|p2a: Predator X","|-damage|p2a: Predator X|243/404","|move|p2a: Predator X|Toxic|p1a: Tentacruel","|-immune|p1a: Tentacruel|[msg]","|","|turn|13","|","|move|p1a: Tentacruel|Knock Off|p2a: Predator X","|-supereffective|p2a: Predator X","|-damage|p2a: Predator X|153/404","|-start|p1a: Tentacruel|Disable|Knock Off","|move|p2a: Predator X|Recover|p2a: Predator X","|-heal|p2a: Predator X|355/404","|","|turn|14","|","|switch|p1a: Politoed|Politoed, M|152/378","|-weather|RainDance","|move|p2a: Predator X|Toxic|p1a: Politoed","|-status|p1a: Politoed|tox","|","|-weather|RainDance|[upkeep]","|-damage|p1a: Politoed|129/378 tox|[from] psn","|turn|15","|","|move|p1a: Politoed|Toxic|p2a: Predator X","|-status|p2a: Predator X|tox","|move|p2a: Predator X|Toxic|p1a: Politoed","|-fail|p1a: Politoed|tox","|","|-weather|RainDance|[upkeep]","|-damage|p1a: Politoed|83/378 tox|[from] psn","|-damage|p2a: Predator X|330/404 tox|[from] psn","|turn|16","|","|move|p1a: Politoed|Encore|p2a: Predator X","|-start|p2a: Predator X|Encore","|move|p2a: Predator X|Toxic|p1a: Politoed","|-fail|p1a: Politoed|tox","|","|-weather|RainDance|[upkeep]","|-damage|p1a: Politoed|14/378 tox|[from] psn","|-damage|p2a: Predator X|280/404 tox|[from] psn","|turn|17","|","|switch|p1a: Keldeo|Keldeo|289/331","|move|p2a: Predator X|Toxic|p1a: Keldeo","|-status|p1a: Keldeo|tox","|","|-weather|RainDance|[upkeep]","|-heal|p1a: Keldeo|309/331 tox|[from] item: Leftovers","|-damage|p1a: Keldeo|289/331 tox|[from] psn","|-damage|p2a: Predator X|205/404 tox|[from] psn","|turn|18","|","|switch|p1a: Azumarill|Azumarill, M|403/403","|move|p2a: Predator X|Toxic|p1a: Azumarill","|-status|p1a: Azumarill|tox","|","|-weather|none","|-damage|p2a: Predator X|105/404 tox|[from] psn","|-damage|p1a: Azumarill|378/403 tox|[from] psn","|-end|p2a: Predator X|Encore","|turn|19","|","|move|p2a: Predator X|Recover|p2a: Predator X","|-heal|p2a: Predator X|307/404 tox","|move|p1a: Azumarill|Play Rough|p2a: Predator X","|-damage|p2a: Predator X|0 fnt","|faint|p2a: Predator X","|","|-damage|p1a: Azumarill|328/403 tox|[from] psn","|","|switch|p2a: Joker|Gengar, M|262/262","|turn|20","|","|switch|p1a: Politoed|Politoed, M|14/378 tox","|-weather|RainDance","|move|p2a: Joker|Thunderbolt|p1a: Politoed","|-crit|p1a: Politoed","|-supereffective|p1a: Politoed","|-damage|p1a: Politoed|0 fnt","|faint|p1a: Politoed","|","|-weather|RainDance|[upkeep]","|","|switch|p1a: Swampert|Swampert, F|366/366","|turn|21","|","|detailschange|p1a: Swampert|Swampert-Mega, F","|-mega|p1a: Swampert|Swampert|Swampertite","|move|p2a: Joker|Thunderbolt|p1a: Swampert","|-immune|p1a: Swampert|[msg]","|move|p1a: Swampert|Waterfall|p2a: Joker","|-damage|p2a: Joker|0 fnt","|faint|p2a: Joker","|","|-weather|RainDance|[upkeep]","|","|switch|p2a: Sableye|Sableye, F|303/303","|turn|22","|","|switch|p1a: Azumarill|Azumarill, M|328/403 tox","|move|p2a: Sableye|Will-O-Wisp|p1a: Azumarill","|-fail|p1a: Azumarill","|","|-weather|RainDance|[upkeep]","|-damage|p1a: Azumarill|303/403 tox|[from] psn","|turn|23","|","|switch|p2a: Rebellion|Aegislash, F|83/324","|move|p1a: Azumarill|Play Rough|p2a: Rebellion","|-resisted|p2a: Rebellion","|-damage|p2a: Rebellion|0 fnt","|faint|p2a: Rebellion","|","|-weather|RainDance|[upkeep]","|-damage|p1a: Azumarill|253/403 tox|[from] psn","|","|switch|p2a: Soulfire|Chandelure, F|262/262","|turn|24","|","|move|p2a: Soulfire|Energy Ball|p1a: Azumarill","|-supereffective|p1a: Azumarill","|-damage|p1a: Azumarill|0 fnt","|faint|p1a: Azumarill","|","|-weather|none","|","|switch|p1a: Tentacruel|Tentacruel, M|352/352","|turn|25","|","|switch|p2a: Sableye|Sableye, F|303/303","|move|p1a: Tentacruel|Knock Off|p2a: Sableye","|-damage|p2a: Sableye|274/303","|","|turn|26","|","|switch|p1a: Keldeo|Keldeo|289/331 tox","|detailschange|p2a: Sableye|Sableye-Mega, F","|-mega|p2a: Sableye|Sableye|Sablenite","|move|p2a: Sableye|Calm Mind|p2a: Sableye","|-boost|p2a: Sableye|spa|1","|-boost|p2a: Sableye|spd|1","|","|-heal|p1a: Keldeo|309/331 tox|[from] item: Leftovers","|-damage|p1a: Keldeo|289/331 tox|[from] psn","|turn|27","|","|move|p1a: Keldeo|Calm Mind|p1a: Keldeo","|-boost|p1a: Keldeo|spa|1","|-boost|p1a: Keldeo|spd|1","|move|p2a: Sableye|Calm Mind|p2a: Sableye","|-boost|p2a: Sableye|spa|1","|-boost|p2a: Sableye|spd|1","|","|-heal|p1a: Keldeo|309/331 tox|[from] item: Leftovers","|-damage|p1a: Keldeo|269/331 tox|[from] psn","|turn|28","|","|switch|p2a: Soulfire|Chandelure, F|262/262","|move|p1a: Keldeo|Scald|p2a: Soulfire","|-supereffective|p2a: Soulfire","|-damage|p2a: Soulfire|0 fnt","|faint|p2a: Soulfire","|","|-heal|p1a: Keldeo|289/331 tox|[from] item: Leftovers","|-damage|p1a: Keldeo|229/331 tox|[from] psn","|","|switch|p2a: Sableye|Sableye-Mega, F|274/303","|turn|29","|","|move|p1a: Keldeo|Scald|p2a: Sableye","|-damage|p2a: Sableye|70/303","|move|p2a: Sableye|Calm Mind|p2a: Sableye","|-boost|p2a: Sableye|spa|1","|-boost|p2a: Sableye|spd|1","|","|-heal|p1a: Keldeo|249/331 tox|[from] item: Leftovers","|-damage|p1a: Keldeo|169/331 tox|[from] psn","|turn|30","|","|win|Mete0r of 300"],"p1rating":{"entryid":"7373806","serverid":"eos","formatid":"monotype","userid":"mete0rof300","username":"Mete0r of 300","w":4,"l":"2","t":"0","gxe":57.3,"r":"1500","rd":"130","sigma":"0","rptime":"1438592400","rpr":1557.5939076709,"rprd":98.895796749839,"rpsigma":"0","acre":1126.4551756406,"lacre":1126.4551756406,"oldacre":"1099.5496250256"},"p2rating":{"entryid":"7343610","serverid":"eos","formatid":"monotype","userid":"alliancewarner","username":"Alliance - Warner","w":"8","l":5,"t":"0","gxe":55.9,"r":"1514.8543579572","rd":"112.77191578172","sigma":"0","rptime":"1438592400","rpr":1545.9386565356,"rprd":80.883334111778,"rpsigma":"0","acre":1098.2369301342,"lacre":1098.2369301342,"oldacre":"1125.0699711682"},"endType":"forfeit"}