{"seed":[50633,52385,26406,55412],"turns":25,"p1":"Inferno Mamoswine","p2":"Cactuar4TW","p1team":[{"name":"Torkoal","species":"Torkoal","item":"leftovers","ability":"White Smoke","moves":["stealthrock","rapidspin","clearsmog","toxic"],"nature":"Bold","evs":{"hp":252,"atk":0,"def":252,"spa":4,"spd":0,"spe":0},"shiny":true,"ivs":{"hp":31,"atk":31,"def":31,"spa":31,"spd":31,"spe":31}},{"name":"Rotom-Heat","species":"Rotom-Heat","item":"lightclay","ability":"Levitate","moves":["reflect","lightscreen","sunnyday","voltswitch"],"nature":"Calm","evs":{"hp":252,"atk":0,"def":4,"spa":0,"spd":252,"spe":0},"shiny":true,"ivs":{"hp":31,"atk":31,"def":31,"spa":31,"spd":31,"spe":31}},{"name":"Charizard","species":"Charizard","item":"charizarditex","ability":"Blaze","moves":["dragondance","dragonclaw","earthquake","flareblitz"],"nature":"Adamant","evs":{"hp":0,"atk":252,"def":0,"spa":0,"spd":4,"spe":252},"shiny":true,"ivs":{"hp":31,"atk":31,"def":31,"spa":31,"spd":31,"spe":31}},{"name":"Delphox","species":"Delphox","item":"choicescarf","ability":"Blaze","moves":["dazzlinggleam","fireblast","psychic","grassknot"],"nature":"Timid","evs":{"hp":0,"atk":0,"def":0,"spa":252,"spd":4,"spe":252},"shiny":true,"ivs":{"hp":31,"atk":31,"def":31,"spa":31,"spd":31,"spe":31}},{"name":"Volcarona","species":"Volcarona","item":"focussash","ability":"Flame Body","moves":["quiverdance","hiddenpowerice","bugbuzz","fierydance"],"nature":"Modest","evs":{"hp":0,"atk":0,"def":0,"spa":252,"spd":4,"spe":252},"ivs":{"hp":31,"atk":30,"def":30,"spa":31,"spd":31,"spe":31},"shiny":true},{"name":"Infernape","species":"Infernape","item":"lifeorb","ability":"Iron Fist","moves":["machpunch","closecombat","flareblitz","earthquake"],"nature":"Jolly","evs":{"hp":0,"atk":252,"def":0,"spa":0,"spd":4,"spe":252},"shiny":true,"ivs":{"hp":31,"atk":31,"def":31,"spa":31,"spd":31,"spe":31}}],"p2team":[{"name":"Heracross","species":"Heracross","item":"choicescarf","ability":"Moxie","moves":["megahorn","closecombat","stoneedge","knockoff"],"nature":"Jolly","evs":{"hp":0,"atk":252,"def":4,"spa":0,"spd":0,"spe":252},"gender":"M","ivs":{"hp":31,"atk":31,"def":31,"spa":31,"spd":31,"spe":31}},{"name":"Pinsir","species":"Pinsir","item":"pinsirite","ability":"Moxie","moves":["closecombat","return","quickattack","swordsdance"],"nature":"Jolly","evs":{"hp":0,"atk":252,"def":4,"spa":0,"spd":0,"spe":252},"gender":"M","ivs":{"hp":31,"atk":31,"def":31,"spa":31,"spd":31,"spe":31}},{"name":"Galvantula","species":"Galvantula","item":"focussash","ability":"Compound Eyes","moves":["bugbuzz","thunder","stickyweb","thunderwave"],"nature":"Timid","evs":{"hp":0,"atk":0,"def":0,"spa":252,"spd":4,"spe":252},"gender":"M","ivs":{"hp":31,"atk":31,"def":31,"spa":31,"spd":31,"spe":31}},{"name":"Crustle","species":"Crustle","item":"whiteherb","ability":"Sturdy","moves":["xscissor","rockslide","earthquake","shellsmash"],"nature":"Jolly","evs":{"hp":0,"atk":252,"def":0,"spa":0,"spd":4,"spe":252},"gender":"M","ivs":{"hp":31,"atk":31,"def":31,"spa":31,"spd":31,"spe":31}},{"name":"Volcarona","species":"Volcarona","item":"lumberry","ability":"Flame Body","moves":["fireblast","gigadrain","hiddenpowerice","quiverdance"],"nature":"Timid","evs":{"hp":72,"atk":0,"def":0,"spa":252,"spd":0,"spe":184},"gender":"M","ivs":{"hp":31,"atk":30,"def":30,"spa":31,"spd":31,"spe":31}},{"name":"Armaldo","species":"Armaldo","item":"leftovers","ability":"Battle Armor","moves":["stoneedge","knockoff","rapidspin","stealthrock"],"nature":"Careful","evs":{"hp":252,"atk":0,"def":4,"spa":0,"spd":252,"spe":0},"gender":"M","ivs":{"hp":31,"atk":31,"def":31,"spa":31,"spd":31,"spe":31}}],"log":["|player|p1|Inferno Mamoswine|169","|player|p2|Cactuar4TW|1","|gametype|singles","|gen|6","|tier|Monotype","|rated","|rule|Baton Pass Clause: Limit one Baton Passer, can't pass Spe and other stats simultaneously","|rule|Swagger Clause: Swagger is banned","|rule|Same Type Clause: Pokémon in a team must share a type","|clearpoke","|poke|p1|Torkoal, M, shiny","|poke|p1|Rotom-Heat, shiny","|poke|p1|Charizard, F, shiny","|poke|p1|Delphox, F, shiny","|poke|p1|Volcarona, F, shiny","|poke|p1|Infernape, F, shiny","|poke|p2|Heracross, M","|poke|p2|Pinsir, M","|poke|p2|Galvantula, M","|poke|p2|Crustle, M","|poke|p2|Volcarona, M","|poke|p2|Armaldo, M","|rule|Sleep Clause Mod: Limit one foe put to sleep","|rule|Species Clause: Limit one of each Pokémon","|rule|OHKO Clause: OHKO moves are banned","|rule|Moody Clause: Moody is banned","|rule|Evasion Moves Clause: Evasion moves are banned","|rule|Endless Battle Clause: Forcing endless battles is banned","|rule|HP Percentage Mod: HP is shown in percentages","|teampreview","|","|start","|switch|p1a: Torkoal|Torkoal, M, shiny|344/344","|switch|p2a: Armaldo|Armaldo, M|354/354","|turn|1","|","|move|p2a: Armaldo|Stealth Rock|p1a: Torkoal","|-sidestart|p1: Inferno Mamoswine|move: Stealth Rock","|move|p1a: Torkoal|Stealth Rock|p2a: Armaldo","|-sidestart|p2: Cactuar4TW|move: Stealth Rock","|","|turn|2","|","|move|p2a: Armaldo|Rapid Spin|p1a: Torkoal","|-damage|p1a: Torkoal|332/344","|-sideend|p2: Cactuar4TW|Stealth Rock|[from] move: Rapid Spin|[of] p2a: Armaldo","|move|p1a: Torkoal|Rapid Spin|p2a: Armaldo","|-resisted|p2a: Armaldo","|-damage|p2a: Armaldo|347/354","|-sideend|p1: Inferno Mamoswine|Stealth Rock|[from] move: Rapid Spin|[of] p1a: Torkoal","|","|-heal|p2a: Armaldo|354/354|[from] item: Leftovers","|-heal|p1a: Torkoal|344/344|[from] item: Leftovers","|turn|3","|","|move|p2a: Armaldo|Knock Off|p1a: Torkoal","|-damage|p1a: Torkoal|293/344","|-enditem|p1a: Torkoal|Leftovers|[from] move: Knock Off|[of] p2a: Armaldo","|move|p1a: Torkoal|Toxic|p2a: Armaldo","|-status|p2a: Armaldo|tox","|","|-damage|p2a: Armaldo|332/354 tox|[from] psn","|turn|4","|","|move|p2a: Armaldo|Stone Edge|p1a: Torkoal","|-supereffective|p1a: Torkoal","|-damage|p1a: Torkoal|141/344","|move|p1a: Torkoal|Stealth Rock|p2a: Armaldo","|-sidestart|p2: Cactuar4TW|move: Stealth Rock","|","|-heal|p2a: Armaldo|354/354 tox|[from] item: Leftovers","|-damage|p2a: Armaldo|310/354 tox|[from] psn","|turn|5","|","|switch|p1a: Infernape|Infernape, F, shiny|293/293","|move|p2a: Armaldo|Stealth Rock|p1a: Infernape","|-sidestart|p1: Inferno Mamoswine|move: Stealth Rock","|","|-heal|p2a: Armaldo|332/354 tox|[from] item: Leftovers","|-damage|p2a: Armaldo|266/354 tox|[from] psn","|turn|6","|","|move|p1a: Infernape|Earthquake|p2a: Armaldo","|-damage|p2a: Armaldo|131/354 tox","|-damage|p1a: Infernape|264/293|[from] item: Life Orb","|move|p2a: Armaldo|Rapid Spin|p1a: Infernape","|-damage|p1a: Infernape|236/293","|-sideend|p2: Cactuar4TW|Stealth Rock|[from] move: Rapid Spin|[of] p2a: Armaldo","|","|-heal|p2a: Armaldo|153/354 tox|[from] item: Leftovers","|-damage|p2a: Armaldo|65/354 tox|[from] psn","|turn|7","|","|move|p1a: Infernape|Mach Punch|p2a: Armaldo","|-damage|p2a: Armaldo|0 fnt","|-damage|p1a: Infernape|207/293|[from] item: Life Orb","|faint|p2a: Armaldo","|","|","|switch|p2a: Crustle|Crustle, M|281/281","|turn|8","|","|move|p1a: Infernape|Close Combat|p2a: Crustle","|-damage|p2a: Crustle|82/281","|-unboost|p1a: Infernape|def|1","|-unboost|p1a: Infernape|spd|1","|-damage|p1a: Infernape|178/293|[from] item: Life Orb","|move|p2a: Crustle|Shell Smash|p2a: Crustle","|-unboost|p2a: Crustle|def|1","|-unboost|p2a: Crustle|spd|1","|-boost|p2a: Crustle|atk|2","|-boost|p2a: Crustle|spa|2","|-boost|p2a: Crustle|spe|2","|-enditem|p2a: Crustle|White Herb","|-restoreboost|p2a: Crustle|[silent]","|","|turn|9","|","|move|p1a: Infernape|Mach Punch|p2a: Crustle","|-damage|p2a: Crustle|0 fnt","|-damage|p1a: Infernape|149/293|[from] item: Life Orb","|faint|p2a: Crustle","|","|","|switch|p2a: Galvantula|Galvantula, M|281/281","|turn|10","|","|move|p2a: Galvantula|Thunder Wave|p1a: Infernape","|-status|p1a: Infernape|par","|cant|p1a: Infernape|par","|","|turn|11","|","|move|p2a: Galvantula|Sticky Web|p1a: Infernape","|-sidestart|p1: Inferno Mamoswine|move: Sticky Web","|move|p1a: Infernape|Earthquake|p2a: Galvantula","|-damage|p2a: Galvantula|67/281","|-damage|p1a: Infernape|120/293 par|[from] item: Life Orb","|","|turn|12","|","|move|p1a: Infernape|Mach Punch|p2a: Galvantula","|-resisted|p2a: Galvantula","|-damage|p2a: Galvantula|0 fnt","|-damage|p1a: Infernape|91/293 par|[from] item: Life Orb","|faint|p2a: Galvantula","|","|","|switch|p2a: Pinsir|Pinsir, M|271/271","|turn|13","|","|detailschange|p2a: Pinsir|Pinsir-Mega, M","|-mega|p2a: Pinsir|Pinsir|Pinsirite","|move|p1a: Infernape|Mach Punch|p2a: Pinsir","|-resisted|p2a: Pinsir","|-damage|p2a: Pinsir|252/271","|-damage|p1a: Infernape|62/293 par|[from] item: Life Orb","|move|p2a: Pinsir|Return|p1a: Infernape","|-supereffective|p1a: Infernape","|-damage|p1a: Infernape|0 fnt","|faint|p1a: Infernape","|","|","|switch|p1a: Rotom-Heat|Rotom-Heat, shiny|304/304","|-damage|p1a: Rotom-Heat|228/304|[from] Stealth Rock","|turn|14","|","|switch|p2a: Heracross|Heracross, M|301/301","|move|p1a: Rotom-Heat|Reflect|p1a: Rotom-Heat","|-sidestart|p1: Inferno Mamoswine|Reflect","|","|turn|15","|","|move|p2a: Heracross|Knock Off|p1a: Rotom-Heat","|-damage|p1a: Rotom-Heat|177/304","|-enditem|p1a: Rotom-Heat|Light Clay|[from] move: Knock Off|[of] p2a: Heracross","|move|p1a: Rotom-Heat|Volt Switch|p2a: Heracross","|-damage|p2a: Heracross|210/301","|","|switch|p1a: Torkoal|Torkoal, M, shiny|141/344","|-activate|p1a: Torkoal|move: Sticky Web","|-fail|p1a: Torkoal|unboost|[from] ability: White Smoke|[of] p1a: Torkoal","|-damage|p1a: Torkoal|55/344|[from] Stealth Rock","|","|turn|16","|","|switch|p2a: Volcarona|Volcarona, M|329/329","|move|p1a: Torkoal|Rapid Spin|p2a: Volcarona","|-damage|p2a: Volcarona|312/329","|-sideend|p1: Inferno Mamoswine|Stealth Rock|[from] move: Rapid Spin|[of] p1a: Torkoal","|-sideend|p1: Inferno Mamoswine|Sticky Web|[from] move: Rapid Spin|[of] p1a: Torkoal","|","|turn|17","|","|switch|p1a: Charizard|Charizard, F, shiny|297/297","|move|p2a: Volcarona|Quiver Dance|p2a: Volcarona","|-boost|p2a: Volcarona|spa|1","|-boost|p2a: Volcarona|spd|1","|-boost|p2a: Volcarona|spe|1","|","|turn|18","|","|detailschange|p1a: Charizard|Charizard-Mega-X, F, shiny","|-mega|p1a: Charizard|Charizard|Charizardite X","|move|p2a: Volcarona|Fire Blast|p1a: Charizard","|-resisted|p1a: Charizard","|-damage|p1a: Charizard|213/297","|move|p1a: Charizard|Earthquake|p2a: Volcarona","|-damage|p2a: Volcarona|127/329","|","|turn|19","|","|move|p2a: Volcarona|Hidden Power|p1a: Charizard","|-damage|p1a: Charizard|86/297","|move|p1a: Charizard|Dragon Dance|p1a: Charizard","|-boost|p1a: Charizard|atk|1","|-boost|p1a: Charizard|spe|1","|","|turn|20","|","|move|p2a: Volcarona|Hidden Power|p1a: Charizard","|-damage|p1a: Charizard|0 fnt","|faint|p1a: Charizard","|","|","|switch|p1a: Rotom-Heat|Rotom-Heat, shiny|177/304","|turn|21","|","|move|p2a: Volcarona|Fire Blast|p1a: Rotom-Heat","|-resisted|p1a: Rotom-Heat","|-damage|p1a: Rotom-Heat|65/304","|move|p1a: Rotom-Heat|Volt Switch|p2a: Volcarona","|-damage|p2a: Volcarona|70/329","|","|switch|p1a: Delphox|Delphox, F, shiny|291/291","|","|-sideend|p1: Inferno Mamoswine|Reflect","|turn|22","|","|move|p1a: Delphox|Psychic|p2a: Volcarona","|-damage|p2a: Volcarona|0 fnt","|faint|p2a: Volcarona","|","|","|switch|p2a: Pinsir|Pinsir-Mega, M|252/271","|turn|23","|","|switch|p1a: Torkoal|Torkoal, M, shiny|55/344","|move|p2a: Pinsir|Return|p1a: Torkoal","|-damage|p1a: Torkoal|0 fnt","|faint|p1a: Torkoal","|","|","|switch|p1a: Delphox|Delphox, F, shiny|291/291","|turn|24","|","|move|p1a: Delphox|Fire Blast|p2a: Pinsir","|-supereffective|p2a: Pinsir","|-damage|p2a: Pinsir|0 fnt","|faint|p2a: Pinsir","|","|","|switch|p2a: Heracross|Heracross, M|210/301","|turn|25","|","|move|p1a: Delphox|Fire Blast|p2a: Heracross","|-supereffective|p2a: Heracross","|-damage|p2a: Heracross|0 fnt","|faint|p2a: Heracross","|","|win|Inferno Mamoswine"],"p1rating":{"entryid":"7297985","serverid":"eos","formatid":"monotype","userid":"infernomamoswine","username":"Inferno Mamoswine","w":7,"l":"13","t":"0","gxe":38.1,"r":"1408.5566180404","rd":"90.205360609338","sigma":"0","rptime":"1438506000","rpr":1406.4208231953,"rprd":72.106600421063,"rpsigma":"0","acre":1063.6325300381,"lacre":1063.6325300381,"oldacre":"1024.8057372671"},"p2rating":{"entryid":"7355125","serverid":"eos","formatid":"monotype","userid":"cactuar4tw","username":"Cactuar4TW","w":"2","l":2,"t":"0","gxe":47.6,"r":"1500","rd":"130","sigma":"0","rptime":"1438506000","rpr":1481.3657968986,"rprd":106.94726369527,"rpsigma":"0","acre":1030.6365793404,"lacre":1030.6365793404,"oldacre":"1049.244154556"},"endType":"normal"}