{"seed":[12922,11123,27046,7683],"turns":23,"p1":"Void Wiley","p2":"Dusk Nocturne","p1team":[{"name":"Tuba","species":"slurpuff","item":"sitrusberry","ability":"Unburden","moves":["bellydrum","drainpunch","playrough","aromatherapy"],"nature":"Jolly","evs":{"hp":4,"atk":252,"def":0,"spa":0,"spd":0,"spe":252},"ivs":{"hp":31,"atk":31,"def":31,"spa":31,"spd":31,"spe":31}},{"name":"Clarinet","species":"azumarill","item":"sitrusberry","ability":"Huge Power","moves":["bellydrum","aquajet","brickbreak","playrough"],"nature":"Adamant","evs":{"hp":252,"atk":252,"def":0,"spa":0,"spd":4,"spe":0},"ivs":{"hp":31,"atk":31,"def":31,"spa":31,"spd":31,"spe":31}},{"name":"Flute","species":"gardevoir","item":"gardevoirite","ability":"Synchronize","moves":["psyshock","hypervoice","energyball","focusblast"],"nature":"Modest","evs":{"hp":248,"atk":0,"def":0,"spa":252,"spd":8,"spe":0},"ivs":{"hp":31,"atk":31,"def":31,"spa":31,"spd":31,"spe":31}},{"name":"Alto","species":"togekiss","item":"choicescarf","ability":"Serene Grace","moves":["airslash","flamethrower","aurasphere","dazzlinggleam"],"nature":"Timid","evs":{"hp":0,"atk":0,"def":0,"spa":252,"spd":4,"spe":252},"ivs":{"hp":31,"atk":31,"def":31,"spa":31,"spd":31,"spe":31}},{"name":"Sax","species":"klefki","item":"lightclay","ability":"Prankster","moves":["thunderwave","lightscreen","reflect","foulplay"],"nature":"Bold","evs":{"hp":248,"atk":0,"def":252,"spa":0,"spd":8,"spe":0},"ivs":{"hp":31,"atk":31,"def":31,"spa":31,"spd":31,"spe":31}},{"name":"Trumpet","species":"sylveon","item":"leftovers","ability":"Pixilate","moves":["hypervoice","wish","protect","calmmind"],"nature":"Calm","evs":{"hp":252,"atk":0,"def":0,"spa":4,"spd":252,"spe":0},"ivs":{"hp":31,"atk":31,"def":31,"spa":31,"spd":31,"spe":31}}],"p2team":[{"name":"Gengar","species":"Gengar","item":"blacksludge","ability":"Levitate","moves":["substitute","disable","trickroom","sludgebomb"],"nature":"Modest","evs":{"hp":252,"atk":0,"def":0,"spa":252,"spd":4,"spe":0},"ivs":{"hp":31,"atk":31,"def":31,"spa":31,"spd":31,"spe":0}},{"name":"Aegislash","species":"Aegislash","item":"weaknesspolicy","ability":"Stance Change","moves":["kingsshield","swordsdance","shadowsneak","ironhead"],"nature":"Adamant","evs":{"hp":248,"atk":252,"def":0,"spa":0,"spd":8,"spe":0},"ivs":{"hp":31,"atk":31,"def":31,"spa":31,"spd":31,"spe":31}},{"name":"Sableye","species":"Sableye","item":"leftovers","ability":"Prankster","moves":["taunt","willowisp","recover","foulplay"],"nature":"Calm","evs":{"hp":252,"atk":0,"def":4,"spa":0,"spd":252,"spe":0},"ivs":{"hp":31,"atk":31,"def":31,"spa":31,"spd":31,"spe":31}},{"name":"Hoopa","species":"Hoopa","item":"lifeorb","ability":"Magician","moves":["trickroom","destinybond","psyshock"],"nature":"Quiet","evs":{"hp":248,"atk":0,"def":0,"spa":252,"spd":8,"spe":0},"ivs":{"hp":31,"atk":31,"def":31,"spa":31,"spd":31,"spe":0}},{"name":"Banette","species":"Banette","item":"banettite","ability":"Frisk","moves":["destinybond","trickroom","shadowclaw","suckerpunch"],"nature":"Brave","evs":{"hp":248,"atk":252,"def":0,"spa":0,"spd":8,"spe":0},"ivs":{"hp":31,"atk":31,"def":31,"spa":31,"spd":31,"spe":0}},{"name":"Golurk","species":"Golurk","item":"lifeorb","ability":"No Guard","moves":["stoneedge","dynamicpunch","earthquake","icepunch"],"nature":"Adamant","evs":{"hp":248,"atk":252,"def":0,"spa":0,"spd":8,"spe":0},"ivs":{"hp":31,"atk":31,"def":31,"spa":31,"spd":31,"spe":31}}],"log":["|player|p1|Void Wiley|voidwiley.png","|player|p2|Dusk Nocturne|184","|gametype|singles","|gen|6","|tier|Monotype","|rated","|rule|Baton Pass Clause: Limit one Baton Passer, can't pass Spe and other stats simultaneously","|rule|Swagger Clause: Swagger is banned","|rule|Same Type Clause: Pokémon in a team must share a type","|clearpoke","|poke|p1|Slurpuff, M","|poke|p1|Azumarill, M","|poke|p1|Gardevoir, F","|poke|p1|Togekiss, F","|poke|p1|Klefki, F","|poke|p1|Sylveon, F","|poke|p2|Gengar, M","|poke|p2|Aegislash, M","|poke|p2|Sableye, F","|poke|p2|Hoopa","|poke|p2|Banette, F","|poke|p2|Golurk","|rule|Sleep Clause Mod: Limit one foe put to sleep","|rule|Species Clause: Limit one of each Pokémon","|rule|OHKO Clause: OHKO moves are banned","|rule|Moody Clause: Moody is banned","|rule|Evasion Moves Clause: Evasion moves are banned","|rule|Endless Battle Clause: Forcing endless battles is banned","|rule|HP Percentage Mod: HP is shown in percentages","|teampreview","|","|start","|switch|p1a: Trumpet|Sylveon, F|394/394","|switch|p2a: Gengar|Gengar, M|324/324","|turn|1","|","|switch|p1a: Sax|Klefki, F|317/317","|move|p2a: Gengar|Substitute|p2a: Gengar","|-start|p2a: Gengar|Substitute","|-damage|p2a: Gengar|243/324","|","|-heal|p2a: Gengar|263/324|[from] item: Black Sludge","|turn|2","|","|move|p1a: Sax|Foul Play|p2a: Gengar","|-supereffective|p2a: Gengar","|-end|p2a: Gengar|Substitute","|move|p2a: Gengar|Trick Room|p2a: Gengar","|-fieldstart|move: Trick Room|[of] p2a: Gengar","|","|-heal|p2a: Gengar|283/324|[from] item: Black Sludge","|turn|3","|","|move|p1a: Sax|Thunder Wave|p2a: Gengar","|-status|p2a: Gengar|par","|move|p2a: Gengar|Disable|p1a: Sax","|-start|p1a: Sax|Disable|Thunder Wave","|","|-heal|p2a: Gengar|303/324 par|[from] item: Black Sludge","|turn|4","|","|switch|p2a: Aegislash|Aegislash, M|323/323","|move|p1a: Sax|Foul Play|p2a: Aegislash","|-supereffective|p2a: Aegislash","|-damage|p2a: Aegislash|225/323","|-enditem|p2a: Aegislash|Weakness Policy","|-boost|p2a: Aegislash|atk|2|[from] item: Weakness Policy","|-boost|p2a: Aegislash|spa|2|[from] item: Weakness Policy","|","|turn|5","|","|move|p1a: Sax|Reflect|p1a: Sax","|-sidestart|p1: Void Wiley|Reflect","|-formechange|p2a: Aegislash|Aegislash-Blade","|move|p2a: Aegislash|Iron Head|p1a: Sax","|-damage|p1a: Sax|185/317","|","|turn|6","|","|-formechange|p2a: Aegislash|Aegislash","|move|p2a: Aegislash|King's Shield|p2a: Aegislash","|-singleturn|p2a: Aegislash|Protect","|move|p1a: Sax|Foul Play|p2a: Aegislash","|-activate|p2a: Aegislash|Protect","|-unboost|p1a: Sax|atk|2","|","|-fieldend|move: Trick Room","|turn|7","|","|switch|p2a: Sableye|Sableye, F|304/304","|move|p1a: Sax|Foul Play|p2a: Sableye","|-damage|p2a: Sableye|234/304","|","|-heal|p2a: Sableye|253/304|[from] item: Leftovers","|-end|p1a: Sax|Disable","|turn|8","|","|switch|p1a: Trumpet|Sylveon, F|394/394","|move|p2a: Sableye|Taunt|p1a: Trumpet","|-start|p1a: Trumpet|move: Taunt","|","|-heal|p2a: Sableye|272/304|[from] item: Leftovers","|turn|9","|","|move|p2a: Sableye|Will-O-Wisp|p1a: Trumpet","|-status|p1a: Trumpet|brn","|move|p1a: Trumpet|Hyper Voice|p2a: Sableye","|-crit|p2a: Sableye","|-supereffective|p2a: Sableye","|-damage|p2a: Sableye|0 fnt","|faint|p2a: Sableye","|","|-damage|p1a: Trumpet|345/394 brn|[from] brn","|","|switch|p2a: Aegislash|Aegislash, M|225/323","|turn|10","|","|switch|p1a: Sax|Klefki, F|185/317","|move|p2a: Aegislash|Swords Dance|p2a: Aegislash","|-boost|p2a: Aegislash|atk|2","|","|turn|11","|","|move|p1a: Sax|Thunder Wave|p2a: Aegislash","|-status|p2a: Aegislash|par","|-formechange|p2a: Aegislash|Aegislash-Blade","|move|p2a: Aegislash|Iron Head|p1a: Sax","|-damage|p1a: Sax|56/317","|","|turn|12","|","|cant|p2a: Aegislash|par","|move|p1a: Sax|Foul Play|p2a: Aegislash","|-supereffective|p2a: Aegislash","|-damage|p2a: Aegislash|0 fnt","|faint|p2a: Aegislash","|","|-sideend|p1: Void Wiley|Reflect","|","|switch|p2a: Golurk|Golurk|381/381","|turn|13","|","|move|p1a: Sax|Reflect|p1a: Sax","|-sidestart|p1: Void Wiley|Reflect","|move|p2a: Golurk|Dynamic Punch|p1a: Sax","|-damage|p1a: Sax|0 fnt","|-damage|p2a: Golurk|343/381|[from] item: Life Orb","|faint|p1a: Sax","|","|","|switch|p1a: Clarinet|Azumarill, M|404/404","|turn|14","|","|switch|p2a: Gengar|Gengar, M|303/324 par","|move|p1a: Clarinet|Aqua Jet|p2a: Gengar","|-damage|p2a: Gengar|170/324 par","|","|-heal|p2a: Gengar|190/324 par|[from] item: Black Sludge","|turn|15","|","|move|p1a: Clarinet|Belly Drum|p1a: Clarinet","|-damage|p1a: Clarinet|202/404","|-setboost|p1a: Clarinet|atk|6|[from] move: Belly Drum","|-enditem|p1a: Clarinet|Sitrus Berry|[eat]","|-heal|p1a: Clarinet|303/404|[from] item: Sitrus Berry","|move|p2a: Gengar|Sludge Bomb|p1a: Clarinet","|-supereffective|p1a: Clarinet","|-damage|p1a: Clarinet|0 fnt","|faint|p1a: Clarinet","|","|-heal|p2a: Gengar|210/324 par|[from] item: Black Sludge","|","|switch|p1a: Flute|Gardevoir, F|339/339","|turn|16","|","|detailschange|p1a: Flute|Gardevoir-Mega, F","|-mega|p1a: Flute|Gardevoir|Gardevoirite","|move|p1a: Flute|Psyshock|p2a: Gengar","|-supereffective|p2a: Gengar","|-damage|p2a: Gengar|0 fnt","|faint|p2a: Gengar","|","|","|switch|p2a: Hoopa|Hoopa|363/363","|turn|17","|","|move|p1a: Flute|Hyper Voice|p2a: Hoopa","|-damage|p2a: Hoopa|138/363","|move|p2a: Hoopa|Trick Room|p2a: Hoopa","|-fieldstart|move: Trick Room|[of] p2a: Hoopa","|","|turn|18","|","|switch|p1a: Trumpet|Sylveon, F|345/394 brn","|move|p2a: Hoopa|Psyshock|p1a: Trumpet","|-damage|p1a: Trumpet|0 fnt","|-damage|p2a: Hoopa|102/363|[from] item: Life Orb","|faint|p1a: Trumpet","|","|","|switch|p1a: Tuba|Slurpuff, M|306/306","|turn|19","|","|move|p2a: Hoopa|Destiny Bond|p2a: Hoopa","|-singlemove|p2a: Hoopa|Destiny Bond","|move|p1a: Tuba|Play Rough|p2a: Hoopa","|-damage|p2a: Hoopa|0 fnt","|faint|p2a: Hoopa","|-activate|p2a: Hoopa|Destiny Bond","|faint|p1a: Tuba","|","|","|switch|p2a: Banette|Banette, F|331/331","|switch|p1a: Flute|Gardevoir-Mega, F|339/339","|-item|p1a: Flute|Gardevoirite|[from] ability: Frisk|[of] p2a: Banette|[identify]","|turn|20","|","|detailschange|p2a: Banette|Banette-Mega, F","|-mega|p2a: Banette|Banette|Banettite","|move|p2a: Banette|Destiny Bond|p2a: Banette","|-singlemove|p2a: Banette|Destiny Bond","|move|p1a: Flute|Hyper Voice|p2a: Banette","|-damage|p2a: Banette|4/331","|","|-sideend|p1: Void Wiley|Reflect","|turn|21","|","|move|p2a: Banette|Destiny Bond|p2a: Banette","|-singlemove|p2a: Banette|Destiny Bond","|move|p1a: Flute|Energy Ball|p2a: Banette","|-damage|p2a: Banette|0 fnt","|faint|p2a: Banette","|-activate|p2a: Banette|Destiny Bond","|faint|p1a: Flute","|","|-fieldend|move: Trick Room","|","|switch|p1a: Alto|Togekiss, F|311/311","|switch|p2a: Golurk|Golurk|343/381","|turn|22","|","|move|p1a: Alto|Air Slash|p2a: Golurk","|-damage|p2a: Golurk|204/381","|cant|p2a: Golurk|flinch","|","|turn|23","|","|move|p1a: Alto|Air Slash|p2a: Golurk","|-damage|p2a: Golurk|54/381","|move|p2a: Golurk|Stone Edge|p1a: Alto","|-supereffective|p1a: Alto","|-damage|p1a: Alto|0 fnt","|-damage|p2a: Golurk|16/381|[from] item: Life Orb","|faint|p1a: Alto","|","|win|Dusk Nocturne"],"p1rating":{"entryid":"5697050","serverid":"eos","formatid":"monotype","userid":"voidwiley","username":"Void Wiley","w":"157","l":137,"t":"0","gxe":55.4,"r":"1536.7228521162","rd":"28.343538317993","sigma":"0","rptime":"1438592400","rpr":1541.0446884807,"rprd":27.758095360051,"rpsigma":"0","acre":1187.5389936265,"lacre":1187.5389936265,"oldacre":"1222.0624815322"},"p2rating":{"entryid":"7094216","serverid":"eos","formatid":"monotype","userid":"dusknocturne","username":"Dusk Nocturne","w":4,"l":"5","t":"0","gxe":47.3,"r":"1426.8179647626","rd":"97.388737392185","sigma":"0","rptime":"1438592400","rpr":1478.924368604,"rprd":91.121272751449,"rpsigma":"0","acre":1120.795808346,"lacre":1120.795808346,"oldacre":"1082.6858517047"},"endType":"normal"}