{"seed":[1727,43638,21143,23486],"turns":24,"p1":"Alliance - Mxy","p2":"samuelwade223","p1team":[{"name":"Not normal flying","species":"pidgeot","item":"pidgeotite","ability":"Keen Eye","moves":["hurricane","heatwave","hiddenpowerground","protect"],"nature":"Timid","evs":{"hp":0,"atk":0,"def":0,"spa":252,"spd":4,"spe":252},"ivs":{"hp":31,"atk":31,"def":31,"spa":30,"spd":30,"spe":31}},{"name":"Staravia","species":"Staravia","item":"eviolite","ability":"Intimidate","moves":["roost","bravebird","defog","toxic"],"nature":"Impish","evs":{"hp":248,"atk":8,"def":252,"spa":0,"spd":0,"spe":0},"ivs":{"hp":31,"atk":31,"def":31,"spa":31,"spd":31,"spe":31}},{"name":"Singing Bitch","species":"meloetta","item":"assaultvest","ability":"Serene Grace","moves":["psyshock","focusblast","shadowball","hypervoice"],"nature":"Modest","evs":{"hp":104,"atk":0,"def":0,"spa":252,"spd":0,"spe":152},"ivs":{"hp":31,"atk":31,"def":31,"spa":31,"spd":31,"spe":31}},{"name":"Troublebunny","species":"diggersby","item":"choicescarf","ability":"Huge Power","moves":["earthquake","wildcharge","stoneedge","frustration"],"nature":"Jolly","evs":{"hp":0,"atk":252,"def":0,"spa":0,"spd":4,"spe":252},"happiness":0,"ivs":{"hp":31,"atk":31,"def":31,"spa":31,"spd":31,"spe":31}},{"name":"Lizzy Lizard","species":"heliolisk","item":"lifeorb","ability":"Dry Skin","moves":["voltswitch","surf","thunderbolt","hypervoice"],"nature":"Timid","evs":{"hp":0,"atk":0,"def":0,"spa":252,"spd":4,"spe":252},"ivs":{"hp":31,"atk":31,"def":31,"spa":31,"spd":31,"spe":31}},{"name":"FluffyTrolly Ace","species":"wigglytuff","item":"leftovers","ability":"Frisk","moves":["knockoff","stealthrock","wish","healbell"],"nature":"Careful","evs":{"hp":248,"atk":0,"def":8,"spa":0,"spd":252,"spe":0},"ivs":{"hp":31,"atk":31,"def":31,"spa":31,"spd":31,"spe":31}}],"p2team":[{"name":"Ferrothorn","species":"Ferrothorn","item":"rockyhelmet","ability":"Iron Barbs","moves":["leechseed","protect","stealthrock","powerwhip"],"nature":"Sassy","evs":{"hp":252,"atk":0,"def":0,"spa":0,"spd":252,"spe":4},"shiny":true,"ivs":{"hp":31,"atk":31,"def":31,"spa":31,"spd":31,"spe":31}},{"name":"Skarmory","species":"Skarmory","item":"leftovers","ability":"Keen Eye","moves":["bravebird","spikes","whirlwind","roost"],"nature":"Impish","evs":{"hp":252,"atk":4,"def":252,"spa":0,"spd":0,"spe":0},"shiny":true,"ivs":{"hp":31,"atk":31,"def":31,"spa":31,"spd":31,"spe":31}},{"name":"Scizor","species":"Scizor","item":"scizorite","ability":"Technician","moves":["swordsdance","bulletpunch","bugbite","superpower"],"nature":"Adamant","evs":{"hp":96,"atk":252,"def":40,"spa":0,"spd":116,"spe":4},"shiny":true,"ivs":{"hp":31,"atk":31,"def":31,"spa":31,"spd":31,"spe":31}},{"name":"Metagross","species":"Metagross","item":"lifeorb","ability":"Clear Body","moves":["zenheadbutt","meteormash","earthquake","bulletpunch"],"nature":"Adamant","evs":{"hp":160,"atk":252,"def":0,"spa":0,"spd":0,"spe":96},"shiny":true,"ivs":{"hp":31,"atk":31,"def":31,"spa":31,"spd":31,"spe":31}},{"name":"Heatran","species":"Heatran","item":"choicescarf","ability":"Flash Fire","moves":["hiddenpowergrass","fireblast","earthpower","dragonpulse"],"nature":"Modest","evs":{"hp":4,"atk":0,"def":0,"spa":252,"spd":0,"spe":252},"ivs":{"hp":31,"atk":30,"def":31,"spa":30,"spd":31,"spe":31},"shiny":true},{"name":"Bisharp","species":"Bisharp","item":"lifeorb","ability":"Inner Focus","moves":["aerialace","nightslash","suckerpunch","ironhead"],"nature":"Jolly","evs":{"hp":4,"atk":252,"def":0,"spa":0,"spd":0,"spe":252},"shiny":true,"ivs":{"hp":31,"atk":31,"def":31,"spa":31,"spd":31,"spe":31}}],"log":["|player|p1|Alliance - Mxy|270","|player|p2|samuelwade223|290","|gametype|singles","|gen|6","|tier|Monotype","|rated","|rule|Baton Pass Clause: Limit one Baton Passer, can't pass Spe and other stats simultaneously","|rule|Swagger Clause: Swagger is banned","|rule|Same Type Clause: Pokémon in a team must share a type","|clearpoke","|poke|p1|Pidgeot, F","|poke|p1|Staravia, F","|poke|p1|Meloetta","|poke|p1|Diggersby, M","|poke|p1|Heliolisk, M","|poke|p1|Wigglytuff, M","|poke|p2|Ferrothorn, M, shiny","|poke|p2|Skarmory, F, shiny","|poke|p2|Scizor, M, shiny","|poke|p2|Metagross, shiny","|poke|p2|Heatran, M, shiny","|poke|p2|Bisharp, F, shiny","|rule|Sleep Clause Mod: Limit one foe put to sleep","|rule|Species Clause: Limit one of each Pokémon","|rule|OHKO Clause: OHKO moves are banned","|rule|Moody Clause: Moody is banned","|rule|Evasion Moves Clause: Evasion moves are banned","|rule|Endless Battle Clause: Forcing endless battles is banned","|rule|HP Percentage Mod: HP is shown in percentages","|teampreview","|","|start","|switch|p1a: FluffyTrolly Ace|Wigglytuff, M|483/483","|switch|p2a: Ferrothorn|Ferrothorn, M, shiny|352/352","|-item|p2a: Ferrothorn|Rocky Helmet|[from] ability: Frisk|[of] p1a: FluffyTrolly Ace|[identify]","|turn|1","|","|move|p1a: FluffyTrolly Ace|Knock Off|p2a: Ferrothorn","|-damage|p2a: Ferrothorn|304/352","|-damage|p1a: FluffyTrolly Ace|423/483|[from] ability: Iron Barbs|[of] p2a: Ferrothorn","|-damage|p1a: FluffyTrolly Ace|343/483|[from] item: Rocky Helmet|[of] p2a: Ferrothorn","|-enditem|p2a: Ferrothorn|Rocky Helmet|[from] move: Knock Off|[of] p1a: FluffyTrolly Ace","|move|p2a: Ferrothorn|Stealth Rock|p1a: FluffyTrolly Ace","|-sidestart|p1: Alliance - Mxy|move: Stealth Rock","|","|-heal|p1a: FluffyTrolly Ace|373/483|[from] item: Leftovers","|turn|2","|","|move|p1a: FluffyTrolly Ace|Stealth Rock|p2a: Ferrothorn","|-sidestart|p2: samuelwade223|move: Stealth Rock","|move|p2a: Ferrothorn|Leech Seed|p1a: FluffyTrolly Ace","|-start|p1a: FluffyTrolly Ace|move: Leech Seed","|","|-heal|p1a: FluffyTrolly Ace|403/483|[from] item: Leftovers","|-damage|p1a: FluffyTrolly Ace|343/483|[from] Leech Seed|[of] p2a: Ferrothorn","|-heal|p2a: Ferrothorn|352/352|[silent]","|turn|3","|","|move|p1a: FluffyTrolly Ace|Knock Off|p2a: Ferrothorn","|-damage|p2a: Ferrothorn|321/352","|-damage|p1a: FluffyTrolly Ace|283/483|[from] ability: Iron Barbs|[of] p2a: Ferrothorn","|move|p2a: Ferrothorn|Power Whip|p1a: FluffyTrolly Ace|[miss]","|-miss|p2a: Ferrothorn|p1a: FluffyTrolly Ace","|","|-heal|p1a: FluffyTrolly Ace|313/483|[from] item: Leftovers","|-damage|p1a: FluffyTrolly Ace|253/483|[from] Leech Seed|[of] p2a: Ferrothorn","|-heal|p2a: Ferrothorn|352/352|[silent]","|turn|4","|","|move|p1a: FluffyTrolly Ace|Wish|p1a: FluffyTrolly Ace","|move|p2a: Ferrothorn|Power Whip|p1a: FluffyTrolly Ace","|-damage|p1a: FluffyTrolly Ace|0 fnt","|faint|p1a: FluffyTrolly Ace","|","|","|switch|p1a: Not normal flying|Pidgeot, F|307/307","|-damage|p1a: Not normal flying|231/307|[from] Stealth Rock","|turn|5","|","|detailschange|p1a: Not normal flying|Pidgeot-Mega, F","|-mega|p1a: Not normal flying|Pidgeot|Pidgeotite","|move|p1a: Not normal flying|Protect|p1a: Not normal flying","|-singleturn|p1a: Not normal flying|Protect","|move|p2a: Ferrothorn|Leech Seed|p1a: Not normal flying","|-activate|p1a: Not normal flying|Protect","|","|-heal|p1a: Not normal flying|307/307|[from] move: Wish|[wisher] FluffyTrolly Ace","|turn|6","|","|move|p1a: Not normal flying|Hurricane|p2a: Ferrothorn","|-damage|p2a: Ferrothorn|220/352","|move|p2a: Ferrothorn|Leech Seed|p1a: Not normal flying","|-start|p1a: Not normal flying|move: Leech Seed","|","|-damage|p1a: Not normal flying|269/307|[from] Leech Seed|[of] p2a: Ferrothorn","|-heal|p2a: Ferrothorn|258/352|[silent]","|turn|7","|","|move|p1a: Not normal flying|Heat Wave|p2a: Ferrothorn","|-supereffective|p2a: Ferrothorn","|-damage|p2a: Ferrothorn|0 fnt","|faint|p2a: Ferrothorn","|","|","|switch|p2a: Metagross|Metagross, shiny|341/341","|-damage|p2a: Metagross|320/341|[from] Stealth Rock","|turn|8","|","|switch|p1a: Staravia|Staravia, F|313/313","|-damage|p1a: Staravia|235/313|[from] Stealth Rock","|-ability|p1a: Staravia|Intimidate","|-fail|p2a: Metagross|unboost|[from] ability: Clear Body|[of] p2a: Metagross","|move|p2a: Metagross|Meteor Mash|p1a: Staravia","|-damage|p1a: Staravia|79/313","|-damage|p2a: Metagross|286/341|[from] item: Life Orb","|","|turn|9","|","|move|p2a: Metagross|Bullet Punch|p1a: Staravia","|-damage|p1a: Staravia|9/313","|-damage|p2a: Metagross|252/341|[from] item: Life Orb","|move|p1a: Staravia|Roost|p1a: Staravia","|-heal|p1a: Staravia|166/313","|","|turn|10","|","|move|p2a: Metagross|Zen Headbutt|p1a: Staravia","|-damage|p1a: Staravia|5/313","|-damage|p2a: Metagross|218/341|[from] item: Life Orb","|move|p1a: Staravia|Roost|p1a: Staravia","|-heal|p1a: Staravia|162/313","|","|turn|11","|","|move|p2a: Metagross|Meteor Mash|p1a: Staravia|[miss]","|-miss|p2a: Metagross|p1a: Staravia","|move|p1a: Staravia|Defog|p2a: Metagross","|-fail|p2a: Metagross|unboost|[from] ability: Clear Body|[of] p2a: Metagross","|-sideend|p2: samuelwade223|Stealth Rock|[from] move: Defog|[of] p2a: Metagross","|-sideend|p1: Alliance - Mxy|Stealth Rock|[from] move: Defog|[of] p1a: Staravia","|","|turn|12","|","|move|p2a: Metagross|Meteor Mash|p1a: Staravia","|-damage|p1a: Staravia|0 fnt","|-damage|p2a: Metagross|184/341|[from] item: Life Orb","|faint|p1a: Staravia","|","|","|switch|p1a: Singing Bitch|Meloetta|367/367","|turn|13","|","|move|p2a: Metagross|Bullet Punch|p1a: Singing Bitch","|-damage|p1a: Singing Bitch|246/367","|-damage|p2a: Metagross|150/341|[from] item: Life Orb","|move|p1a: Singing Bitch|Shadow Ball|p2a: Metagross","|-supereffective|p2a: Metagross","|-damage|p2a: Metagross|0 fnt","|faint|p2a: Metagross","|","|","|switch|p2a: Skarmory|Skarmory, F, shiny|334/334","|turn|14","|","|move|p1a: Singing Bitch|Shadow Ball|p2a: Skarmory","|-damage|p2a: Skarmory|184/334","|move|p2a: Skarmory|Spikes|p1a: Singing Bitch","|-sidestart|p1: Alliance - Mxy|Spikes","|","|-heal|p2a: Skarmory|204/334|[from] item: Leftovers","|turn|15","|","|move|p1a: Singing Bitch|Shadow Ball|p2a: Skarmory","|-damage|p2a: Skarmory|54/334","|-unboost|p2a: Skarmory|spd|1","|move|p2a: Skarmory|Spikes|p1a: Singing Bitch","|-sidestart|p1: Alliance - Mxy|Spikes","|","|-heal|p2a: Skarmory|74/334|[from] item: Leftovers","|turn|16","|","|switch|p1a: Not normal flying|Pidgeot-Mega, F|269/307","|move|p2a: Skarmory|Brave Bird|p1a: Not normal flying","|-damage|p1a: Not normal flying|128/307","|-damage|p2a: Skarmory|27/334|[from] recoil|[of] p1a: Not normal flying","|","|-heal|p2a: Skarmory|47/334|[from] item: Leftovers","|turn|17","|","|move|p1a: Not normal flying|Hurricane|p2a: Skarmory","|-resisted|p2a: Skarmory","|-damage|p2a: Skarmory|0 fnt","|faint|p2a: Skarmory","|","|","|switch|p2a: Heatran|Heatran, M, shiny|324/324","|turn|18","|","|move|p2a: Heatran|Fire Blast|p1a: Not normal flying","|-damage|p1a: Not normal flying|0 fnt","|faint|p1a: Not normal flying","|","|","|switch|p1a: Troublebunny|Diggersby, M|311/311","|-damage|p1a: Troublebunny|260/311|[from] Spikes","|turn|19","|","|switch|p2a: Bisharp|Bisharp, F, shiny|272/272","|move|p1a: Troublebunny|Earthquake|p2a: Bisharp","|-supereffective|p2a: Bisharp","|-damage|p2a: Bisharp|0 fnt","|faint|p2a: Bisharp","|","|","|switch|p2a: Scizor|Scizor, M, shiny|305/305","|turn|20","|","|detailschange|p2a: Scizor|Scizor-Mega, M, shiny","|-mega|p2a: Scizor|Scizor|Scizorite","|move|p1a: Troublebunny|Earthquake|p2a: Scizor","|-damage|p2a: Scizor|163/305","|move|p2a: Scizor|Superpower|p1a: Troublebunny","|-supereffective|p1a: Troublebunny","|-damage|p1a: Troublebunny|0 fnt","|-unboost|p2a: Scizor|atk|1","|-unboost|p2a: Scizor|def|1","|faint|p1a: Troublebunny","|","|","|switch|p1a: Singing Bitch|Meloetta|246/367","|-damage|p1a: Singing Bitch|185/367|[from] Spikes","|turn|21","|","|move|p1a: Singing Bitch|Focus Blast|p2a: Scizor|[miss]","|-miss|p1a: Singing Bitch|p2a: Scizor","|move|p2a: Scizor|Superpower|p1a: Singing Bitch","|-damage|p1a: Singing Bitch|44/367","|-unboost|p2a: Scizor|atk|1","|-unboost|p2a: Scizor|def|1","|","|turn|22","|","|move|p2a: Scizor|Bullet Punch|p1a: Singing Bitch","|-damage|p1a: Singing Bitch|0 fnt","|faint|p1a: Singing Bitch","|","|","|switch|p1a: Lizzy Lizard|Heliolisk, M|265/265","|-damage|p1a: Lizzy Lizard|221/265|[from] Spikes","|turn|23","|","|move|p2a: Scizor|Bullet Punch|p1a: Lizzy Lizard","|-resisted|p1a: Lizzy Lizard","|-damage|p1a: Lizzy Lizard|162/265","|move|p1a: Lizzy Lizard|Thunderbolt|p2a: Scizor","|-damage|p2a: Scizor|0 fnt","|-damage|p1a: Lizzy Lizard|136/265|[from] item: Life Orb","|faint|p2a: Scizor","|","|","|switch|p2a: Heatran|Heatran, M, shiny|324/324","|turn|24","|","|move|p2a: Heatran|Earth Power|p1a: Lizzy Lizard","|-supereffective|p1a: Lizzy Lizard","|-damage|p1a: Lizzy Lizard|0 fnt","|faint|p1a: Lizzy Lizard","|","|win|samuelwade223"],"p1rating":{"entryid":"6690851","serverid":"eos","formatid":"monotype","userid":"alliancemxy","username":"Alliance - Mxy","w":"57","l":26,"t":"0","gxe":66.8,"r":"1634.4303757297","rd":"43.340767533071","sigma":"0","rptime":"1438592400","rpr":1632.555841243,"rprd":41.866812572654,"rpsigma":"0","acre":1281.4926497358,"lacre":1281.4926497358,"oldacre":"1312.9805024839"},"p2rating":{"entryid":"7061762","serverid":"eos","formatid":"monotype","userid":"samuelwade223","username":"samuelwade223","w":13,"l":"27","t":"0","gxe":36.7,"r":1381.8365162994,"rd":55.908097163289,"sigma":"0","rptime":1438592400,"rpr":1396.0254487646,"rprd":55.473312961325,"rpsigma":"0","acre":1128.4666285416,"lacre":1128.4666285416,"oldacre":"1085.7389353218"},"endType":"normal"}