{"seed":[17998,29628,4566,15451],"turns":22,"p1":"CaneParadox","p2":"Carnie Marx","p1team":[{"name":"Venusaur","species":"Venusaur","item":"venusaurite","ability":"Overgrow","moves":["leechseed","earthquake","sludgebomb","synthesis"],"nature":"Gentle","evs":{"hp":248,"atk":8,"def":0,"spa":0,"spd":252,"spe":0},"ivs":{"hp":31,"atk":31,"def":31,"spa":31,"spd":31,"spe":31}},{"name":"Toxicroak","species":"Toxicroak","item":"assaultvest","ability":"Dry Skin","moves":["bulletpunch","drainpunch","fakeout","suckerpunch"],"nature":"Adamant","evs":{"hp":0,"atk":252,"def":0,"spa":0,"spd":8,"spe":0},"ivs":{"hp":31,"atk":31,"def":31,"spa":31,"spd":31,"spe":31}},{"name":"Skuntank","species":"Skuntank","item":"airballoon","ability":"Stench","moves":["flamethrower","crunch","playrough","poisonjab"],"nature":"Naughty","evs":{"hp":248,"atk":252,"def":0,"spa":8,"spd":0,"spe":0},"ivs":{"hp":31,"atk":31,"def":31,"spa":31,"spd":31,"spe":31}},{"name":"Nidoqueen","species":"Nidoqueen","item":"choicescarf","ability":"Sheer Force","moves":["earthpower","icebeam","stealthrock","sludgewave"],"nature":"Modest","evs":{"hp":40,"atk":0,"def":0,"spa":252,"spd":0,"spe":216},"shiny":true,"ivs":{"hp":31,"atk":31,"def":31,"spa":31,"spd":31,"spe":31}},{"name":"Muk","species":"Muk","item":"assaultvest","ability":"Poison Touch","moves":["poisonjab","shadowsneak","gigadrain","firepunch"],"nature":"Brave","evs":{"hp":252,"atk":252,"def":4,"spa":0,"spd":0,"spe":0},"ivs":{"hp":31,"atk":31,"def":31,"spa":31,"spd":31,"spe":31}},{"name":"Gengar","species":"Gengar","item":"choicescarf","ability":"Levitate","moves":["dazzlinggleam","sludgebomb","thunderbolt","willowisp"],"nature":"Timid","evs":{"hp":0,"atk":0,"def":0,"spa":252,"spd":4,"spe":252},"ivs":{"hp":31,"atk":31,"def":31,"spa":31,"spd":31,"spe":31}}],"p2team":[{"name":"Darude Hailstorm","species":"abomasnow","item":"focussash","ability":"Snow Warning","moves":["blizzard","gigadrain","iceshard","shadowball"],"nature":"Mild","evs":{"hp":248,"atk":8,"def":0,"spa":252,"spd":0,"spe":0},"gender":"M","shiny":true,"ivs":{"hp":31,"atk":31,"def":31,"spa":31,"spd":31,"spe":31}},{"name":"Froslass","species":"Froslass","item":"focussash","ability":"Cursed Body","moves":["destinybond","icebeam","taunt","shadowball"],"nature":"Timid","evs":{"hp":0,"atk":0,"def":0,"spa":252,"spd":4,"spe":252},"ivs":{"hp":31,"atk":31,"def":31,"spa":31,"spd":31,"spe":31}},{"name":"Ice Age","species":"mamoswine","item":"choicescarf","ability":"Thick Fat","moves":["superpower","earthquake","iciclecrash","stoneedge"],"nature":"Jolly","evs":{"hp":0,"atk":252,"def":0,"spa":0,"spd":4,"spe":252},"gender":"M","shiny":true,"ivs":{"hp":31,"atk":31,"def":31,"spa":31,"spd":31,"spe":31}},{"name":"The Titanic","species":"avalugg","item":"rockyhelmet","ability":"Sturdy","moves":["rapidspin","toxic","recover","avalanche"],"nature":"Bold","evs":{"hp":248,"atk":0,"def":252,"spa":0,"spd":8,"spe":0},"gender":"M","shiny":true,"ivs":{"hp":31,"atk":31,"def":31,"spa":31,"spd":31,"spe":31}},{"name":"Kyurem-Black","species":"Kyurem-Black","item":"muscleband","ability":"Teravolt","moves":["fusionbolt","outrage","icebeam","shadowclaw"],"nature":"Naughty","evs":{"hp":248,"atk":252,"def":0,"spa":8,"spd":0,"spe":0},"ivs":{"hp":31,"atk":31,"def":31,"spa":31,"spd":31,"spe":31}},{"name":"King Kold","species":"rotomfrost","item":"leftovers","ability":"Levitate","moves":["discharge","willowisp","painsplit","charge"],"nature":"Calm","evs":{"hp":248,"atk":0,"def":0,"spa":252,"spd":8,"spe":0},"shiny":true,"ivs":{"hp":31,"atk":31,"def":31,"spa":31,"spd":31,"spe":31}}],"log":["|player|p1|CaneParadox|247","|player|p2|Carnie Marx|238","|gametype|singles","|gen|6","|tier|Monotype","|rated","|rule|Baton Pass Clause: Limit one Baton Passer, can't pass Spe and other stats simultaneously","|rule|Swagger Clause: Swagger is banned","|rule|Same Type Clause: Pokémon in a team must share a type","|clearpoke","|poke|p1|Venusaur, M","|poke|p1|Toxicroak, F","|poke|p1|Skuntank, M","|poke|p1|Nidoqueen, F, shiny","|poke|p1|Muk, M","|poke|p1|Gengar, F","|poke|p2|Abomasnow, M, shiny","|poke|p2|Froslass, F","|poke|p2|Mamoswine, M, shiny","|poke|p2|Avalugg, M, shiny","|poke|p2|Kyurem-Black","|poke|p2|Rotom-Frost, shiny","|rule|Sleep Clause Mod: Limit one foe put to sleep","|rule|Species Clause: Limit one of each Pokémon","|rule|OHKO Clause: OHKO moves are banned","|rule|Moody Clause: Moody is banned","|rule|Evasion Moves Clause: Evasion moves are banned","|rule|Endless Battle Clause: Forcing endless battles is banned","|rule|HP Percentage Mod: HP is shown in percentages","|teampreview","|","|start","|switch|p1a: Toxicroak|Toxicroak, F|307/307","|switch|p2a: Froslass|Froslass, F|281/281","|turn|1","|","|move|p1a: Toxicroak|Bullet Punch|p2a: Froslass","|-supereffective|p2a: Froslass","|-damage|p2a: Froslass|147/281","|move|p2a: Froslass|Taunt|p1a: Toxicroak","|-start|p1a: Toxicroak|move: Taunt","|","|turn|2","|","|switch|p1a: Skuntank|Skuntank, M|409/409","|-item|p1a: Skuntank|Air Balloon","|move|p2a: Froslass|Destiny Bond|p2a: Froslass","|-singlemove|p2a: Froslass|Destiny Bond","|","|turn|3","|","|move|p2a: Froslass|Ice Beam|p1a: Skuntank","|-damage|p1a: Skuntank|216/409","|-enditem|p1a: Skuntank|Air Balloon","|move|p1a: Skuntank|Poison Jab|p2a: Froslass","|-crit|p2a: Froslass","|-resisted|p2a: Froslass","|-damage|p2a: Froslass|24/281","|","|turn|4","|","|move|p2a: Froslass|Destiny Bond|p2a: Froslass","|-singlemove|p2a: Froslass|Destiny Bond","|move|p1a: Skuntank|Crunch|p2a: Froslass","|-supereffective|p2a: Froslass","|-damage|p2a: Froslass|0 fnt","|faint|p2a: Froslass","|-activate|p2a: Froslass|Destiny Bond","|faint|p1a: Skuntank","|","|","|switch|p1a: Nidoqueen|Nidoqueen, F, shiny|331/331","|switch|p2a: King Kold|Rotom-Frost, shiny|303/303","|turn|5","|","|move|p1a: Nidoqueen|Stealth Rock|p2a: King Kold","|-sidestart|p2: Carnie Marx|move: Stealth Rock","|move|p2a: King Kold|Pain Split|p1a: Nidoqueen","|-sethp|p1a: Nidoqueen|317/331|p2a: King Kold|303/303|[from] move: Pain Split","|","|turn|6","|","|switch|p1a: Muk|Muk, M|414/414","|move|p2a: King Kold|Will-O-Wisp|p1a: Muk","|-status|p1a: Muk|brn","|","|-damage|p1a: Muk|363/414 brn|[from] brn","|turn|7","|","|move|p2a: King Kold|Charge|p2a: King Kold","|-boost|p2a: King Kold|spd|1","|-activate|p2a: King Kold|move: Charge","|move|p1a: Muk|Fire Punch|p2a: King Kold","|-supereffective|p2a: King Kold","|-damage|p2a: King Kold|216/303","|","|-heal|p2a: King Kold|234/303|[from] item: Leftovers","|-damage|p1a: Muk|312/414 brn|[from] brn","|turn|8","|","|move|p2a: King Kold|Discharge|p1a: Muk","|-damage|p1a: Muk|137/414 brn","|move|p1a: Muk|Fire Punch|p2a: King Kold","|-supereffective|p2a: King Kold","|-damage|p2a: King Kold|155/303","|-status|p2a: King Kold|psn","|","|-heal|p2a: King Kold|173/303 psn|[from] item: Leftovers","|-damage|p2a: King Kold|136/303 psn|[from] psn","|-damage|p1a: Muk|86/414 brn|[from] brn","|turn|9","|","|move|p2a: King Kold|Charge|p2a: King Kold","|-boost|p2a: King Kold|spd|1","|-activate|p2a: King Kold|move: Charge","|move|p1a: Muk|Fire Punch|p2a: King Kold","|-supereffective|p2a: King Kold","|-damage|p2a: King Kold|51/303 psn","|","|-heal|p2a: King Kold|69/303 psn|[from] item: Leftovers","|-damage|p2a: King Kold|32/303 psn|[from] psn","|-damage|p1a: Muk|35/414 brn|[from] brn","|turn|10","|","|move|p1a: Muk|Shadow Sneak|p2a: King Kold","|-damage|p2a: King Kold|9/303 psn","|move|p2a: King Kold|Discharge|p1a: Muk","|-damage|p1a: Muk|0 fnt","|faint|p1a: Muk","|","|-heal|p2a: King Kold|27/303 psn|[from] item: Leftovers","|-damage|p2a: King Kold|0 fnt|[from] psn","|faint|p2a: King Kold","|","|switch|p2a: Kyurem-Black|Kyurem-Black|453/453","|switch|p1a: Toxicroak|Toxicroak, F|307/307","|-damage|p2a: Kyurem-Black|340/453|[from] Stealth Rock","|-ability|p2a: Kyurem-Black|Teravolt","|turn|11","|","|move|p1a: Toxicroak|Fake Out|p2a: Kyurem-Black","|-damage|p2a: Kyurem-Black|291/453","|cant|p2a: Kyurem-Black|flinch","|","|turn|12","|","|move|p2a: Kyurem-Black|Ice Beam|p1a: Toxicroak","|-damage|p1a: Toxicroak|180/307","|move|p1a: Toxicroak|Drain Punch|p2a: Kyurem-Black","|-supereffective|p2a: Kyurem-Black","|-damage|p2a: Kyurem-Black|15/453","|-heal|p1a: Toxicroak|307/307|[from] drain|[of] p2a: Kyurem-Black","|","|turn|13","|","|move|p1a: Toxicroak|Sucker Punch|p2a: Kyurem-Black","|-damage|p2a: Kyurem-Black|0 fnt","|faint|p2a: Kyurem-Black","|","|","|switch|p2a: The Titanic|Avalugg, M, shiny|393/393","|-damage|p2a: The Titanic|295/393|[from] Stealth Rock","|turn|14","|","|move|p1a: Toxicroak|Drain Punch|p2a: The Titanic","|-supereffective|p2a: The Titanic","|-damage|p2a: The Titanic|173/393","|-damage|p1a: Toxicroak|256/307|[from] item: Rocky Helmet|[of] p2a: The Titanic","|move|p2a: The Titanic|Avalanche|p1a: Toxicroak","|-damage|p1a: Toxicroak|36/307","|","|turn|15","|","|move|p1a: Toxicroak|Drain Punch|p2a: The Titanic","|-supereffective|p2a: The Titanic","|-damage|p2a: The Titanic|57/393","|-heal|p1a: Toxicroak|94/307|[from] drain|[of] p2a: The Titanic","|-damage|p1a: Toxicroak|43/307|[from] item: Rocky Helmet|[of] p2a: The Titanic","|move|p2a: The Titanic|Recover|p2a: The Titanic","|-heal|p2a: The Titanic|254/393","|","|turn|16","|","|move|p1a: Toxicroak|Drain Punch|p2a: The Titanic","|-supereffective|p2a: The Titanic","|-damage|p2a: The Titanic|128/393","|-heal|p1a: Toxicroak|106/307|[from] drain|[of] p2a: The Titanic","|-damage|p1a: Toxicroak|55/307|[from] item: Rocky Helmet|[of] p2a: The Titanic","|move|p2a: The Titanic|Rapid Spin|p1a: Toxicroak","|-damage|p1a: Toxicroak|33/307","|-sideend|p2: Carnie Marx|Stealth Rock|[from] move: Rapid Spin|[of] p2a: The Titanic","|","|turn|17","|","|switch|p2a: Darude Hailstorm|Abomasnow, M, shiny|383/383","|-weather|Hail","|move|p1a: Toxicroak|Drain Punch|p2a: Darude Hailstorm","|-supereffective|p2a: Darude Hailstorm","|-damage|p2a: Darude Hailstorm|23/383","|-heal|p1a: Toxicroak|213/307|[from] drain|[of] p2a: Darude Hailstorm","|","|-weather|Hail|[upkeep]","|-damage|p1a: Toxicroak|194/307|[from] hail","|turn|18","|","|switch|p2a: The Titanic|Avalugg, M, shiny|128/393","|move|p1a: Toxicroak|Bullet Punch|p2a: The Titanic","|-supereffective|p2a: The Titanic","|-damage|p2a: The Titanic|84/393","|-damage|p1a: Toxicroak|143/307|[from] item: Rocky Helmet|[of] p2a: The Titanic","|","|-weather|Hail|[upkeep]","|-damage|p1a: Toxicroak|124/307|[from] hail","|turn|19","|","|move|p1a: Toxicroak|Drain Punch|p2a: The Titanic","|-supereffective|p2a: The Titanic","|-damage|p2a: The Titanic|0 fnt","|-heal|p1a: Toxicroak|166/307|[from] drain|[of] p2a: The Titanic","|-damage|p1a: Toxicroak|115/307|[from] item: Rocky Helmet|[of] p2a: The Titanic","|faint|p2a: The Titanic","|","|-weather|Hail|[upkeep]","|-damage|p1a: Toxicroak|96/307|[from] hail","|","|switch|p2a: Ice Age|Mamoswine, M, shiny|361/361","|turn|20","|","|move|p2a: Ice Age|Icicle Crash|p1a: Toxicroak|[miss]","|-miss|p2a: Ice Age|p1a: Toxicroak","|move|p1a: Toxicroak|Drain Punch|p2a: Ice Age","|-supereffective|p2a: Ice Age","|-damage|p2a: Ice Age|79/361","|-heal|p1a: Toxicroak|237/307|[from] drain|[of] p2a: Ice Age","|","|-weather|Hail|[upkeep]","|-damage|p1a: Toxicroak|218/307|[from] hail","|turn|21","|","|move|p1a: Toxicroak|Sucker Punch|p2a: Ice Age","|-damage|p2a: Ice Age|0 fnt","|faint|p2a: Ice Age","|","|-weather|none","|","|switch|p2a: Darude Hailstorm|Abomasnow, M, shiny|23/383","|-weather|Hail","|turn|22","|","|move|p1a: Toxicroak|Bullet Punch|p2a: Darude Hailstorm","|-supereffective|p2a: Darude Hailstorm","|-damage|p2a: Darude Hailstorm|0 fnt","|faint|p2a: Darude Hailstorm","|","|win|CaneParadox"],"p1rating":{"entryid":"7371929","serverid":"eos","formatid":"monotype","userid":"caneparadox","username":"CaneParadox","w":6,"l":"1","t":"0","gxe":65.4,"r":"1500","rd":"130","sigma":"0","rptime":"1438592400","rpr":1624.4384748155,"rprd":94.804249230937,"rpsigma":"0","acre":1165.5108450805,"lacre":1165.5108450805,"oldacre":"1138.7888488342"},"p2rating":{"entryid":"5821777","serverid":"eos","formatid":"monotype","userid":"carniemarx","username":"Carnie Marx","w":"60","l":66,"t":"0","gxe":48.6,"r":"1486.8280897575","rd":"39.841631369234","sigma":"0","rptime":"1438592400","rpr":1489.261455098,"rprd":38.97669801899,"rpsigma":"0","acre":1136.0361184947,"lacre":1136.0361184947,"oldacre":"1162.758114741"},"endType":"normal"}