{"seed":[37624,48145,8811,60411],"turns":21,"p1":"Fluffy Poop","p2":"Zera Blanco","p1team":[{"name":"Clawitzer","moves":["aurasphere","uturn","darkpulse","waterpulse"],"ability":"Mega Launcher","evs":{"hp":85,"atk":85,"def":85,"spa":85,"spd":85,"spe":85},"ivs":{"hp":31,"atk":31,"def":31,"spa":31,"spd":31,"spe":31},"item":"Expert Belt","level":79,"shiny":false},{"name":"Raichu","moves":["focusblast","encore","hiddenpowerice","voltswitch"],"ability":"Lightning Rod","evs":{"hp":85,"atk":85,"def":85,"spa":85,"spd":85,"spe":85},"ivs":{"hp":31,"atk":30,"def":30,"spa":31,"spd":31,"spe":31},"item":"Life Orb","level":83,"shiny":false},{"name":"Granbull","moves":["crunch","healbell","playrough","earthquake"],"ability":"Intimidate","evs":{"hp":85,"atk":85,"def":85,"spa":85,"spd":85,"spe":85},"ivs":{"hp":31,"atk":31,"def":31,"spa":31,"spd":31,"spe":31},"item":"Life Orb","level":81,"shiny":false},{"name":"Moltres","moves":["substitute","willowisp","hurricane","roost"],"ability":"Flame Body","evs":{"hp":81,"atk":85,"def":85,"spa":89,"spd":85,"spe":85},"ivs":{"hp":31,"atk":31,"def":31,"spa":31,"spd":31,"spe":31},"item":"Leftovers","level":78,"shiny":false},{"name":"Darkrai","moves":["darkvoid","sludgebomb","darkpulse","substitute"],"ability":"Bad Dreams","evs":{"hp":85,"atk":85,"def":85,"spa":85,"spd":85,"spe":85},"ivs":{"hp":31,"atk":31,"def":31,"spa":31,"spd":31,"spe":31},"item":"Leftovers","level":73,"shiny":false},{"name":"Grumpig","moves":["lightscreen","psychic","healbell","focusblast"],"ability":"Thick Fat","evs":{"hp":85,"atk":85,"def":85,"spa":85,"spd":85,"spe":85},"ivs":{"hp":31,"atk":31,"def":31,"spa":31,"spd":31,"spe":31},"item":"Light Clay","level":83,"shiny":false}],"p2team":[{"name":"Floatzel","moves":["taunt","aquajet","icepunch","brickbreak"],"ability":"Water Veil","evs":{"hp":85,"atk":85,"def":85,"spa":85,"spd":85,"spe":85},"ivs":{"hp":31,"atk":31,"def":31,"spa":31,"spd":31,"spe":31},"item":"Life Orb","level":83,"shiny":false},{"name":"Swoobat","moves":["psychic","airslash","substitute","calmmind"],"ability":"Simple","evs":{"hp":85,"atk":85,"def":85,"spa":85,"spd":85,"spe":85},"ivs":{"hp":31,"atk":31,"def":31,"spa":31,"spd":31,"spe":31},"item":"Leftovers","level":83,"shiny":false},{"name":"Talonflame","moves":["uturn","tailwind","roost","bravebird"],"ability":"Gale Wings","evs":{"hp":85,"atk":85,"def":85,"spa":85,"spd":85,"spe":85},"ivs":{"hp":31,"atk":31,"def":31,"spa":31,"spd":31,"spe":31},"item":"Leftovers","level":75,"shiny":false},{"name":"Tyrantrum","moves":["stoneedge","dragonclaw","firefang","dragondance"],"ability":"Strong Jaw","evs":{"hp":85,"atk":85,"def":85,"spa":85,"spd":85,"spe":85},"ivs":{"hp":31,"atk":31,"def":31,"spa":31,"spd":31,"spe":31},"item":"Life Orb","level":79,"shiny":false},{"name":"Claydol","moves":["earthquake","icebeam","rapidspin","toxic"],"ability":"Levitate","evs":{"hp":85,"atk":85,"def":85,"spa":85,"spd":85,"spe":85},"ivs":{"hp":31,"atk":31,"def":31,"spa":31,"spd":31,"spe":31},"item":"Leftovers","level":81,"shiny":false},{"name":"Muk","moves":["shadowsneak","icepunch","firepunch","gunkshot"],"ability":"Poison Touch","evs":{"hp":85,"atk":85,"def":85,"spa":85,"spd":85,"spe":85},"ivs":{"hp":31,"atk":31,"def":31,"spa":31,"spd":31,"spe":31},"item":"Choice Band","level":81,"shiny":false}],"log":["|player|p1|Fluffy Poop|124","|player|p2|Zera Blanco|170","|gametype|singles","|gen|6","|tier|Random Battle","|rated","|rule|Sleep Clause Mod: Limit one foe put to sleep","|rule|HP Percentage Mod: HP is shown in percentages","|","|start","|switch|p1a: Clawitzer|Clawitzer, L79, M|242/242","|switch|p2a: Floatzel|Floatzel, L83, M|277/277","|turn|1","|","|move|p2a: Floatzel|Taunt|p1a: Clawitzer","|-start|p1a: Clawitzer|move: Taunt","|move|p1a: Clawitzer|U-turn|p2a: Floatzel","|-damage|p2a: Floatzel|224/277","|","|switch|p1a: Raichu|Raichu, L83, M|235/235","|","|turn|2","|","|switch|p2a: Claydol|Claydol, L81|230/230","|move|p1a: Raichu|Volt Switch|p2a: Claydol","|-immune|p2a: Claydol|[msg]","|","|turn|3","|","|move|p1a: Raichu|Hidden Power|p2a: Claydol","|-supereffective|p2a: Claydol","|-damage|p2a: Claydol|147/230","|-damage|p1a: Raichu|212/235|[from] item: Life Orb","|move|p2a: Claydol|Toxic|p1a: Raichu|[miss]","|-miss|p2a: Claydol|p1a: Raichu","|","|-heal|p2a: Claydol|161/230|[from] item: Leftovers","|turn|4","|","|move|p1a: Raichu|Hidden Power|p2a: Claydol","|-supereffective|p2a: Claydol","|-damage|p2a: Claydol|73/230","|-damage|p1a: Raichu|189/235|[from] item: Life Orb","|move|p2a: Claydol|Earthquake|p1a: Raichu","|-supereffective|p1a: Raichu","|-damage|p1a: Raichu|0 fnt","|faint|p1a: Raichu","|","|-heal|p2a: Claydol|87/230|[from] item: Leftovers","|","|switch|p1a: Darkrai|Darkrai, L73|223/223","|turn|5","|","|move|p1a: Darkrai|Dark Pulse|p2a: Claydol","|-supereffective|p2a: Claydol","|-damage|p2a: Claydol|0 fnt","|faint|p2a: Claydol","|","|","|switch|p2a: Floatzel|Floatzel, L83, M|224/277","|turn|6","|","|switch|p1a: Grumpig|Grumpig, L83, F|268/268","|move|p2a: Floatzel|Taunt|p1a: Grumpig","|-start|p1a: Grumpig|move: Taunt","|","|turn|7","|","|move|p2a: Floatzel|Ice Punch|p1a: Grumpig","|-damage|p1a: Grumpig|224/268","|-damage|p2a: Floatzel|197/277|[from] item: Life Orb","|move|p1a: Grumpig|Psychic|p2a: Floatzel","|-damage|p2a: Floatzel|62/277","|","|turn|8","|","|move|p2a: Floatzel|Ice Punch|p1a: Grumpig","|-damage|p1a: Grumpig|179/268","|-damage|p2a: Floatzel|35/277|[from] item: Life Orb","|move|p1a: Grumpig|Psychic|p2a: Floatzel","|-damage|p2a: Floatzel|0 fnt","|faint|p2a: Floatzel","|","|-end|p1a: Grumpig|move: Taunt","|","|switch|p2a: Talonflame|Talonflame, L75, M|241/241","|turn|9","|","|switch|p1a: Clawitzer|Clawitzer, L79, M|242/242","|move|p2a: Talonflame|Brave Bird|p1a: Clawitzer","|-damage|p1a: Clawitzer|149/242","|-damage|p2a: Talonflame|210/241|[from] recoil|[of] p1a: Clawitzer","|","|-heal|p2a: Talonflame|225/241|[from] item: Leftovers","|turn|10","|","|move|p2a: Talonflame|Brave Bird|p1a: Clawitzer","|-crit|p1a: Clawitzer","|-damage|p1a: Clawitzer|0 fnt","|-damage|p2a: Talonflame|176/241|[from] recoil|[of] p1a: Clawitzer","|faint|p1a: Clawitzer","|","|-heal|p2a: Talonflame|191/241|[from] item: Leftovers","|","|switch|p1a: Darkrai|Darkrai, L73|223/223","|turn|11","|","|move|p2a: Talonflame|U-turn|p1a: Darkrai","|-supereffective|p1a: Darkrai","|-damage|p1a: Darkrai|149/223","|","|switch|p2a: Muk|Muk, L81, M|303/303","|move|p1a: Darkrai|Dark Void|p2a: Muk","|-miss|p1a: Darkrai|p2a: Muk","|","|-heal|p1a: Darkrai|162/223|[from] item: Leftovers","|turn|12","|","|switch|p1a: Moltres|Moltres, L78|268/268","|move|p2a: Muk|Gunk Shot|p1a: Moltres","|-damage|p1a: Moltres|69/268","|","|-heal|p1a: Moltres|85/268|[from] item: Leftovers","|turn|13","|","|move|p1a: Moltres|Hurricane|p2a: Muk|[miss]","|-miss|p1a: Moltres|p2a: Muk","|move|p2a: Muk|Gunk Shot|p1a: Moltres","|-damage|p1a: Moltres|0 fnt","|faint|p1a: Moltres","|","|","|switch|p1a: Darkrai|Darkrai, L73|162/223","|turn|14","|","|move|p1a: Darkrai|Dark Void|p2a: Muk","|-miss|p1a: Darkrai|p2a: Muk","|move|p2a: Muk|Gunk Shot|p1a: Darkrai|[miss]","|-miss|p2a: Muk|p1a: Darkrai","|","|-heal|p1a: Darkrai|175/223|[from] item: Leftovers","|turn|15","|","|switch|p1a: Grumpig|Grumpig, L83, F|179/268","|move|p2a: Muk|Gunk Shot|p1a: Grumpig","|-damage|p1a: Grumpig|0 fnt","|faint|p1a: Grumpig","|","|","|switch|p1a: Granbull|Granbull, L81, M|278/278","|-ability|p1a: Granbull|Intimidate","|-unboost|p2a: Muk|atk|1","|turn|16","|","|move|p2a: Muk|Gunk Shot|p1a: Granbull|[miss]","|-miss|p2a: Muk|p1a: Granbull","|move|p1a: Granbull|Play Rough|p2a: Muk","|-resisted|p2a: Muk","|-damage|p2a: Muk|230/303","|-damage|p1a: Granbull|251/278|[from] item: Life Orb","|","|turn|17","|","|move|p2a: Muk|Gunk Shot|p1a: Granbull","|-supereffective|p1a: Granbull","|-damage|p1a: Granbull|0 fnt","|faint|p1a: Granbull","|","|","|switch|p1a: Darkrai|Darkrai, L73|175/223","|turn|18","|","|move|p1a: Darkrai|Dark Pulse|p2a: Muk","|-damage|p2a: Muk|154/303","|move|p2a: Muk|Gunk Shot|p1a: Darkrai","|-damage|p1a: Darkrai|31/223","|","|-heal|p1a: Darkrai|44/223|[from] item: Leftovers","|turn|19","|","|move|p1a: Darkrai|Dark Void|p2a: Muk","|-status|p2a: Muk|slp","|cant|p2a: Muk|slp","|","|-heal|p1a: Darkrai|57/223|[from] item: Leftovers","|-damage|p2a: Muk|117/303 slp|[from] ability: Bad Dreams","|turn|20","|","|switch|p2a: Talonflame|Talonflame, L75, M|191/241","|move|p1a: Darkrai|Dark Pulse|p2a: Talonflame","|-crit|p2a: Talonflame","|-damage|p2a: Talonflame|14/241","|","|-heal|p2a: Talonflame|29/241|[from] item: Leftovers","|-heal|p1a: Darkrai|70/223|[from] item: Leftovers","|turn|21","|","|move|p2a: Talonflame|Brave Bird|p1a: Darkrai","|-damage|p1a: Darkrai|0 fnt","|-damage|p2a: Talonflame|6/241|[from] recoil|[of] p1a: Darkrai","|faint|p1a: Darkrai","|","|win|Zera Blanco"],"p1rating":{"entryid":"7694611","serverid":"eos","formatid":"randombattle","userid":"fluffypoop","username":"Fluffy Poop","w":"1","l":3,"t":"0","gxe":40.9,"r":"1500","rd":"130","sigma":"0","rptime":"1439802000","rpr":1427.4855446994,"rprd":106.77125488749,"rpsigma":"0","acre":1024,"lacre":1024,"oldacre":"1040"},"p2rating":{"entryid":"7209163","serverid":"eos","formatid":"randombattle","userid":"zerablanco","username":"Zera Blanco","w":2,"l":"0","t":"0","gxe":59.2,"r":1540.1606143388,"rd":126.43553569086,"sigma":"0","rptime":1439802000,"rpr":1574.3419407214,"rprd":119.9055349831,"rpsigma":"0","acre":1074,"lacre":1074,"oldacre":"1040"},"endType":"normal"}