{"seed":[59985,28028,8529,13624],"turns":22,"p1":"GTX♅bookman","p2":"Fluffy Poop","p1team":[{"name":"Jumpluff","moves":["substitute","sleeppowder","leechseed","acrobatics"],"ability":"Infiltrator","evs":{"hp":81,"atk":89,"def":85,"spa":85,"spd":85,"spe":85},"ivs":{"hp":31,"atk":31,"def":31,"spa":31,"spd":31,"spe":31},"item":"Flying Gem","level":83,"shiny":false},{"name":"Unfezant","moves":["return","pluck","roost","nightslash"],"ability":"Super Luck","evs":{"hp":81,"atk":89,"def":85,"spa":85,"spd":85,"spe":85},"ivs":{"hp":31,"atk":31,"def":31,"spa":31,"spd":31,"spe":31},"item":"Scope Lens","level":83,"shiny":false},{"name":"Tyrantrum","moves":["dragonclaw","stoneedge","dragondance","earthquake"],"ability":"Strong Jaw","evs":{"hp":85,"atk":85,"def":85,"spa":85,"spd":85,"spe":85},"ivs":{"hp":31,"atk":31,"def":31,"spa":31,"spd":31,"spe":31},"item":"Life Orb","level":79,"shiny":false},{"name":"Tangrowth","moves":["gigadrain","synthesis","earthquake","hiddenpowerfire"],"ability":"Regenerator","evs":{"hp":85,"atk":85,"def":85,"spa":85,"spd":85,"spe":85},"ivs":{"hp":31,"atk":30,"def":31,"spa":30,"spd":31,"spe":30},"item":"Life Orb","level":79,"shiny":false},{"name":"Garchomp","moves":["earthquake","outrage","fireblast","dracometeor"],"ability":"Rough Skin","evs":{"hp":85,"atk":85,"def":85,"spa":85,"spd":85,"spe":85},"ivs":{"hp":31,"atk":31,"def":31,"spa":31,"spd":31,"spe":31},"item":"Garchompite","level":75,"shiny":false},{"name":"Aerodactyl","moves":["doubleedge","earthquake","stoneedge","stealthrock"],"ability":"Rock Head","evs":{"hp":81,"atk":89,"def":85,"spa":85,"spd":85,"spe":85},"ivs":{"hp":31,"atk":31,"def":31,"spa":31,"spd":31,"spe":31},"item":"Life Orb","level":79,"shiny":false}],"p2team":[{"name":"Kricketune","moves":["endeavor","xscissor","toxic","stickyweb"],"ability":"Swarm","evs":{"hp":85,"atk":85,"def":85,"spa":85,"spd":85,"spe":85},"ivs":{"hp":31,"atk":31,"def":31,"spa":31,"spd":31,"spe":31},"item":"Focus Sash","level":83,"shiny":false},{"name":"Snorlax","moves":["crunch","bodyslam","pursuit","firepunch"],"ability":"Thick Fat","evs":{"hp":85,"atk":85,"def":85,"spa":85,"spd":85,"spe":85},"ivs":{"hp":31,"atk":31,"def":31,"spa":31,"spd":31,"spe":31},"item":"Life Orb","level":77,"shiny":false},{"name":"Nidoking","moves":["substitute","superpower","sludgewave","icebeam"],"ability":"Sheer Force","evs":{"hp":85,"atk":85,"def":85,"spa":85,"spd":85,"spe":85},"ivs":{"hp":31,"atk":31,"def":31,"spa":31,"spd":31,"spe":31},"item":"Life Orb","level":77,"shiny":false},{"name":"Conkeldurr","moves":["bulkup","knockoff","icepunch","machpunch"],"ability":"Sheer Force","evs":{"hp":85,"atk":85,"def":85,"spa":85,"spd":85,"spe":85},"ivs":{"hp":31,"atk":31,"def":31,"spa":31,"spd":31,"spe":31},"item":"Life Orb","level":75,"shiny":false},{"name":"Shiftry","moves":["lowkick","swordsdance","leafblade","suckerpunch"],"ability":"Early Bird","evs":{"hp":85,"atk":85,"def":85,"spa":85,"spd":85,"spe":85},"ivs":{"hp":31,"atk":31,"def":31,"spa":31,"spd":31,"spe":31},"item":"Life Orb","level":81,"shiny":false},{"name":"Aurorus","moves":["hypervoice","earthpower","encore","freezedry"],"ability":"Refrigerate","evs":{"hp":81,"atk":85,"def":85,"spa":89,"spd":85,"spe":85},"ivs":{"hp":31,"atk":31,"def":31,"spa":31,"spd":31,"spe":31},"item":"Leftovers","level":81,"shiny":false}],"log":["|player|p1|GTX♅bookman|151","|player|p2|Fluffy Poop|124","|gametype|singles","|gen|6","|tier|Random Battle","|rated","|rule|Sleep Clause Mod: Limit one foe put to sleep","|rule|HP Percentage Mod: HP is shown in percentages","|","|start","|switch|p1a: Jumpluff|Jumpluff, L83, F|259/259","|switch|p2a: Kricketune|Kricketune, L83, M|263/263","|turn|1","|","|move|p1a: Jumpluff|Leech Seed|p2a: Kricketune","|-start|p2a: Kricketune|move: Leech Seed","|move|p2a: Kricketune|Sticky Web|p1a: Jumpluff","|-sidestart|p1: GTX♅bookman|move: Sticky Web","|","|-damage|p2a: Kricketune|231/263|[from] Leech Seed|[of] p1a: Jumpluff","|turn|2","|","|move|p1a: Jumpluff|Sleep Powder|p2a: Kricketune","|-status|p2a: Kricketune|slp","|cant|p2a: Kricketune|slp","|","|-damage|p2a: Kricketune|199/263 slp|[from] Leech Seed|[of] p1a: Jumpluff","|turn|3","|","|switch|p2a: Aurorus|Aurorus, L81, M|331/331","|move|p1a: Jumpluff|Acrobatics|p2a: Aurorus","|-enditem|p1a: Jumpluff|Flying Gem|[from] gem|[move] Acrobatics","|-resisted|p2a: Aurorus","|-damage|p2a: Aurorus|274/331","|","|-heal|p2a: Aurorus|294/331|[from] item: Leftovers","|turn|4","|","|move|p1a: Jumpluff|Leech Seed|p2a: Aurorus","|-start|p2a: Aurorus|move: Leech Seed","|move|p2a: Aurorus|Freeze-Dry|p1a: Jumpluff","|-supereffective|p1a: Jumpluff","|-damage|p1a: Jumpluff|0 fnt","|faint|p1a: Jumpluff","|","|-heal|p2a: Aurorus|314/331|[from] item: Leftovers","|","|switch|p1a: Unfezant|Unfezant, L83, M|268/268","|turn|5","|","|move|p1a: Unfezant|Night Slash|p2a: Aurorus","|-crit|p2a: Aurorus","|-damage|p2a: Aurorus|205/331","|move|p2a: Aurorus|Freeze-Dry|p1a: Unfezant","|-supereffective|p1a: Unfezant","|-damage|p1a: Unfezant|62/268","|","|-heal|p2a: Aurorus|225/331|[from] item: Leftovers","|-damage|p2a: Aurorus|184/331|[from] Leech Seed|[of] p1a: Unfezant","|-heal|p1a: Unfezant|103/268|[silent]","|turn|6","|","|move|p1a: Unfezant|Night Slash|p2a: Aurorus","|-crit|p2a: Aurorus","|-damage|p2a: Aurorus|83/331","|move|p2a: Aurorus|Freeze-Dry|p1a: Unfezant","|-supereffective|p1a: Unfezant","|-damage|p1a: Unfezant|0 fnt","|faint|p1a: Unfezant","|","|-heal|p2a: Aurorus|103/331|[from] item: Leftovers","|","|switch|p1a: Aerodactyl|Aerodactyl, L79, F|255/255","|turn|7","|","|move|p1a: Aerodactyl|Stone Edge|p2a: Aurorus","|-supereffective|p2a: Aurorus","|-damage|p2a: Aurorus|0 fnt","|-damage|p1a: Aerodactyl|230/255|[from] item: Life Orb","|faint|p2a: Aurorus","|","|","|switch|p2a: Nidoking|Nidoking, L77, M|251/251","|turn|8","|","|move|p1a: Aerodactyl|Earthquake|p2a: Nidoking","|-crit|p2a: Nidoking","|-supereffective|p2a: Nidoking","|-damage|p2a: Nidoking|0 fnt","|-damage|p1a: Aerodactyl|205/255|[from] item: Life Orb","|faint|p2a: Nidoking","|","|","|switch|p2a: Snorlax|Snorlax, L77, M|373/373","|turn|9","|","|move|p1a: Aerodactyl|Earthquake|p2a: Snorlax","|-damage|p2a: Snorlax|247/373","|-damage|p1a: Aerodactyl|180/255|[from] item: Life Orb","|move|p2a: Snorlax|Body Slam|p1a: Aerodactyl","|-resisted|p1a: Aerodactyl","|-damage|p1a: Aerodactyl|114/255","|-status|p1a: Aerodactyl|par","|-damage|p2a: Snorlax|210/373|[from] item: Life Orb","|","|turn|10","|","|move|p2a: Snorlax|Pursuit|p1a: Aerodactyl","|-damage|p1a: Aerodactyl|71/255 par","|-damage|p2a: Snorlax|173/373|[from] item: Life Orb","|cant|p1a: Aerodactyl|par","|","|turn|11","|","|switch|p2a: Conkeldurr|Conkeldurr, L75, M|281/281","|move|p1a: Aerodactyl|Stealth Rock|p2a: Conkeldurr","|-sidestart|p2: Fluffy Poop|move: Stealth Rock","|","|turn|12","|","|move|p2a: Conkeldurr|Ice Punch|p1a: Aerodactyl","|-supereffective|p1a: Aerodactyl","|-damage|p1a: Aerodactyl|0 fnt","|faint|p1a: Aerodactyl","|","|","|switch|p1a: Tangrowth|Tangrowth, L79, M|288/288","|-activate|p1a: Tangrowth|move: Sticky Web","|-unboost|p1a: Tangrowth|spe|1","|turn|13","|","|move|p2a: Conkeldurr|Ice Punch|p1a: Tangrowth","|-supereffective|p1a: Tangrowth","|-damage|p1a: Tangrowth|132/288","|move|p1a: Tangrowth|Giga Drain|p2a: Conkeldurr","|-damage|p2a: Conkeldurr|141/281","|-heal|p1a: Tangrowth|202/288|[from] drain|[of] p2a: Conkeldurr","|-damage|p1a: Tangrowth|174/288|[from] item: Life Orb","|","|turn|14","|","|switch|p2a: Kricketune|Kricketune, L83, M|199/263 slp","|-damage|p2a: Kricketune|134/263 slp|[from] Stealth Rock","|move|p1a: Tangrowth|Giga Drain|p2a: Kricketune","|-resisted|p2a: Kricketune","|-damage|p2a: Kricketune|52/263 slp","|-heal|p1a: Tangrowth|215/288|[from] drain|[of] p2a: Kricketune","|-damage|p1a: Tangrowth|187/288|[from] item: Life Orb","|","|turn|15","|","|-curestatus|p2a: Kricketune|slp","|move|p2a: Kricketune|Sticky Web|p1a: Tangrowth","|-fail|p1a: Tangrowth","|move|p1a: Tangrowth|Giga Drain|p2a: Kricketune","|-resisted|p2a: Kricketune","|-damage|p2a: Kricketune|0 fnt","|-heal|p1a: Tangrowth|213/288|[from] drain|[of] p2a: Kricketune","|-damage|p1a: Tangrowth|185/288|[from] item: Life Orb","|faint|p2a: Kricketune","|","|","|switch|p2a: Conkeldurr|Conkeldurr, L75, M|141/281","|-damage|p2a: Conkeldurr|124/281|[from] Stealth Rock","|turn|16","|","|switch|p2a: Shiftry|Shiftry, L81, F|278/278","|-damage|p2a: Shiftry|244/278|[from] Stealth Rock","|move|p1a: Tangrowth|Giga Drain|p2a: Shiftry","|-resisted|p2a: Shiftry","|-damage|p2a: Shiftry|180/278","|-heal|p1a: Tangrowth|217/288|[from] drain|[of] p2a: Shiftry","|-damage|p1a: Tangrowth|189/288|[from] item: Life Orb","|","|turn|17","|","|move|p2a: Shiftry|Swords Dance|p2a: Shiftry","|-boost|p2a: Shiftry|atk|2","|move|p1a: Tangrowth|Hidden Power|p2a: Shiftry","|-supereffective|p2a: Shiftry","|-damage|p2a: Shiftry|37/278","|-damage|p1a: Tangrowth|161/288|[from] item: Life Orb","|","|turn|18","|","|move|p2a: Shiftry|Sucker Punch|p1a: Tangrowth","|-damage|p1a: Tangrowth|0 fnt","|-damage|p2a: Shiftry|10/278|[from] item: Life Orb","|faint|p1a: Tangrowth","|","|","|switch|p1a: Tyrantrum|Tyrantrum, L79, M|259/259","|-activate|p1a: Tyrantrum|move: Sticky Web","|-unboost|p1a: Tyrantrum|spe|1","|turn|19","|","|move|p2a: Shiftry|Leaf Blade|p1a: Tyrantrum","|-damage|p1a: Tyrantrum|67/259","|-damage|p2a: Shiftry|0 fnt|[from] item: Life Orb","|faint|p2a: Shiftry","|move|p1a: Tyrantrum|Dragon Claw|p2: Shiftry|[notarget]","|-notarget","|","|","|switch|p2a: Conkeldurr|Conkeldurr, L75, M|124/281","|-damage|p2a: Conkeldurr|107/281|[from] Stealth Rock","|turn|20","|","|move|p2a: Conkeldurr|Ice Punch|p1a: Tyrantrum","|-supereffective|p1a: Tyrantrum","|-damage|p1a: Tyrantrum|0 fnt","|faint|p1a: Tyrantrum","|","|","|switch|p1a: Garchomp|Garchomp, L75, F|286/286","|-activate|p1a: Garchomp|move: Sticky Web","|-unboost|p1a: Garchomp|spe|1","|turn|21","|","|detailschange|p1a: Garchomp|Garchomp-Mega, L75, F","|-mega|p1a: Garchomp|Garchomp|Garchompite","|move|p1a: Garchomp|Draco Meteor|p2a: Conkeldurr","|-damage|p2a: Conkeldurr|0 fnt","|-unboost|p1a: Garchomp|spa|2","|faint|p2a: Conkeldurr","|","|","|switch|p2a: Snorlax|Snorlax, L77, M|173/373","|-damage|p2a: Snorlax|127/373|[from] Stealth Rock","|turn|22","|","|move|p1a: Garchomp|Outrage|p2a: Snorlax","|-damage|p2a: Snorlax|0 fnt","|faint|p2a: Snorlax","|","|win|GTX♅bookman"],"p1rating":{"entryid":"6888133","serverid":"eos","formatid":"randombattle","userid":"gtxbookman","username":"Gtx Bookman","w":18,"l":"34","t":"0","gxe":37.1,"r":1390.1921165797,"rd":52.356441116324,"sigma":"0","rptime":1439802000,"rpr":1399.3936351708,"rprd":51.895607519153,"rpsigma":"0","acre":1065.2722979294,"lacre":1065.2722979294,"oldacre":"1033.7081673424"},"p2rating":{"entryid":"7694611","serverid":"eos","formatid":"randombattle","userid":"fluffypoop","username":"Fluffy Poop","w":"0","l":2,"t":"0","gxe":39.3,"r":"1500","rd":"130","sigma":"0","rptime":"1439802000","rpr":1413.5284698256,"rprd":116.59465040779,"rpsigma":"0","acre":1000,"lacre":1000,"oldacre":"1000"},"endType":"normal"}