{"seed":[4678,38045,57237,13284],"turns":19,"p1":"Apex✦Blasmery","p2":"Fluffy Poop","p1team":[{"name":"Infernape","moves":["fireblast","nastyplot","grassknot","hiddenpowerice"],"ability":"Blaze","evs":{"hp":85,"atk":85,"def":85,"spa":85,"spd":85,"spe":85},"ivs":{"hp":31,"atk":30,"def":30,"spa":31,"spd":31,"spe":31},"item":"Life Orb","level":77,"shiny":false},{"name":"Armaldo","moves":["swordsdance","stoneedge","xscissor","knockoff"],"ability":"Swift Swim","evs":{"hp":81,"atk":89,"def":85,"spa":85,"spd":85,"spe":85},"ivs":{"hp":31,"atk":31,"def":31,"spa":31,"spd":31,"spe":31},"item":"Life Orb","level":83,"shiny":false},{"name":"Kyurem","moves":["dracometeor","focusblast","roost","outrage"],"ability":"Pressure","evs":{"hp":85,"atk":85,"def":85,"spa":85,"spd":85,"spe":85},"ivs":{"hp":31,"atk":31,"def":31,"spa":31,"spd":31,"spe":31},"item":"Leftovers","level":78,"shiny":false},{"name":"Spinda","moves":["return","trickroom","superpower","suckerpunch"],"ability":"Contrary","evs":{"hp":170,"atk":85,"def":85,"spa":85,"spd":85,"spe":0},"ivs":{"hp":31,"atk":31,"def":31,"spa":31,"spd":31,"spe":0},"item":"Life Orb","level":83,"shiny":false},{"name":"Staraptor","moves":["quickattack","bravebird","roost","doubleedge"],"ability":"Intimidate","evs":{"hp":85,"atk":85,"def":85,"spa":85,"spd":85,"spe":85},"ivs":{"hp":31,"atk":31,"def":31,"spa":31,"spd":31,"spe":31},"item":"Life Orb","level":76,"shiny":false},{"name":"Florges","moves":["synthesis","moonblast","protect","toxic"],"ability":"Symbiosis","evs":{"hp":85,"atk":85,"def":85,"spa":85,"spd":85,"spe":85},"ivs":{"hp":31,"atk":31,"def":31,"spa":31,"spd":31,"spe":31},"item":"Leftovers","level":77,"shiny":false}],"p2team":[{"name":"Zoroark","moves":["flamethrower","darkpulse","nastyplot","suckerpunch"],"ability":"Illusion","evs":{"hp":85,"atk":85,"def":85,"spa":85,"spd":85,"spe":85},"ivs":{"hp":31,"atk":31,"def":31,"spa":31,"spd":31,"spe":31},"item":"Life Orb","level":78,"shiny":false},{"name":"Druddigon","moves":["substitute","stealthrock","firepunch","dragonclaw"],"ability":"Sheer Force","evs":{"hp":85,"atk":85,"def":85,"spa":85,"spd":85,"spe":85},"ivs":{"hp":31,"atk":31,"def":31,"spa":31,"spd":31,"spe":31},"item":"Life Orb","level":79,"shiny":false},{"name":"Sharpedo","moves":["waterfall","protect","icefang","zenheadbutt"],"ability":"Speed Boost","evs":{"hp":85,"atk":85,"def":85,"spa":85,"spd":85,"spe":85},"ivs":{"hp":31,"atk":31,"def":31,"spa":31,"spd":31,"spe":31},"item":"Sharpedonite","level":77,"shiny":false},{"name":"Milotic","moves":["icebeam","toxic","recover","scald"],"ability":"Competitive","evs":{"hp":85,"atk":85,"def":85,"spa":85,"spd":85,"spe":85},"ivs":{"hp":31,"atk":31,"def":31,"spa":31,"spd":31,"spe":31},"item":"Leftovers","level":77,"shiny":false},{"name":"Jolteon","moves":["voltswitch","hiddenpowerice","signalbeam","thunderbolt"],"ability":"Volt Absorb","evs":{"hp":85,"atk":85,"def":85,"spa":85,"spd":85,"spe":85},"ivs":{"hp":31,"atk":30,"def":30,"spa":31,"spd":31,"spe":31},"item":"Choice Specs","level":79,"shiny":false},{"name":"Terrakion","moves":["swordsdance","earthquake","stoneedge","closecombat"],"ability":"Justified","evs":{"hp":85,"atk":85,"def":85,"spa":85,"spd":85,"spe":85},"ivs":{"hp":31,"atk":31,"def":31,"spa":31,"spd":31,"spe":31},"item":"Life Orb","level":76,"shiny":false}],"log":["|player|p1|Apex✦Blasmery|34","|player|p2|Fluffy Poop|84","|gametype|singles","|gen|6","|tier|Random Battle","|rated","|rule|Sleep Clause Mod: Limit one foe put to sleep","|rule|HP Percentage Mod: HP is shown in percentages","|","|start","|switch|p1a: Infernape|Infernape, L77, M|244/244","|switch|p2a: Terrakion|Terrakion, L76|222/222","|turn|1","|","|move|p2a: Terrakion|Sucker Punch|p1a: Infernape","|-fail|p2a: Terrakion","|move|p1a: Infernape|Nasty Plot|p1a: Infernape","|-boost|p1a: Infernape|spa|2","|","|turn|2","|","|switch|p2a: Milotic|Milotic, L77, M|273/273","|move|p1a: Infernape|Hidden Power|p2a: Milotic","|-resisted|p2a: Milotic","|-damage|p2a: Milotic|234/273","|-damage|p1a: Infernape|220/244|[from] item: Life Orb","|","|-heal|p2a: Milotic|251/273|[from] item: Leftovers","|turn|3","|","|move|p1a: Infernape|Grass Knot|p2a: Milotic","|-supereffective|p2a: Milotic","|-damage|p2a: Milotic|1/273","|-damage|p1a: Infernape|196/244|[from] item: Life Orb","|move|p2a: Milotic|Scald|p1a: Infernape","|-supereffective|p1a: Infernape","|-damage|p1a: Infernape|14/244","|","|-heal|p2a: Milotic|18/273|[from] item: Leftovers","|turn|4","|","|switch|p2a: Druddigon|Druddigon, L79, M|251/251","|move|p1a: Infernape|Grass Knot|p2a: Druddigon","|-resisted|p2a: Druddigon","|-damage|p2a: Druddigon|173/251","|-damage|p1a: Infernape|0 fnt|[from] item: Life Orb","|faint|p1a: Infernape","|","|","|switch|p1a: Florges|Florges, L77, F|247/247","|turn|5","|","|switch|p2a: Milotic|Milotic, L77, M|18/273","|move|p1a: Florges|Moonblast|p2a: Milotic","|-damage|p2a: Milotic|0 fnt","|faint|p2a: Milotic","|","|","|switch|p2a: Sharpedo|Sharpedo, L77, M|234/234","|turn|6","|","|detailschange|p2a: Sharpedo|Sharpedo-Mega, L77, M","|-mega|p2a: Sharpedo|Sharpedo|Sharpedonite","|move|p2a: Sharpedo|Protect|p2a: Sharpedo","|-singleturn|p2a: Sharpedo|Protect","|move|p1a: Florges|Moonblast|p2a: Sharpedo","|-activate|p2a: Sharpedo|Protect","|","|turn|7","|","|move|p2a: Sharpedo|Waterfall|p1a: Florges","|-damage|p1a: Florges|123/247","|move|p1a: Florges|Moonblast|p2a: Sharpedo","|-supereffective|p2a: Sharpedo","|-damage|p2a: Sharpedo|0 fnt","|faint|p2a: Sharpedo","|","|-heal|p1a: Florges|138/247|[from] item: Leftovers","|","|switch|p2a: Terrakion|Terrakion, L76|222/222","|turn|8","|","|move|p2a: Terrakion|Flamethrower|p1a: Florges","|-damage|p1a: Florges|76/247","|-damage|p2a: Terrakion|200/222|[from] item: Life Orb","|move|p1a: Florges|Moonblast|p2a: Terrakion","|-supereffective|p2a: Terrakion","|replace|p2a: Zoroark|Zoroark, L78, M|200/222","|-damage|p2a: Zoroark|0 fnt","|faint|p2a: Zoroark","|","|-heal|p1a: Florges|91/247|[from] item: Leftovers","|","|switch|p2a: Jolteon|Jolteon, L79, F|232/232","|turn|9","|","|move|p1a: Florges|Protect|p1a: Florges","|-singleturn|p1a: Florges|Protect","|move|p2a: Jolteon|Volt Switch|p1a: Florges","|-activate|p1a: Florges|Protect","|","|-heal|p1a: Florges|106/247|[from] item: Leftovers","|turn|10","|","|move|p2a: Jolteon|Volt Switch|p1a: Florges","|-crit|p1a: Florges","|-damage|p1a: Florges|0 fnt","|faint|p1a: Florges","|","|switch|p2a: Terrakion|Terrakion, L76|263/263","|","|","|switch|p1a: Spinda|Spinda, L83, F|253/253","|turn|11","|","|move|p2a: Terrakion|Close Combat|p1a: Spinda","|-supereffective|p1a: Spinda","|-damage|p1a: Spinda|0 fnt","|-unboost|p2a: Terrakion|def|1","|-unboost|p2a: Terrakion|spd|1","|-damage|p2a: Terrakion|237/263|[from] item: Life Orb","|faint|p1a: Spinda","|","|","|switch|p1a: Armaldo|Armaldo, L83, M|259/259","|turn|12","|","|move|p2a: Terrakion|Earthquake|p1a: Armaldo","|-damage|p1a: Armaldo|172/259","|-damage|p2a: Terrakion|211/263|[from] item: Life Orb","|move|p1a: Armaldo|Swords Dance|p1a: Armaldo","|-boost|p1a: Armaldo|atk|2","|","|turn|13","|","|switch|p2a: Druddigon|Druddigon, L79, M|173/251","|move|p1a: Armaldo|X-Scissor|p2a: Druddigon","|-damage|p2a: Druddigon|0 fnt","|-damage|p1a: Armaldo|147/259|[from] item: Life Orb","|faint|p2a: Druddigon","|","|","|switch|p2a: Terrakion|Terrakion, L76|211/263","|turn|14","|","|move|p2a: Terrakion|Earthquake|p1a: Armaldo","|-damage|p1a: Armaldo|60/259","|-damage|p2a: Terrakion|185/263|[from] item: Life Orb","|move|p1a: Armaldo|X-Scissor|p2a: Terrakion","|-resisted|p2a: Terrakion","|-damage|p2a: Terrakion|42/263","|-damage|p1a: Armaldo|35/259|[from] item: Life Orb","|","|turn|15","|","|move|p2a: Terrakion|Earthquake|p1a: Armaldo","|-damage|p1a: Armaldo|0 fnt","|-damage|p2a: Terrakion|16/263|[from] item: Life Orb","|faint|p1a: Armaldo","|","|","|switch|p1a: Staraptor|Staraptor, L76, M|254/254","|-ability|p1a: Staraptor|Intimidate","|-unboost|p2a: Terrakion|atk|1","|turn|16","|","|switch|p2a: Jolteon|Jolteon, L79, F|232/232","|move|p1a: Staraptor|Quick Attack|p2a: Jolteon","|-damage|p2a: Jolteon|157/232","|-damage|p1a: Staraptor|229/254|[from] item: Life Orb","|","|turn|17","|","|move|p2a: Jolteon|Thunderbolt|p1a: Staraptor","|-supereffective|p1a: Staraptor","|-damage|p1a: Staraptor|0 fnt","|faint|p1a: Staraptor","|","|","|switch|p1a: Kyurem|Kyurem, L78|323/323","|-ability|p1a: Kyurem|Pressure","|turn|18","|","|move|p2a: Jolteon|Thunderbolt|p1a: Kyurem","|-resisted|p1a: Kyurem","|-damage|p1a: Kyurem|247/323","|move|p1a: Kyurem|Outrage|p2a: Jolteon","|-damage|p2a: Jolteon|0 fnt","|faint|p2a: Jolteon","|","|-heal|p1a: Kyurem|267/323|[from] item: Leftovers","|","|switch|p2a: Terrakion|Terrakion, L76|16/263","|turn|19","|","|move|p2a: Terrakion|Close Combat|p1a: Kyurem","|-supereffective|p1a: Kyurem","|-damage|p1a: Kyurem|0 fnt","|-unboost|p2a: Terrakion|def|1","|-unboost|p2a: Terrakion|spd|1","|-damage|p2a: Terrakion|0 fnt|[from] item: Life Orb","|faint|p1a: Kyurem","|faint|p2a: Terrakion","|","|win|Fluffy Poop"],"p1rating":{"entryid":"7698491","serverid":"eos","formatid":"randombattle","userid":"apexblasmery","username":"Apex✦Blasmery","w":"0","l":2,"t":"0","gxe":41,"r":"1500","rd":"130","sigma":"0","rptime":"1439802000","rpr":1427.4328741711,"rprd":116.77753930647,"rpsigma":"0","acre":1000,"lacre":1000,"oldacre":"1000"},"p2rating":{"entryid":"7694611","serverid":"eos","formatid":"randombattle","userid":"fluffypoop","username":"Fluffy Poop","w":3,"l":"3","t":"0","gxe":48.7,"r":"1500","rd":"130","sigma":"0","rptime":"1439802000","rpr":1489.7963346291,"rprd":99.074571787461,"rpsigma":"0","acre":1084.0359376883,"lacre":1084.0359376883,"oldacre":"1057.8895688239"},"endType":"normal"}