{"seed":[33476,7656,53598,28404],"turns":20,"p1":"GTX♅bookman","p2":"Thirm","p1team":[{"name":"Ledian","moves":["lightscreen","knockoff","uturn","encore"],"ability":"Early Bird","evs":{"hp":85,"atk":85,"def":85,"spa":85,"spd":85,"spe":85},"ivs":{"hp":31,"atk":31,"def":31,"spa":31,"spd":31,"spe":31},"item":"Light Clay","level":83,"shiny":false},{"name":"Ursaring","moves":["crunch","closecombat","facade","swordsdance"],"ability":"Guts","evs":{"hp":85,"atk":85,"def":85,"spa":85,"spd":85,"spe":85},"ivs":{"hp":31,"atk":31,"def":31,"spa":31,"spd":31,"spe":31},"item":"Toxic Orb","level":83,"shiny":false},{"name":"Ludicolo","moves":["gigadrain","focusblast","hydropump","icebeam"],"ability":"Rain Dish","evs":{"hp":85,"atk":85,"def":85,"spa":85,"spd":85,"spe":85},"ivs":{"hp":31,"atk":31,"def":31,"spa":31,"spd":31,"spe":31},"item":"Choice Specs","level":81,"shiny":false},{"name":"Alakazam","moves":["shadowball","substitute","encore","focusblast"],"ability":"Magic Guard","evs":{"hp":85,"atk":85,"def":85,"spa":85,"spd":85,"spe":85},"ivs":{"hp":31,"atk":31,"def":31,"spa":31,"spd":31,"spe":31},"item":"Alakazite","level":75,"shiny":false},{"name":"Dragalge","moves":["toxicspikes","sludgewave","scald","hiddenpowerfire"],"ability":"Adaptability","evs":{"hp":85,"atk":85,"def":85,"spa":85,"spd":85,"spe":85},"ivs":{"hp":31,"atk":30,"def":31,"spa":30,"spd":31,"spe":30},"item":"Life Orb","level":77,"shiny":false},{"name":"Muk","moves":["memento","firepunch","gunkshot","shadowsneak"],"ability":"Sticky Hold","evs":{"hp":85,"atk":85,"def":85,"spa":85,"spd":85,"spe":85},"ivs":{"hp":31,"atk":31,"def":31,"spa":31,"spd":31,"spe":31},"item":"Life Orb","level":81,"shiny":false}],"p2team":[{"name":"Swanna","moves":["defog","hurricane","surf","raindance"],"ability":"Hydration","evs":{"hp":81,"atk":85,"def":85,"spa":89,"spd":85,"spe":85},"ivs":{"hp":31,"atk":31,"def":31,"spa":31,"spd":31,"spe":31},"item":"Damp Rock","level":83,"shiny":false},{"name":"Jumpluff","moves":["acrobatics","toxic","swordsdance","seedbomb"],"ability":"Infiltrator","evs":{"hp":81,"atk":89,"def":85,"spa":85,"spd":85,"spe":85},"ivs":{"hp":31,"atk":31,"def":31,"spa":31,"spd":31,"spe":31},"item":"Flying Gem","level":83,"shiny":false},{"name":"Gothitelle","moves":["calmmind","psyshock","substitute","shadowball"],"ability":"Shadow Tag","evs":{"hp":85,"atk":85,"def":85,"spa":85,"spd":85,"spe":85},"ivs":{"hp":31,"atk":31,"def":31,"spa":31,"spd":31,"spe":31},"item":"Leftovers","level":77,"shiny":false},{"name":"Steelix","moves":["earthquake","dragontail","heavyslam","stealthrock"],"ability":"Rock Head","evs":{"hp":85,"atk":85,"def":85,"spa":85,"spd":85,"spe":85},"ivs":{"hp":31,"atk":31,"def":31,"spa":31,"spd":31,"spe":31},"item":"Steelixite","level":79,"shiny":false},{"name":"Manectric","moves":["hiddenpowerice","thunderbolt","overheat","voltswitch"],"ability":"Lightning Rod","evs":{"hp":85,"atk":85,"def":85,"spa":85,"spd":85,"spe":85},"ivs":{"hp":31,"atk":30,"def":30,"spa":31,"spd":31,"spe":31},"item":"Choice Scarf","level":79,"shiny":false},{"name":"Volcarona","moves":["hiddenpowerground","fireblast","quiverdance","gigadrain"],"ability":"Flame Body","evs":{"hp":81,"atk":85,"def":85,"spa":89,"spd":85,"spe":85},"ivs":{"hp":31,"atk":31,"def":31,"spa":30,"spd":30,"spe":31},"item":"Life Orb","level":76,"shiny":false}],"log":["|player|p1|GTX♅bookman|151","|player|p2|Thirm|thirm.png","|gametype|singles","|gen|6","|tier|Random Battle","|rated","|rule|Sleep Clause Mod: Limit one foe put to sleep","|rule|HP Percentage Mod: HP is shown in percentages","|","|start","|switch|p1a: Ledian|Ledian, L83, F|227/227","|switch|p2a: Swanna|Swanna, L83, M|259/259","|turn|1","|","|move|p2a: Swanna|Hurricane|p1a: Ledian","|-supereffective|p1a: Ledian","|-damage|p1a: Ledian|53/227","|move|p1a: Ledian|Knock Off|p2a: Swanna","|-damage|p2a: Swanna|213/259","|-enditem|p2a: Swanna|Damp Rock|[from] move: Knock Off|[of] p1a: Ledian","|","|turn|2","|","|move|p2a: Swanna|Rain Dance|p2a: Swanna","|-weather|RainDance","|move|p1a: Ledian|U-turn|p2a: Swanna","|-resisted|p2a: Swanna","|-damage|p2a: Swanna|188/259","|","|switch|p1a: Muk|Muk, L81, M|303/303","|","|-weather|RainDance|[upkeep]","|turn|3","|","|move|p2a: Swanna|Hurricane|p1a: Muk","|-damage|p1a: Muk|209/303","|move|p1a: Muk|Fire Punch|p2a: Swanna","|-resisted|p2a: Swanna","|-damage|p2a: Swanna|165/259","|-status|p2a: Swanna|brn","|-damage|p1a: Muk|179/303|[from] item: Life Orb","|","|-weather|RainDance|[upkeep]","|-curestatus|p2a: Swanna|brn","|turn|4","|","|move|p2a: Swanna|Surf|p1a: Muk","|-damage|p1a: Muk|52/303","|move|p1a: Muk|Gunk Shot|p2a: Swanna|[miss]","|-miss|p1a: Muk|p2a: Swanna","|","|-weather|RainDance|[upkeep]","|turn|5","|","|move|p1a: Muk|Shadow Sneak|p2a: Swanna","|-damage|p2a: Swanna|121/259","|-damage|p1a: Muk|22/303|[from] item: Life Orb","|move|p2a: Swanna|Surf|p1a: Muk","|-damage|p1a: Muk|0 fnt","|faint|p1a: Muk","|","|-weather|RainDance|[upkeep]","|","|switch|p1a: Ludicolo|Ludicolo, L81, M|262/262","|turn|6","|","|move|p2a: Swanna|Hurricane|p1a: Ludicolo","|-supereffective|p1a: Ludicolo","|-damage|p1a: Ludicolo|62/262","|-start|p1a: Ludicolo|confusion","|-activate|p1a: Ludicolo|confusion","|-damage|p1a: Ludicolo|35/262|[from] confusion","|","|-weather|none","|turn|7","|","|move|p2a: Swanna|Hurricane|p1a: Ludicolo|[miss]","|-miss|p2a: Swanna|p1a: Ludicolo","|-activate|p1a: Ludicolo|confusion","|-damage|p1a: Ludicolo|9/262|[from] confusion","|","|turn|8","|","|move|p2a: Swanna|Hurricane|p1a: Ludicolo","|-supereffective|p1a: Ludicolo","|-damage|p1a: Ludicolo|0 fnt","|faint|p1a: Ludicolo","|","|","|switch|p1a: Alakazam|Alakazam, L75, F|206/206","|turn|9","|","|detailschange|p1a: Alakazam|Alakazam-Mega, L75, F","|-mega|p1a: Alakazam|Alakazam|Alakazite","|-ability|p1a: Alakazam|Hydration|[from] ability: Trace|[of] p2a: Swanna","|move|p1a: Alakazam|Shadow Ball|p2a: Swanna","|-damage|p2a: Swanna|22/259","|move|p2a: Swanna|Hurricane|p1a: Alakazam","|-damage|p1a: Alakazam|98/206","|","|turn|10","|","|switch|p2a: Steelix|Steelix, L79, F|248/248","|move|p1a: Alakazam|Focus Blast|p2a: Steelix","|-supereffective|p2a: Steelix","|-damage|p2a: Steelix|0 fnt","|faint|p2a: Steelix","|","|","|switch|p2a: Swanna|Swanna, L83, M|22/259","|turn|11","|","|move|p1a: Alakazam|Focus Blast|p2a: Swanna","|-resisted|p2a: Swanna","|-damage|p2a: Swanna|0 fnt","|faint|p2a: Swanna","|","|","|switch|p2a: Manectric|Manectric, L79, M|240/240","|turn|12","|","|move|p2a: Manectric|Volt Switch|p1a: Alakazam","|-damage|p1a: Alakazam|17/206","|","|switch|p2a: Jumpluff|Jumpluff, L83, M|259/259","|move|p1a: Alakazam|Focus Blast|p2a: Jumpluff","|-resisted|p2a: Jumpluff","|-damage|p2a: Jumpluff|204/259","|","|turn|13","|","|move|p1a: Alakazam|Shadow Ball|p2a: Jumpluff","|-damage|p2a: Jumpluff|135/259","|-unboost|p2a: Jumpluff|spd|1","|move|p2a: Jumpluff|Seed Bomb|p1a: Alakazam","|-damage|p1a: Alakazam|0 fnt","|faint|p1a: Alakazam","|","|","|switch|p1a: Dragalge|Dragalge, L77, M|227/227","|turn|14","|","|move|p2a: Jumpluff|Acrobatics|p1a: Dragalge","|-enditem|p2a: Jumpluff|Flying Gem|[from] gem|[move] Acrobatics","|-damage|p1a: Dragalge|116/227","|move|p1a: Dragalge|Sludge Wave|p2a: Jumpluff","|-crit|p2a: Jumpluff","|-supereffective|p2a: Jumpluff","|-damage|p2a: Jumpluff|0 fnt","|-damage|p1a: Dragalge|94/227|[from] item: Life Orb","|faint|p2a: Jumpluff","|","|","|switch|p2a: Gothitelle|Gothitelle, L77, F|234/234","|turn|15","|","|move|p2a: Gothitelle|Psyshock|p1a: Dragalge","|-supereffective|p1a: Dragalge","|-damage|p1a: Dragalge|0 fnt","|faint|p1a: Dragalge","|","|","|switch|p1a: Ledian|Ledian, L83, F|53/227","|turn|16","|","|move|p1a: Ledian|Knock Off|p2a: Gothitelle","|-supereffective|p2a: Gothitelle","|-damage|p2a: Gothitelle|156/234","|-enditem|p2a: Gothitelle|Leftovers|[from] move: Knock Off|[of] p1a: Ledian","|move|p2a: Gothitelle|Psyshock|p1a: Ledian","|-crit|p1a: Ledian","|-damage|p1a: Ledian|0 fnt","|faint|p1a: Ledian","|","|","|switch|p1a: Ursaring|Ursaring, L83, M|285/285","|turn|17","|","|move|p2a: Gothitelle|Psyshock|p1a: Ursaring","|-damage|p1a: Ursaring|212/285","|move|p1a: Ursaring|Close Combat|p2a: Gothitelle","|-resisted|p2a: Gothitelle","|-damage|p2a: Gothitelle|102/234","|-unboost|p1a: Ursaring|def|1","|-unboost|p1a: Ursaring|spd|1","|","|-status|p1a: Ursaring|tox|[from] item: Toxic Orb","|turn|18","|","|move|p2a: Gothitelle|Substitute|p2a: Gothitelle","|-start|p2a: Gothitelle|Substitute","|-damage|p2a: Gothitelle|44/234","|move|p1a: Ursaring|Close Combat|p2a: Gothitelle","|-crit|p2a: Gothitelle","|-resisted|p2a: Gothitelle","|-end|p2a: Gothitelle|Substitute","|-unboost|p1a: Ursaring|def|1","|-unboost|p1a: Ursaring|spd|1","|","|-damage|p1a: Ursaring|195/285 tox|[from] psn","|turn|19","|","|move|p2a: Gothitelle|Psyshock|p1a: Ursaring","|-damage|p1a: Ursaring|36/285 tox","|move|p1a: Ursaring|Close Combat|p2a: Gothitelle","|-resisted|p2a: Gothitelle","|-damage|p2a: Gothitelle|0 fnt","|-unboost|p1a: Ursaring|def|1","|-unboost|p1a: Ursaring|spd|1","|faint|p2a: Gothitelle","|","|-damage|p1a: Ursaring|2/285 tox|[from] psn","|","|switch|p2a: Manectric|Manectric, L79, M|240/240","|turn|20","|","|move|p2a: Manectric|Thunderbolt|p1a: Ursaring","|-damage|p1a: Ursaring|0 fnt","|faint|p1a: Ursaring","|","|win|Thirm"],"p1rating":{"entryid":"6888133","serverid":"eos","formatid":"randombattle","userid":"gtxbookman","username":"Gtx Bookman","w":"18","l":35,"t":"0","gxe":36.4,"r":"1390.1921165797","rd":"52.356441116324","sigma":"0","rptime":"1439802000","rpr":1394.19382138,"rprd":51.446732131022,"rpsigma":"0","acre":1041.8065054606,"lacre":1041.8065054606,"oldacre":"1065.2722979294"},"p2rating":{"entryid":"7697899","serverid":"eos","formatid":"randombattle","userid":"thirm","username":"Thirm","w":1,"l":"2","t":"0","gxe":44.8,"r":"1500","rd":"130","sigma":"0","rptime":"1439802000","rpr":1458.5937775808,"rprd":111.347761571,"rpsigma":"0","acre":1047.4275713586,"lacre":1047.4275713586,"oldacre":"1000"},"endType":"normal"}