{"seed":[25821,46422,43957,29988],"turns":18,"p1":"Apex✦Spike","p2":"GTX♅bookman","p1team":[{"name":"Skuntank","moves":["defog","fireblast","poisonjab","crunch"],"ability":"Aftermath","evs":{"hp":85,"atk":85,"def":85,"spa":85,"spd":85,"spe":85},"ivs":{"hp":31,"atk":31,"def":31,"spa":31,"spd":31,"spe":31},"item":"Life Orb","level":81,"shiny":false},{"name":"Crustle","moves":["shellsmash","earthquake","stoneedge","xscissor"],"ability":"Sturdy","evs":{"hp":85,"atk":85,"def":85,"spa":85,"spd":85,"spe":85},"ivs":{"hp":31,"atk":31,"def":31,"spa":31,"spd":31,"spe":31},"item":"White Herb","level":81,"shiny":false},{"name":"Gorebyss","moves":["substitute","batonpass","shellsmash","hydropump"],"ability":"Hydration","evs":{"hp":85,"atk":85,"def":85,"spa":85,"spd":85,"spe":85},"ivs":{"hp":31,"atk":31,"def":31,"spa":31,"spd":31,"spe":31},"item":"White Herb","level":81,"shiny":false},{"name":"Swanna","moves":["airslash","icebeam","defog","surf"],"ability":"Hydration","evs":{"hp":81,"atk":85,"def":85,"spa":89,"spd":85,"spe":85},"ivs":{"hp":31,"atk":31,"def":31,"spa":31,"spd":31,"spe":31},"item":"Life Orb","level":83,"shiny":false},{"name":"Reshiram","moves":["blueflare","dracometeor","toxic","roost"],"ability":"Turboblaze","evs":{"hp":85,"atk":85,"def":85,"spa":85,"spd":85,"spe":85},"ivs":{"hp":31,"atk":31,"def":31,"spa":31,"spd":31,"spe":31},"item":"Leftovers","level":73,"shiny":false},{"name":"Mawile","moves":["firefang","suckerpunch","substitute","playrough"],"ability":"Intimidate","evs":{"hp":85,"atk":85,"def":85,"spa":85,"spd":85,"spe":85},"ivs":{"hp":31,"atk":31,"def":31,"spa":31,"spd":31,"spe":31},"item":"Mawilite","level":74,"shiny":false}],"p2team":[{"name":"Samurott","moves":["swordsdance","aquajet","megahorn","superpower"],"ability":"Torrent","evs":{"hp":85,"atk":85,"def":85,"spa":85,"spd":85,"spe":85},"ivs":{"hp":31,"atk":31,"def":31,"spa":31,"spd":31,"spe":31},"item":"Life Orb","level":81,"shiny":false},{"name":"Salamence","moves":["doubleedge","roost","fireblast","earthquake"],"ability":"Intimidate","evs":{"hp":85,"atk":85,"def":85,"spa":85,"spd":85,"spe":85},"ivs":{"hp":31,"atk":31,"def":31,"spa":31,"spd":31,"spe":31},"item":"Salamencite","level":73,"shiny":false},{"name":"Klinklang","moves":["shiftgear","substitute","return","geargrind"],"ability":"Clear Body","evs":{"hp":85,"atk":85,"def":85,"spa":85,"spd":85,"spe":85},"ivs":{"hp":31,"atk":31,"def":31,"spa":31,"spd":31,"spe":31},"item":"Leftovers","level":81,"shiny":false},{"name":"Porygon2","moves":["icebeam","thunderbolt","toxic","triattack"],"ability":"Download","evs":{"hp":85,"atk":85,"def":85,"spa":85,"spd":85,"spe":85},"ivs":{"hp":31,"atk":31,"def":31,"spa":31,"spd":31,"spe":31},"item":"Eviolite","level":77,"shiny":false},{"name":"Giratina-Origin","moves":["willowisp","dracometeor","shadowsneak","defog"],"ability":"Levitate","evs":{"hp":85,"atk":85,"def":85,"spa":85,"spd":85,"spe":85},"ivs":{"hp":31,"atk":31,"def":31,"spa":31,"spd":31,"spe":31},"item":"Griseous Orb","level":73,"shiny":false},{"name":"Slowbro","moves":["slackoff","fireblast","thunderwave","scald"],"ability":"Regenerator","evs":{"hp":85,"atk":85,"def":85,"spa":85,"spd":85,"spe":85},"ivs":{"hp":31,"atk":31,"def":31,"spa":31,"spd":31,"spe":31},"item":"Leftovers","level":75,"shiny":false}],"log":["|player|p1|Apex✦Spike|15","|player|p2|GTX♅bookman|151","|gametype|singles","|gen|6","|tier|Random Battle","|rated","|rule|Sleep Clause Mod: Limit one foe put to sleep","|rule|HP Percentage Mod: HP is shown in percentages","|","|start","|switch|p1a: Skuntank|Skuntank, L81, F|299/299","|switch|p2a: Samurott|Samurott, L81, F|287/287","|turn|1","|","|move|p1a: Skuntank|Poison Jab|p2a: Samurott","|-damage|p2a: Samurott|173/287","|-damage|p1a: Skuntank|270/299|[from] item: Life Orb","|move|p2a: Samurott|Superpower|p1a: Skuntank","|-damage|p1a: Skuntank|132/299","|-unboost|p2a: Samurott|atk|1","|-unboost|p2a: Samurott|def|1","|-damage|p2a: Samurott|145/287|[from] item: Life Orb","|","|turn|2","|","|move|p1a: Skuntank|Poison Jab|p2a: Samurott","|-damage|p2a: Samurott|0 fnt","|-damage|p1a: Skuntank|103/299|[from] item: Life Orb","|faint|p2a: Samurott","|","|","|switch|p2a: Salamence|Salamence, L73, M|259/259","|-ability|p2a: Salamence|Intimidate","|-unboost|p1a: Skuntank|atk|1","|turn|3","|","|detailschange|p2a: Salamence|Salamence-Mega, L73, M","|-mega|p2a: Salamence|Salamence|Salamencite","|move|p2a: Salamence|Fire Blast|p1a: Skuntank","|-damage|p1a: Skuntank|0 fnt","|faint|p1a: Skuntank","|","|","|switch|p1a: Mawile|Mawile, L74, F|196/196","|-ability|p1a: Mawile|Intimidate","|-unboost|p2a: Salamence|atk|1","|turn|4","|","|detailschange|p1a: Mawile|Mawile-Mega, L74, F","|-mega|p1a: Mawile|Mawile|Mawilite","|move|p2a: Salamence|Fire Blast|p1a: Mawile","|-supereffective|p1a: Mawile","|-damage|p1a: Mawile|42/196","|move|p1a: Mawile|Play Rough|p2a: Salamence","|-supereffective|p2a: Salamence","|-damage|p2a: Salamence|5/259","|","|turn|5","|","|move|p1a: Mawile|Sucker Punch|p2a: Salamence","|-damage|p2a: Salamence|0 fnt","|faint|p2a: Salamence","|","|","|switch|p2a: Giratina-Origin|Giratina-Origin, L73|339/339","|turn|6","|","|move|p2a: Giratina-Origin|Shadow Sneak|p1a: Mawile","|-damage|p1a: Mawile|3/196","|move|p1a: Mawile|Play Rough|p2a: Giratina-Origin","|-supereffective|p2a: Giratina-Origin","|-damage|p2a: Giratina-Origin|37/339","|","|turn|7","|","|move|p2a: Giratina-Origin|Shadow Sneak|p1a: Mawile","|-damage|p1a: Mawile|0 fnt","|faint|p1a: Mawile","|","|","|switch|p1a: Swanna|Swanna, L83, M|259/259","|turn|8","|","|move|p1a: Swanna|Ice Beam|p2a: Giratina-Origin","|-supereffective|p2a: Giratina-Origin","|-damage|p2a: Giratina-Origin|0 fnt","|-damage|p1a: Swanna|234/259|[from] item: Life Orb","|faint|p2a: Giratina-Origin","|","|","|switch|p2a: Klinklang|Klinklang, L81|230/230","|turn|9","|","|switch|p1a: Reshiram|Reshiram, L73|266/266","|-ability|p1a: Reshiram|Turboblaze","|move|p2a: Klinklang|Return|p1a: Reshiram","|-damage|p1a: Reshiram|199/266","|","|-heal|p1a: Reshiram|215/266|[from] item: Leftovers","|turn|10","|","|move|p2a: Klinklang|Return|p1a: Reshiram","|-damage|p1a: Reshiram|146/266","|move|p1a: Reshiram|Blue Flare|p2a: Klinklang","|-supereffective|p2a: Klinklang","|-damage|p2a: Klinklang|0 fnt","|faint|p2a: Klinklang","|","|-heal|p1a: Reshiram|162/266|[from] item: Leftovers","|","|switch|p2a: Porygon2|Porygon2, L77|257/257","|-boost|p2a: Porygon2|atk|1|[from] ability: Download","|turn|11","|","|move|p1a: Reshiram|Toxic|p2a: Porygon2","|-status|p2a: Porygon2|tox","|move|p2a: Porygon2|Tri Attack|p1a: Reshiram","|-damage|p1a: Reshiram|89/266","|","|-heal|p1a: Reshiram|105/266|[from] item: Leftovers","|-damage|p2a: Porygon2|241/257 tox|[from] psn","|turn|12","|","|move|p1a: Reshiram|Roost|p1a: Reshiram","|-heal|p1a: Reshiram|238/266","|move|p2a: Porygon2|Toxic|p1a: Reshiram|[miss]","|-miss|p2a: Porygon2|p1a: Reshiram","|","|-heal|p1a: Reshiram|254/266|[from] item: Leftovers","|-damage|p2a: Porygon2|209/257 tox|[from] psn","|turn|13","|","|move|p1a: Reshiram|Draco Meteor|p2a: Porygon2","|-damage|p2a: Porygon2|98/257 tox","|-unboost|p1a: Reshiram|spa|2","|move|p2a: Porygon2|Ice Beam|p1a: Reshiram","|-damage|p1a: Reshiram|205/266","|-status|p1a: Reshiram|frz","|","|-heal|p1a: Reshiram|221/266 frz|[from] item: Leftovers","|-damage|p2a: Porygon2|50/257 tox|[from] psn","|turn|14","|","|-curestatus|p1a: Reshiram|frz","|move|p1a: Reshiram|Roost|p1a: Reshiram","|-heal|p1a: Reshiram|266/266","|move|p2a: Porygon2|Thunderbolt|p1a: Reshiram","|-resisted|p1a: Reshiram","|-damage|p1a: Reshiram|239/266","|","|-heal|p1a: Reshiram|255/266|[from] item: Leftovers","|-damage|p2a: Porygon2|0 fnt|[from] psn","|faint|p2a: Porygon2","|","|switch|p2a: Slowbro|Slowbro, L75, F|266/266","|turn|15","|","|move|p1a: Reshiram|Toxic|p2a: Slowbro","|-status|p2a: Slowbro|tox","|move|p2a: Slowbro|Scald|p1a: Reshiram","|-damage|p1a: Reshiram|191/266","|","|-heal|p1a: Reshiram|207/266|[from] item: Leftovers","|-damage|p2a: Slowbro|250/266 tox|[from] psn","|turn|16","|","|switch|p1a: Swanna|Swanna, L83, M|234/259","|move|p2a: Slowbro|Fire Blast|p1a: Swanna","|-resisted|p1a: Swanna","|-damage|p1a: Swanna|192/259","|","|-heal|p2a: Slowbro|266/266 tox|[from] item: Leftovers","|-damage|p2a: Slowbro|234/266 tox|[from] psn","|turn|17","|","|move|p1a: Swanna|Air Slash|p2a: Slowbro","|-crit|p2a: Slowbro","|-damage|p2a: Slowbro|77/266 tox","|-damage|p1a: Swanna|167/259|[from] item: Life Orb","|cant|p2a: Slowbro|flinch","|","|-heal|p2a: Slowbro|93/266 tox|[from] item: Leftovers","|-damage|p2a: Slowbro|45/266 tox|[from] psn","|turn|18","|","|move|p1a: Swanna|Surf|p2a: Slowbro","|-resisted|p2a: Slowbro","|-damage|p2a: Slowbro|0 fnt","|-damage|p1a: Swanna|142/259|[from] item: Life Orb","|faint|p2a: Slowbro","|","|win|Apex✦Spike"],"p1rating":{"entryid":7702792,"formatid":"randombattle","userid":"apexspike","username":"Apex✦Spike","r":1500,"rd":130,"sigma":0,"rpr":1529.8007304174,"rprd":122.62997453587,"rpsigma":0,"rptime":1439802000,"w":1,"l":0,"t":0,"gxe":53.7,"acre":1044.7900556623,"lacre":1044.7900556623,"oldacre":1000},"p2rating":{"entryid":"6888133","serverid":"eos","formatid":"randombattle","userid":"gtxbookman","username":"Gtx Bookman","w":"18","l":36,"t":"0","gxe":35.8,"r":"1390.1921165797","rd":"52.356441116324","sigma":"0","rptime":"1439802000","rpr":1389.1701013309,"rprd":51.009306566207,"rpsigma":"0","acre":1023.5870576452,"lacre":1023.5870576452,"oldacre":"1041.8065054606"},"endType":"normal"}