{"seed":[59396,17182,271,41574],"turns":22,"p1":"GoLeft","p2":"AyeLikeGapeHorn","p1team":[{"name":"Carnivine","moves":["powerwhip","knockoff","return","swordsdance"],"ability":"Levitate","evs":{"hp":85,"atk":85,"def":85,"spa":85,"spd":85,"spe":85},"ivs":{"hp":31,"atk":31,"def":31,"spa":31,"spd":31,"spe":31},"item":"Life Orb","level":83,"shiny":false},{"name":"Cloyster","moves":["spikes","hydropump","iceshard","rockblast"],"ability":"Skill Link","evs":{"hp":81,"atk":89,"def":85,"spa":85,"spd":85,"spe":85},"ivs":{"hp":31,"atk":31,"def":31,"spa":31,"spd":31,"spe":31},"item":"Life Orb","level":77,"shiny":false},{"name":"Pyroar","moves":["hypervoice","willowisp","darkpulse","fireblast"],"ability":"Unnerve","evs":{"hp":81,"atk":85,"def":85,"spa":89,"spd":85,"spe":85},"ivs":{"hp":31,"atk":31,"def":31,"spa":31,"spd":31,"spe":31},"item":"Life Orb","level":81,"shiny":false},{"name":"Reshiram","moves":["toxic","dragonpulse","roost","blueflare"],"ability":"Turboblaze","evs":{"hp":85,"atk":85,"def":85,"spa":85,"spd":85,"spe":85},"ivs":{"hp":31,"atk":31,"def":31,"spa":31,"spd":31,"spe":31},"item":"Leftovers","level":73,"shiny":false},{"name":"Hypno","moves":["seismictoss","wish","thunderwave","psychic"],"ability":"Inner Focus","evs":{"hp":85,"atk":85,"def":85,"spa":85,"spd":85,"spe":85},"ivs":{"hp":31,"atk":31,"def":31,"spa":31,"spd":31,"spe":31},"item":"Leftovers","level":83,"shiny":false},{"name":"Eelektross","moves":["flamethrower","acidspray","thunderbolt","gigadrain"],"ability":"Levitate","evs":{"hp":85,"atk":85,"def":85,"spa":85,"spd":85,"spe":85},"ivs":{"hp":31,"atk":31,"def":31,"spa":31,"spd":31,"spe":31},"item":"Expert Belt","level":79,"shiny":false}],"p2team":[{"name":"Mew","moves":["stealthrock","aurasphere","taunt","psyshock"],"ability":"Synchronize","evs":{"hp":85,"atk":85,"def":85,"spa":85,"spd":85,"spe":85},"ivs":{"hp":31,"atk":31,"def":31,"spa":31,"spd":31,"spe":31},"item":"Leftovers","level":75,"shiny":true},{"name":"Heliolisk","moves":["raindance","hypervoice","surf","thunder"],"ability":"Dry Skin","evs":{"hp":85,"atk":85,"def":85,"spa":85,"spd":85,"spe":85},"ivs":{"hp":31,"atk":31,"def":31,"spa":31,"spd":31,"spe":31},"item":"Damp Rock","level":77,"shiny":false},{"name":"Bibarel","moves":["waterfall","curse","quickattack","return"],"ability":"Simple","evs":{"hp":85,"atk":85,"def":85,"spa":85,"spd":85,"spe":85},"ivs":{"hp":31,"atk":31,"def":31,"spa":31,"spd":31,"spe":31},"item":"Life Orb","level":83,"shiny":false},{"name":"Sawk","moves":["earthquake","closecombat","knockoff","poisonjab"],"ability":"Mold Breaker","evs":{"hp":85,"atk":85,"def":85,"spa":85,"spd":85,"spe":85},"ivs":{"hp":31,"atk":31,"def":31,"spa":31,"spd":31,"spe":31},"item":"Choice Band","level":81,"shiny":false},{"name":"Scrafty","moves":["bulkup","icepunch","drainpunch","rest"],"ability":"Shed Skin","evs":{"hp":85,"atk":85,"def":85,"spa":85,"spd":85,"spe":85},"ivs":{"hp":31,"atk":31,"def":31,"spa":31,"spd":31,"spe":31},"item":"Leftovers","level":79,"shiny":false},{"name":"Gyarados","moves":["substitute","earthquake","waterfall","crunch"],"ability":"Intimidate","evs":{"hp":85,"atk":85,"def":85,"spa":85,"spd":85,"spe":85},"ivs":{"hp":31,"atk":31,"def":31,"spa":31,"spd":31,"spe":31},"item":"Gyaradosite","level":75,"shiny":false}],"log":["|player|p1|GoLeft|101","|player|p2|AyeLikeGapeHorn|93","|gametype|singles","|gen|6","|tier|Random Battle","|rated","|rule|Sleep Clause Mod: Limit one foe put to sleep","|rule|HP Percentage Mod: HP is shown in percentages","|","|start","|switch|p1a: Carnivine|Carnivine, L83, F|259/259","|switch|p2a: Mew|Mew, L75, shiny|274/274","|turn|1","|","|move|p2a: Mew|Taunt|p1a: Carnivine","|-start|p1a: Carnivine|move: Taunt","|move|p1a: Carnivine|Knock Off|p2a: Mew","|-supereffective|p2a: Mew","|-damage|p2a: Mew|92/274","|-enditem|p2a: Mew|Leftovers|[from] move: Knock Off|[of] p1a: Carnivine","|-damage|p1a: Carnivine|234/259|[from] item: Life Orb","|","|turn|2","|","|move|p2a: Mew|Stealth Rock|p1a: Carnivine","|-sidestart|p1: GoLeft|move: Stealth Rock","|move|p1a: Carnivine|Power Whip|p2a: Mew","|-damage|p2a: Mew|0 fnt","|-damage|p1a: Carnivine|209/259|[from] item: Life Orb","|faint|p2a: Mew","|","|","|switch|p2a: Sawk|Sawk, L81, M|254/254","|-ability|p2a: Sawk|Mold Breaker","|turn|3","|","|move|p2a: Sawk|Poison Jab|p1a: Carnivine","|-supereffective|p1a: Carnivine","|-damage|p1a: Carnivine|0 fnt","|faint|p1a: Carnivine","|","|","|switch|p1a: Hypno|Hypno, L83, M|277/277","|-damage|p1a: Hypno|243/277|[from] Stealth Rock","|turn|4","|","|switch|p2a: Scrafty|Scrafty, L79, F|232/232","|move|p1a: Hypno|Thunder Wave|p2a: Scrafty","|-status|p2a: Scrafty|par","|","|-heal|p1a: Hypno|260/277|[from] item: Leftovers","|-activate|p2a: Scrafty|ability: Shed Skin","|-curestatus|p2a: Scrafty|par","|turn|5","|","|switch|p1a: Eelektross|Eelektross, L79, F|264/264","|-damage|p1a: Eelektross|231/264|[from] Stealth Rock","|move|p2a: Scrafty|Ice Punch|p1a: Eelektross","|-damage|p1a: Eelektross|178/264","|","|turn|6","|","|move|p2a: Scrafty|Bulk Up|p2a: Scrafty","|-boost|p2a: Scrafty|atk|1","|-boost|p2a: Scrafty|def|1","|move|p1a: Eelektross|Acid Spray|p2a: Scrafty","|-damage|p2a: Scrafty|209/232","|-unboost|p2a: Scrafty|spd|2","|","|-heal|p2a: Scrafty|223/232|[from] item: Leftovers","|turn|7","|","|move|p2a: Scrafty|Drain Punch|p1a: Eelektross","|-damage|p1a: Eelektross|55/264","|-heal|p2a: Scrafty|232/232|[from] drain|[of] p1a: Eelektross","|move|p1a: Eelektross|Giga Drain|p2a: Scrafty","|-damage|p2a: Scrafty|138/232","|-heal|p1a: Eelektross|102/264|[from] drain|[of] p2a: Scrafty","|","|-heal|p2a: Scrafty|152/232|[from] item: Leftovers","|turn|8","|","|switch|p1a: Hypno|Hypno, L83, M|260/277","|-damage|p1a: Hypno|226/277|[from] Stealth Rock","|move|p2a: Scrafty|Bulk Up|p2a: Scrafty","|-boost|p2a: Scrafty|atk|1","|-boost|p2a: Scrafty|def|1","|","|-heal|p1a: Hypno|243/277|[from] item: Leftovers","|-heal|p2a: Scrafty|166/232|[from] item: Leftovers","|turn|9","|","|move|p1a: Hypno|Seismic Toss|p2a: Scrafty","|-damage|p2a: Scrafty|83/232","|move|p2a: Scrafty|Ice Punch|p1a: Hypno","|-damage|p1a: Hypno|135/277","|","|-heal|p1a: Hypno|152/277|[from] item: Leftovers","|-heal|p2a: Scrafty|97/232|[from] item: Leftovers","|turn|10","|","|move|p1a: Hypno|Seismic Toss|p2a: Scrafty","|-damage|p2a: Scrafty|14/232","|move|p2a: Scrafty|Drain Punch|p1a: Hypno","|-resisted|p1a: Hypno","|-damage|p1a: Hypno|75/277","|-heal|p2a: Scrafty|53/232|[from] drain|[of] p1a: Hypno","|","|-heal|p1a: Hypno|92/277|[from] item: Leftovers","|-heal|p2a: Scrafty|67/232|[from] item: Leftovers","|turn|11","|","|move|p1a: Hypno|Seismic Toss|p2a: Scrafty","|-damage|p2a: Scrafty|0 fnt","|faint|p2a: Scrafty","|","|-heal|p1a: Hypno|109/277|[from] item: Leftovers","|","|switch|p2a: Sawk|Sawk, L81, M|254/254","|-ability|p2a: Sawk|Mold Breaker","|turn|12","|","|move|p2a: Sawk|Knock Off|p1a: Hypno","|-supereffective|p1a: Hypno","|-damage|p1a: Hypno|0 fnt","|-enditem|p1a: Hypno|Leftovers|[from] move: Knock Off|[of] p2a: Sawk","|faint|p1a: Hypno","|","|","|switch|p1a: Eelektross|Eelektross, L79, F|102/264","|-damage|p1a: Eelektross|69/264|[from] Stealth Rock","|turn|13","|","|move|p2a: Sawk|Knock Off|p1a: Eelektross","|-damage|p1a: Eelektross|0 fnt","|-enditem|p1a: Eelektross|Expert Belt|[from] move: Knock Off|[of] p2a: Sawk","|faint|p1a: Eelektross","|","|","|switch|p1a: Pyroar|Pyroar, L81, F|271/271","|-damage|p1a: Pyroar|204/271|[from] Stealth Rock","|-ability|p1a: Pyroar|Unnerve|p2: AyeLikeGapeHorn","|turn|14","|","|move|p1a: Pyroar|Will-O-Wisp|p2a: Sawk","|-status|p2a: Sawk|brn","|move|p2a: Sawk|Knock Off|p1a: Pyroar","|-crit|p1a: Pyroar","|-damage|p1a: Pyroar|100/271","|-enditem|p1a: Pyroar|Life Orb|[from] move: Knock Off|[of] p2a: Sawk","|","|-damage|p2a: Sawk|223/254 brn|[from] brn","|turn|15","|","|switch|p2a: Heliolisk|Heliolisk, L77, M|222/222","|move|p1a: Pyroar|Fire Blast|p2a: Heliolisk","|-damage|p2a: Heliolisk|78/222","|-status|p2a: Heliolisk|brn","|","|-damage|p2a: Heliolisk|51/222 brn|[from] brn","|turn|16","|","|move|p1a: Pyroar|Hyper Voice|p2a: Heliolisk","|-damage|p2a: Heliolisk|0 fnt","|faint|p2a: Heliolisk","|","|","|switch|p2a: Bibarel|Bibarel, L83, F|267/267","|turn|17","|","|move|p1a: Pyroar|Hyper Voice|p2a: Bibarel","|-damage|p2a: Bibarel|146/267","|move|p2a: Bibarel|Waterfall|p1a: Pyroar","|-supereffective|p1a: Pyroar","|-damage|p1a: Pyroar|0 fnt","|-damage|p2a: Bibarel|120/267|[from] item: Life Orb","|faint|p1a: Pyroar","|","|","|switch|p1a: Reshiram|Reshiram, L73|266/266","|-damage|p1a: Reshiram|200/266|[from] Stealth Rock","|-ability|p1a: Reshiram|Turboblaze","|turn|18","|","|move|p1a: Reshiram|Dragon Pulse|p2a: Bibarel","|-damage|p2a: Bibarel|0 fnt","|faint|p2a: Bibarel","|","|-heal|p1a: Reshiram|216/266|[from] item: Leftovers","|","|switch|p2a: Sawk|Sawk, L81, M|223/254 brn","|-ability|p2a: Sawk|Mold Breaker","|turn|19","|","|move|p2a: Sawk|Earthquake|p1a: Reshiram","|-supereffective|p1a: Reshiram","|-damage|p1a: Reshiram|101/266","|move|p1a: Reshiram|Blue Flare|p2a: Sawk","|-damage|p2a: Sawk|52/254 brn","|","|-heal|p1a: Reshiram|117/266|[from] item: Leftovers","|-damage|p2a: Sawk|21/254 brn|[from] brn","|turn|20","|","|move|p2a: Sawk|Earthquake|p1a: Reshiram","|-supereffective|p1a: Reshiram","|-damage|p1a: Reshiram|0 fnt","|faint|p1a: Reshiram","|","|-damage|p2a: Sawk|0 fnt|[from] brn","|faint|p2a: Sawk","|","|switch|p2a: Gyarados|Gyarados, L75, F|266/266","|switch|p1a: Cloyster|Cloyster, L77, F|203/203","|-ability|p2a: Gyarados|Intimidate","|-unboost|p1a: Cloyster|atk|1","|-damage|p1a: Cloyster|153/203|[from] Stealth Rock","|turn|21","|","|detailschange|p2a: Gyarados|Gyarados-Mega, L75, F","|-mega|p2a: Gyarados|Gyarados|Gyaradosite","|-ability|p2a: Gyarados|Mold Breaker","|move|p2a: Gyarados|Substitute|p2a: Gyarados","|-start|p2a: Gyarados|Substitute","|-damage|p2a: Gyarados|200/266","|move|p1a: Cloyster|Rock Blast|p2a: Gyarados","|-activate|p2a: Gyarados|Substitute|[damage]","|-activate|p2a: Gyarados|Substitute|[damage]","|-activate|p2a: Gyarados|Substitute|[damage]","|-activate|p2a: Gyarados|Substitute|[damage]","|-activate|p2a: Gyarados|Substitute|[damage]","|-hitcount|p2a: Gyarados|5","|","|turn|22","|","|win|AyeLikeGapeHorn"],"p1rating":{"entryid":"7419494","serverid":"eos","formatid":"randombattle","userid":"goleft","username":"GoLeft","w":"2","l":2,"t":"0","gxe":50,"r":"1500","rd":"118.85904735665","sigma":"0","rptime":"1439802000","rpr":1500,"rprd":108.50198908702,"rpsigma":"0","acre":1045.5032228167,"lacre":1045.5032228167,"oldacre":"1070.1028089042"},"p2rating":{"entryid":7698614,"formatid":"randombattle","userid":"ayelikegapehorn","username":"AyeLikeGapeHorn","r":1500,"rd":130,"sigma":0,"rpr":1540.5426486793,"rprd":122.69815114733,"rpsigma":0,"rptime":1439802000,"w":1,"l":0,"t":0,"gxe":55.1,"acre":1047.9631116222,"lacre":1047.9631116222,"oldacre":1000},"endType":"forfeit"}