{"seed":[14930,2622,9153,5628],"turns":20,"p1":"GTX♅Inioszi","p2":"Fluffy Poop","p1team":[{"name":"Claydol","moves":["icebeam","earthquake","stealthrock","rapidspin"],"ability":"Levitate","evs":{"hp":85,"atk":85,"def":85,"spa":85,"spd":85,"spe":85},"ivs":{"hp":31,"atk":31,"def":31,"spa":31,"spd":31,"spe":31},"item":"Leftovers","level":81,"shiny":false},{"name":"Rhyperior","moves":["rockblast","rockpolish","megahorn","aquatail"],"ability":"Solid Rock","evs":{"hp":85,"atk":85,"def":85,"spa":85,"spd":85,"spe":85},"ivs":{"hp":31,"atk":31,"def":31,"spa":31,"spd":31,"spe":31},"item":"Weakness Policy","level":79,"shiny":false},{"name":"Diancie","moves":["moonblast","hiddenpowerfire","psyshock","earthpower"],"ability":"Clear Body","evs":{"hp":85,"atk":85,"def":85,"spa":85,"spd":85,"spe":85},"ivs":{"hp":31,"atk":30,"def":31,"spa":30,"spd":31,"spe":30},"item":"Diancite","level":75,"shiny":false},{"name":"Aegislash","moves":["ironhead","shadowball","hiddenpowerice","shadowsneak"],"ability":"Stance Change","evs":{"hp":85,"atk":85,"def":85,"spa":85,"spd":85,"spe":85},"ivs":{"hp":31,"atk":30,"def":30,"spa":31,"spd":31,"spe":31},"item":"Life Orb","level":74,"shiny":false},{"name":"Meowstic-F","moves":["thunderbolt","energyball","psyshock","calmmind"],"ability":"Infiltrator","evs":{"hp":85,"atk":85,"def":85,"spa":85,"spd":85,"spe":85},"ivs":{"hp":31,"atk":31,"def":31,"spa":31,"spd":31,"spe":31},"item":"Life Orb","level":83,"shiny":false},{"name":"Yanmega","moves":["gigadrain","protect","bugbuzz","airslash"],"ability":"Speed Boost","evs":{"hp":81,"atk":85,"def":85,"spa":89,"spd":85,"spe":85},"ivs":{"hp":31,"atk":31,"def":31,"spa":31,"spd":31,"spe":31},"item":"Life Orb","level":78,"shiny":false}],"p2team":[{"name":"Dodrio","moves":["bravebird","return","quickattack","knockoff"],"ability":"Early Bird","evs":{"hp":85,"atk":85,"def":85,"spa":85,"spd":85,"spe":85},"ivs":{"hp":31,"atk":31,"def":31,"spa":31,"spd":31,"spe":31},"item":"Choice Band","level":83,"shiny":false},{"name":"Smeargle","moves":["whirlwind","spore","spikes","destinybond"],"ability":"Technician","evs":{"hp":85,"atk":85,"def":85,"spa":85,"spd":85,"spe":85},"ivs":{"hp":31,"atk":31,"def":31,"spa":31,"spd":31,"spe":31},"item":"Leftovers","level":77,"shiny":false},{"name":"Luvdisc","moves":["sweetkiss","protect","scald","icebeam"],"ability":"Hydration","evs":{"hp":85,"atk":85,"def":85,"spa":85,"spd":85,"spe":85},"ivs":{"hp":31,"atk":31,"def":31,"spa":31,"spd":31,"spe":31},"item":"Leftovers","level":83,"shiny":false},{"name":"Amoonguss","moves":["synthesis","spore","clearsmog","hiddenpowerfire"],"ability":"Regenerator","evs":{"hp":85,"atk":85,"def":85,"spa":85,"spd":85,"spe":85},"ivs":{"hp":31,"atk":30,"def":31,"spa":30,"spd":31,"spe":30},"item":"Black Sludge","level":79,"shiny":false},{"name":"Chandelure","moves":["shadowball","painsplit","substitute","fireblast"],"ability":"Infiltrator","evs":{"hp":85,"atk":85,"def":85,"spa":85,"spd":85,"spe":85},"ivs":{"hp":31,"atk":31,"def":31,"spa":31,"spd":31,"spe":31},"item":"Leftovers","level":77,"shiny":false},{"name":"Lapras","moves":["hydropump","thunderbolt","substitute","healbell"],"ability":"Water Absorb","evs":{"hp":85,"atk":85,"def":85,"spa":85,"spd":85,"spe":85},"ivs":{"hp":31,"atk":31,"def":31,"spa":31,"spd":31,"spe":31},"item":"Leftovers","level":83,"shiny":false}],"log":["|player|p1|GTX♅Inioszi|282","|player|p2|Fluffy Poop|124","|gametype|singles","|gen|6","|tier|Random Battle","|rated","|rule|Sleep Clause Mod: Limit one foe put to sleep","|rule|HP Percentage Mod: HP is shown in percentages","|","|start","|switch|p1a: Claydol|Claydol, L81|230/230","|switch|p2a: Dodrio|Dodrio, L83, F|235/235","|turn|1","|","|move|p2a: Dodrio|Knock Off|p1a: Claydol","|-supereffective|p1a: Claydol","|-damage|p1a: Claydol|34/230","|-enditem|p1a: Claydol|Leftovers|[from] move: Knock Off|[of] p2a: Dodrio","|move|p1a: Claydol|Stealth Rock|p2a: Dodrio","|-sidestart|p2: Fluffy Poop|move: Stealth Rock","|","|turn|2","|","|switch|p1a: Diancie|Diancie, L75|199/199","|move|p2a: Dodrio|Knock Off|p1a: Diancie","|-resisted|p1a: Diancie","|-damage|p1a: Diancie|172/199","|","|turn|3","|","|switch|p2a: Amoonguss|Amoonguss, L79, F|310/310","|-damage|p2a: Amoonguss|272/310|[from] Stealth Rock","|detailschange|p1a: Diancie|Diancie-Mega, L75","|-mega|p1a: Diancie|Diancie|Diancite","|move|p1a: Diancie|Moonblast|p2a: Amoonguss","|-resisted|p2a: Amoonguss","|-damage|p2a: Amoonguss|203/310","|","|-heal|p2a: Amoonguss|222/310|[from] item: Black Sludge","|turn|4","|","|move|p1a: Diancie|Psyshock|p2a: Amoonguss","|-supereffective|p2a: Amoonguss","|-damage|p2a: Amoonguss|50/310","|move|p2a: Amoonguss|Spore|p1a: Diancie","|move|p1a: Diancie|Spore|p2a: Amoonguss|[from]Magic Bounce","|-immune|p2a: Amoonguss|[msg]","|","|-heal|p2a: Amoonguss|69/310|[from] item: Black Sludge","|turn|5","|","|move|p1a: Diancie|Psyshock|p2a: Amoonguss","|-supereffective|p2a: Amoonguss","|-damage|p2a: Amoonguss|0 fnt","|faint|p2a: Amoonguss","|","|","|switch|p2a: Luvdisc|Luvdisc, L83, M|207/207","|-damage|p2a: Luvdisc|182/207|[from] Stealth Rock","|turn|6","|","|switch|p1a: Yanmega|Yanmega, L78, M|261/261","|move|p2a: Luvdisc|Scald|p1a: Yanmega","|-damage|p1a: Yanmega|186/261","|-status|p1a: Yanmega|brn","|","|-heal|p2a: Luvdisc|194/207|[from] item: Leftovers","|-damage|p1a: Yanmega|154/261 brn|[from] brn","|turn|7","|","|move|p2a: Luvdisc|Ice Beam|p1a: Yanmega","|-supereffective|p1a: Yanmega","|-damage|p1a: Yanmega|60/261 brn","|move|p1a: Yanmega|Giga Drain|p2a: Luvdisc","|-supereffective|p2a: Luvdisc","|-damage|p2a: Luvdisc|2/207","|-heal|p1a: Yanmega|156/261 brn|[from] drain|[of] p2a: Luvdisc","|-damage|p1a: Yanmega|130/261 brn|[from] item: Life Orb","|","|-heal|p2a: Luvdisc|14/207|[from] item: Leftovers","|-damage|p1a: Yanmega|98/261 brn|[from] brn","|-boost|p1a: Yanmega|spe|1|[from] ability: Speed Boost","|turn|8","|","|move|p2a: Luvdisc|Protect|p2a: Luvdisc","|-singleturn|p2a: Luvdisc|Protect","|move|p1a: Yanmega|Giga Drain|p2a: Luvdisc","|-activate|p2a: Luvdisc|Protect","|","|-heal|p2a: Luvdisc|26/207|[from] item: Leftovers","|-damage|p1a: Yanmega|66/261 brn|[from] brn","|-boost|p1a: Yanmega|spe|1|[from] ability: Speed Boost","|turn|9","|","|switch|p2a: Dodrio|Dodrio, L83, F|235/235","|-damage|p2a: Dodrio|177/235|[from] Stealth Rock","|move|p1a: Yanmega|Giga Drain|p2a: Dodrio","|-resisted|p2a: Dodrio","|-damage|p2a: Dodrio|129/235","|-heal|p1a: Yanmega|90/261 brn|[from] drain|[of] p2a: Dodrio","|-damage|p1a: Yanmega|64/261 brn|[from] item: Life Orb","|","|-damage|p1a: Yanmega|32/261 brn|[from] brn","|-boost|p1a: Yanmega|spe|1|[from] ability: Speed Boost","|turn|10","|","|move|p2a: Dodrio|Quick Attack|p1a: Yanmega","|-damage|p1a: Yanmega|0 fnt","|faint|p1a: Yanmega","|","|","|switch|p1a: Rhyperior|Rhyperior, L79, M|311/311","|turn|11","|","|switch|p2a: Lapras|Lapras, L83, F|351/351","|-damage|p2a: Lapras|264/351|[from] Stealth Rock","|move|p1a: Rhyperior|Rock Polish|p1a: Rhyperior","|-boost|p1a: Rhyperior|spe|2","|","|-heal|p2a: Lapras|285/351|[from] item: Leftovers","|turn|12","|","|move|p1a: Rhyperior|Rock Blast|p2a: Lapras","|-supereffective|p2a: Lapras","|-damage|p2a: Lapras|213/351","|-supereffective|p2a: Lapras","|-damage|p2a: Lapras|141/351","|-supereffective|p2a: Lapras","|-damage|p2a: Lapras|75/351","|-hitcount|p2a: Lapras|3","|move|p2a: Lapras|Hydro Pump|p1a: Rhyperior","|-supereffective|p1a: Rhyperior","|-damage|p1a: Rhyperior|0 fnt","|faint|p1a: Rhyperior","|","|-heal|p2a: Lapras|96/351|[from] item: Leftovers","|","|switch|p1a: Aegislash|Aegislash, L74, M|211/211","|turn|13","|","|switch|p2a: Chandelure|Chandelure, L77, F|219/219","|-damage|p2a: Chandelure|165/219|[from] Stealth Rock","|-formechange|p1a: Aegislash|Aegislash-Blade","|move|p1a: Aegislash|Shadow Ball|p2a: Chandelure","|-supereffective|p2a: Chandelure","|-damage|p2a: Chandelure|0 fnt","|-damage|p1a: Aegislash|190/211|[from] item: Life Orb","|faint|p2a: Chandelure","|","|","|switch|p2a: Dodrio|Dodrio, L83, F|129/235","|-damage|p2a: Dodrio|71/235|[from] Stealth Rock","|turn|14","|","|move|p2a: Dodrio|Brave Bird|p1a: Aegislash","|-resisted|p1a: Aegislash","|-damage|p1a: Aegislash|27/211","|-damage|p2a: Dodrio|17/235|[from] recoil|[of] p1a: Aegislash","|move|p1a: Aegislash|Hidden Power|p2a: Dodrio","|-supereffective|p2a: Dodrio","|-damage|p2a: Dodrio|0 fnt","|-damage|p1a: Aegislash|6/211|[from] item: Life Orb","|faint|p2a: Dodrio","|","|","|switch|p2a: Lapras|Lapras, L83, F|96/351","|-damage|p2a: Lapras|9/351|[from] Stealth Rock","|turn|15","|","|switch|p2a: Smeargle|Smeargle, L77, F|211/211","|-damage|p2a: Smeargle|185/211|[from] Stealth Rock","|move|p1a: Aegislash|Shadow Sneak|p2a: Smeargle","|-immune|p2a: Smeargle|[msg]","|","|-heal|p2a: Smeargle|198/211|[from] item: Leftovers","|turn|16","|","|switch|p1a: Diancie|Diancie-Mega, L75|172/199","|move|p2a: Smeargle|Spore|p1a: Diancie","|move|p1a: Diancie|Spore|p2a: Smeargle|[from]Magic Bounce","|-status|p2a: Smeargle|slp","|","|-heal|p2a: Smeargle|211/211 slp|[from] item: Leftovers","|turn|17","|","|move|p1a: Diancie|Moonblast|p2a: Smeargle","|-crit|p2a: Smeargle","|-damage|p2a: Smeargle|0 fnt","|faint|p2a: Smeargle","|","|","|switch|p2a: Luvdisc|Luvdisc, L83, M|26/207","|-damage|p2a: Luvdisc|1/207|[from] Stealth Rock","|turn|18","|","|move|p2a: Luvdisc|Protect|p2a: Luvdisc","|-singleturn|p2a: Luvdisc|Protect","|move|p1a: Diancie|Moonblast|p2a: Luvdisc","|-activate|p2a: Luvdisc|Protect","|","|-heal|p2a: Luvdisc|13/207|[from] item: Leftovers","|turn|19","|","|move|p2a: Luvdisc|Protect|p2a: Luvdisc","|-singleturn|p2a: Luvdisc|Protect","|move|p1a: Diancie|Moonblast|p2a: Luvdisc","|-activate|p2a: Luvdisc|Protect","|","|-heal|p2a: Luvdisc|25/207|[from] item: Leftovers","|turn|20","|","|move|p2a: Luvdisc|Scald|p1a: Diancie","|-supereffective|p1a: Diancie","|-damage|p1a: Diancie|92/199","|move|p1a: Diancie|Moonblast|p2a: Luvdisc","|-damage|p2a: Luvdisc|0 fnt","|faint|p2a: Luvdisc","|","|","|switch|p2a: Lapras|Lapras, L83, F|9/351","|-damage|p2a: Lapras|0 fnt|[from] Stealth Rock","|faint|p2a: Lapras","|","|win|GTX♅Inioszi"],"p1rating":{"entryid":"7672977","serverid":"eos","formatid":"randombattle","userid":"gtxinioszi","username":"GTX♅Inioszi","w":2,"l":"1","t":"0","gxe":54.2,"r":1500,"rd":116.77753930647,"sigma":"0","rptime":1439802000,"rpr":1533.0891783611,"rprd":111.51861011339,"rpsigma":"0","acre":1070.1028089042,"lacre":1070.1028089042,"oldacre":"1040"},"p2rating":{"entryid":7694611,"formatid":"randombattle","userid":"fluffypoop","username":"Fluffy Poop","r":1500,"rd":130,"sigma":0,"rpr":1459.8393856612,"rprd":122.8583080769,"rpsigma":0,"rptime":1439802000,"w":0,"l":1,"t":0,"gxe":45,"acre":1000,"lacre":1000,"oldacre":1000},"endType":"normal"}