{"seed":[23968,63968,59386,33125],"turns":22,"p1":"fabiocastro","p2":"Intern_Ninji","p1team":[{"name":"Latios","moves":["roost","psyshock","calmmind","dracometeor"],"ability":"Levitate","evs":{"hp":85,"atk":85,"def":85,"spa":85,"spd":85,"spe":85},"ivs":{"hp":31,"atk":31,"def":31,"spa":31,"spd":31,"spe":31},"item":"Latiosite","level":75,"shiny":false},{"name":"Bronzong","moves":["gyroball","reflect","earthquake","lightscreen"],"ability":"Levitate","evs":{"hp":85,"atk":170,"def":85,"spa":85,"spd":85,"spe":0},"ivs":{"hp":31,"atk":31,"def":31,"spa":31,"spd":31,"spe":0},"item":"Light Clay","level":79,"shiny":false},{"name":"Avalugg","moves":["rapidspin","toxic","avalanche","earthquake"],"ability":"Sturdy","evs":{"hp":85,"atk":85,"def":85,"spa":85,"spd":85,"spe":85},"ivs":{"hp":31,"atk":31,"def":31,"spa":31,"spd":31,"spe":31},"item":"Leftovers","level":83,"shiny":false},{"name":"Flygon","moves":["fireblast","stoneedge","roost","earthquake"],"ability":"Levitate","evs":{"hp":85,"atk":85,"def":85,"spa":85,"spd":85,"spe":85},"ivs":{"hp":31,"atk":31,"def":31,"spa":31,"spd":31,"spe":31},"item":"Life Orb","level":79,"shiny":false},{"name":"Rotom-Wash","moves":["willowisp","thunderbolt","hiddenpowerice","hydropump"],"ability":"Levitate","evs":{"hp":85,"atk":85,"def":85,"spa":85,"spd":85,"spe":85},"ivs":{"hp":31,"atk":30,"def":30,"spa":31,"spd":31,"spe":31},"item":"Life Orb","level":75,"shiny":false},{"name":"Swalot","moves":["sludgebomb","painsplit","yawn","icebeam"],"ability":"Sticky Hold","evs":{"hp":85,"atk":85,"def":85,"spa":85,"spd":85,"spe":85},"ivs":{"hp":31,"atk":31,"def":31,"spa":31,"spd":31,"spe":31},"item":"Black Sludge","level":83,"shiny":false}],"p2team":[{"name":"Sceptile","moves":["outrage","focusblast","hiddenpowerfire","leafblade"],"ability":"Overgrow","evs":{"hp":85,"atk":85,"def":85,"spa":85,"spd":85,"spe":85},"ivs":{"hp":31,"atk":30,"def":31,"spa":30,"spd":31,"spe":30},"item":"Sceptilite","level":77,"shiny":false},{"name":"Dewgong","moves":["surf","toxic","encore","icebeam"],"ability":"Thick Fat","evs":{"hp":85,"atk":85,"def":85,"spa":85,"spd":85,"spe":85},"ivs":{"hp":31,"atk":31,"def":31,"spa":31,"spd":31,"spe":31},"item":"Leftovers","level":83,"shiny":false},{"name":"Volcarona","moves":["gigadrain","hiddenpowerground","quiverdance","bugbuzz"],"ability":"Flame Body","evs":{"hp":81,"atk":85,"def":85,"spa":89,"spd":85,"spe":85},"ivs":{"hp":31,"atk":31,"def":31,"spa":30,"spd":30,"spe":31},"item":"Life Orb","level":76,"shiny":false},{"name":"Dugtrio","moves":["stoneedge","stealthrock","substitute","earthquake"],"ability":"Arena Trap","evs":{"hp":85,"atk":85,"def":85,"spa":85,"spd":85,"spe":85},"ivs":{"hp":31,"atk":31,"def":31,"spa":31,"spd":31,"spe":31},"item":"Leftovers","level":79,"shiny":false},{"name":"Raikou","moves":["calmmind","substitute","aurasphere","thunderbolt"],"ability":"Volt Absorb","evs":{"hp":85,"atk":85,"def":85,"spa":85,"spd":85,"spe":85},"ivs":{"hp":31,"atk":31,"def":31,"spa":31,"spd":31,"spe":31},"item":"Leftovers","level":75,"shiny":false},{"name":"Jynx","moves":["icebeam","nastyplot","psychic","lovelykiss"],"ability":"Dry Skin","evs":{"hp":85,"atk":85,"def":85,"spa":85,"spd":85,"spe":85},"ivs":{"hp":31,"atk":31,"def":31,"spa":31,"spd":31,"spe":31},"item":"Leftovers","level":81,"shiny":false}],"log":["|player|p1|fabiocastro|110","|player|p2|Intern_Ninji|266","|gametype|singles","|gen|6","|tier|Random Battle","|rated","|rule|Sleep Clause Mod: Limit one foe put to sleep","|rule|HP Percentage Mod: HP is shown in percentages","|","|start","|switch|p1a: Latios|Latios, L75, M|244/244","|switch|p2a: Sceptile|Sceptile, L77, F|234/234","|turn|1","|","|switch|p1a: Avalugg|Avalugg, L83, M|293/293","|detailschange|p2a: Sceptile|Sceptile-Mega, L77, F","|-mega|p2a: Sceptile|Sceptile|Sceptilite","|move|p2a: Sceptile|Outrage|p1a: Avalugg","|-damage|p1a: Avalugg|232/293","|","|-heal|p1a: Avalugg|250/293|[from] item: Leftovers","|turn|2","|","|move|p2a: Sceptile|Outrage|p1a: Avalugg|[from]lockedmove","|-damage|p1a: Avalugg|180/293","|move|p1a: Avalugg|Avalanche|p2a: Sceptile","|-supereffective|p2a: Sceptile","|-damage|p2a: Sceptile|0 fnt","|faint|p2a: Sceptile","|","|-heal|p1a: Avalugg|198/293|[from] item: Leftovers","|","|switch|p2a: Volcarona|Volcarona, L76, F|253/253","|turn|3","|","|switch|p1a: Swalot|Swalot, L83, F|302/302","|move|p2a: Volcarona|Bug Buzz|p1a: Swalot","|-resisted|p1a: Swalot","|-damage|p1a: Swalot|233/302","|-damage|p2a: Volcarona|228/253|[from] item: Life Orb","|","|-heal|p1a: Swalot|251/302|[from] item: Black Sludge","|turn|4","|","|move|p2a: Volcarona|Hidden Power|p1a: Swalot","|-supereffective|p1a: Swalot","|-damage|p1a: Swalot|126/302","|-damage|p2a: Volcarona|203/253|[from] item: Life Orb","|move|p1a: Swalot|Yawn|p2a: Volcarona","|-start|p2a: Volcarona|move: Yawn|[of] p1a: Swalot","|","|-heal|p1a: Swalot|144/302|[from] item: Black Sludge","|turn|5","|","|switch|p2a: Dugtrio|Dugtrio, L79, M|185/185","|move|p1a: Swalot|Pain Split|p2a: Dugtrio","|-sethp|p2a: Dugtrio|164/185|p1a: Swalot|164/302|[from] move: Pain Split","|","|-heal|p2a: Dugtrio|175/185|[from] item: Leftovers","|-heal|p1a: Swalot|182/302|[from] item: Black Sludge","|turn|6","|","|move|p2a: Dugtrio|Earthquake|p1a: Swalot","|-supereffective|p1a: Swalot","|-damage|p1a: Swalot|14/302","|move|p1a: Swalot|Yawn|p2a: Dugtrio","|-start|p2a: Dugtrio|move: Yawn|[of] p1a: Swalot","|","|-heal|p2a: Dugtrio|185/185|[from] item: Leftovers","|-heal|p1a: Swalot|32/302|[from] item: Black Sludge","|turn|7","|","|move|p2a: Dugtrio|Earthquake|p1a: Swalot","|-supereffective|p1a: Swalot","|-damage|p1a: Swalot|0 fnt","|faint|p1a: Swalot","|","|-end|p2a: Dugtrio|move: Yawn|[silent]","|-status|p2a: Dugtrio|slp","|","|switch|p1a: Bronzong|Bronzong, L79|235/235","|turn|8","|","|cant|p2a: Dugtrio|slp","|move|p1a: Bronzong|Light Screen|p1a: Bronzong","|-sidestart|p1: fabiocastro|move: Light Screen","|","|turn|9","|","|-curestatus|p2a: Dugtrio|slp","|move|p2a: Dugtrio|Stealth Rock|p1a: Bronzong","|-sidestart|p1: fabiocastro|move: Stealth Rock","|move|p1a: Bronzong|Reflect|p1a: Bronzong","|-sidestart|p1: fabiocastro|Reflect","|","|turn|10","|","|move|p2a: Dugtrio|Stone Edge|p1a: Bronzong|[miss]","|-miss|p2a: Dugtrio|p1a: Bronzong","|move|p1a: Bronzong|Gyro Ball|p2a: Dugtrio","|-damage|p2a: Dugtrio|37/185","|","|-heal|p2a: Dugtrio|48/185|[from] item: Leftovers","|turn|11","|","|move|p2a: Dugtrio|Substitute|p2a: Dugtrio","|-start|p2a: Dugtrio|Substitute","|-damage|p2a: Dugtrio|2/185","|move|p1a: Bronzong|Earthquake|p2a: Dugtrio","|-end|p2a: Dugtrio|Substitute","|","|-heal|p2a: Dugtrio|13/185|[from] item: Leftovers","|turn|12","|","|move|p2a: Dugtrio|Stone Edge|p1a: Bronzong","|-resisted|p1a: Bronzong","|-damage|p1a: Bronzong|224/235","|move|p1a: Bronzong|Earthquake|p2a: Dugtrio","|-damage|p2a: Dugtrio|0 fnt","|faint|p2a: Dugtrio","|","|","|switch|p2a: Volcarona|Volcarona, L76, F|203/253","|turn|13","|","|switch|p1a: Rotom-Wash|Rotom-Wash, L75|199/199","|-damage|p1a: Rotom-Wash|175/199|[from] Stealth Rock","|move|p2a: Volcarona|Quiver Dance|p2a: Volcarona","|-boost|p2a: Volcarona|spa|1","|-boost|p2a: Volcarona|spd|1","|-boost|p2a: Volcarona|spe|1","|","|turn|14","|","|switch|p2a: Dewgong|Dewgong, L83, F|285/285","|move|p1a: Rotom-Wash|Hydro Pump|p2a: Dewgong","|-resisted|p2a: Dewgong","|-damage|p2a: Dewgong|219/285","|-damage|p1a: Rotom-Wash|156/199|[from] item: Life Orb","|","|-heal|p2a: Dewgong|236/285|[from] item: Leftovers","|turn|15","|","|switch|p2a: Raikou|Raikou, L75|259/259","|move|p1a: Rotom-Wash|Thunderbolt|p2a: Raikou","|-immune|p2a: Raikou|[msg]","|","|-sideend|p1: fabiocastro|move: Light Screen","|turn|16","|","|switch|p1a: Bronzong|Bronzong, L79|224/235","|-damage|p1a: Bronzong|210/235|[from] Stealth Rock","|move|p2a: Raikou|Calm Mind|p2a: Raikou","|-boost|p2a: Raikou|spa|1","|-boost|p2a: Raikou|spd|1","|","|-sideend|p1: fabiocastro|Reflect","|turn|17","|","|move|p2a: Raikou|Substitute|p2a: Raikou","|-start|p2a: Raikou|Substitute","|-damage|p2a: Raikou|195/259","|move|p1a: Bronzong|Light Screen|p1a: Bronzong","|-sidestart|p1: fabiocastro|move: Light Screen","|","|-heal|p2a: Raikou|211/259|[from] item: Leftovers","|turn|18","|","|move|p2a: Raikou|Thunderbolt|p1a: Bronzong","|-damage|p1a: Bronzong|153/235","|move|p1a: Bronzong|Earthquake|p2a: Raikou","|-crit|p2a: Raikou","|-supereffective|p2a: Raikou","|-end|p2a: Raikou|Substitute","|","|-heal|p2a: Raikou|227/259|[from] item: Leftovers","|turn|19","|","|move|p2a: Raikou|Substitute|p2a: Raikou","|-start|p2a: Raikou|Substitute","|-damage|p2a: Raikou|163/259","|move|p1a: Bronzong|Earthquake|p2a: Raikou","|-supereffective|p2a: Raikou","|-end|p2a: Raikou|Substitute","|","|-heal|p2a: Raikou|179/259|[from] item: Leftovers","|turn|20","|","|switch|p2a: Volcarona|Volcarona, L76, F|203/253","|move|p1a: Bronzong|Earthquake|p2a: Volcarona","|-damage|p2a: Volcarona|115/253","|","|turn|21","|","|move|p2a: Volcarona|Giga Drain|p1a: Bronzong","|-resisted|p1a: Bronzong","|-damage|p1a: Bronzong|137/235","|-heal|p2a: Volcarona|123/253|[from] drain|[of] p1a: Bronzong","|-damage|p2a: Volcarona|98/253|[from] item: Life Orb","|move|p1a: Bronzong|Earthquake|p2a: Volcarona","|-damage|p2a: Volcarona|8/253","|","|turn|22","|","|move|p2a: Volcarona|Hidden Power|p1a: Bronzong","|-immune|p1a: Bronzong|[msg]","|move|p1a: Bronzong|Earthquake|p2a: Volcarona","|-damage|p2a: Volcarona|0 fnt","|faint|p2a: Volcarona","|","|","|win|fabiocastro"],"p1rating":{"entryid":"7077172","serverid":"eos","formatid":"randombattle","userid":"fabiocastro","username":"fabiocastro","w":18,"l":"4","t":"0","gxe":72.6,"r":"1669.9218954075","rd":"78.204223837518","sigma":"0","rptime":"1439802000","rpr":1687.4354227167,"rprd":75.565763618134,"rpsigma":"0","acre":1281.6038030504,"lacre":1281.6038030504,"oldacre":"1273.0039332907"},"p2rating":{"entryid":7704315,"formatid":"randombattle","userid":"internninji","username":"Intern_Ninji","r":1500,"rd":130,"sigma":0,"rpr":1476.1828519378,"rprd":123.60683807711,"rpsigma":0,"rptime":1439802000,"w":0,"l":1,"t":0,"gxe":47,"acre":1000,"lacre":1000,"oldacre":1000},"endType":"forfeit"}