{"seed":[29046,55202,49668,56227],"turns":24,"p1":"gtx ninja","p2":"Ino-Shicka-Cho","p1team":[{"name":"Accelgor","moves":["gigadrain","bugbuzz","yawn","spikes"],"ability":"Hydration","evs":{"hp":81,"atk":85,"def":85,"spa":89,"spd":85,"spe":85},"ivs":{"hp":31,"atk":31,"def":31,"spa":31,"spd":31,"spe":31},"item":"Focus Sash","level":79,"shiny":false},{"name":"Emboar","moves":["flareblitz","stoneedge","grassknot","superpower"],"ability":"Reckless","evs":{"hp":85,"atk":85,"def":85,"spa":85,"spd":85,"spe":85},"ivs":{"hp":31,"atk":31,"def":31,"spa":31,"spd":31,"spe":31},"item":"Expert Belt","level":79,"shiny":false},{"name":"Reshiram","moves":["roost","dragonpulse","flamecharge","blueflare"],"ability":"Turboblaze","evs":{"hp":85,"atk":85,"def":85,"spa":85,"spd":85,"spe":85},"ivs":{"hp":31,"atk":31,"def":31,"spa":31,"spd":31,"spe":31},"item":"Leftovers","level":73,"shiny":false},{"name":"Lunatone","moves":["moonlight","toxic","ancientpower","psychic"],"ability":"Levitate","evs":{"hp":85,"atk":85,"def":85,"spa":85,"spd":85,"spe":85},"ivs":{"hp":31,"atk":31,"def":31,"spa":31,"spd":31,"spe":31},"item":"Leftovers","level":83,"shiny":false},{"name":"Kyurem","moves":["icebeam","roost","outrage","focusblast"],"ability":"Pressure","evs":{"hp":85,"atk":85,"def":85,"spa":85,"spd":85,"spe":85},"ivs":{"hp":31,"atk":31,"def":31,"spa":31,"spd":31,"spe":31},"item":"Leftovers","level":78,"shiny":false},{"name":"Sandslash","moves":["swordsdance","knockoff","toxic","earthquake"],"ability":"Sand Rush","evs":{"hp":85,"atk":85,"def":85,"spa":85,"spd":85,"spe":85},"ivs":{"hp":31,"atk":31,"def":31,"spa":31,"spd":31,"spe":31},"item":"Leftovers","level":81,"shiny":false}],"p2team":[{"name":"Gogoat","moves":["milkdrink","leechseed","rockslide","hornleech"],"ability":"Sap Sipper","evs":{"hp":85,"atk":85,"def":85,"spa":85,"spd":85,"spe":85},"ivs":{"hp":31,"atk":31,"def":31,"spa":31,"spd":31,"spe":31},"item":"Focus Sash","level":83,"shiny":false},{"name":"Hariyama","moves":["bulkup","bulletpunch","closecombat","knockoff"],"ability":"Thick Fat","evs":{"hp":85,"atk":85,"def":85,"spa":85,"spd":85,"spe":85},"ivs":{"hp":31,"atk":31,"def":31,"spa":31,"spd":31,"spe":31},"item":"Life Orb","level":81,"shiny":false},{"name":"Marowak","moves":["stoneedge","stealthrock","substitute","earthquake"],"ability":"Rock Head","evs":{"hp":85,"atk":85,"def":85,"spa":85,"spd":85,"spe":85},"ivs":{"hp":31,"atk":31,"def":31,"spa":31,"spd":31,"spe":31},"item":"Thick Club","level":83,"shiny":false},{"name":"Quagsire","moves":["icebeam","earthquake","toxic","encore"],"ability":"Unaware","evs":{"hp":85,"atk":85,"def":85,"spa":85,"spd":85,"spe":85},"ivs":{"hp":31,"atk":31,"def":31,"spa":31,"spd":31,"spe":31},"item":"Leftovers","level":81,"shiny":false},{"name":"Entei","moves":["stoneedge","flareblitz","bulldoze","extremespeed"],"ability":"Flash Fire","evs":{"hp":81,"atk":89,"def":85,"spa":85,"spd":85,"spe":85},"ivs":{"hp":31,"atk":31,"def":31,"spa":31,"spd":31,"spe":31},"item":"Choice Band","level":77,"shiny":false},{"name":"Reshiram","moves":["stoneedge","dracometeor","toxic","roost"],"ability":"Turboblaze","evs":{"hp":85,"atk":85,"def":85,"spa":85,"spd":85,"spe":85},"ivs":{"hp":31,"atk":31,"def":31,"spa":31,"spd":31,"spe":31},"item":"Leftovers","level":73,"shiny":false}],"log":["|player|p1|gtx ninja|131","|player|p2|Ino-Shicka-Cho|inoshickacho.png","|gametype|singles","|gen|6","|tier|Random Battle","|rated","|rule|Sleep Clause Mod: Limit one foe put to sleep","|rule|HP Percentage Mod: HP is shown in percentages","|","|start","|switch|p1a: Accelgor|Accelgor, L79, F|255/255","|switch|p2a: Gogoat|Gogoat, L83, M|340/340","|turn|1","|","|move|p1a: Accelgor|Bug Buzz|p2a: Gogoat","|-supereffective|p2a: Gogoat","|-damage|p2a: Gogoat|166/340","|-unboost|p2a: Gogoat|spd|1","|move|p2a: Gogoat|Rock Slide|p1a: Accelgor","|-supereffective|p1a: Accelgor","|-damage|p1a: Accelgor|57/255","|","|turn|2","|","|switch|p2a: Hariyama|Hariyama, L81, M|366/366","|move|p1a: Accelgor|Bug Buzz|p2a: Hariyama","|-crit|p2a: Hariyama","|-resisted|p2a: Hariyama","|-damage|p2a: Hariyama|277/366","|-unboost|p2a: Hariyama|spd|1","|","|turn|3","|","|move|p1a: Accelgor|Giga Drain|p2a: Hariyama","|-damage|p2a: Hariyama|181/366","|-heal|p1a: Accelgor|105/255|[from] drain|[of] p2a: Hariyama","|move|p2a: Hariyama|Bulk Up|p2a: Hariyama","|-boost|p2a: Hariyama|atk|1","|-boost|p2a: Hariyama|def|1","|","|turn|4","|","|move|p1a: Accelgor|Bug Buzz|p2a: Hariyama","|-resisted|p2a: Hariyama","|-damage|p2a: Hariyama|95/366","|move|p2a: Hariyama|Bulk Up|p2a: Hariyama","|-boost|p2a: Hariyama|atk|1","|-boost|p2a: Hariyama|def|1","|","|turn|5","|","|move|p1a: Accelgor|Giga Drain|p2a: Hariyama","|-damage|p2a: Hariyama|1/366","|-heal|p1a: Accelgor|152/255|[from] drain|[of] p2a: Hariyama","|move|p2a: Hariyama|Bulk Up|p2a: Hariyama","|-boost|p2a: Hariyama|atk|1","|-boost|p2a: Hariyama|def|1","|","|turn|6","|","|move|p2a: Hariyama|Bullet Punch|p1a: Accelgor","|-damage|p1a: Accelgor|0 fnt","|-damage|p2a: Hariyama|0 fnt|[from] item: Life Orb","|faint|p1a: Accelgor","|faint|p2a: Hariyama","|","|","|switch|p1a: Sandslash|Sandslash, L81, F|254/254","|switch|p2a: Marowak|Marowak, L83, F|235/235","|turn|7","|","|move|p1a: Sandslash|Knock Off|p2a: Marowak","|-damage|p2a: Marowak|182/235","|-enditem|p2a: Marowak|Thick Club|[from] move: Knock Off|[of] p1a: Sandslash","|move|p2a: Marowak|Stealth Rock|p1a: Sandslash","|-sidestart|p1: gtx ninja|move: Stealth Rock","|","|turn|8","|","|move|p1a: Sandslash|Knock Off|p2a: Marowak","|-damage|p2a: Marowak|146/235","|move|p2a: Marowak|Substitute|p2a: Marowak","|-start|p2a: Marowak|Substitute","|-damage|p2a: Marowak|88/235","|","|turn|9","|","|move|p1a: Sandslash|Knock Off|p2a: Marowak","|-activate|p2a: Marowak|Substitute|[damage]","|move|p2a: Marowak|Earthquake|p1a: Sandslash","|-crit|p1a: Sandslash","|-damage|p1a: Sandslash|128/254","|","|-heal|p1a: Sandslash|143/254|[from] item: Leftovers","|turn|10","|","|move|p1a: Sandslash|Knock Off|p2a: Marowak","|-end|p2a: Marowak|Substitute","|move|p2a: Marowak|Earthquake|p1a: Sandslash","|-damage|p1a: Sandslash|64/254","|","|-heal|p1a: Sandslash|79/254|[from] item: Leftovers","|turn|11","|","|move|p1a: Sandslash|Knock Off|p2a: Marowak","|-damage|p2a: Marowak|47/235","|move|p2a: Marowak|Earthquake|p1a: Sandslash","|-damage|p1a: Sandslash|6/254","|","|-heal|p1a: Sandslash|21/254|[from] item: Leftovers","|turn|12","|","|move|p1a: Sandslash|Earthquake|p2a: Marowak","|-damage|p2a: Marowak|0 fnt","|faint|p2a: Marowak","|","|-heal|p1a: Sandslash|36/254|[from] item: Leftovers","|","|switch|p2a: Entei|Entei, L77|303/303","|turn|13","|","|move|p2a: Entei|Flare Blitz|p1a: Sandslash","|-damage|p1a: Sandslash|0 fnt","|-damage|p2a: Entei|291/303|[from] recoil|[of] p1a: Sandslash","|faint|p1a: Sandslash","|","|","|switch|p1a: Lunatone|Lunatone, L83|252/252","|-damage|p1a: Lunatone|221/252|[from] Stealth Rock","|turn|14","|","|switch|p2a: Gogoat|Gogoat, L83, M|166/340","|move|p1a: Lunatone|Ancient Power|p2a: Gogoat","|-damage|p2a: Gogoat|93/340","|","|-heal|p1a: Lunatone|236/252|[from] item: Leftovers","|turn|15","|","|move|p1a: Lunatone|Psychic|p2a: Gogoat","|-damage|p2a: Gogoat|2/340","|move|p2a: Gogoat|Milk Drink|p2a: Gogoat","|-heal|p2a: Gogoat|172/340","|","|-heal|p1a: Lunatone|251/252|[from] item: Leftovers","|turn|16","|","|move|p1a: Lunatone|Psychic|p2a: Gogoat","|-damage|p2a: Gogoat|73/340","|-unboost|p2a: Gogoat|spd|1","|move|p2a: Gogoat|Horn Leech|p1a: Lunatone","|-crit|p1a: Lunatone","|-supereffective|p1a: Lunatone","|-damage|p1a: Lunatone|0 fnt","|-heal|p2a: Gogoat|199/340|[from] drain|[of] p1a: Lunatone","|faint|p1a: Lunatone","|","|","|switch|p1a: Emboar|Emboar, L79, M|303/303","|-damage|p1a: Emboar|266/303|[from] Stealth Rock","|turn|17","|","|switch|p2a: Entei|Entei, L77|291/303","|move|p1a: Emboar|Superpower|p2a: Entei","|-damage|p2a: Entei|146/303","|-unboost|p1a: Emboar|atk|1","|-unboost|p1a: Emboar|def|1","|","|turn|18","|","|move|p2a: Entei|Extreme Speed|p1a: Emboar","|-damage|p1a: Emboar|112/303","|move|p1a: Emboar|Stone Edge|p2a: Entei","|-supereffective|p2a: Entei","|-damage|p2a: Entei|12/303","|","|turn|19","|","|move|p2a: Entei|Extreme Speed|p1a: Emboar","|-damage|p1a: Emboar|0 fnt","|faint|p1a: Emboar","|","|","|switch|p1a: Kyurem|Kyurem, L78|323/323","|-damage|p1a: Kyurem|243/323|[from] Stealth Rock","|-ability|p1a: Kyurem|Pressure","|turn|20","|","|switch|p2a: Quagsire|Quagsire, L81, F|287/287","|move|p1a: Kyurem|Outrage|p2a: Quagsire","|-damage|p2a: Quagsire|131/287","|","|-heal|p1a: Kyurem|263/323|[from] item: Leftovers","|-heal|p2a: Quagsire|148/287|[from] item: Leftovers","|turn|21","|","|move|p1a: Kyurem|Outrage|p2a: Quagsire|[from]lockedmove","|-damage|p2a: Quagsire|0 fnt","|-start|p1a: Kyurem|confusion|[fatigue]","|faint|p2a: Quagsire","|","|-heal|p1a: Kyurem|283/323|[from] item: Leftovers","|","|switch|p2a: Gogoat|Gogoat, L83, M|199/340","|turn|22","|","|-activate|p1a: Kyurem|confusion","|move|p1a: Kyurem|Ice Beam|p2a: Gogoat","|-supereffective|p2a: Gogoat","|-damage|p2a: Gogoat|0 fnt","|faint|p2a: Gogoat","|","|-heal|p1a: Kyurem|303/323|[from] item: Leftovers","|","|switch|p2a: Reshiram|Reshiram, L73|266/266","|-ability|p2a: Reshiram|Turboblaze","|turn|23","|","|-activate|p1a: Kyurem|confusion","|move|p1a: Kyurem|Outrage|p2a: Reshiram","|-supereffective|p2a: Reshiram","|-damage|p2a: Reshiram|0 fnt","|faint|p2a: Reshiram","|","|-heal|p1a: Kyurem|323/323|[from] item: Leftovers","|","|switch|p2a: Entei|Entei, L77|12/303","|turn|24","|","|move|p2a: Entei|Stone Edge|p1a: Kyurem|[miss]","|-miss|p2a: Entei|p1a: Kyurem","|-end|p1a: Kyurem|confusion","|move|p1a: Kyurem|Outrage|p2a: Entei|[from]lockedmove","|-crit|p2a: Entei","|-damage|p2a: Entei|0 fnt","|faint|p2a: Entei","|","|win|gtx ninja"],"p1rating":{"entryid":7686740,"formatid":"randombattle","userid":"gtxninja","username":"gtx ninja","r":1500,"rd":130,"sigma":0,"rpr":1540.1606143388,"rprd":122.8583080769,"rpsigma":0,"rptime":1439715600,"w":1,"l":0,"t":0,"gxe":55,"acre":1040,"lacre":1040,"oldacre":1000},"p2rating":{"entryid":7686741,"formatid":"randombattle","userid":"inoshickacho","username":"Ino-Shicka-Cho","r":1500,"rd":130,"sigma":0,"rpr":1459.8393856612,"rprd":122.8583080769,"rpsigma":0,"rptime":1439715600,"w":0,"l":1,"t":0,"gxe":45,"acre":1000,"lacre":1000,"oldacre":1000},"endType":"normal"}