{"seed":[50003,17825,16247,8321],"turns":18,"p1":"Apex✦Mr. X - ⒷⓊⒸⓀⓈ","p2":"Chandemau","p1team":[{"name":"Corsola","moves":["scald","powergem","stealthrock","recover"],"ability":"Regenerator","evs":{"hp":85,"atk":85,"def":85,"spa":85,"spd":85,"spe":85},"ivs":{"hp":31,"atk":31,"def":31,"spa":31,"spd":31,"spe":31},"item":"Air Balloon","level":83,"shiny":false},{"name":"Whimsicott","moves":["stunspore","encore","substitute","moonblast"],"ability":"Prankster","evs":{"hp":85,"atk":85,"def":85,"spa":85,"spd":85,"spe":85},"ivs":{"hp":31,"atk":31,"def":31,"spa":31,"spd":31,"spe":31},"item":"Leftovers","level":77,"shiny":false},{"name":"Sigilyph","moves":["roost","cosmicpower","storedpower","psychoshift"],"ability":"Magic Guard","evs":{"hp":85,"atk":85,"def":85,"spa":85,"spd":85,"spe":85},"ivs":{"hp":31,"atk":31,"def":31,"spa":31,"spd":31,"spe":31},"item":"Flame Orb","level":79,"shiny":false},{"name":"Exeggutor","moves":["hiddenpowerfire","sleeppowder","psychic","gigadrain"],"ability":"Harvest","evs":{"hp":85,"atk":85,"def":85,"spa":85,"spd":85,"spe":85},"ivs":{"hp":31,"atk":30,"def":31,"spa":30,"spd":31,"spe":30},"item":"Sitrus Berry","level":81,"shiny":false},{"name":"Rhyperior","moves":["rockpolish","aquatail","stoneedge","megahorn"],"ability":"Solid Rock","evs":{"hp":85,"atk":85,"def":85,"spa":85,"spd":85,"spe":85},"ivs":{"hp":31,"atk":31,"def":31,"spa":31,"spd":31,"spe":31},"item":"Weakness Policy","level":79,"shiny":false},{"name":"Hariyama","moves":["stoneedge","icepunch","closecombat","bulkup"],"ability":"Thick Fat","evs":{"hp":85,"atk":85,"def":85,"spa":85,"spd":85,"spe":85},"ivs":{"hp":31,"atk":31,"def":31,"spa":31,"spd":31,"spe":31},"item":"Life Orb","level":81,"shiny":false}],"p2team":[{"name":"Scolipede","moves":["megahorn","earthquake","substitute","poisonjab"],"ability":"Speed Boost","evs":{"hp":81,"atk":89,"def":85,"spa":85,"spd":85,"spe":85},"ivs":{"hp":31,"atk":31,"def":31,"spa":31,"spd":31,"spe":31},"item":"Black Sludge","level":76,"shiny":false},{"name":"Articuno","moves":["roost","freezedry","substitute","toxic"],"ability":"Snow Cloak","evs":{"hp":85,"atk":85,"def":85,"spa":85,"spd":85,"spe":85},"ivs":{"hp":31,"atk":31,"def":31,"spa":31,"spd":31,"spe":31},"item":"Leftovers","level":83,"shiny":false},{"name":"Alakazam","moves":["psyshock","encore","substitute","shadowball"],"ability":"Magic Guard","evs":{"hp":85,"atk":85,"def":85,"spa":85,"spd":85,"spe":85},"ivs":{"hp":31,"atk":31,"def":31,"spa":31,"spd":31,"spe":31},"item":"Alakazite","level":75,"shiny":false},{"name":"Claydol","moves":["toxic","psychic","rapidspin","earthquake"],"ability":"Levitate","evs":{"hp":85,"atk":85,"def":85,"spa":85,"spd":85,"spe":85},"ivs":{"hp":31,"atk":31,"def":31,"spa":31,"spd":31,"spe":31},"item":"Leftovers","level":81,"shiny":false},{"name":"Sylveon","moves":["calmmind","hypervoice","shadowball","protect"],"ability":"Pixilate","evs":{"hp":85,"atk":85,"def":85,"spa":85,"spd":85,"spe":85},"ivs":{"hp":31,"atk":31,"def":31,"spa":31,"spd":31,"spe":31},"item":"Leftovers","level":75,"shiny":false},{"name":"Regigigas","moves":["return","confuseray","thunderwave","earthquake"],"ability":"Slow Start","evs":{"hp":85,"atk":85,"def":85,"spa":85,"spd":85,"spe":85},"ivs":{"hp":31,"atk":31,"def":31,"spa":31,"spd":31,"spe":31},"item":"Leftovers","level":83,"shiny":false}],"log":["|player|p1|Apex✦Mr. X - ⒷⓊⒸⓀⓈ|151","|player|p2|Chandemau|290","|gametype|singles","|gen|6","|tier|Random Battle","|rated","|rule|Sleep Clause Mod: Limit one foe put to sleep","|rule|HP Percentage Mod: HP is shown in percentages","|","|start","|switch|p1a: Corsola|Corsola, L83, M|227/227","|switch|p2a: Scolipede|Scolipede, L76, M|215/215","|-item|p1a: Corsola|Air Balloon","|turn|1","|","|move|p2a: Scolipede|Earthquake|p1a: Corsola","|-immune|p1a: Corsola|[msg]","|move|p1a: Corsola|Power Gem|p2a: Scolipede","|-supereffective|p2a: Scolipede","|-damage|p2a: Scolipede|51/215","|","|-heal|p2a: Scolipede|64/215|[from] item: Black Sludge","|-boost|p2a: Scolipede|spe|1|[from] ability: Speed Boost","|turn|2","|","|move|p2a: Scolipede|Poison Jab|p1a: Corsola","|-resisted|p1a: Corsola","|-damage|p1a: Corsola|191/227","|-enditem|p1a: Corsola|Air Balloon","|move|p1a: Corsola|Power Gem|p2a: Scolipede","|-supereffective|p2a: Scolipede","|-damage|p2a: Scolipede|0 fnt","|faint|p2a: Scolipede","|","|","|switch|p2a: Regigigas|Regigigas, L83|318/318","|-start|p2a: Regigigas|Slow Start","|turn|3","|","|move|p2a: Regigigas|Thunder Wave|p1a: Corsola","|-status|p1a: Corsola|par","|move|p1a: Corsola|Scald|p2a: Regigigas","|-damage|p2a: Regigigas|267/318","|","|-heal|p2a: Regigigas|286/318|[from] item: Leftovers","|turn|4","|","|move|p2a: Regigigas|Return|p1a: Corsola","|-resisted|p1a: Corsola","|-damage|p1a: Corsola|153/227 par","|move|p1a: Corsola|Power Gem|p2a: Regigigas","|-damage|p2a: Regigigas|234/318","|","|-heal|p2a: Regigigas|253/318|[from] item: Leftovers","|turn|5","|","|move|p2a: Regigigas|Return|p1a: Corsola","|-resisted|p1a: Corsola","|-damage|p1a: Corsola|113/227 par","|move|p1a: Corsola|Stealth Rock|p2a: Regigigas","|-sidestart|p2: Chandemau|move: Stealth Rock","|","|-heal|p2a: Regigigas|272/318|[from] item: Leftovers","|turn|6","|","|move|p2a: Regigigas|Return|p1a: Corsola","|-resisted|p1a: Corsola","|-damage|p1a: Corsola|70/227 par","|cant|p1a: Corsola|par","|","|-heal|p2a: Regigigas|291/318|[from] item: Leftovers","|turn|7","|","|move|p2a: Regigigas|Return|p1a: Corsola","|-resisted|p1a: Corsola","|-damage|p1a: Corsola|29/227 par","|cant|p1a: Corsola|par","|","|-end|p2a: Regigigas|Slow Start","|-heal|p2a: Regigigas|310/318|[from] item: Leftovers","|turn|8","|","|move|p2a: Regigigas|Return|p1a: Corsola","|-resisted|p1a: Corsola","|-damage|p1a: Corsola|0 fnt","|faint|p1a: Corsola","|","|-heal|p2a: Regigigas|318/318|[from] item: Leftovers","|","|switch|p1a: Whimsicott|Whimsicott, L77, F|219/219","|turn|9","|","|move|p1a: Whimsicott|Moonblast|p2a: Regigigas","|-damage|p2a: Regigigas|254/318","|move|p2a: Regigigas|Earthquake|p1a: Whimsicott","|-resisted|p1a: Whimsicott","|-damage|p1a: Whimsicott|165/219","|","|-heal|p1a: Whimsicott|178/219|[from] item: Leftovers","|-heal|p2a: Regigigas|273/318|[from] item: Leftovers","|turn|10","|","|move|p1a: Whimsicott|Moonblast|p2a: Regigigas","|-damage|p2a: Regigigas|207/318","|move|p2a: Regigigas|Confuse Ray|p1a: Whimsicott","|-start|p1a: Whimsicott|confusion","|","|-heal|p1a: Whimsicott|191/219|[from] item: Leftovers","|-heal|p2a: Regigigas|226/318|[from] item: Leftovers","|turn|11","|","|-activate|p1a: Whimsicott|confusion","|-damage|p1a: Whimsicott|170/219|[from] confusion","|move|p2a: Regigigas|Earthquake|p1a: Whimsicott","|-resisted|p1a: Whimsicott","|-damage|p1a: Whimsicott|113/219","|","|-heal|p1a: Whimsicott|126/219|[from] item: Leftovers","|-heal|p2a: Regigigas|245/318|[from] item: Leftovers","|turn|12","|","|-activate|p1a: Whimsicott|confusion","|-damage|p1a: Whimsicott|105/219|[from] confusion","|move|p2a: Regigigas|Earthquake|p1a: Whimsicott","|-resisted|p1a: Whimsicott","|-damage|p1a: Whimsicott|46/219","|","|-heal|p1a: Whimsicott|59/219|[from] item: Leftovers","|-heal|p2a: Regigigas|264/318|[from] item: Leftovers","|turn|13","|","|-activate|p1a: Whimsicott|confusion","|-damage|p1a: Whimsicott|38/219|[from] confusion","|move|p2a: Regigigas|Earthquake|p1a: Whimsicott","|-resisted|p1a: Whimsicott","|-damage|p1a: Whimsicott|0 fnt","|faint|p1a: Whimsicott","|","|-heal|p2a: Regigigas|283/318|[from] item: Leftovers","|","|switch|p1a: Sigilyph|Sigilyph, L79, M|243/243","|turn|14","|","|move|p2a: Regigigas|Thunder Wave|p1a: Sigilyph","|-status|p1a: Sigilyph|par","|move|p1a: Sigilyph|Psycho Shift|p2a: Regigigas","|-status|p2a: Regigigas|par","|-curestatus|p1a: Sigilyph|par","|","|-heal|p2a: Regigigas|302/318 par|[from] item: Leftovers","|-status|p1a: Sigilyph|brn|[from] item: Flame Orb","|turn|15","|","|move|p1a: Sigilyph|Stored Power|p2a: Regigigas","|-crit|p2a: Regigigas","|-damage|p2a: Regigigas|277/318 par","|move|p2a: Regigigas|Return|p1a: Sigilyph","|-damage|p1a: Sigilyph|47/243 brn","|","|-heal|p2a: Regigigas|296/318 par|[from] item: Leftovers","|turn|16","|","|move|p1a: Sigilyph|Roost|p1a: Sigilyph","|-heal|p1a: Sigilyph|169/243 brn","|cant|p2a: Regigigas|par","|","|-heal|p2a: Regigigas|315/318 par|[from] item: Leftovers","|turn|17","|","|move|p1a: Sigilyph|Stored Power|p2a: Regigigas","|-damage|p2a: Regigigas|296/318 par","|cant|p2a: Regigigas|par","|","|-heal|p2a: Regigigas|315/318 par|[from] item: Leftovers","|turn|18","|","|win|Apex✦Mr. X - ⒷⓊⒸⓀⓈ"],"p1rating":{"entryid":4787,"formatid":"randombattle","userid":"apexmrx","username":"Apex✦Mr. X - ⒷⓊⒸⓀⓈ","r":1500,"rd":130,"sigma":0,"rpr":1540.1606143388,"rprd":122.8583080769,"rpsigma":0,"rptime":1439802000,"w":1,"l":0,"t":0,"gxe":55,"acre":1040,"lacre":1040,"oldacre":1000},"p2rating":{"entryid":4788,"formatid":"randombattle","userid":"chandemau","username":"Chandemau","r":1500,"rd":130,"sigma":0,"rpr":1459.8393856612,"rprd":122.8583080769,"rpsigma":0,"rptime":1439802000,"w":0,"l":1,"t":0,"gxe":45,"acre":1000,"lacre":1000,"oldacre":1000},"endType":"forfeit"}