{"seed":[56861,30296,32070,645],"turns":30,"p1":"mersh","p2":"pugmaster99","p1team":[{"name":"Bronzong","moves":["toxic","lightscreen","stealthrock","gyroball"],"ability":"Levitate","evs":{"hp":85,"atk":170,"def":85,"spa":85,"spd":85,"spe":0},"ivs":{"hp":31,"atk":31,"def":31,"spa":31,"spd":31,"spe":0},"item":"Light Clay","level":79,"shiny":false},{"name":"Krookodile","moves":["knockoff","earthquake","stoneedge","pursuit"],"ability":"Intimidate","evs":{"hp":85,"atk":85,"def":85,"spa":85,"spd":85,"spe":85},"ivs":{"hp":31,"atk":31,"def":31,"spa":31,"spd":31,"spe":31},"item":"Choice Band","level":77,"shiny":false},{"name":"Marowak","moves":["bonemerang","knockoff","stealthrock","substitute"],"ability":"Rock Head","evs":{"hp":85,"atk":85,"def":85,"spa":85,"spd":85,"spe":85},"ivs":{"hp":31,"atk":31,"def":31,"spa":31,"spd":31,"spe":31},"item":"Thick Club","level":83,"shiny":false},{"name":"Uxie","moves":["knockoff","yawn","healbell","psychic"],"ability":"Levitate","evs":{"hp":85,"atk":85,"def":85,"spa":85,"spd":85,"spe":85},"ivs":{"hp":31,"atk":31,"def":31,"spa":31,"spd":31,"spe":31},"item":"Leftovers","level":79,"shiny":false},{"name":"Eelektross","moves":["gigadrain","acidspray","aquatail","thunderbolt"],"ability":"Levitate","evs":{"hp":85,"atk":85,"def":85,"spa":85,"spd":85,"spe":85},"ivs":{"hp":31,"atk":31,"def":31,"spa":31,"spd":31,"spe":31},"item":"Expert Belt","level":79,"shiny":false},{"name":"Carnivine","moves":["knockoff","sleeppowder","swordsdance","powerwhip"],"ability":"Levitate","evs":{"hp":85,"atk":85,"def":85,"spa":85,"spd":85,"spe":85},"ivs":{"hp":31,"atk":31,"def":31,"spa":31,"spd":31,"spe":31},"item":"Leftovers","level":83,"shiny":false}],"p2team":[{"name":"Claydol","moves":["stealthrock","rapidspin","toxic","earthquake"],"ability":"Levitate","evs":{"hp":85,"atk":85,"def":85,"spa":85,"spd":85,"spe":85},"ivs":{"hp":31,"atk":31,"def":31,"spa":31,"spd":31,"spe":31},"item":"Leftovers","level":81,"shiny":false},{"name":"Porygon2","moves":["triattack","icebeam","thunderwave","thunderbolt"],"ability":"Download","evs":{"hp":85,"atk":85,"def":85,"spa":85,"spd":85,"spe":85},"ivs":{"hp":31,"atk":31,"def":31,"spa":31,"spd":31,"spe":31},"item":"Eviolite","level":77,"shiny":false},{"name":"Musharna","moves":["thunderwave","healbell","psyshock","signalbeam"],"ability":"Synchronize","evs":{"hp":85,"atk":85,"def":85,"spa":85,"spd":85,"spe":85},"ivs":{"hp":31,"atk":31,"def":31,"spa":31,"spd":31,"spe":31},"item":"Leftovers","level":81,"shiny":false},{"name":"Kyurem-White","moves":["focusblast","dracometeor","toxic","fusionflare"],"ability":"Turboblaze","evs":{"hp":85,"atk":85,"def":85,"spa":85,"spd":85,"spe":85},"ivs":{"hp":31,"atk":31,"def":31,"spa":31,"spd":31,"spe":31},"item":"Leftovers","level":73,"shiny":false},{"name":"Klinklang","moves":["return","shiftgear","geargrind","wildcharge"],"ability":"Clear Body","evs":{"hp":85,"atk":85,"def":85,"spa":85,"spd":85,"spe":85},"ivs":{"hp":31,"atk":31,"def":31,"spa":31,"spd":31,"spe":31},"item":"Life Orb","level":81,"shiny":false},{"name":"Absol","moves":["playrough","swordsdance","knockoff","superpower"],"ability":"Justified","evs":{"hp":85,"atk":85,"def":85,"spa":85,"spd":85,"spe":85},"ivs":{"hp":31,"atk":31,"def":31,"spa":31,"spd":31,"spe":31},"item":"Absolite","level":77,"shiny":false}],"log":["|player|p1|mersh|266","|player|p2|pugmaster99|269","|gametype|singles","|gen|6","|tier|Random Battle","|rated","|rule|Sleep Clause Mod: Limit one foe put to sleep","|rule|HP Percentage Mod: HP is shown in percentages","|","|start","|switch|p1a: Bronzong|Bronzong, L79|235/235","|switch|p2a: Claydol|Claydol, L81|230/230","|turn|1","|","|move|p2a: Claydol|Earthquake|p1a: Bronzong","|-immune|p1a: Bronzong|[msg]","|move|p1a: Bronzong|Stealth Rock|p2a: Claydol","|-sidestart|p2: pugmaster99|move: Stealth Rock","|","|turn|2","|","|move|p2a: Claydol|Stealth Rock|p1a: Bronzong","|-sidestart|p1: mersh|move: Stealth Rock","|move|p1a: Bronzong|Light Screen|p1a: Bronzong","|-sidestart|p1: mersh|move: Light Screen","|","|turn|3","|","|move|p2a: Claydol|Stealth Rock|p1a: Bronzong","|-fail|p1a: Bronzong","|move|p1a: Bronzong|Toxic|p2a: Claydol","|-status|p2a: Claydol|tox","|","|-damage|p2a: Claydol|216/230 tox|[from] psn","|turn|4","|","|move|p2a: Claydol|Stealth Rock|p1a: Bronzong","|-fail|p1a: Bronzong","|move|p1a: Bronzong|Gyro Ball|p2a: Claydol","|-damage|p2a: Claydol|155/230 tox","|","|-heal|p2a: Claydol|169/230 tox|[from] item: Leftovers","|-damage|p2a: Claydol|141/230 tox|[from] psn","|turn|5","|","|move|p2a: Claydol|Rapid Spin|p1a: Bronzong","|-crit|p1a: Bronzong","|-resisted|p1a: Bronzong","|-damage|p1a: Bronzong|228/235","|-sideend|p2: pugmaster99|Stealth Rock|[from] move: Rapid Spin|[of] p2a: Claydol","|move|p1a: Bronzong|Gyro Ball|p2a: Claydol","|-damage|p2a: Claydol|71/230 tox","|","|-heal|p2a: Claydol|85/230 tox|[from] item: Leftovers","|-damage|p2a: Claydol|43/230 tox|[from] psn","|turn|6","|","|move|p2a: Claydol|Toxic|p1a: Bronzong|[miss]","|-miss|p2a: Claydol|p1a: Bronzong","|move|p1a: Bronzong|Stealth Rock|p2a: Claydol","|-sidestart|p2: pugmaster99|move: Stealth Rock","|","|-heal|p2a: Claydol|57/230 tox|[from] item: Leftovers","|-damage|p2a: Claydol|1/230 tox|[from] psn","|turn|7","|","|move|p2a: Claydol|Toxic|p1a: Bronzong","|-immune|p1a: Bronzong|[msg]","|move|p1a: Bronzong|Stealth Rock|p2a: Claydol","|-fail|p2a: Claydol","|","|-heal|p2a: Claydol|15/230 tox|[from] item: Leftovers","|-damage|p2a: Claydol|0 fnt|[from] psn","|faint|p2a: Claydol","|","|switch|p2a: Kyurem-White|Kyurem-White, L73|303/303","|-damage|p2a: Kyurem-White|228/303|[from] Stealth Rock","|-ability|p2a: Kyurem-White|Turboblaze","|turn|8","|","|move|p2a: Kyurem-White|Fusion Flare|p1a: Bronzong","|-supereffective|p1a: Bronzong","|-damage|p1a: Bronzong|152/235","|move|p1a: Bronzong|Toxic|p2a: Kyurem-White","|-status|p2a: Kyurem-White|tox","|","|-heal|p2a: Kyurem-White|246/303 tox|[from] item: Leftovers","|-damage|p2a: Kyurem-White|228/303 tox|[from] psn","|turn|9","|","|move|p2a: Kyurem-White|Draco Meteor|p1a: Bronzong","|-resisted|p1a: Bronzong","|-damage|p1a: Bronzong|117/235","|-unboost|p2a: Kyurem-White|spa|2","|move|p1a: Bronzong|Gyro Ball|p2a: Kyurem-White","|-supereffective|p2a: Kyurem-White","|-damage|p2a: Kyurem-White|70/303 tox","|","|-heal|p2a: Kyurem-White|88/303 tox|[from] item: Leftovers","|-damage|p2a: Kyurem-White|52/303 tox|[from] psn","|-sideend|p1: mersh|move: Light Screen","|turn|10","|","|move|p2a: Kyurem-White|Focus Blast|p1a: Bronzong","|-damage|p1a: Bronzong|73/235","|move|p1a: Bronzong|Light Screen|p1a: Bronzong","|-sidestart|p1: mersh|move: Light Screen","|","|-heal|p2a: Kyurem-White|70/303 tox|[from] item: Leftovers","|-damage|p2a: Kyurem-White|16/303 tox|[from] psn","|turn|11","|","|move|p2a: Kyurem-White|Fusion Flare|p1a: Bronzong","|-supereffective|p1a: Bronzong","|-damage|p1a: Bronzong|37/235","|move|p1a: Bronzong|Gyro Ball|p2a: Kyurem-White","|-supereffective|p2a: Kyurem-White","|-damage|p2a: Kyurem-White|0 fnt","|faint|p2a: Kyurem-White","|","|","|switch|p2a: Absol|Absol, L77, F|227/227","|-damage|p2a: Absol|199/227|[from] Stealth Rock","|turn|12","|","|move|p2a: Absol|Knock Off|p1a: Bronzong","|-supereffective|p1a: Bronzong","|-damage|p1a: Bronzong|0 fnt","|-enditem|p1a: Bronzong|Light Clay|[from] move: Knock Off|[of] p2a: Absol","|faint|p1a: Bronzong","|","|","|switch|p1a: Krookodile|Krookodile, L77, F|273/273","|-damage|p1a: Krookodile|256/273|[from] Stealth Rock","|-ability|p1a: Krookodile|Intimidate","|-unboost|p2a: Absol|atk|1","|turn|13","|","|move|p1a: Krookodile|Stone Edge|p2a: Absol","|-damage|p2a: Absol|60/227","|move|p2a: Absol|Play Rough|p1a: Krookodile","|-crit|p1a: Krookodile","|-supereffective|p1a: Krookodile","|-damage|p1a: Krookodile|12/273","|","|turn|14","|","|move|p1a: Krookodile|Stone Edge|p2a: Absol","|-damage|p2a: Absol|0 fnt","|faint|p2a: Absol","|","|","|switch|p2a: Musharna|Musharna, L81, F|321/321","|-damage|p2a: Musharna|281/321|[from] Stealth Rock","|turn|15","|","|move|p1a: Krookodile|Stone Edge|p2a: Musharna","|-crit|p2a: Musharna","|-damage|p2a: Musharna|127/321","|move|p2a: Musharna|Signal Beam|p1a: Krookodile","|-supereffective|p1a: Krookodile","|-damage|p1a: Krookodile|0 fnt","|faint|p1a: Krookodile","|","|-heal|p2a: Musharna|147/321|[from] item: Leftovers","|","|switch|p1a: Uxie|Uxie, L79|248/248","|-damage|p1a: Uxie|217/248|[from] Stealth Rock","|turn|16","|","|move|p1a: Uxie|Knock Off|p2a: Musharna","|-supereffective|p2a: Musharna","|-damage|p2a: Musharna|45/321","|-enditem|p2a: Musharna|Leftovers|[from] move: Knock Off|[of] p1a: Uxie","|move|p2a: Musharna|Thunder Wave|p1a: Uxie","|-status|p1a: Uxie|par","|","|-heal|p1a: Uxie|232/248 par|[from] item: Leftovers","|turn|17","|","|move|p2a: Musharna|Signal Beam|p1a: Uxie","|-supereffective|p1a: Uxie","|-damage|p1a: Uxie|187/248 par","|move|p1a: Uxie|Knock Off|p2a: Musharna","|-supereffective|p2a: Musharna","|-damage|p2a: Musharna|0 fnt","|faint|p2a: Musharna","|","|-heal|p1a: Uxie|202/248 par|[from] item: Leftovers","|-sideend|p1: mersh|move: Light Screen","|","|switch|p2a: Porygon2|Porygon2, L77|257/257","|-damage|p2a: Porygon2|225/257|[from] Stealth Rock","|-boost|p2a: Porygon2|spa|1|[from] ability: Download","|turn|18","|","|move|p2a: Porygon2|Ice Beam|p1a: Uxie","|-damage|p1a: Uxie|137/248 par","|move|p1a: Uxie|Yawn|p2a: Porygon2","|-start|p2a: Porygon2|move: Yawn|[of] p1a: Uxie","|","|-heal|p1a: Uxie|152/248 par|[from] item: Leftovers","|turn|19","|","|move|p2a: Porygon2|Tri Attack|p1a: Uxie","|-damage|p1a: Uxie|61/248 par","|move|p1a: Uxie|Knock Off|p2a: Porygon2","|-damage|p2a: Porygon2|190/257","|-enditem|p2a: Porygon2|Eviolite|[from] move: Knock Off|[of] p1a: Uxie","|","|-end|p2a: Porygon2|move: Yawn|[silent]","|-status|p2a: Porygon2|slp","|-heal|p1a: Uxie|76/248 par|[from] item: Leftovers","|turn|20","|","|cant|p2a: Porygon2|slp","|move|p1a: Uxie|Heal Bell|p1a: Uxie","|-cureteam|p1a: Uxie|[from] move: HealBell","|","|-heal|p1a: Uxie|91/248|[from] item: Leftovers","|turn|21","|","|move|p1a: Uxie|Psychic|p2a: Porygon2","|-damage|p2a: Porygon2|114/257 slp","|-curestatus|p2a: Porygon2|slp","|move|p2a: Porygon2|Ice Beam|p1a: Uxie","|-damage|p1a: Uxie|27/248","|","|-heal|p1a: Uxie|42/248|[from] item: Leftovers","|turn|22","|","|move|p1a: Uxie|Psychic|p2a: Porygon2","|-damage|p2a: Porygon2|45/257","|move|p2a: Porygon2|Tri Attack|p1a: Uxie","|-damage|p1a: Uxie|0 fnt","|faint|p1a: Uxie","|","|","|switch|p1a: Eelektross|Eelektross, L79, M|264/264","|-damage|p1a: Eelektross|231/264|[from] Stealth Rock","|turn|23","|","|move|p2a: Porygon2|Tri Attack|p1a: Eelektross","|-damage|p1a: Eelektross|93/264","|move|p1a: Eelektross|Giga Drain|p2a: Porygon2","|-damage|p2a: Porygon2|0 fnt","|-heal|p1a: Eelektross|116/264|[from] drain|[of] p2a: Porygon2","|faint|p2a: Porygon2","|","|","|switch|p2a: Klinklang|Klinklang, L81|230/230","|-damage|p2a: Klinklang|216/230|[from] Stealth Rock","|turn|24","|","|switch|p1a: Marowak|Marowak, L83, F|235/235","|-damage|p1a: Marowak|221/235|[from] Stealth Rock","|move|p2a: Klinklang|Gear Grind|p1a: Marowak","|-damage|p1a: Marowak|163/235","|-damage|p1a: Marowak|105/235","|-hitcount|p1a: Marowak|2","|-damage|p2a: Klinklang|193/230|[from] item: Life Orb","|","|turn|25","|","|move|p2a: Klinklang|Gear Grind|p1a: Marowak","|-damage|p1a: Marowak|47/235","|-damage|p1a: Marowak|0 fnt","|-hitcount|p1a: Marowak|2","|-damage|p2a: Klinklang|170/230|[from] item: Life Orb","|faint|p1a: Marowak","|","|","|switch|p1a: Carnivine|Carnivine, L83, M|259/259","|-damage|p1a: Carnivine|227/259|[from] Stealth Rock","|turn|26","|","|move|p2a: Klinklang|Wild Charge|p1a: Carnivine","|-resisted|p1a: Carnivine","|-damage|p1a: Carnivine|179/259","|-damage|p2a: Klinklang|158/230|[from] recoil|[of] p1a: Carnivine","|-damage|p2a: Klinklang|135/230|[from] item: Life Orb","|move|p1a: Carnivine|Sleep Powder|p2a: Klinklang|[miss]","|-miss|p1a: Carnivine|p2a: Klinklang","|","|-heal|p1a: Carnivine|195/259|[from] item: Leftovers","|turn|27","|","|move|p2a: Klinklang|Gear Grind|p1a: Carnivine","|-damage|p1a: Carnivine|124/259","|-damage|p1a: Carnivine|53/259","|-hitcount|p1a: Carnivine|2","|-damage|p2a: Klinklang|112/230|[from] item: Life Orb","|move|p1a: Carnivine|Sleep Powder|p2a: Klinklang","|-status|p2a: Klinklang|slp","|","|-heal|p1a: Carnivine|69/259|[from] item: Leftovers","|turn|28","|","|cant|p2a: Klinklang|slp","|move|p1a: Carnivine|Swords Dance|p1a: Carnivine","|-boost|p1a: Carnivine|atk|2","|","|-heal|p1a: Carnivine|85/259|[from] item: Leftovers","|turn|29","|","|cant|p2a: Klinklang|slp","|move|p1a: Carnivine|Swords Dance|p1a: Carnivine","|-boost|p1a: Carnivine|atk|2","|","|-heal|p1a: Carnivine|101/259|[from] item: Leftovers","|turn|30","|","|cant|p2a: Klinklang|slp","|move|p1a: Carnivine|Knock Off|p2a: Klinklang","|-damage|p2a: Klinklang|0 fnt","|-enditem|p2a: Klinklang|Life Orb|[from] move: Knock Off|[of] p1a: Carnivine","|faint|p2a: Klinklang","|","|win|mersh"],"p1rating":{"entryid":"7697374","serverid":"eos","formatid":"randombattle","userid":"mersh","username":"mersh","w":2,"l":"0","t":"0","gxe":59,"r":"1500","rd":"130","sigma":"0","rptime":"1439802000","rpr":1572.5671258289,"rprd":116.77753930647,"rpsigma":"0","acre":1070.1028089042,"lacre":1070.1028089042,"oldacre":"1040"},"p2rating":{"entryid":7701010,"formatid":"randombattle","userid":"pugmaster99","username":"pugmaster99","r":1500,"rd":130,"sigma":0,"rpr":1459.8393856612,"rprd":122.8583080769,"rpsigma":0,"rptime":1439802000,"w":0,"l":1,"t":0,"gxe":45,"acre":1000,"lacre":1000,"oldacre":1000},"endType":"normal"}