{"seed":[7492,11560,15441,24136],"turns":31,"p1":"Ino-Shicka-Cho","p2":"GTX♅Inioszi","p1team":[{"name":"Swanna","moves":["scald","hurricane","raindance","icebeam"],"ability":"Hydration","evs":{"hp":81,"atk":85,"def":85,"spa":89,"spd":85,"spe":85},"ivs":{"hp":31,"atk":31,"def":31,"spa":31,"spd":31,"spe":31},"item":"Damp Rock","level":83,"shiny":false},{"name":"Gorebyss","moves":["substitute","batonpass","shellsmash","hydropump"],"ability":"Hydration","evs":{"hp":85,"atk":85,"def":85,"spa":85,"spd":85,"spe":85},"ivs":{"hp":31,"atk":31,"def":31,"spa":31,"spd":31,"spe":31},"item":"White Herb","level":81,"shiny":false},{"name":"Unfezant","moves":["nightslash","hypnosis","roost","return"],"ability":"Super Luck","evs":{"hp":81,"atk":89,"def":85,"spa":85,"spd":85,"spe":85},"ivs":{"hp":31,"atk":31,"def":31,"spa":31,"spd":31,"spe":31},"item":"Scope Lens","level":83,"shiny":false},{"name":"Kyurem-Black","moves":["earthpower","fusionbolt","outrage","icebeam"],"ability":"Teravolt","evs":{"hp":85,"atk":85,"def":85,"spa":85,"spd":85,"spe":85},"ivs":{"hp":31,"atk":31,"def":31,"spa":31,"spd":31,"spe":31},"item":"Assault Vest","level":75,"shiny":false},{"name":"Hypno","moves":["wish","thunderwave","protect","seismictoss"],"ability":"Insomnia","evs":{"hp":85,"atk":85,"def":85,"spa":85,"spd":85,"spe":85},"ivs":{"hp":31,"atk":31,"def":31,"spa":31,"spd":31,"spe":31},"item":"Leftovers","level":83,"shiny":false},{"name":"Cofagrigus","moves":["painsplit","hiddenpowerfighting","willowisp","shadowball"],"ability":"Mummy","evs":{"hp":85,"atk":85,"def":85,"spa":85,"spd":85,"spe":85},"ivs":{"hp":31,"atk":31,"def":30,"spa":30,"spd":30,"spe":30},"item":"Leftovers","level":79,"shiny":false}],"p2team":[{"name":"Archeops","moves":["headsmash","pluck","earthquake","uturn"],"ability":"Defeatist","evs":{"hp":85,"atk":85,"def":85,"spa":85,"spd":85,"spe":85},"ivs":{"hp":31,"atk":31,"def":31,"spa":31,"spd":31,"spe":31},"item":"Choice Band","level":81,"shiny":false},{"name":"Stunfisk","moves":["toxic","discharge","rest","earthpower"],"ability":"Static","evs":{"hp":85,"atk":85,"def":85,"spa":85,"spd":85,"spe":85},"ivs":{"hp":31,"atk":31,"def":31,"spa":31,"spd":31,"spe":31},"item":"Chesto Berry","level":83,"shiny":false},{"name":"Hitmonchan","moves":["machpunch","rapidspin","icepunch","firepunch"],"ability":"Iron Fist","evs":{"hp":85,"atk":85,"def":85,"spa":85,"spd":85,"spe":85},"ivs":{"hp":31,"atk":31,"def":31,"spa":31,"spd":31,"spe":31},"item":"Assault Vest","level":81,"shiny":false},{"name":"Dusknoir","moves":["painsplit","substitute","icepunch","shadowsneak"],"ability":"Pressure","evs":{"hp":85,"atk":85,"def":85,"spa":85,"spd":85,"spe":85},"ivs":{"hp":31,"atk":31,"def":31,"spa":31,"spd":31,"spe":31},"item":"Leftovers","level":83,"shiny":false},{"name":"Accelgor","moves":["focusblast","bugbuzz","encore","spikes"],"ability":"Hydration","evs":{"hp":81,"atk":85,"def":85,"spa":89,"spd":85,"spe":85},"ivs":{"hp":31,"atk":31,"def":31,"spa":31,"spd":31,"spe":31},"item":"Leftovers","level":79,"shiny":false},{"name":"Miltank","moves":["toxic","healbell","bodyslam","earthquake"],"ability":"Thick Fat","evs":{"hp":85,"atk":85,"def":85,"spa":85,"spd":85,"spe":85},"ivs":{"hp":31,"atk":31,"def":31,"spa":31,"spd":31,"spe":31},"item":"Leftovers","level":81,"shiny":false}],"log":["|player|p1|Ino-Shicka-Cho|inoshickacho.png","|player|p2|GTX♅Inioszi|282","|gametype|singles","|gen|6","|tier|Random Battle","|rated","|rule|Sleep Clause Mod: Limit one foe put to sleep","|rule|HP Percentage Mod: HP is shown in percentages","|","|start","|switch|p1a: Swanna|Swanna, L83, F|259/259","|switch|p2a: Archeops|Archeops, L81, M|254/254","|turn|1","|","|switch|p1a: Cofagrigus|Cofagrigus, L79, F|221/221","|move|p2a: Archeops|Head Smash|p1a: Cofagrigus","|-damage|p1a: Cofagrigus|11/221","|-activate|p1a: Cofagrigus|ability: Mummy|defeatist|[of] p2a: Archeops","|-damage|p2a: Archeops|149/254|[from] recoil|[of] p1a: Cofagrigus","|","|-heal|p1a: Cofagrigus|24/221|[from] item: Leftovers","|turn|2","|","|move|p2a: Archeops|Head Smash|p1a: Cofagrigus","|-damage|p1a: Cofagrigus|0 fnt","|-damage|p2a: Archeops|137/254|[from] recoil|[of] p1a: Cofagrigus","|faint|p1a: Cofagrigus","|","|","|switch|p1a: Gorebyss|Gorebyss, L81, F|222/222","|turn|3","|","|move|p2a: Archeops|Head Smash|p1a: Gorebyss","|-crit|p1a: Gorebyss","|-damage|p1a: Gorebyss|0 fnt","|-damage|p2a: Archeops|26/254|[from] recoil|[of] p1a: Gorebyss","|faint|p1a: Gorebyss","|","|","|switch|p1a: Hypno|Hypno, L83, F|277/277","|turn|4","|","|switch|p2a: Dusknoir|Dusknoir, L83, F|210/210","|-ability|p2a: Dusknoir|Pressure","|move|p1a: Hypno|Thunder Wave|p2a: Dusknoir","|-status|p2a: Dusknoir|par","|","|turn|5","|","|move|p1a: Hypno|Protect|p1a: Hypno","|-singleturn|p1a: Hypno|Protect","|move|p2a: Dusknoir|Shadow Sneak|p1a: Hypno","|-activate|p1a: Hypno|Protect","|","|turn|6","|","|move|p2a: Dusknoir|Shadow Sneak|p1a: Hypno","|-supereffective|p1a: Hypno","|-damage|p1a: Hypno|181/277","|move|p1a: Hypno|Wish|p1a: Hypno","|","|-heal|p1a: Hypno|198/277|[from] item: Leftovers","|turn|7","|","|move|p1a: Hypno|Thunder Wave|p2a: Dusknoir","|-fail|p2a: Dusknoir|par","|cant|p2a: Dusknoir|par","|","|-heal|p1a: Hypno|277/277|[from] move: Wish|[wisher] Hypno","|turn|8","|","|move|p1a: Hypno|Protect|p1a: Hypno","|-singleturn|p1a: Hypno|Protect","|move|p2a: Dusknoir|Substitute|p2a: Dusknoir","|-start|p2a: Dusknoir|Substitute","|-damage|p2a: Dusknoir|158/210 par","|","|-heal|p2a: Dusknoir|171/210 par|[from] item: Leftovers","|turn|9","|","|switch|p1a: Unfezant|Unfezant, L83, M|268/268","|move|p2a: Dusknoir|Shadow Sneak|p1a: Unfezant","|-immune|p1a: Unfezant|[msg]","|","|-heal|p2a: Dusknoir|184/210 par|[from] item: Leftovers","|turn|10","|","|move|p1a: Unfezant|Night Slash|p2a: Dusknoir","|-crit|p2a: Dusknoir","|-supereffective|p2a: Dusknoir","|-end|p2a: Dusknoir|Substitute","|cant|p2a: Dusknoir|par","|","|-heal|p2a: Dusknoir|197/210 par|[from] item: Leftovers","|turn|11","|","|move|p1a: Unfezant|Night Slash|p2a: Dusknoir","|-crit|p2a: Dusknoir","|-supereffective|p2a: Dusknoir","|-damage|p2a: Dusknoir|69/210 par","|move|p2a: Dusknoir|Ice Punch|p1a: Unfezant","|-supereffective|p1a: Unfezant","|-damage|p1a: Unfezant|150/268","|","|-heal|p2a: Dusknoir|82/210 par|[from] item: Leftovers","|turn|12","|","|switch|p2a: Hitmonchan|Hitmonchan, L81, M|214/214","|move|p1a: Unfezant|Roost|p1a: Unfezant","|-heal|p1a: Unfezant|268/268","|","|turn|13","|","|move|p1a: Unfezant|Hypnosis|p2a: Hitmonchan","|-status|p2a: Hitmonchan|slp","|cant|p2a: Hitmonchan|slp","|","|turn|14","|","|move|p1a: Unfezant|Return|p2a: Hitmonchan","|-damage|p2a: Hitmonchan|79/214 slp","|cant|p2a: Hitmonchan|slp","|","|turn|15","|","|switch|p2a: Dusknoir|Dusknoir, L83, F|82/210 par","|-ability|p2a: Dusknoir|Pressure","|move|p1a: Unfezant|Return|p2a: Dusknoir","|-immune|p2a: Dusknoir|[msg]","|","|-heal|p2a: Dusknoir|95/210 par|[from] item: Leftovers","|turn|16","|","|move|p1a: Unfezant|Night Slash|p2a: Dusknoir","|-crit|p2a: Dusknoir","|-supereffective|p2a: Dusknoir","|-damage|p2a: Dusknoir|0 fnt","|faint|p2a: Dusknoir","|","|","|switch|p2a: Stunfisk|Stunfisk, L83, F|317/317","|turn|17","|","|switch|p1a: Hypno|Hypno, L83, F|277/277","|move|p2a: Stunfisk|Discharge|p1a: Hypno","|-damage|p1a: Hypno|222/277","|","|-heal|p1a: Hypno|239/277|[from] item: Leftovers","|turn|18","|","|move|p1a: Hypno|Seismic Toss|p2a: Stunfisk","|-damage|p2a: Stunfisk|234/317","|move|p2a: Stunfisk|Toxic|p1a: Hypno","|-status|p1a: Hypno|tox","|","|-heal|p1a: Hypno|256/277 tox|[from] item: Leftovers","|-damage|p1a: Hypno|239/277 tox|[from] psn","|turn|19","|","|switch|p1a: Kyurem-Black|Kyurem-Black, L75|311/311","|-ability|p1a: Kyurem-Black|Teravolt","|move|p2a: Stunfisk|Discharge|p1a: Kyurem-Black","|-resisted|p1a: Kyurem-Black","|-damage|p1a: Kyurem-Black|286/311","|","|turn|20","|","|move|p1a: Kyurem-Black|Outrage|p2a: Stunfisk","|-damage|p2a: Stunfisk|54/317","|move|p2a: Stunfisk|Toxic|p1a: Kyurem-Black","|-status|p1a: Kyurem-Black|tox","|","|-damage|p1a: Kyurem-Black|267/311 tox|[from] psn","|turn|21","|","|switch|p2a: Miltank|Miltank, L81, F|287/287","|move|p1a: Kyurem-Black|Outrage|p2a: Miltank|[from]lockedmove","|-damage|p2a: Miltank|142/287","|-start|p1a: Kyurem-Black|confusion|[fatigue]","|","|-heal|p2a: Miltank|159/287|[from] item: Leftovers","|-damage|p1a: Kyurem-Black|229/311 tox|[from] psn","|turn|22","|","|move|p2a: Miltank|Body Slam|p1a: Kyurem-Black","|-damage|p1a: Kyurem-Black|156/311 tox","|-activate|p1a: Kyurem-Black|confusion","|-damage|p1a: Kyurem-Black|116/311 tox|[from] confusion","|","|-heal|p2a: Miltank|176/287|[from] item: Leftovers","|-damage|p1a: Kyurem-Black|59/311 tox|[from] psn","|turn|23","|","|move|p2a: Miltank|Body Slam|p1a: Kyurem-Black","|-damage|p1a: Kyurem-Black|0 fnt","|faint|p1a: Kyurem-Black","|","|-heal|p2a: Miltank|193/287|[from] item: Leftovers","|","|switch|p1a: Unfezant|Unfezant, L83, M|268/268","|turn|24","|","|move|p2a: Miltank|Toxic|p1a: Unfezant","|-status|p1a: Unfezant|tox","|move|p1a: Unfezant|Return|p2a: Miltank","|-damage|p2a: Miltank|78/287","|","|-heal|p2a: Miltank|95/287|[from] item: Leftovers","|-damage|p1a: Unfezant|252/268 tox|[from] psn","|turn|25","|","|move|p2a: Miltank|Body Slam|p1a: Unfezant","|-damage|p1a: Unfezant|168/268 tox","|move|p1a: Unfezant|Return|p2a: Miltank","|-damage|p2a: Miltank|0 fnt","|faint|p2a: Miltank","|","|-damage|p1a: Unfezant|136/268 tox|[from] psn","|","|switch|p2a: Accelgor|Accelgor, L79, M|255/255","|turn|26","|","|switch|p1a: Swanna|Swanna, L83, F|259/259","|move|p2a: Accelgor|Focus Blast|p1a: Swanna","|-resisted|p1a: Swanna","|-damage|p1a: Swanna|210/259","|","|turn|27","|","|move|p2a: Accelgor|Spikes|p1a: Swanna","|-sidestart|p1: Ino-Shicka-Cho|Spikes","|move|p1a: Swanna|Hurricane|p2a: Accelgor","|-supereffective|p2a: Accelgor","|-damage|p2a: Accelgor|0 fnt","|faint|p2a: Accelgor","|","|","|switch|p2a: Stunfisk|Stunfisk, L83, F|54/317","|turn|28","|","|move|p1a: Swanna|Ice Beam|p2a: Stunfisk","|-supereffective|p2a: Stunfisk","|-damage|p2a: Stunfisk|0 fnt","|faint|p2a: Stunfisk","|","|","|switch|p2a: Archeops|Archeops, L81, M|26/254","|turn|29","|","|switch|p1a: Unfezant|Unfezant, L83, M|136/268 tox","|move|p2a: Archeops|Head Smash|p1a: Unfezant","|-crit|p1a: Unfezant","|-supereffective|p1a: Unfezant","|-damage|p1a: Unfezant|0 fnt","|-damage|p2a: Archeops|0 fnt|[from] recoil|[of] p1a: Unfezant","|faint|p1a: Unfezant","|faint|p2a: Archeops","|","|","|switch|p1a: Swanna|Swanna, L83, F|210/259","|switch|p2a: Hitmonchan|Hitmonchan, L81, M|79/214 slp","|turn|30","|","|cant|p2a: Hitmonchan|slp","|move|p1a: Swanna|Scald|p2a: Hitmonchan","|-damage|p2a: Hitmonchan|31/214 slp","|","|turn|31","|","|-curestatus|p2a: Hitmonchan|slp","|move|p2a: Hitmonchan|Mach Punch|p1a: Swanna","|-resisted|p1a: Swanna","|-damage|p1a: Swanna|179/259","|move|p1a: Swanna|Scald|p2a: Hitmonchan","|-damage|p2a: Hitmonchan|0 fnt","|faint|p2a: Hitmonchan","|","|win|Ino-Shicka-Cho"],"p1rating":{"entryid":"7686741","serverid":"eos","formatid":"randombattle","userid":"inoshickacho","username":"Ino-Shicka-Cho","w":1,"l":"1","t":"0","gxe":50.1,"r":1459.8393856612,"rd":122.8583080769,"sigma":"0","rptime":1439802000,"rpr":1500.5505628475,"rprd":116.68237245185,"rpsigma":"0","acre":1047.9631116222,"lacre":1047.9631116222,"oldacre":"1000"},"p2rating":{"entryid":"7672977","serverid":"eos","formatid":"randombattle","userid":"gtxinioszi","username":"GTX♅Inioszi","w":"2","l":2,"t":"0","gxe":50,"r":"1500","rd":"116.77753930647","sigma":"0","rptime":"1439802000","rpr":1500,"rprd":106.9116492056,"rpsigma":"0","acre":1045.5032228167,"lacre":1045.5032228167,"oldacre":"1070.1028089042"},"endType":"normal"}