{"seed":[64794,23265,7379,35402],"turns":18,"p1":"GTX♅bookman","p2":"wallahjvaigagnai","p1team":[{"name":"Primeape","moves":["gunkshot","icepunch","encore","closecombat"],"ability":"Defiant","evs":{"hp":85,"atk":85,"def":85,"spa":85,"spd":85,"spe":85},"ivs":{"hp":31,"atk":31,"def":31,"spa":31,"spd":31,"spe":31},"item":"Life Orb","level":81,"shiny":false},{"name":"Delcatty","moves":["healbell","suckerpunch","wildcharge","doubleedge"],"ability":"Wonder Skin","evs":{"hp":85,"atk":85,"def":85,"spa":85,"spd":85,"spe":85},"ivs":{"hp":31,"atk":31,"def":31,"spa":31,"spd":31,"spe":31},"item":"Life Orb","level":83,"shiny":false},{"name":"Espeon","moves":["dazzlinggleam","calmmind","psyshock","substitute"],"ability":"Magic Bounce","evs":{"hp":85,"atk":85,"def":85,"spa":85,"spd":85,"spe":85},"ivs":{"hp":31,"atk":31,"def":31,"spa":31,"spd":31,"spe":31},"item":"Leftovers","level":77,"shiny":false},{"name":"Poliwrath","moves":["scald","icebeam","raindance","focusblast"],"ability":"Swift Swim","evs":{"hp":85,"atk":85,"def":85,"spa":85,"spd":85,"spe":85},"ivs":{"hp":31,"atk":31,"def":31,"spa":31,"spd":31,"spe":31},"item":"Damp Rock","level":81,"shiny":false},{"name":"Houndoom","moves":["fireblast","nastyplot","hiddenpowergrass","darkpulse"],"ability":"Flash Fire","evs":{"hp":85,"atk":85,"def":85,"spa":85,"spd":85,"spe":85},"ivs":{"hp":31,"atk":30,"def":31,"spa":30,"spd":31,"spe":31},"item":"Houndoominite","level":78,"shiny":false},{"name":"Muk","moves":["shadowsneak","firepunch","gunkshot","memento"],"ability":"Poison Touch","evs":{"hp":85,"atk":85,"def":85,"spa":85,"spd":85,"spe":85},"ivs":{"hp":31,"atk":31,"def":31,"spa":31,"spd":31,"spe":31},"item":"Life Orb","level":81,"shiny":false}],"p2team":[{"name":"Kyurem-White","moves":["focusblast","toxic","icebeam","dragonpulse"],"ability":"Turboblaze","evs":{"hp":85,"atk":85,"def":85,"spa":85,"spd":85,"spe":85},"ivs":{"hp":31,"atk":31,"def":31,"spa":31,"spd":31,"spe":31},"item":"Leftovers","level":73,"shiny":false},{"name":"Steelix","moves":["toxic","heavyslam","stealthrock","roar"],"ability":"Rock Head","evs":{"hp":85,"atk":85,"def":85,"spa":85,"spd":85,"spe":85},"ivs":{"hp":31,"atk":31,"def":31,"spa":31,"spd":31,"spe":31},"item":"Steelixite","level":79,"shiny":false},{"name":"Giratina-Origin","moves":["dragontail","shadowsneak","earthquake","defog"],"ability":"Levitate","evs":{"hp":85,"atk":85,"def":85,"spa":85,"spd":85,"spe":85},"ivs":{"hp":31,"atk":31,"def":31,"spa":31,"spd":31,"spe":31},"item":"Griseous Orb","level":73,"shiny":false},{"name":"Octillery","moves":["waterspout","energyball","rockblast","icebeam"],"ability":"Suction Cups","evs":{"hp":85,"atk":85,"def":85,"spa":85,"spd":85,"spe":85},"ivs":{"hp":31,"atk":31,"def":31,"spa":31,"spd":31,"spe":31},"item":"Expert Belt","level":83,"shiny":false},{"name":"Zoroark","moves":["darkpulse","uturn","flamethrower","knockoff"],"ability":"Illusion","evs":{"hp":85,"atk":85,"def":85,"spa":85,"spd":85,"spe":85},"ivs":{"hp":31,"atk":31,"def":31,"spa":31,"spd":31,"spe":31},"item":"Expert Belt","level":78,"shiny":false},{"name":"Jynx","moves":["psyshock","substitute","trick","icebeam"],"ability":"Dry Skin","evs":{"hp":85,"atk":85,"def":85,"spa":85,"spd":85,"spe":85},"ivs":{"hp":31,"atk":31,"def":31,"spa":31,"spd":31,"spe":31},"item":"Choice Scarf","level":81,"shiny":false}],"log":["|player|p1|GTX♅bookman|151","|player|p2|wallahjvaigagnai|102","|gametype|singles","|gen|6","|tier|Random Battle","|rated","|rule|Sleep Clause Mod: Limit one foe put to sleep","|rule|HP Percentage Mod: HP is shown in percentages","|","|start","|switch|p1a: Primeape|Primeape, L81, F|238/238","|switch|p2a: Kyurem-White|Kyurem-White, L73|303/303","|-ability|p2a: Kyurem-White|Turboblaze","|turn|1","|","|move|p1a: Primeape|Close Combat|p2a: Kyurem-White","|-supereffective|p2a: Kyurem-White","|-damage|p2a: Kyurem-White|0 fnt","|-unboost|p1a: Primeape|def|1","|-unboost|p1a: Primeape|spd|1","|-damage|p1a: Primeape|215/238|[from] item: Life Orb","|faint|p2a: Kyurem-White","|","|","|switch|p2a: Giratina-Origin|Giratina-Origin, L73|339/339","|turn|2","|","|move|p2a: Giratina-Origin|Shadow Sneak|p1a: Primeape","|-damage|p1a: Primeape|122/238","|move|p1a: Primeape|Gunk Shot|p2a: Giratina-Origin|[miss]","|-miss|p1a: Primeape|p2a: Giratina-Origin","|","|turn|3","|","|move|p1a: Primeape|Close Combat|p2a: Giratina-Origin","|-immune|p2a: Giratina-Origin|[msg]","|move|p2a: Giratina-Origin|Earthquake|p1a: Primeape","|-damage|p1a: Primeape|0 fnt","|faint|p1a: Primeape","|","|","|switch|p1a: Muk|Muk, L81, F|303/303","|turn|4","|","|move|p1a: Muk|Shadow Sneak|p2a: Giratina-Origin","|-supereffective|p2a: Giratina-Origin","|-damage|p2a: Giratina-Origin|266/339","|-damage|p1a: Muk|273/303|[from] item: Life Orb","|move|p2a: Giratina-Origin|Dragon Tail|p1a: Muk","|-crit|p1a: Muk","|-damage|p1a: Muk|159/303","|drag|p1a: Delcatty|Delcatty, L83, F|252/252","|","|turn|5","|","|move|p1a: Delcatty|Sucker Punch|p2a: Giratina-Origin","|-supereffective|p2a: Giratina-Origin","|-damage|p2a: Giratina-Origin|157/339","|-damage|p1a: Delcatty|227/252|[from] item: Life Orb","|move|p2a: Giratina-Origin|Dragon Tail|p1a: Delcatty|[miss]","|-miss|p2a: Giratina-Origin|p1a: Delcatty","|","|turn|6","|","|move|p1a: Delcatty|Sucker Punch|p2a: Giratina-Origin","|-fail|p1a: Delcatty","|move|p2a: Giratina-Origin|Defog|p1a: Delcatty","|-unboost|p1a: Delcatty|evasion|1","|","|turn|7","|","|move|p1a: Delcatty|Sucker Punch|p2a: Giratina-Origin","|-supereffective|p2a: Giratina-Origin","|-damage|p2a: Giratina-Origin|35/339","|-damage|p1a: Delcatty|202/252|[from] item: Life Orb","|move|p2a: Giratina-Origin|Dragon Tail|p1a: Delcatty","|-damage|p1a: Delcatty|111/252","|drag|p1a: Poliwrath|Poliwrath, L81, M|278/278","|","|turn|8","|","|move|p1a: Poliwrath|Ice Beam|p2a: Giratina-Origin","|-supereffective|p2a: Giratina-Origin","|-damage|p2a: Giratina-Origin|0 fnt","|faint|p2a: Giratina-Origin","|","|","|switch|p2a: Octillery|Octillery, L83, F|260/260","|turn|9","|","|move|p1a: Poliwrath|Focus Blast|p2a: Octillery","|-damage|p2a: Octillery|163/260","|move|p2a: Octillery|Energy Ball|p1a: Poliwrath","|-supereffective|p1a: Poliwrath","|-damage|p1a: Poliwrath|129/278","|","|turn|10","|","|move|p1a: Poliwrath|Focus Blast|p2a: Octillery","|-damage|p2a: Octillery|63/260","|move|p2a: Octillery|Energy Ball|p1a: Poliwrath","|-supereffective|p1a: Poliwrath","|-damage|p1a: Poliwrath|0 fnt","|faint|p1a: Poliwrath","|","|","|switch|p1a: Delcatty|Delcatty, L83, F|111/252","|turn|11","|","|move|p1a: Delcatty|Wild Charge|p2a: Octillery","|-supereffective|p2a: Octillery","|-damage|p2a: Octillery|0 fnt","|-damage|p1a: Delcatty|95/252|[from] recoil|[of] p2a: Octillery","|-damage|p1a: Delcatty|70/252|[from] item: Life Orb","|faint|p2a: Octillery","|","|","|switch|p2a: Steelix|Steelix, L79, F|248/248","|turn|12","|","|move|p1a: Delcatty|Double-Edge|p2a: Steelix","|-resisted|p2a: Steelix","|-damage|p2a: Steelix|217/248","|-damage|p1a: Delcatty|60/252|[from] recoil|[of] p2a: Steelix","|-damage|p1a: Delcatty|35/252|[from] item: Life Orb","|move|p2a: Steelix|Stealth Rock|p1a: Delcatty","|-sidestart|p1: GTX♅bookman|move: Stealth Rock","|","|turn|13","|","|detailschange|p2a: Steelix|Steelix-Mega, L79, F","|-mega|p2a: Steelix|Steelix|Steelixite","|move|p1a: Delcatty|Sucker Punch|p2a: Steelix","|-fail|p1a: Delcatty","|move|p2a: Steelix|Roar|p1a: Delcatty","|drag|p1a: Houndoom|Houndoom, L78, F|245/245","|-damage|p1a: Houndoom|184/245|[from] Stealth Rock","|","|turn|14","|","|detailschange|p1a: Houndoom|Houndoom-Mega, L78, F","|-mega|p1a: Houndoom|Houndoom|Houndoominite","|move|p1a: Houndoom|Fire Blast|p2a: Steelix","|-supereffective|p2a: Steelix","|-damage|p2a: Steelix|0 fnt","|faint|p2a: Steelix","|","|","|switch|p2a: Jynx|Jynx, L81, F|238/238","|turn|15","|","|move|p2a: Jynx|Trick|p1a: Houndoom","|-fail|p1a: Houndoom","|move|p1a: Houndoom|Hidden Power|p2a: Jynx","|-damage|p2a: Jynx|191/238","|","|turn|16","|","|switch|p2a: Zoroark|Zoroark, L78, M|222/222","|move|p1a: Houndoom|Dark Pulse|p2a: Zoroark","|-resisted|p2a: Zoroark","|-damage|p2a: Zoroark|152/222","|","|turn|17","|","|move|p1a: Houndoom|Fire Blast|p2a: Zoroark","|-damage|p2a: Zoroark|0 fnt","|faint|p2a: Zoroark","|","|","|switch|p2a: Jynx|Jynx, L81, F|191/238","|turn|18","|","|move|p2a: Jynx|Ice Beam|p1a: Houndoom","|-resisted|p1a: Houndoom","|-damage|p1a: Houndoom|132/245","|move|p1a: Houndoom|Dark Pulse|p2a: Jynx","|-supereffective|p2a: Jynx","|-damage|p2a: Jynx|0 fnt","|faint|p2a: Jynx","|","|win|GTX♅bookman"],"p1rating":{"entryid":"6888133","serverid":"eos","formatid":"randombattle","userid":"gtxbookman","username":"Gtx Bookman","w":19,"l":"37","t":"0","gxe":36.4,"r":"1390.1921165797","rd":"52.356441116324","sigma":"0","rptime":"1439802000","rpr":1393.7240243668,"rprd":50.197540466639,"rpsigma":"0","acre":1048.248233923,"lacre":1048.248233923,"oldacre":"1011.1504414089"},"p2rating":{"entryid":7705339,"formatid":"randombattle","userid":"wallahjvaigagnai","username":"wallahjvaigagnai","r":1500,"rd":130,"sigma":0,"rpr":1444.405282281,"rprd":122.62997453587,"rpsigma":0,"rptime":1439802000,"w":0,"l":1,"t":0,"gxe":43.1,"acre":1000,"lacre":1000,"oldacre":1000},"endType":"normal"}