{"seed":[10590,52778,53106,29101],"turns":18,"p1":"legendofhyrule","p2":"Schuabinha01","p1team":[{"name":"Gengar","moves":["sludgewave","protect","perishsong","disable"],"ability":"Levitate","evs":{"hp":85,"atk":85,"def":85,"spa":85,"spd":85,"spe":85},"ivs":{"hp":31,"atk":31,"def":31,"spa":31,"spd":31,"spe":31},"item":"Gengarite","level":73,"shiny":false},{"name":"Aromatisse","moves":["aromatherapy","lightscreen","reflect","moonblast"],"ability":"Aroma Veil","evs":{"hp":85,"atk":85,"def":85,"spa":85,"spd":85,"spe":85},"ivs":{"hp":31,"atk":31,"def":31,"spa":31,"spd":31,"spe":31},"item":"Light Clay","level":79,"shiny":false},{"name":"Cofagrigus","moves":["shadowball","hiddenpowerfighting","nastyplot","painsplit"],"ability":"Mummy","evs":{"hp":85,"atk":85,"def":85,"spa":85,"spd":85,"spe":85},"ivs":{"hp":31,"atk":31,"def":30,"spa":30,"spd":30,"spe":30},"item":"Leftovers","level":79,"shiny":false},{"name":"Heatran","moves":["protect","fireblast","stealthrock","earthpower"],"ability":"Flash Fire","evs":{"hp":85,"atk":85,"def":85,"spa":85,"spd":85,"spe":85},"ivs":{"hp":31,"atk":31,"def":31,"spa":31,"spd":31,"spe":31},"item":"Air Balloon","level":75,"shiny":false},{"name":"Ninjask","moves":["xscissor","protect","swordsdance","batonpass"],"ability":"Speed Boost","evs":{"hp":85,"atk":85,"def":85,"spa":85,"spd":85,"spe":85},"ivs":{"hp":31,"atk":31,"def":31,"spa":31,"spd":31,"spe":31},"item":"Leftovers","level":83,"shiny":false},{"name":"Dunsparce","moves":["coil","bite","headbutt","rockslide"],"ability":"Serene Grace","evs":{"hp":85,"atk":85,"def":85,"spa":85,"spd":85,"spe":85},"ivs":{"hp":31,"atk":31,"def":31,"spa":31,"spd":31,"spe":31},"item":"Life Orb","level":83,"shiny":false}],"p2team":[{"name":"Tauros","moves":["rockslide","zenheadbutt","doubleedge","earthquake"],"ability":"Sheer Force","evs":{"hp":85,"atk":85,"def":85,"spa":85,"spd":85,"spe":85},"ivs":{"hp":31,"atk":31,"def":31,"spa":31,"spd":31,"spe":31},"item":"Life Orb","level":81,"shiny":false},{"name":"Meowstic-F","moves":["calmmind","psyshock","energyball","thunderbolt"],"ability":"Competitive","evs":{"hp":85,"atk":85,"def":85,"spa":85,"spd":85,"spe":85},"ivs":{"hp":31,"atk":31,"def":31,"spa":31,"spd":31,"spe":31},"item":"Life Orb","level":83,"shiny":false},{"name":"Pelipper","moves":["defog","knockoff","toxic","scald"],"ability":"Keen Eye","evs":{"hp":85,"atk":85,"def":85,"spa":85,"spd":85,"spe":85},"ivs":{"hp":31,"atk":31,"def":31,"spa":31,"spd":31,"spe":31},"item":"Leftovers","level":83,"shiny":false},{"name":"Registeel","moves":["ironhead","rest","seismictoss","stealthrock"],"ability":"Clear Body","evs":{"hp":85,"atk":85,"def":85,"spa":85,"spd":85,"spe":85},"ivs":{"hp":31,"atk":31,"def":31,"spa":31,"spd":31,"spe":31},"item":"Chesto Berry","level":79,"shiny":false},{"name":"Kyogre","moves":["calmmind","thunder","scald","icebeam"],"ability":"Drizzle","evs":{"hp":85,"atk":85,"def":85,"spa":85,"spd":85,"spe":85},"ivs":{"hp":31,"atk":31,"def":31,"spa":31,"spd":31,"spe":31},"item":"Blue Orb","level":73,"shiny":false},{"name":"Tyrantrum","moves":["stealthrock","headsmash","firefang","outrage"],"ability":"Strong Jaw","evs":{"hp":85,"atk":85,"def":85,"spa":85,"spd":85,"spe":85},"ivs":{"hp":31,"atk":31,"def":31,"spa":31,"spd":31,"spe":31},"item":"Life Orb","level":79,"shiny":false}],"log":["|player|p1|legendofhyrule|265","|player|p2|Schuabinha01|162","|gametype|singles","|gen|6","|tier|Random Battle","|rated","|rule|Sleep Clause Mod: Limit one foe put to sleep","|rule|HP Percentage Mod: HP is shown in percentages","|","|start","|switch|p1a: Gengar|Gengar, L73, M|208/208","|switch|p2a: Tauros|Tauros, L81, M|254/254","|turn|1","|","|move|p2a: Tauros|Zen Headbutt|p1a: Gengar","|-supereffective|p1a: Gengar","|-damage|p1a: Gengar|0 fnt","|faint|p1a: Gengar","|","|","|switch|p1a: Dunsparce|Dunsparce, L83, M|302/302","|turn|2","|","|switch|p2a: Tyrantrum|Tyrantrum, L79, F|259/259","|switch|p1a: Aromatisse|Aromatisse, L79, F|289/289","|","|turn|3","|","|switch|p2a: Registeel|Registeel, L79|256/256","|move|p1a: Aromatisse|Reflect|p1a: Aromatisse","|-sidestart|p1: legendofhyrule|Reflect","|","|turn|4","|","|move|p2a: Registeel|Iron Head|p1a: Aromatisse","|-crit|p1a: Aromatisse","|-supereffective|p1a: Aromatisse","|-damage|p1a: Aromatisse|55/289","|move|p1a: Aromatisse|Light Screen|p1a: Aromatisse","|-sidestart|p1: legendofhyrule|move: Light Screen","|","|turn|5","|","|switch|p1a: Ninjask|Ninjask, L83, F|237/237","|move|p2a: Registeel|Iron Head|p1a: Ninjask","|-damage|p1a: Ninjask|185/237","|","|-heal|p1a: Ninjask|199/237|[from] item: Leftovers","|turn|6","|","|switch|p2a: Tyrantrum|Tyrantrum, L79, F|259/259","|move|p1a: Ninjask|Swords Dance|p1a: Ninjask","|-boost|p1a: Ninjask|atk|2","|","|-heal|p1a: Ninjask|213/237|[from] item: Leftovers","|-boost|p1a: Ninjask|spe|1|[from] ability: Speed Boost","|turn|7","|","|move|p1a: Ninjask|Protect|p1a: Ninjask","|-singleturn|p1a: Ninjask|Protect","|move|p2a: Tyrantrum|Head Smash|p1a: Ninjask","|-activate|p1a: Ninjask|Protect","|","|-heal|p1a: Ninjask|227/237|[from] item: Leftovers","|-boost|p1a: Ninjask|spe|1|[from] ability: Speed Boost","|turn|8","|","|move|p1a: Ninjask|Baton Pass|p1a: Ninjask","|","|switch|p1a: Dunsparce|Dunsparce, L83, M|302/302","|move|p2a: Tyrantrum|Head Smash|p1a: Dunsparce","|-damage|p1a: Dunsparce|175/302","|-damage|p2a: Tyrantrum|195/259|[from] recoil|[of] p1a: Dunsparce","|-damage|p2a: Tyrantrum|170/259|[from] item: Life Orb","|","|turn|9","|","|move|p1a: Dunsparce|Coil|p1a: Dunsparce","|-boost|p1a: Dunsparce|atk|1","|-boost|p1a: Dunsparce|def|1","|-boost|p1a: Dunsparce|accuracy|1","|move|p2a: Tyrantrum|Outrage|p1a: Dunsparce","|-damage|p1a: Dunsparce|106/302","|-damage|p2a: Tyrantrum|145/259|[from] item: Life Orb","|","|turn|10","|","|move|p1a: Dunsparce|Bite|p2a: Tyrantrum","|-damage|p2a: Tyrantrum|55/259","|-damage|p1a: Dunsparce|76/302|[from] item: Life Orb","|move|p2a: Tyrantrum|Outrage|p1a: Dunsparce|[from]lockedmove","|-damage|p1a: Dunsparce|6/302","|-damage|p2a: Tyrantrum|30/259|[from] item: Life Orb","|","|-sideend|p1: legendofhyrule|Reflect","|turn|11","|","|move|p1a: Dunsparce|Rock Slide|p2a: Tyrantrum","|-damage|p2a: Tyrantrum|0 fnt","|-damage|p1a: Dunsparce|0 fnt|[from] item: Life Orb","|faint|p2a: Tyrantrum","|faint|p1a: Dunsparce","|","|-sideend|p1: legendofhyrule|move: Light Screen","|","|switch|p2a: Meowstic-F|Meowstic-F, L83, F|259/259","|switch|p1a: Aromatisse|Aromatisse, L79, F|55/289","|turn|12","|","|move|p2a: Meowstic-F|Thunderbolt|p1a: Aromatisse","|-damage|p1a: Aromatisse|0 fnt","|-damage|p2a: Meowstic-F|234/259|[from] item: Life Orb","|faint|p1a: Aromatisse","|","|","|switch|p1a: Heatran|Heatran, L75, M|260/260","|-item|p1a: Heatran|Air Balloon","|turn|13","|","|switch|p2a: Pelipper|Pelipper, L83, F|235/235","|move|p1a: Heatran|Fire Blast|p2a: Pelipper","|-resisted|p2a: Pelipper","|-damage|p2a: Pelipper|159/235","|-status|p2a: Pelipper|brn","|","|-heal|p2a: Pelipper|173/235 brn|[from] item: Leftovers","|-damage|p2a: Pelipper|144/235 brn|[from] brn","|turn|14","|","|move|p1a: Heatran|Protect|p1a: Heatran","|-singleturn|p1a: Heatran|Protect","|move|p2a: Pelipper|Scald|p1a: Heatran","|-activate|p1a: Heatran|Protect","|","|-heal|p2a: Pelipper|158/235 brn|[from] item: Leftovers","|-damage|p2a: Pelipper|129/235 brn|[from] brn","|turn|15","|","|switch|p1a: Cofagrigus|Cofagrigus, L79, F|221/221","|move|p2a: Pelipper|Scald|p1a: Cofagrigus","|-damage|p1a: Cofagrigus|152/221","|-status|p1a: Cofagrigus|brn","|","|-heal|p2a: Pelipper|143/235 brn|[from] item: Leftovers","|-heal|p1a: Cofagrigus|165/221 brn|[from] item: Leftovers","|-damage|p2a: Pelipper|114/235 brn|[from] brn","|-damage|p1a: Cofagrigus|138/221 brn|[from] brn","|turn|16","|","|switch|p2a: Kyogre|Kyogre, L73|266/266","|detailschange|p2a: Kyogre|Kyogre-Primal, L73","|message|Kyogre's Primal Reversion! It reverted to its primal form!","|-weather|PrimordialSea","|move|p1a: Cofagrigus|Shadow Ball|p2a: Kyogre","|-damage|p2a: Kyogre|211/266","|","|-weather|PrimordialSea|[upkeep]","|-heal|p1a: Cofagrigus|151/221 brn|[from] item: Leftovers","|-damage|p1a: Cofagrigus|124/221 brn|[from] brn","|turn|17","|","|move|p2a: Kyogre|Scald|p1a: Cofagrigus","|-damage|p1a: Cofagrigus|0 fnt","|faint|p1a: Cofagrigus","|","|-weather|PrimordialSea|[upkeep]","|","|switch|p1a: Ninjask|Ninjask, L83, F|227/237","|turn|18","|","|move|p1a: Ninjask|Swords Dance|p1a: Ninjask","|-boost|p1a: Ninjask|atk|2","|move|p2a: Kyogre|Thunder|p1a: Ninjask","|-supereffective|p1a: Ninjask","|-damage|p1a: Ninjask|0 fnt","|faint|p1a: Ninjask","|","|-weather|PrimordialSea|[upkeep]","|","|win|Schuabinha01"],"p1rating":{"entryid":7701221,"formatid":"randombattle","userid":"legendofhyrule","username":"legendofhyrule","r":1500,"rd":130,"sigma":0,"rpr":1445.5673919687,"rprd":123.2387015711,"rpsigma":0,"rptime":1439802000,"w":0,"l":1,"t":0,"gxe":43.2,"acre":1000,"lacre":1000,"oldacre":1000},"p2rating":{"entryid":"7465738","serverid":"eos","formatid":"randombattle","userid":"schuabinha01","username":"Schuabinha01","w":2,"l":"4","t":"0","gxe":43.7,"r":1417.5193768347,"rd":104.21486268415,"sigma":"0","rptime":1439802000,"rpr":1450.2581923717,"rprd":100.59340380225,"rpsigma":"0","acre":1070.1028089042,"lacre":1070.1028089042,"oldacre":"1040"},"endType":"forfeit"}