{"seed":[7665,26497,1850,61398],"turns":14,"p1":"GoLeft","p2":"Apex✦Blasmery","p1team":[{"name":"Ursaring","moves":["protect","closecombat","crunch","facade"],"ability":"Guts","evs":{"hp":85,"atk":85,"def":85,"spa":85,"spd":85,"spe":85},"ivs":{"hp":31,"atk":31,"def":31,"spa":31,"spd":31,"spe":31},"item":"Toxic Orb","level":83,"shiny":false},{"name":"Kyurem-Black","moves":["earthpower","icebeam","outrage","substitute"],"ability":"Teravolt","evs":{"hp":85,"atk":85,"def":85,"spa":85,"spd":85,"spe":85},"ivs":{"hp":31,"atk":31,"def":31,"spa":31,"spd":31,"spe":31},"item":"Leftovers","level":75,"shiny":false},{"name":"Trevenant","moves":["hornleech","rest","shadowclaw","substitute"],"ability":"Natural Cure","evs":{"hp":85,"atk":85,"def":85,"spa":85,"spd":85,"spe":85},"ivs":{"hp":31,"atk":31,"def":31,"spa":31,"spd":31,"spe":31},"item":"Leftovers","level":79,"shiny":false},{"name":"Darmanitan","moves":["superpower","uturn","flareblitz","rockslide"],"ability":"Sheer Force","evs":{"hp":81,"atk":89,"def":85,"spa":85,"spd":85,"spe":85},"ivs":{"hp":31,"atk":31,"def":31,"spa":31,"spd":31,"spe":31},"item":"Life Orb","level":77,"shiny":false},{"name":"Blaziken","moves":["flareblitz","batonpass","protect","swordsdance"],"ability":"Speed Boost","evs":{"hp":85,"atk":85,"def":85,"spa":85,"spd":85,"spe":85},"ivs":{"hp":31,"atk":31,"def":31,"spa":31,"spd":31,"spe":31},"item":"Blazikenite","level":74,"shiny":false},{"name":"Azelf","moves":["fireblast","nastyplot","dazzlinggleam","psyshock"],"ability":"Levitate","evs":{"hp":85,"atk":85,"def":85,"spa":85,"spd":85,"spe":85},"ivs":{"hp":31,"atk":31,"def":31,"spa":31,"spd":31,"spe":31},"item":"Life Orb","level":77,"shiny":false}],"p2team":[{"name":"Amoonguss","moves":["hiddenpowerfire","sludgebomb","clearsmog","stunspore"],"ability":"Regenerator","evs":{"hp":85,"atk":85,"def":85,"spa":85,"spd":85,"spe":85},"ivs":{"hp":31,"atk":30,"def":31,"spa":30,"spd":31,"spe":30},"item":"Black Sludge","level":79,"shiny":false},{"name":"Drifblim","moves":["willowisp","substitute","destinybond","acrobatics"],"ability":"Unburden","evs":{"hp":85,"atk":85,"def":85,"spa":85,"spd":85,"spe":85},"ivs":{"hp":31,"atk":31,"def":31,"spa":31,"spd":31,"spe":31},"item":"Flying Gem","level":83,"shiny":false},{"name":"Typhlosion","moves":["eruption","hiddenpowergrass","extrasensory","focusblast"],"ability":"Flash Fire","evs":{"hp":85,"atk":85,"def":85,"spa":85,"spd":85,"spe":85},"ivs":{"hp":31,"atk":30,"def":31,"spa":30,"spd":31,"spe":31},"item":"Choice Scarf","level":79,"shiny":false},{"name":"Sandslash","moves":["toxic","rapidspin","earthquake","stealthrock"],"ability":"Sand Rush","evs":{"hp":85,"atk":85,"def":85,"spa":85,"spd":85,"spe":85},"ivs":{"hp":31,"atk":31,"def":31,"spa":31,"spd":31,"spe":31},"item":"Leftovers","level":81,"shiny":false},{"name":"Gourgeist-Super","moves":["shadowsneak","synthesis","leechseed","seedbomb"],"ability":"Frisk","evs":{"hp":85,"atk":85,"def":85,"spa":85,"spd":85,"spe":85},"ivs":{"hp":31,"atk":31,"def":31,"spa":31,"spd":31,"spe":31},"item":"Leftovers","level":83,"shiny":false},{"name":"Rotom-Fan","moves":["airslash","trick","thunderbolt","painsplit"],"ability":"Levitate","evs":{"hp":85,"atk":85,"def":85,"spa":85,"spd":85,"spe":85},"ivs":{"hp":31,"atk":31,"def":31,"spa":31,"spd":31,"spe":31},"item":"Air Balloon","level":81,"shiny":false}],"log":["|player|p1|GoLeft|101","|player|p2|Apex✦Blasmery|34","|gametype|singles","|gen|6","|tier|Random Battle","|rated","|rule|Sleep Clause Mod: Limit one foe put to sleep","|rule|HP Percentage Mod: HP is shown in percentages","|","|start","|switch|p1a: Ursaring|Ursaring, L83, M|285/285","|switch|p2a: Amoonguss|Amoonguss, L79, M|310/310","|turn|1","|","|move|p1a: Ursaring|Protect|p1a: Ursaring","|-singleturn|p1a: Ursaring|Protect","|move|p2a: Amoonguss|Stun Spore|p1a: Ursaring","|-activate|p1a: Ursaring|Protect","|","|-status|p1a: Ursaring|tox|[from] item: Toxic Orb","|turn|2","|","|move|p1a: Ursaring|Facade|p2a: Amoonguss","|-damage|p2a: Amoonguss|0 fnt","|faint|p2a: Amoonguss","|","|-damage|p1a: Ursaring|268/285 tox|[from] psn","|","|switch|p2a: Gourgeist-Super|Gourgeist-Super, L83, M|277/277","|-item|p1a: Ursaring|Toxic Orb|[from] ability: Frisk|[of] p2a: Gourgeist-Super|[identify]","|turn|3","|","|move|p1a: Ursaring|Crunch|p2a: Gourgeist-Super","|-supereffective|p2a: Gourgeist-Super","|-damage|p2a: Gourgeist-Super|103/277","|move|p2a: Gourgeist-Super|Leech Seed|p1a: Ursaring","|-start|p1a: Ursaring|move: Leech Seed","|","|-heal|p2a: Gourgeist-Super|120/277|[from] item: Leftovers","|-damage|p1a: Ursaring|233/285 tox|[from] Leech Seed|[of] p2a: Gourgeist-Super","|-heal|p2a: Gourgeist-Super|155/277|[silent]","|-damage|p1a: Ursaring|199/285 tox|[from] psn","|turn|4","|","|switch|p2a: Typhlosion|Typhlosion, L79, F|253/253","|move|p1a: Ursaring|Crunch|p2a: Typhlosion","|-damage|p2a: Typhlosion|128/253","|","|-damage|p1a: Ursaring|164/285 tox|[from] Leech Seed|[of] p2a: Typhlosion","|-heal|p2a: Typhlosion|163/253|[silent]","|-damage|p1a: Ursaring|113/285 tox|[from] psn","|turn|5","|","|move|p2a: Typhlosion|Focus Blast|p1a: Ursaring|[miss]","|-miss|p2a: Typhlosion|p1a: Ursaring","|move|p1a: Ursaring|Facade|p2a: Typhlosion","|-damage|p2a: Typhlosion|0 fnt","|faint|p2a: Typhlosion","|","|-damage|p1a: Ursaring|45/285 tox|[from] psn","|","|switch|p2a: Sandslash|Sandslash, L81, M|254/254","|turn|6","|","|move|p2a: Sandslash|Stealth Rock|p1a: Ursaring","|-sidestart|p1: GoLeft|move: Stealth Rock","|move|p1a: Ursaring|Facade|p2a: Sandslash","|-damage|p2a: Sandslash|19/254","|","|-heal|p2a: Sandslash|34/254|[from] item: Leftovers","|-damage|p1a: Ursaring|10/285 tox|[from] Leech Seed|[of] p2a: Sandslash","|-heal|p2a: Sandslash|69/254|[silent]","|-damage|p1a: Ursaring|0 fnt|[from] psn","|faint|p1a: Ursaring","|","|switch|p1a: Blaziken|Blaziken, L74, F|240/240","|-damage|p1a: Blaziken|210/240|[from] Stealth Rock","|turn|7","|","|detailschange|p1a: Blaziken|Blaziken-Mega, L74, F","|-mega|p1a: Blaziken|Blaziken|Blazikenite","|move|p1a: Blaziken|Flare Blitz|p2a: Sandslash","|-damage|p2a: Sandslash|0 fnt","|-damage|p1a: Blaziken|187/240|[from] recoil|[of] p2a: Sandslash","|faint|p2a: Sandslash","|","|-boost|p1a: Blaziken|spe|1|[from] ability: Speed Boost","|","|switch|p2a: Rotom-Fan|Rotom-Fan, L81|214/214","|-item|p2a: Rotom-Fan|Air Balloon","|turn|8","|","|move|p1a: Blaziken|Protect|p1a: Blaziken","|-singleturn|p1a: Blaziken|Protect","|move|p2a: Rotom-Fan|Air Slash|p1a: Blaziken","|-activate|p1a: Blaziken|Protect","|","|-boost|p1a: Blaziken|spe|1|[from] ability: Speed Boost","|turn|9","|","|move|p1a: Blaziken|Baton Pass|p1a: Blaziken","|","|switch|p1a: Kyurem-Black|Kyurem-Black, L75|311/311","|-damage|p1a: Kyurem-Black|234/311|[from] Stealth Rock","|-ability|p1a: Kyurem-Black|Teravolt","|move|p2a: Rotom-Fan|Air Slash|p1a: Kyurem-Black","|-damage|p1a: Kyurem-Black|147/311","|","|-heal|p1a: Kyurem-Black|166/311|[from] item: Leftovers","|turn|10","|","|move|p1a: Kyurem-Black|Ice Beam|p2a: Rotom-Fan","|-supereffective|p2a: Rotom-Fan","|-damage|p2a: Rotom-Fan|40/214","|-enditem|p2a: Rotom-Fan|Air Balloon","|move|p2a: Rotom-Fan|Trick|p1a: Kyurem-Black","|-activate|p2a: Rotom-Fan|move: Trick|[of] p1a: Kyurem-Black","|-item|p2a: Rotom-Fan|Leftovers|[from] move: Trick","|","|-heal|p2a: Rotom-Fan|53/214|[from] item: Leftovers","|turn|11","|","|move|p1a: Kyurem-Black|Ice Beam|p2a: Rotom-Fan","|-supereffective|p2a: Rotom-Fan","|-damage|p2a: Rotom-Fan|0 fnt","|faint|p2a: Rotom-Fan","|","|","|switch|p2a: Drifblim|Drifblim, L83, F|385/385","|turn|12","|","|move|p1a: Kyurem-Black|Ice Beam|p2a: Drifblim","|-supereffective|p2a: Drifblim","|-damage|p2a: Drifblim|127/385","|move|p2a: Drifblim|Destiny Bond|p2a: Drifblim","|-singlemove|p2a: Drifblim|Destiny Bond","|","|turn|13","|","|move|p1a: Kyurem-Black|Ice Beam|p2a: Drifblim","|-supereffective|p2a: Drifblim","|-damage|p2a: Drifblim|0 fnt","|faint|p2a: Drifblim","|-activate|p2a: Drifblim|Destiny Bond","|faint|p1a: Kyurem-Black","|","|","|switch|p1a: Blaziken|Blaziken-Mega, L74, F|187/240","|switch|p2a: Gourgeist-Super|Gourgeist-Super, L83, M|155/277","|-damage|p1a: Blaziken|157/240|[from] Stealth Rock","|-item|p1a: Blaziken|Blazikenite|[from] ability: Frisk|[of] p2a: Gourgeist-Super|[identify]","|turn|14","|","|move|p1a: Blaziken|Flare Blitz|p2a: Gourgeist-Super","|-supereffective|p2a: Gourgeist-Super","|-damage|p2a: Gourgeist-Super|0 fnt","|-damage|p1a: Blaziken|106/240|[from] recoil|[of] p2a: Gourgeist-Super","|faint|p2a: Gourgeist-Super","|","|win|GoLeft"],"p1rating":{"entryid":"7419494","serverid":"eos","formatid":"randombattle","userid":"goleft","username":"GoLeft","w":2,"l":"1","t":"0","gxe":54.3,"r":1500,"rd":118.85904735665,"sigma":"0","rptime":1439802000,"rpr":1534.1710885178,"rprd":113.32709677879,"rpsigma":"0","acre":1070.1028089042,"lacre":1070.1028089042,"oldacre":"1040"},"p2rating":{"entryid":7698491,"formatid":"randombattle","userid":"apexblasmery","username":"Apex✦Blasmery","r":1500,"rd":130,"sigma":0,"rpr":1459.8393856612,"rprd":122.8583080769,"rpsigma":0,"rptime":1439802000,"w":0,"l":1,"t":0,"gxe":45,"acre":1000,"lacre":1000,"oldacre":1000},"endType":"normal"}