{"seed":[50524,19838,34245,26688],"turns":30,"p1":"Intern Twizz","p2":"Rain ☆ Suichika","p1team":[{"name":"Magnezone","species":"Magnezone","item":"leftovers","ability":"Sturdy","moves":["flashcannon","thunderbolt","protect","hiddenpowerice"],"nature":"Modest","evs":{"hp":76,"atk":0,"def":180,"spa":252,"spd":0,"spe":0},"ivs":{"hp":31,"atk":30,"def":30,"spa":31,"spd":31,"spe":31}},{"name":"Zapdos","species":"Zapdos","item":"leftovers","ability":"Pressure","moves":["discharge","heatwave","toxic","roost"],"nature":"Bold","evs":{"hp":4,"atk":0,"def":252,"spa":56,"spd":196,"spe":0},"ivs":{"hp":31,"atk":31,"def":31,"spa":31,"spd":31,"spe":31}},{"name":"Ampharos","species":"Ampharos","item":"ampharosite","ability":"Static","moves":["cottonguard","rest","sleeptalk","dragonpulse"],"nature":"Bold","evs":{"hp":0,"atk":0,"def":252,"spa":136,"spd":120,"spe":0},"ivs":{"hp":31,"atk":31,"def":31,"spa":31,"spd":31,"spe":31}},{"name":"Raikou","species":"Raikou","item":"leftovers","ability":"Pressure","moves":["calmmind","substitute","thunderbolt","extrasensory"],"nature":"Timid","evs":{"hp":0,"atk":0,"def":0,"spa":252,"spd":4,"spe":252},"ivs":{"hp":31,"atk":31,"def":31,"spa":31,"spd":31,"spe":31}},{"name":"Rotom-Wash","species":"Rotom-Wash","item":"choicescarf","ability":"Levitate","moves":["voltswitch","hydropump","willowisp","trick"],"nature":"Timid","evs":{"hp":0,"atk":0,"def":0,"spa":252,"spd":4,"spe":252},"ivs":{"hp":31,"atk":31,"def":31,"spa":31,"spd":31,"spe":31}},{"name":"Condom","species":"eelektross","item":"assaultvest","ability":"Levitate","moves":["gigadrain","thunderbolt","drainpunch","knockoff"],"nature":"Quiet","evs":{"hp":3,"atk":136,"def":0,"spa":108,"spd":252,"spe":0},"ivs":{"hp":31,"atk":31,"def":31,"spa":31,"spd":31,"spe":31}}],"p2team":[{"name":"Roserade","species":"Roserade","item":"choicescarf","ability":"Technician","moves":["sludgebomb","extrasensory","shadowball","hiddenpowerrock"],"nature":"Timid","evs":{"hp":0,"atk":0,"def":0,"spa":252,"spd":4,"spe":252},"ivs":{"hp":31,"atk":31,"def":30,"spa":31,"spd":30,"spe":30}},{"name":"Plantasaurus rex","species":"venusaur","item":"venusaurite","ability":"Chlorophyll","moves":["synthesis","gigadrain","hiddenpowerfire","earthquake"],"nature":"Quiet","evs":{"hp":252,"atk":0,"def":4,"spa":252,"spd":0,"spe":0},"gender":"F","ivs":{"hp":31,"atk":30,"def":31,"spa":30,"spd":31,"spe":30}},{"name":"Liligant wannabe","species":"bellossom","item":"choicespecs","ability":"Chlorophyll","moves":["hiddenpowerground","leafstorm","gigadrain","moonblast"],"nature":"Modest","evs":{"hp":116,"atk":0,"def":0,"spa":252,"spd":0,"spe":140},"gender":"M","ivs":{"hp":31,"atk":31,"def":31,"spa":30,"spd":30,"spe":31}},{"name":"Iron durian","species":"ferrothorn","item":"occaberry","ability":"Iron Barbs","moves":["stealthrock","thunderwave","knockoff","gyroball"],"nature":"Relaxed","evs":{"hp":252,"atk":0,"def":128,"spa":0,"spd":128,"spe":0},"gender":"M","ivs":{"hp":31,"atk":31,"def":31,"spa":31,"spd":31,"spe":31}},{"name":"Muhammad ashroom","species":"breloom","item":"focussash","ability":"Technician","moves":["spore","machpunch","bulletseed","rocktomb"],"nature":"Jolly","evs":{"hp":4,"atk":252,"def":0,"spa":0,"spd":0,"spe":252},"gender":"M","ivs":{"hp":31,"atk":31,"def":31,"spa":31,"spd":31,"spe":31}},{"name":"Celery the onion","species":"celebi","item":"lifeorb","ability":"Natural Cure","moves":["gigadrain","zenheadbutt","suckerpunch","earthpower"],"nature":"Naive","evs":{"hp":0,"atk":216,"def":0,"spa":40,"spd":0,"spe":252},"ivs":{"hp":31,"atk":31,"def":31,"spa":31,"spd":31,"spe":31}}],"log":["|player|p1|Intern Twizz|122","|player|p2|Rain ☆ Suichika|rainsuichika.png","|gametype|singles","|gen|6","|tier|Monotype","|rated","|rule|Baton Pass Clause: Limit one Baton Passer, can't pass Spe and other stats simultaneously","|rule|Swagger Clause: Swagger is banned","|rule|Same Type Clause: Pokémon in a team must share a type","|clearpoke","|poke|p1|Magnezone","|poke|p1|Zapdos","|poke|p1|Ampharos, M","|poke|p1|Raikou","|poke|p1|Rotom-Wash","|poke|p1|Eelektross, M","|poke|p2|Roserade, F","|poke|p2|Venusaur, F","|poke|p2|Bellossom, M","|poke|p2|Ferrothorn, M","|poke|p2|Breloom, M","|poke|p2|Celebi","|rule|Sleep Clause Mod: Limit one foe put to sleep","|rule|Species Clause: Limit one of each Pokémon","|rule|OHKO Clause: OHKO moves are banned","|rule|Moody Clause: Moody is banned","|rule|Evasion Moves Clause: Evasion moves are banned","|rule|Endless Battle Clause: Forcing endless battles is banned","|rule|HP Percentage Mod: HP is shown in percentages","|teampreview","|","|start","|switch|p1a: Rotom-Wash|Rotom-Wash|241/241","|switch|p2a: Liligant wannabe|Bellossom, M|320/320","|turn|1","|","|move|p1a: Rotom-Wash|Volt Switch|p2a: Liligant wannabe","|-resisted|p2a: Liligant wannabe","|-damage|p2a: Liligant wannabe|265/320","|","|switch|p1a: Condom|Eelektross, M|311/311","|move|p2a: Liligant wannabe|Leaf Storm|p1a: Condom","|-damage|p1a: Condom|116/311","|-unboost|p2a: Liligant wannabe|spa|2","|","|turn|2","|","|move|p2a: Liligant wannabe|Leaf Storm|p1a: Condom","|-damage|p1a: Condom|20/311","|-unboost|p2a: Liligant wannabe|spa|2","|move|p1a: Condom|Knock Off|p2a: Liligant wannabe","|-damage|p2a: Liligant wannabe|166/320","|-enditem|p2a: Liligant wannabe|Choice Specs|[from] move: Knock Off|[of] p1a: Condom","|","|turn|3","|","|move|p2a: Liligant wannabe|Giga Drain|p1a: Condom","|-damage|p1a: Condom|0 fnt","|-heal|p2a: Liligant wannabe|176/320|[from] drain|[of] p1a: Condom","|faint|p1a: Condom","|","|","|switch|p1a: Zapdos|Zapdos|322/322","|-ability|p1a: Zapdos|Pressure","|turn|4","|","|switch|p2a: Iron durian|Ferrothorn, M|352/352","|move|p1a: Zapdos|Heat Wave|p2a: Iron durian","|-supereffective|p2a: Iron durian","|-enditem|p2a: Iron durian|Occa Berry|[eat]","|-damage|p2a: Iron durian|200/352","|-status|p2a: Iron durian|brn","|","|-damage|p2a: Iron durian|156/352 brn|[from] brn","|turn|5","|","|move|p1a: Zapdos|Heat Wave|p2a: Iron durian","|-supereffective|p2a: Iron durian","|-damage|p2a: Iron durian|0 fnt","|faint|p2a: Iron durian","|","|","|switch|p2a: Muhammad ashroom|Breloom, M|262/262","|turn|6","|","|switch|p1a: Ampharos|Ampharos, M|321/321","|move|p2a: Muhammad ashroom|Spore|p1a: Ampharos","|-status|p1a: Ampharos|slp","|","|turn|7","|","|detailschange|p1a: Ampharos|Ampharos-Mega, M","|-mega|p1a: Ampharos|Ampharos|Ampharosite","|-ability|p1a: Ampharos|Mold Breaker","|move|p2a: Muhammad ashroom|Rock Tomb|p1a: Ampharos","|-damage|p1a: Ampharos|252/321 slp","|-unboost|p1a: Ampharos|spe|1","|cant|p1a: Ampharos|slp","|move|p1a: Ampharos|Sleep Talk|p1a: Ampharos","|move|p1a: Ampharos|Dragon Pulse|p2a: Muhammad ashroom|[from]Sleep Talk","|-crit|p2a: Muhammad ashroom","|-enditem|p2a: Muhammad ashroom|Focus Sash","|-damage|p2a: Muhammad ashroom|1/262","|","|turn|8","|","|switch|p2a: Liligant wannabe|Bellossom, M|176/320","|cant|p1a: Ampharos|slp","|","|turn|9","|","|switch|p1a: Zapdos|Zapdos|322/322","|-ability|p1a: Zapdos|Pressure","|move|p2a: Liligant wannabe|Moonblast|p1a: Zapdos","|-damage|p1a: Zapdos|230/322","|","|-heal|p1a: Zapdos|250/322|[from] item: Leftovers","|turn|10","|","|move|p1a: Zapdos|Heat Wave|p2a: Liligant wannabe","|-supereffective|p2a: Liligant wannabe","|-damage|p2a: Liligant wannabe|2/320","|-status|p2a: Liligant wannabe|brn","|move|p2a: Liligant wannabe|Moonblast|p1a: Zapdos","|-damage|p1a: Zapdos|162/322","|","|-heal|p1a: Zapdos|182/322|[from] item: Leftovers","|-damage|p2a: Liligant wannabe|0 fnt|[from] brn","|faint|p2a: Liligant wannabe","|","|switch|p2a: Celery the onion|Celebi|341/341","|turn|11","|","|move|p2a: Celery the onion|Zen Headbutt|p1a: Zapdos","|-damage|p1a: Zapdos|49/322","|-damage|p2a: Celery the onion|307/341|[from] item: Life Orb","|move|p1a: Zapdos|Toxic|p2a: Celery the onion|[miss]","|-miss|p1a: Zapdos|p2a: Celery the onion","|","|-heal|p1a: Zapdos|69/322|[from] item: Leftovers","|turn|12","|","|move|p2a: Celery the onion|Zen Headbutt|p1a: Zapdos","|-damage|p1a: Zapdos|0 fnt","|-damage|p2a: Celery the onion|273/341|[from] item: Life Orb","|faint|p1a: Zapdos","|","|","|switch|p1a: Magnezone|Magnezone|300/300","|turn|13","|","|move|p1a: Magnezone|Protect|p1a: Magnezone","|-singleturn|p1a: Magnezone|Protect","|move|p2a: Celery the onion|Earth Power|p1a: Magnezone","|-activate|p1a: Magnezone|Protect","|","|turn|14","|","|switch|p1a: Rotom-Wash|Rotom-Wash|241/241","|move|p2a: Celery the onion|Earth Power|p1a: Rotom-Wash","|-immune|p1a: Rotom-Wash|[msg]","|","|turn|15","|","|move|p1a: Rotom-Wash|Will-O-Wisp|p2a: Celery the onion","|-status|p2a: Celery the onion|brn","|move|p2a: Celery the onion|Giga Drain|p1a: Rotom-Wash","|-supereffective|p1a: Rotom-Wash","|-damage|p1a: Rotom-Wash|23/241","|-heal|p2a: Celery the onion|341/341 brn|[from] drain|[of] p1a: Rotom-Wash","|-damage|p2a: Celery the onion|307/341 brn|[from] item: Life Orb","|","|-damage|p2a: Celery the onion|265/341 brn|[from] brn","|turn|16","|","|switch|p1a: Magnezone|Magnezone|300/300","|move|p2a: Celery the onion|Giga Drain|p1a: Magnezone","|-resisted|p1a: Magnezone","|-damage|p1a: Magnezone|236/300","|-heal|p2a: Celery the onion|297/341 brn|[from] drain|[of] p1a: Magnezone","|-damage|p2a: Celery the onion|263/341 brn|[from] item: Life Orb","|","|-heal|p1a: Magnezone|254/300|[from] item: Leftovers","|-damage|p2a: Celery the onion|221/341 brn|[from] brn","|turn|17","|","|move|p1a: Magnezone|Protect|p1a: Magnezone","|-singleturn|p1a: Magnezone|Protect","|move|p2a: Celery the onion|Earth Power|p1a: Magnezone","|-activate|p1a: Magnezone|Protect","|","|-heal|p1a: Magnezone|272/300|[from] item: Leftovers","|-damage|p2a: Celery the onion|179/341 brn|[from] brn","|turn|18","|","|switch|p1a: Rotom-Wash|Rotom-Wash|23/241","|move|p2a: Celery the onion|Earth Power|p1a: Rotom-Wash","|-immune|p1a: Rotom-Wash|[msg]","|","|-damage|p2a: Celery the onion|137/341 brn|[from] brn","|turn|19","|","|move|p2a: Celery the onion|Sucker Punch|p1a: Rotom-Wash","|-damage|p1a: Rotom-Wash|0 fnt","|-damage|p2a: Celery the onion|103/341 brn|[from] item: Life Orb","|faint|p1a: Rotom-Wash","|","|-damage|p2a: Celery the onion|61/341 brn|[from] brn","|","|switch|p1a: Magnezone|Magnezone|272/300","|turn|20","|","|switch|p2a: Roserade|Roserade, F|261/261","|move|p1a: Magnezone|Protect|p1a: Magnezone","|-fail|p1a: Magnezone","|","|-heal|p1a: Magnezone|290/300|[from] item: Leftovers","|turn|21","|","|move|p2a: Roserade|Shadow Ball|p1a: Magnezone","|-damage|p1a: Magnezone|180/300","|move|p1a: Magnezone|Hidden Power|p2a: Roserade","|-supereffective|p2a: Roserade","|-damage|p2a: Roserade|101/261","|","|-heal|p1a: Magnezone|198/300|[from] item: Leftovers","|turn|22","|","|move|p1a: Magnezone|Protect|p1a: Magnezone","|-singleturn|p1a: Magnezone|Protect","|move|p2a: Roserade|Shadow Ball|p1a: Magnezone","|-activate|p1a: Magnezone|Protect","|","|-heal|p1a: Magnezone|216/300|[from] item: Leftovers","|turn|23","|","|move|p2a: Roserade|Shadow Ball|p1a: Magnezone","|-damage|p1a: Magnezone|110/300","|-unboost|p1a: Magnezone|spd|1","|move|p1a: Magnezone|Hidden Power|p2a: Roserade","|-supereffective|p2a: Roserade","|-damage|p2a: Roserade|0 fnt","|faint|p2a: Roserade","|","|-heal|p1a: Magnezone|128/300|[from] item: Leftovers","|","|switch|p2a: Plantasaurus rex|Venusaur, F|364/364","|turn|24","|","|detailschange|p2a: Plantasaurus rex|Venusaur-Mega, F","|-mega|p2a: Plantasaurus rex|Venusaur|Venusaurite","|move|p1a: Magnezone|Protect|p1a: Magnezone","|-singleturn|p1a: Magnezone|Protect","|move|p2a: Plantasaurus rex|Earthquake|p1a: Magnezone","|-activate|p1a: Magnezone|Protect","|","|-heal|p1a: Magnezone|146/300|[from] item: Leftovers","|turn|25","|","|move|p2a: Plantasaurus rex|Earthquake|p1a: Magnezone","|-supereffective|p1a: Magnezone","|-damage|p1a: Magnezone|0 fnt","|faint|p1a: Magnezone","|","|","|switch|p1a: Raikou|Raikou|321/321","|-ability|p1a: Raikou|Pressure","|turn|26","|","|move|p1a: Raikou|Extrasensory|p2a: Plantasaurus rex","|-supereffective|p2a: Plantasaurus rex","|-damage|p2a: Plantasaurus rex|220/364","|move|p2a: Plantasaurus rex|Earthquake|p1a: Raikou","|-supereffective|p1a: Raikou","|-damage|p1a: Raikou|135/321","|","|-heal|p1a: Raikou|155/321|[from] item: Leftovers","|turn|27","|","|move|p1a: Raikou|Extrasensory|p2a: Plantasaurus rex","|-supereffective|p2a: Plantasaurus rex","|-damage|p2a: Plantasaurus rex|56/364","|move|p2a: Plantasaurus rex|Earthquake|p1a: Raikou","|-supereffective|p1a: Raikou","|-damage|p1a: Raikou|0 fnt","|faint|p1a: Raikou","|","|","|switch|p1a: Ampharos|Ampharos-Mega, M|252/321 slp","|-ability|p1a: Ampharos|Mold Breaker","|turn|28","|","|move|p2a: Plantasaurus rex|Earthquake|p1a: Ampharos","|-supereffective|p1a: Ampharos","|-damage|p1a: Ampharos|144/321 slp","|-curestatus|p1a: Ampharos|slp","|move|p1a: Ampharos|Dragon Pulse|p2a: Plantasaurus rex","|-damage|p2a: Plantasaurus rex|0 fnt","|faint|p2a: Plantasaurus rex","|","|","|switch|p2a: Muhammad ashroom|Breloom, M|1/262","|turn|29","|","|move|p2a: Muhammad ashroom|Mach Punch|p1a: Ampharos","|-damage|p1a: Ampharos|66/321","|move|p1a: Ampharos|Sleep Talk|p1a: Ampharos","|-fail|p1a: Ampharos","|","|turn|30","|","|move|p2a: Muhammad ashroom|Rock Tomb|p1a: Ampharos","|-crit|p1a: Ampharos","|-damage|p1a: Ampharos|0 fnt","|faint|p1a: Ampharos","|","|win|Rain ☆ Suichika"],"p1rating":{"entryid":"7448162","serverid":"eos","formatid":"monotype","userid":"interntwizz","username":"Intern Twizz","w":"17","l":17,"t":"0","gxe":51.1,"r":"1508.7910353778","rd":"58.277186659641","sigma":"0","rptime":"1439197200","rpr":1508.2484750409,"rprd":56.909772515972,"rpsigma":"0","acre":1137.696186862,"lacre":1137.696186862,"oldacre":"1161.1202103062"},"p2rating":{"entryid":"6383869","serverid":"eos","formatid":"monotype","userid":"rainsuichika","username":"Rain ☆ Suichika","w":56,"l":"34","t":"0","gxe":60.5,"r":"1602.1504643903","rd":"47.227508657894","sigma":"0","rptime":"1439197200","rpr":1580.8137716928,"rprd":44.228499064147,"rpsigma":"0","acre":1206.4753289283,"lacre":1206.4753289283,"oldacre":"1183.0513054841"},"endType":"normal"}