{"seed":[19249,16300,59683,7427],"turns":49,"p1":"Rain ☆ Fae","p2":"jzbnaruto","p1team":[{"name":"Gothitelle","species":"Gothitelle","item":"choicescarf","ability":"Shadow Tag","moves":["calmmind","trick","thunderbolt","psychic"],"nature":"Timid","evs":{"hp":80,"atk":0,"def":0,"spa":176,"spd":0,"spe":252},"ivs":{"hp":31,"atk":31,"def":31,"spa":31,"spd":31,"spe":31}},{"name":"Slowbro","species":"Slowbro","item":"leftovers","ability":"Regenerator","moves":["calmmind","icebeam","slackoff","scald"],"nature":"Bold","evs":{"hp":252,"atk":0,"def":252,"spa":0,"spd":4,"spe":0},"ivs":{"hp":31,"atk":0,"def":31,"spa":31,"spd":31,"spe":31}},{"name":"Meloetta","species":"Meloetta","item":"assaultvest","ability":"Serene Grace","moves":["shadowball","psyshock","thunderbolt","hypervoice"],"nature":"Calm","evs":{"hp":252,"atk":0,"def":0,"spa":4,"spd":252,"spe":0},"ivs":{"hp":31,"atk":31,"def":31,"spa":31,"spd":31,"spe":31}},{"name":"Gallade","species":"Gallade","item":"assaultvest","ability":"Justified","moves":["drainpunch","shadowsneak","knockoff","rockslide"],"nature":"Adamant","evs":{"hp":252,"atk":0,"def":0,"spa":0,"spd":252,"spe":4},"ivs":{"hp":31,"atk":31,"def":31,"spa":31,"spd":31,"spe":31}},{"name":"Gardevoir","species":"Gardevoir","item":"gardevoirite","ability":"Trace","moves":["hypervoice","psychic","shadowball","thunderbolt"],"nature":"Modest","evs":{"hp":248,"atk":0,"def":0,"spa":252,"spd":8,"spe":0},"ivs":{"hp":31,"atk":31,"def":31,"spa":31,"spd":31,"spe":31}},{"name":"Jirachi","species":"Jirachi","item":"choiceband","ability":"Serene Grace","moves":["bodyslam","ironhead","firepunch","drainpunch"],"nature":"Jolly","evs":{"hp":0,"atk":252,"def":0,"spa":0,"spd":4,"spe":252},"ivs":{"hp":31,"atk":31,"def":31,"spa":31,"spd":31,"spe":31}}],"p2team":[{"name":"Chansey","species":"Chansey","item":"eviolite","ability":"Natural Cure","moves":["softboiled","thunderwave","healbell","seismictoss"],"nature":"Bold","evs":{"hp":252,"atk":0,"def":252,"spa":0,"spd":4,"spe":0},"ivs":{"hp":31,"atk":31,"def":31,"spa":31,"spd":31,"spe":31}},{"name":"Lopunny","species":"Lopunny","item":"lopunnite","ability":"Limber","moves":["substitute","drainpunch","icepunch","fakeout"],"nature":"Jolly","evs":{"hp":0,"atk":252,"def":0,"spa":0,"spd":4,"spe":252},"ivs":{"hp":31,"atk":31,"def":31,"spa":31,"spd":31,"spe":31}},{"name":"Diggersby","species":"Diggersby","item":"focussash","ability":"Huge Power","moves":["swordsdance","quickattack","earthquake","rockslide"],"nature":"Adamant","evs":{"hp":0,"atk":252,"def":0,"spa":0,"spd":0,"spe":252},"ivs":{"hp":31,"atk":31,"def":31,"spa":31,"spd":31,"spe":31}},{"name":"Chibi-Raptor","species":"staravia","item":"eviolite","ability":"Intimidate","moves":["bravebird","defog","roost","toxic"],"nature":"Impish","evs":{"hp":252,"atk":0,"def":252,"spa":0,"spd":0,"spe":4},"ivs":{"hp":31,"atk":31,"def":31,"spa":31,"spd":31,"spe":31}},{"name":"Broraptor","species":"staraptor","item":"choiceband","ability":"Intimidate","moves":["bravebird","quickattack","closecombat","uturn"],"nature":"Jolly","evs":{"hp":4,"atk":252,"def":0,"spa":0,"spd":0,"spe":252},"shiny":true,"ivs":{"hp":31,"atk":31,"def":31,"spa":31,"spd":31,"spe":31}},{"name":"Exploud","species":"Exploud","item":"choicespecs","ability":"Scrappy","moves":["boomburst","overheat","focusblast","flamethrower"],"nature":"Modest","evs":{"hp":4,"atk":0,"def":0,"spa":252,"spd":0,"spe":252},"ivs":{"hp":31,"atk":31,"def":31,"spa":31,"spd":31,"spe":31}}],"log":["|player|p1|Rain ☆ Fae|233","|player|p2|jzbnaruto|154","|gametype|singles","|gen|6","|tier|Monotype","|rated","|rule|Baton Pass Clause: Limit one Baton Passer, can't pass Spe and other stats simultaneously","|rule|Swagger Clause: Swagger is banned","|rule|Same Type Clause: Pokémon in a team must share a type","|clearpoke","|poke|p1|Gothitelle, M","|poke|p1|Slowbro, F","|poke|p1|Meloetta","|poke|p1|Gallade, M","|poke|p1|Gardevoir, F","|poke|p1|Jirachi","|poke|p2|Chansey, F","|poke|p2|Lopunny, F","|poke|p2|Diggersby, M","|poke|p2|Staravia, F","|poke|p2|Staraptor, F, shiny","|poke|p2|Exploud, M","|rule|Sleep Clause Mod: Limit one foe put to sleep","|rule|Species Clause: Limit one of each Pokémon","|rule|OHKO Clause: OHKO moves are banned","|rule|Moody Clause: Moody is banned","|rule|Evasion Moves Clause: Evasion moves are banned","|rule|Endless Battle Clause: Forcing endless battles is banned","|rule|HP Percentage Mod: HP is shown in percentages","|teampreview","|","|start","|switch|p1a: Gothitelle|Gothitelle, M|301/301","|switch|p2a: Exploud|Exploud, M|350/350","|turn|1","|","|move|p1a: Gothitelle|Trick|p2a: Exploud","|-activate|p1a: Gothitelle|move: Trick|[of] p2a: Exploud","|-item|p2a: Exploud|Choice Scarf|[from] move: Trick","|-item|p1a: Gothitelle|Choice Specs|[from] move: Trick","|move|p2a: Exploud|Boomburst|p1a: Gothitelle","|-crit|p1a: Gothitelle","|-damage|p1a: Gothitelle|0 fnt","|faint|p1a: Gothitelle","|","|","|switch|p1a: Jirachi|Jirachi|341/341","|turn|2","|","|switch|p2a: Chansey|Chansey, F|704/704","|move|p1a: Jirachi|Drain Punch|p2a: Chansey","|-supereffective|p2a: Chansey","|-damage|p2a: Chansey|408/704","|","|turn|3","|","|move|p1a: Jirachi|Drain Punch|p2a: Chansey","|-supereffective|p2a: Chansey","|-damage|p2a: Chansey|118/704","|move|p2a: Chansey|Thunder Wave|p1a: Jirachi","|-status|p1a: Jirachi|par","|","|turn|4","|","|move|p2a: Chansey|Soft-Boiled|p2a: Chansey","|-heal|p2a: Chansey|470/704","|move|p1a: Jirachi|Drain Punch|p2a: Chansey","|-supereffective|p2a: Chansey","|-damage|p2a: Chansey|174/704","|","|turn|5","|","|switch|p1a: Gallade|Gallade, M|340/340","|move|p2a: Chansey|Soft-Boiled|p2a: Chansey","|-heal|p2a: Chansey|526/704","|","|turn|6","|","|switch|p2a: Chibi-Raptor|Staravia, F|314/314","|-ability|p2a: Chibi-Raptor|Intimidate","|-unboost|p1a: Gallade|atk|1","|move|p1a: Gallade|Knock Off|p2a: Chibi-Raptor","|-damage|p2a: Chibi-Raptor|263/314","|-enditem|p2a: Chibi-Raptor|Eviolite|[from] move: Knock Off|[of] p1a: Gallade","|","|turn|7","|","|switch|p1a: Jirachi|Jirachi|341/341 par","|move|p2a: Chibi-Raptor|Toxic|p1a: Jirachi","|-fail|p1a: Jirachi","|","|turn|8","|","|switch|p2a: Broraptor|Staraptor, F, shiny|312/312","|-ability|p2a: Broraptor|Intimidate","|-unboost|p1a: Jirachi|atk|1","|move|p1a: Jirachi|Body Slam|p2a: Broraptor","|-damage|p2a: Broraptor|198/312","|","|turn|9","|","|move|p2a: Broraptor|U-turn|p1a: Jirachi","|-damage|p1a: Jirachi|226/341 par","|","|switch|p2a: Exploud|Exploud, M|350/350","|move|p1a: Jirachi|Body Slam|p2a: Exploud","|-damage|p2a: Exploud|221/350","|-status|p2a: Exploud|par","|","|turn|10","|","|move|p2a: Exploud|Overheat|p1a: Jirachi","|-supereffective|p1a: Jirachi","|-damage|p1a: Jirachi|0 fnt","|-unboost|p2a: Exploud|spa|2","|faint|p1a: Jirachi","|","|","|switch|p1a: Gallade|Gallade, M|340/340","|turn|11","|","|switch|p2a: Chibi-Raptor|Staravia, F|263/314","|-ability|p2a: Chibi-Raptor|Intimidate","|-unboost|p1a: Gallade|atk|1","|move|p1a: Gallade|Drain Punch|p2a: Chibi-Raptor","|-damage|p2a: Chibi-Raptor|175/314","|","|turn|12","|","|switch|p1a: Meloetta|Meloetta|404/404","|move|p2a: Chibi-Raptor|Roost|p2a: Chibi-Raptor","|-heal|p2a: Chibi-Raptor|314/314","|","|turn|13","|","|switch|p2a: Lopunny|Lopunny, F|271/271","|move|p1a: Meloetta|Thunderbolt|p2a: Lopunny","|-damage|p2a: Lopunny|183/271","|","|turn|14","|","|move|p2a: Lopunny|Fake Out|p1a: Meloetta","|-damage|p1a: Meloetta|346/404","|cant|p1a: Meloetta|flinch","|","|turn|15","|","|move|p2a: Lopunny|Drain Punch|p1a: Meloetta","|-damage|p1a: Meloetta|273/404","|-heal|p2a: Lopunny|220/271|[from] drain|[of] p1a: Meloetta","|move|p1a: Meloetta|Psyshock|p2a: Lopunny","|-damage|p2a: Lopunny|91/271","|","|turn|16","|","|move|p2a: Lopunny|Drain Punch|p1a: Meloetta","|-damage|p1a: Meloetta|188/404","|-heal|p2a: Lopunny|134/271|[from] drain|[of] p1a: Meloetta","|move|p1a: Meloetta|Hyper Voice|p2a: Lopunny","|-damage|p2a: Lopunny|5/271","|","|turn|17","|","|switch|p1a: Slowbro|Slowbro, F|394/394","|detailschange|p2a: Lopunny|Lopunny-Mega, F","|-mega|p2a: Lopunny|Lopunny|Lopunnite","|move|p2a: Lopunny|Drain Punch|p1a: Slowbro","|-resisted|p1a: Slowbro","|-damage|p1a: Slowbro|350/394","|-heal|p2a: Lopunny|27/271|[from] drain|[of] p1a: Slowbro","|","|-heal|p1a: Slowbro|374/394|[from] item: Leftovers","|turn|18","|","|move|p2a: Lopunny|Ice Punch|p1a: Slowbro","|-resisted|p1a: Slowbro","|-damage|p1a: Slowbro|345/394","|move|p1a: Slowbro|Calm Mind|p1a: Slowbro","|-boost|p1a: Slowbro|spa|1","|-boost|p1a: Slowbro|spd|1","|","|-heal|p1a: Slowbro|369/394|[from] item: Leftovers","|turn|19","|","|switch|p2a: Chansey|Chansey, F|526/704","|move|p1a: Slowbro|Calm Mind|p1a: Slowbro","|-boost|p1a: Slowbro|spa|1","|-boost|p1a: Slowbro|spd|1","|","|-heal|p1a: Slowbro|393/394|[from] item: Leftovers","|turn|20","|","|move|p2a: Chansey|Thunder Wave|p1a: Slowbro","|-status|p1a: Slowbro|par","|move|p1a: Slowbro|Scald|p2a: Chansey","|-damage|p2a: Chansey|402/704","|","|-heal|p1a: Slowbro|394/394 par|[from] item: Leftovers","|turn|21","|","|move|p2a: Chansey|Heal Bell|p2a: Chansey","|-cureteam|p2a: Chansey|[from] move: HealBell","|cant|p1a: Slowbro|par","|","|turn|22","|","|move|p2a: Chansey|Soft-Boiled|p2a: Chansey","|-heal|p2a: Chansey|704/704","|move|p1a: Slowbro|Calm Mind|p1a: Slowbro","|-boost|p1a: Slowbro|spa|1","|-boost|p1a: Slowbro|spd|1","|","|turn|23","|","|switch|p2a: Lopunny|Lopunny-Mega, F|27/271","|move|p1a: Slowbro|Calm Mind|p1a: Slowbro","|-boost|p1a: Slowbro|spa|1","|-boost|p1a: Slowbro|spd|1","|","|turn|24","|","|move|p2a: Lopunny|Fake Out|p1a: Slowbro","|-damage|p1a: Slowbro|343/394 par","|cant|p1a: Slowbro|flinch","|","|-heal|p1a: Slowbro|367/394 par|[from] item: Leftovers","|turn|25","|","|move|p2a: Lopunny|Drain Punch|p1a: Slowbro","|-resisted|p1a: Slowbro","|-damage|p1a: Slowbro|319/394 par","|-heal|p2a: Lopunny|51/271|[from] drain|[of] p1a: Slowbro","|move|p1a: Slowbro|Scald|p2a: Lopunny","|-crit|p2a: Lopunny","|-damage|p2a: Lopunny|0 fnt","|faint|p2a: Lopunny","|","|-heal|p1a: Slowbro|343/394 par|[from] item: Leftovers","|","|switch|p2a: Broraptor|Staraptor, F, shiny|198/312","|-ability|p2a: Broraptor|Intimidate","|-unboost|p1a: Slowbro|atk|1","|turn|26","|","|move|p2a: Broraptor|U-turn|p1a: Slowbro","|-supereffective|p1a: Slowbro","|-damage|p1a: Slowbro|173/394 par","|","|switch|p2a: Chansey|Chansey, F|704/704","|move|p1a: Slowbro|Ice Beam|p2a: Chansey","|-damage|p2a: Chansey|579/704","|","|-heal|p1a: Slowbro|197/394 par|[from] item: Leftovers","|turn|27","|","|switch|p1a: Gallade|Gallade, M|340/340","|move|p2a: Chansey|Seismic Toss|p1a: Gallade","|-damage|p1a: Gallade|240/340","|","|turn|28","|","|switch|p2a: Chibi-Raptor|Staravia, F|314/314","|-ability|p2a: Chibi-Raptor|Intimidate","|-unboost|p1a: Gallade|atk|1","|move|p1a: Gallade|Knock Off|p2a: Chibi-Raptor","|-crit|p2a: Chibi-Raptor","|-damage|p2a: Chibi-Raptor|196/314","|","|turn|29","|","|switch|p1a: Gardevoir|Gardevoir, F|339/339","|-ability|p1a: Gardevoir|Intimidate|[from] ability: Trace|[of] p2a: Chibi-Raptor","|-ability|p1a: Gardevoir|Intimidate","|-unboost|p2a: Chibi-Raptor|atk|1","|move|p2a: Chibi-Raptor|Roost|p2a: Chibi-Raptor","|-heal|p2a: Chibi-Raptor|314/314","|","|turn|30","|","|switch|p2a: Chansey|Chansey, F|579/704","|detailschange|p1a: Gardevoir|Gardevoir-Mega, F","|-mega|p1a: Gardevoir|Gardevoir|Gardevoirite","|move|p1a: Gardevoir|Hyper Voice|p2a: Chansey","|-damage|p2a: Chansey|408/704","|","|turn|31","|","|move|p1a: Gardevoir|Hyper Voice|p2a: Chansey","|-crit|p2a: Chansey","|-damage|p2a: Chansey|129/704","|move|p2a: Chansey|Soft-Boiled|p2a: Chansey","|-heal|p2a: Chansey|481/704","|","|turn|32","|","|switch|p1a: Gallade|Gallade, M|240/340","|move|p2a: Chansey|Thunder Wave|p1a: Gallade","|-status|p1a: Gallade|par","|","|turn|33","|","|switch|p2a: Chibi-Raptor|Staravia, F|314/314","|-ability|p2a: Chibi-Raptor|Intimidate","|-unboost|p1a: Gallade|atk|1","|switch|p1a: Gardevoir|Gardevoir-Mega, F|339/339","|","|turn|34","|","|switch|p1a: Gallade|Gallade, M|240/340 par","|move|p2a: Chibi-Raptor|Brave Bird|p1a: Gallade","|-supereffective|p1a: Gallade","|-damage|p1a: Gallade|0 fnt","|-damage|p2a: Chibi-Raptor|235/314|[from] recoil|[of] p1a: Gallade","|faint|p1a: Gallade","|","|","|switch|p1a: Meloetta|Meloetta|188/404","|turn|35","|","|switch|p2a: Exploud|Exploud, M|221/350","|move|p1a: Meloetta|Hyper Voice|p2a: Exploud","|-damage|p2a: Exploud|50/350","|","|turn|36","|","|move|p2a: Exploud|Boomburst|p1a: Meloetta","|-damage|p1a: Meloetta|92/404","|move|p1a: Meloetta|Shadow Ball|p2a: Exploud","|-immune|p2a: Exploud|[msg]","|","|turn|37","|","|switch|p2a: Chibi-Raptor|Staravia, F|235/314","|-ability|p2a: Chibi-Raptor|Intimidate","|-unboost|p1a: Meloetta|atk|1","|move|p1a: Meloetta|Psyshock|p2a: Chibi-Raptor","|-damage|p2a: Chibi-Raptor|115/314","|","|turn|38","|","|move|p1a: Meloetta|Hyper Voice|p2a: Chibi-Raptor","|-damage|p2a: Chibi-Raptor|0 fnt","|faint|p2a: Chibi-Raptor","|","|","|switch|p2a: Exploud|Exploud, M|50/350","|turn|39","|","|move|p2a: Exploud|Boomburst|p1a: Meloetta","|-damage|p1a: Meloetta|2/404","|move|p1a: Meloetta|Hyper Voice|p2a: Exploud","|-damage|p2a: Exploud|0 fnt","|faint|p2a: Exploud","|","|","|switch|p2a: Broraptor|Staraptor, F, shiny|198/312","|-ability|p2a: Broraptor|Intimidate","|-unboost|p1a: Meloetta|atk|1","|turn|40","|","|switch|p1a: Slowbro|Slowbro, F|328/394 par","|move|p2a: Broraptor|U-turn|p1a: Slowbro","|-supereffective|p1a: Slowbro","|-damage|p1a: Slowbro|170/394 par","|","|switch|p2a: Diggersby|Diggersby, M|311/311","|","|-heal|p1a: Slowbro|194/394 par|[from] item: Leftovers","|turn|41","|","|move|p2a: Diggersby|Earthquake|p1a: Slowbro","|-damage|p1a: Slowbro|35/394 par","|move|p1a: Slowbro|Ice Beam|p2a: Diggersby","|-supereffective|p2a: Diggersby","|-damage|p2a: Diggersby|151/311","|","|-heal|p1a: Slowbro|59/394 par|[from] item: Leftovers","|turn|42","|","|move|p2a: Diggersby|Earthquake|p1a: Slowbro","|-damage|p1a: Slowbro|0 fnt","|faint|p1a: Slowbro","|","|","|switch|p1a: Meloetta|Meloetta|2/404","|turn|43","|","|move|p2a: Diggersby|Quick Attack|p1a: Meloetta","|-damage|p1a: Meloetta|0 fnt","|faint|p1a: Meloetta","|","|","|switch|p1a: Gardevoir|Gardevoir-Mega, F|339/339","|turn|44","|","|move|p2a: Diggersby|Quick Attack|p1a: Gardevoir","|-damage|p1a: Gardevoir|213/339","|move|p1a: Gardevoir|Hyper Voice|p2a: Diggersby","|-damage|p2a: Diggersby|0 fnt","|faint|p2a: Diggersby","|","|","|switch|p2a: Chansey|Chansey, F|481/704","|turn|45","|","|move|p1a: Gardevoir|Hyper Voice|p2a: Chansey","|-damage|p2a: Chansey|312/704","|move|p2a: Chansey|Thunder Wave|p1a: Gardevoir","|-status|p1a: Gardevoir|par","|","|turn|46","|","|move|p2a: Chansey|Seismic Toss|p1a: Gardevoir","|-damage|p1a: Gardevoir|113/339 par","|move|p1a: Gardevoir|Hyper Voice|p2a: Chansey","|-damage|p2a: Chansey|134/704","|","|turn|47","|","|move|p2a: Chansey|Soft-Boiled|p2a: Chansey","|-heal|p2a: Chansey|486/704","|cant|p1a: Gardevoir|par","|","|turn|48","|","|move|p2a: Chansey|Seismic Toss|p1a: Gardevoir","|-damage|p1a: Gardevoir|13/339 par","|move|p1a: Gardevoir|Hyper Voice|p2a: Chansey","|-damage|p2a: Chansey|296/704","|","|turn|49","|","|move|p2a: Chansey|Seismic Toss|p1a: Gardevoir","|-damage|p1a: Gardevoir|0 fnt","|faint|p1a: Gardevoir","|","|win|jzbnaruto"],"p1rating":{"entryid":"7105533","serverid":"eos","formatid":"monotype","userid":"rainfae","username":"Rain ☆ Fae","w":"22","l":15,"t":"0","gxe":55.8,"r":"1553.4838362137","rd":"59.164233706998","sigma":"0","rptime":"1439197200","rpr":1544.8092745894,"rprd":58.437170198612,"rpsigma":"0","acre":1142.494456209,"lacre":1142.494456209,"oldacre":"1172.8175739097"},"p2rating":{"entryid":"6532987","serverid":"eos","formatid":"monotype","userid":"jzbnaruto","username":"Jzbnaruto","w":4,"l":"0","t":"0","gxe":65.4,"r":"1572.7216264439","rd":"124.08178847615","sigma":"0","rptime":"1439197200","rpr":1625.996778251,"rprd":112.45415415319,"rpsigma":"0","acre":1128.433844715,"lacre":1128.433844715,"oldacre":"1097.6905483733"},"endType":"normal"}