{"seed":[47598,45157,3356,60619],"turns":20,"p1":"Defender of Sinnoh","p2":"Intern Twizz","p1team":[{"name":"Hawlucha","species":"Hawlucha","item":"redcard","ability":"Unburden","moves":["acrobatics","swordsdance","drainpunch","dualchop"],"nature":"Adamant","evs":{"hp":0,"atk":252,"def":0,"spa":0,"spd":4,"spe":252},"ivs":{"hp":31,"atk":31,"def":31,"spa":31,"spd":31,"spe":31}},{"name":"Cobalion","species":"Cobalion","item":"airballoon","ability":"Justified","moves":["voltswitch","focusblast","flashcannon","thunderwave"],"nature":"Timid","evs":{"hp":0,"atk":0,"def":0,"spa":252,"spd":4,"spe":252},"ivs":{"hp":31,"atk":31,"def":31,"spa":31,"spd":31,"spe":31}},{"name":"Keldeo-Resolute","species":"Keldeo-Resolute","item":"choicespecs","ability":"Justified","moves":["secretsword","scald","icywind","hiddenpowerfire"],"nature":"Timid","evs":{"hp":0,"atk":0,"def":0,"spa":252,"spd":4,"spe":252},"ivs":{"hp":31,"atk":30,"def":31,"spa":30,"spd":31,"spe":30}},{"name":"Infernape","species":"Infernape","item":"focussash","ability":"Blaze","moves":["flamethrower","vacuumwave","endeavor","stealthrock"],"nature":"Timid","evs":{"hp":0,"atk":0,"def":0,"spa":252,"spd":4,"spe":252},"ivs":{"hp":31,"atk":31,"def":31,"spa":31,"spd":31,"spe":31}},{"name":"Terrakion","species":"Terrakion","item":"choicescarf","ability":"Justified","moves":["closecombat","stoneedge","earthquake","ironhead"],"nature":"Jolly","evs":{"hp":0,"atk":252,"def":0,"spa":0,"spd":4,"spe":252},"ivs":{"hp":31,"atk":31,"def":31,"spa":31,"spd":31,"spe":31}},{"name":"Heracross","species":"Heracross","item":"heracronite","ability":"Moxie","moves":["bulletseed","rockblast","armthrust","pinmissile"],"nature":"Adamant","evs":{"hp":248,"atk":252,"def":0,"spa":0,"spd":8,"spe":0},"ivs":{"hp":31,"atk":31,"def":31,"spa":31,"spd":31,"spe":31}}],"p2team":[{"name":"Magnezone","species":"Magnezone","item":"leftovers","ability":"Sturdy","moves":["flashcannon","thunderbolt","protect","hiddenpowerice"],"nature":"Modest","evs":{"hp":76,"atk":0,"def":180,"spa":252,"spd":0,"spe":0},"ivs":{"hp":31,"atk":30,"def":30,"spa":31,"spd":31,"spe":31}},{"name":"Zapdos","species":"Zapdos","item":"leftovers","ability":"Pressure","moves":["discharge","heatwave","toxic","roost"],"nature":"Bold","evs":{"hp":4,"atk":0,"def":252,"spa":56,"spd":196,"spe":0},"ivs":{"hp":31,"atk":31,"def":31,"spa":31,"spd":31,"spe":31}},{"name":"Ampharos","species":"Ampharos","item":"ampharosite","ability":"Static","moves":["cottonguard","rest","sleeptalk","dragonpulse"],"nature":"Bold","evs":{"hp":0,"atk":0,"def":252,"spa":136,"spd":120,"spe":0},"ivs":{"hp":31,"atk":31,"def":31,"spa":31,"spd":31,"spe":31}},{"name":"Raikou","species":"Raikou","item":"leftovers","ability":"Pressure","moves":["calmmind","substitute","thunderbolt","extrasensory"],"nature":"Timid","evs":{"hp":0,"atk":0,"def":0,"spa":252,"spd":4,"spe":252},"ivs":{"hp":31,"atk":31,"def":31,"spa":31,"spd":31,"spe":31}},{"name":"Rotom-Wash","species":"Rotom-Wash","item":"choicescarf","ability":"Levitate","moves":["voltswitch","hydropump","willowisp","trick"],"nature":"Timid","evs":{"hp":0,"atk":0,"def":0,"spa":252,"spd":4,"spe":252},"ivs":{"hp":31,"atk":31,"def":31,"spa":31,"spd":31,"spe":31}},{"name":"Condom","species":"eelektross","item":"assaultvest","ability":"Levitate","moves":["gigadrain","thunderbolt","drainpunch","knockoff"],"nature":"Quiet","evs":{"hp":3,"atk":136,"def":0,"spa":108,"spd":252,"spe":0},"ivs":{"hp":31,"atk":31,"def":31,"spa":31,"spd":31,"spe":31}}],"log":["|player|p1|Defender of Sinnoh|25","|player|p2|Intern Twizz|122","|gametype|singles","|gen|6","|tier|Monotype","|rated","|rule|Baton Pass Clause: Limit one Baton Passer, can't pass Spe and other stats simultaneously","|rule|Swagger Clause: Swagger is banned","|rule|Same Type Clause: Pokémon in a team must share a type","|clearpoke","|poke|p1|Hawlucha, M","|poke|p1|Cobalion","|poke|p1|Keldeo-Resolute","|poke|p1|Infernape, M","|poke|p1|Terrakion","|poke|p1|Heracross, F","|poke|p2|Magnezone","|poke|p2|Zapdos","|poke|p2|Ampharos, M","|poke|p2|Raikou","|poke|p2|Rotom-Wash","|poke|p2|Eelektross, M","|rule|Sleep Clause Mod: Limit one foe put to sleep","|rule|Species Clause: Limit one of each Pokémon","|rule|OHKO Clause: OHKO moves are banned","|rule|Moody Clause: Moody is banned","|rule|Evasion Moves Clause: Evasion moves are banned","|rule|Endless Battle Clause: Forcing endless battles is banned","|rule|HP Percentage Mod: HP is shown in percentages","|teampreview","|","|start","|switch|p1a: Infernape|Infernape, M|293/293","|switch|p2a: Rotom-Wash|Rotom-Wash|241/241","|turn|1","|","|move|p2a: Rotom-Wash|Volt Switch|p1a: Infernape","|-damage|p1a: Infernape|161/293","|","|switch|p2a: Ampharos|Ampharos, M|321/321","|move|p1a: Infernape|Stealth Rock|p2a: Ampharos","|-sidestart|p2: Intern Twizz|move: Stealth Rock","|","|turn|2","|","|detailschange|p2a: Ampharos|Ampharos-Mega, M","|-mega|p2a: Ampharos|Ampharos|Ampharosite","|-ability|p2a: Ampharos|Mold Breaker","|move|p1a: Infernape|Endeavor|p2a: Ampharos","|-damage|p2a: Ampharos|161/321","|move|p2a: Ampharos|Cotton Guard|p2a: Ampharos","|-boost|p2a: Ampharos|def|3","|","|turn|3","|","|move|p1a: Infernape|Vacuum Wave|p2a: Ampharos","|-damage|p2a: Ampharos|107/321","|move|p2a: Ampharos|Cotton Guard|p2a: Ampharos","|-boost|p2a: Ampharos|def|3","|","|turn|4","|","|move|p1a: Infernape|Vacuum Wave|p2a: Ampharos","|-damage|p2a: Ampharos|58/321","|move|p2a: Ampharos|Rest|p2a: Ampharos","|-status|p2a: Ampharos|slp","|-heal|p2a: Ampharos|321/321 slp|[silent]","|-status|p2a: Ampharos|slp|[from] move: Rest","|","|turn|5","|","|move|p1a: Infernape|Endeavor|p2a: Ampharos","|-damage|p2a: Ampharos|161/321 slp","|cant|p2a: Ampharos|slp","|move|p2a: Ampharos|Sleep Talk|p2a: Ampharos","|move|p2a: Ampharos|Dragon Pulse|p1a: Infernape|[from]Sleep Talk","|-damage|p1a: Infernape|0 fnt","|faint|p1a: Infernape","|","|","|switch|p1a: Keldeo-Resolute|Keldeo-Resolute|323/323","|turn|6","|","|switch|p2a: Magnezone|Magnezone|300/300","|-damage|p2a: Magnezone|282/300|[from] Stealth Rock","|move|p1a: Keldeo-Resolute|Icy Wind|p2a: Magnezone","|-resisted|p2a: Magnezone","|-damage|p2a: Magnezone|225/300","|-unboost|p2a: Magnezone|spe|1","|","|-heal|p2a: Magnezone|243/300|[from] item: Leftovers","|turn|7","|","|switch|p1a: Hawlucha|Hawlucha, M|297/297","|move|p2a: Magnezone|Thunderbolt|p1a: Hawlucha","|-supereffective|p1a: Hawlucha","|-damage|p1a: Hawlucha|0 fnt","|faint|p1a: Hawlucha","|","|-heal|p2a: Magnezone|261/300|[from] item: Leftovers","|","|switch|p1a: Cobalion|Cobalion|323/323","|-item|p1a: Cobalion|Air Balloon","|turn|8","|","|move|p2a: Magnezone|Protect|p2a: Magnezone","|-singleturn|p2a: Magnezone|Protect","|move|p1a: Cobalion|Focus Blast|p2a: Magnezone","|-activate|p2a: Magnezone|Protect","|","|-heal|p2a: Magnezone|279/300|[from] item: Leftovers","|turn|9","|","|move|p1a: Cobalion|Focus Blast|p2a: Magnezone|[miss]","|-miss|p1a: Cobalion|p2a: Magnezone","|move|p2a: Magnezone|Thunderbolt|p1a: Cobalion","|-damage|p1a: Cobalion|80/323","|-enditem|p1a: Cobalion|Air Balloon","|","|-heal|p2a: Magnezone|297/300|[from] item: Leftovers","|turn|10","|","|move|p2a: Magnezone|Protect|p2a: Magnezone","|-singleturn|p2a: Magnezone|Protect","|move|p1a: Cobalion|Focus Blast|p2a: Magnezone","|-activate|p2a: Magnezone|Protect","|","|-heal|p2a: Magnezone|300/300|[from] item: Leftovers","|turn|11","|","|move|p1a: Cobalion|Focus Blast|p2a: Magnezone|[miss]","|-miss|p1a: Cobalion|p2a: Magnezone","|move|p2a: Magnezone|Thunderbolt|p1a: Cobalion","|-damage|p1a: Cobalion|0 fnt","|faint|p1a: Cobalion","|","|","|switch|p1a: Terrakion|Terrakion|323/323","|turn|12","|","|move|p1a: Terrakion|Close Combat|p2a: Magnezone","|-supereffective|p2a: Magnezone","|-ability|p2a: Magnezone|Sturdy","|-damage|p2a: Magnezone|1/300","|-unboost|p1a: Terrakion|def|1","|-unboost|p1a: Terrakion|spd|1","|move|p2a: Magnezone|Flash Cannon|p1a: Terrakion","|-crit|p1a: Terrakion","|-supereffective|p1a: Terrakion","|-damage|p1a: Terrakion|0 fnt","|faint|p1a: Terrakion","|","|-heal|p2a: Magnezone|19/300|[from] item: Leftovers","|","|switch|p1a: Keldeo-Resolute|Keldeo-Resolute|323/323","|turn|13","|","|move|p1a: Keldeo-Resolute|Secret Sword|p2a: Magnezone","|-supereffective|p2a: Magnezone","|-damage|p2a: Magnezone|0 fnt","|faint|p2a: Magnezone","|","|","|switch|p2a: Zapdos|Zapdos|322/322","|-damage|p2a: Zapdos|242/322|[from] Stealth Rock","|-ability|p2a: Zapdos|Pressure","|turn|14","|","|move|p1a: Keldeo-Resolute|Secret Sword|p2a: Zapdos","|-resisted|p2a: Zapdos","|-damage|p2a: Zapdos|149/322","|move|p2a: Zapdos|Discharge|p1a: Keldeo-Resolute","|-supereffective|p1a: Keldeo-Resolute","|-damage|p1a: Keldeo-Resolute|41/323","|-status|p1a: Keldeo-Resolute|par","|","|-heal|p2a: Zapdos|169/322|[from] item: Leftovers","|turn|15","|","|move|p2a: Zapdos|Roost|p2a: Zapdos","|-heal|p2a: Zapdos|322/322","|move|p1a: Keldeo-Resolute|Secret Sword|p2a: Zapdos","|-damage|p2a: Zapdos|142/322","|","|-heal|p2a: Zapdos|162/322|[from] item: Leftovers","|turn|16","|","|move|p2a: Zapdos|Discharge|p1a: Keldeo-Resolute","|-supereffective|p1a: Keldeo-Resolute","|-damage|p1a: Keldeo-Resolute|0 fnt","|faint|p1a: Keldeo-Resolute","|","|-heal|p2a: Zapdos|182/322|[from] item: Leftovers","|","|switch|p1a: Heracross|Heracross, F|363/363","|turn|17","|","|detailschange|p1a: Heracross|Heracross-Mega, F","|-mega|p1a: Heracross|Heracross|Heracronite","|move|p2a: Zapdos|Discharge|p1a: Heracross","|-damage|p1a: Heracross|239/363","|move|p1a: Heracross|Rock Blast|p2a: Zapdos","|-supereffective|p2a: Zapdos","|-damage|p2a: Zapdos|108/322","|-supereffective|p2a: Zapdos","|-damage|p2a: Zapdos|44/322","|-supereffective|p2a: Zapdos","|-damage|p2a: Zapdos|0 fnt","|-hitcount|p2a: Zapdos|3","|faint|p2a: Zapdos","|","|","|switch|p2a: Rotom-Wash|Rotom-Wash|241/241","|-damage|p2a: Rotom-Wash|211/241|[from] Stealth Rock","|turn|18","|","|move|p2a: Rotom-Wash|Will-O-Wisp|p1a: Heracross","|-status|p1a: Heracross|brn","|move|p1a: Heracross|Bullet Seed|p2a: Rotom-Wash","|-supereffective|p2a: Rotom-Wash","|-damage|p2a: Rotom-Wash|168/241","|-supereffective|p2a: Rotom-Wash","|-damage|p2a: Rotom-Wash|128/241","|-supereffective|p2a: Rotom-Wash","|-damage|p2a: Rotom-Wash|87/241","|-supereffective|p2a: Rotom-Wash","|-damage|p2a: Rotom-Wash|43/241","|-supereffective|p2a: Rotom-Wash","|-damage|p2a: Rotom-Wash|3/241","|-hitcount|p2a: Rotom-Wash|5","|","|-damage|p1a: Heracross|194/363 brn|[from] brn","|turn|19","|","|move|p2a: Rotom-Wash|Will-O-Wisp|p1a: Heracross","|-fail|p1a: Heracross|brn","|move|p1a: Heracross|Arm Thrust|p2a: Rotom-Wash","|-damage|p2a: Rotom-Wash|0 fnt","|-hitcount|p2a: Rotom-Wash|1","|faint|p2a: Rotom-Wash","|","|-damage|p1a: Heracross|149/363 brn|[from] brn","|","|switch|p2a: Raikou|Raikou|321/321","|-damage|p2a: Raikou|281/321|[from] Stealth Rock","|-ability|p2a: Raikou|Pressure","|turn|20","|","|move|p2a: Raikou|Extrasensory|p1a: Heracross","|-supereffective|p1a: Heracross","|-damage|p1a: Heracross|0 fnt","|faint|p1a: Heracross","|","|win|Intern Twizz"],"p1rating":{"entryid":"6083148","serverid":"eos","formatid":"monotype","userid":"defenderofsinnoh","username":"Defender Of Sinnoh","w":"46","l":60,"t":"0","gxe":43.6,"r":"1458.3033673695","rd":"41.290502805627","sigma":"0","rptime":"1439197200","rpr":1451.6681430971,"rprd":40.334782806962,"rpsigma":"0","acre":1071.7623814096,"lacre":1071.7623814096,"oldacre":"1090.1263113233"},"p2rating":{"entryid":"7448162","serverid":"eos","formatid":"monotype","userid":"interntwizz","username":"Intern Twizz","w":22,"l":"19","t":"0","gxe":53.3,"r":"1508.7910353778","rd":"58.277186659641","sigma":"0","rptime":"1439197200","rpr":1525.3348242006,"rprd":52.652972203922,"rpsigma":"0","acre":1187.0555093226,"lacre":1187.0555093226,"oldacre":"1167.5351518113"},"endType":"normal"}