{"seed":[35666,34841,42833,675],"turns":28,"p1":"Intern Twizz","p2":"jzbnaruto","p1team":[{"name":"Magnezone","species":"Magnezone","item":"leftovers","ability":"Sturdy","moves":["flashcannon","thunderbolt","protect","hiddenpowerice"],"nature":"Modest","evs":{"hp":76,"atk":0,"def":180,"spa":252,"spd":0,"spe":0},"ivs":{"hp":31,"atk":30,"def":30,"spa":31,"spd":31,"spe":31}},{"name":"Zapdos","species":"Zapdos","item":"leftovers","ability":"Pressure","moves":["discharge","heatwave","toxic","roost"],"nature":"Bold","evs":{"hp":4,"atk":0,"def":252,"spa":56,"spd":196,"spe":0},"ivs":{"hp":31,"atk":31,"def":31,"spa":31,"spd":31,"spe":31}},{"name":"Ampharos","species":"Ampharos","item":"ampharosite","ability":"Static","moves":["cottonguard","rest","sleeptalk","dragonpulse"],"nature":"Bold","evs":{"hp":0,"atk":0,"def":252,"spa":136,"spd":120,"spe":0},"ivs":{"hp":31,"atk":31,"def":31,"spa":31,"spd":31,"spe":31}},{"name":"Raikou","species":"Raikou","item":"leftovers","ability":"Pressure","moves":["calmmind","substitute","thunderbolt","extrasensory"],"nature":"Timid","evs":{"hp":0,"atk":0,"def":0,"spa":252,"spd":4,"spe":252},"ivs":{"hp":31,"atk":31,"def":31,"spa":31,"spd":31,"spe":31}},{"name":"Rotom-Wash","species":"Rotom-Wash","item":"choicescarf","ability":"Levitate","moves":["voltswitch","hydropump","willowisp","trick"],"nature":"Timid","evs":{"hp":0,"atk":0,"def":0,"spa":252,"spd":4,"spe":252},"ivs":{"hp":31,"atk":31,"def":31,"spa":31,"spd":31,"spe":31}},{"name":"Condom","species":"eelektross","item":"assaultvest","ability":"Levitate","moves":["gigadrain","thunderbolt","drainpunch","knockoff"],"nature":"Quiet","evs":{"hp":3,"atk":136,"def":0,"spa":108,"spd":252,"spe":0},"ivs":{"hp":31,"atk":31,"def":31,"spa":31,"spd":31,"spe":31}}],"p2team":[{"name":"Abomasnow","species":"Abomasnow","item":"abomasite","ability":"Snow Warning","moves":["iceshard","blizzard","focusblast","energyball"],"nature":"Calm","evs":{"hp":100,"atk":0,"def":0,"spa":156,"spd":252,"spe":0},"shiny":true,"ivs":{"hp":31,"atk":31,"def":31,"spa":31,"spd":31,"spe":31}},{"name":"Cloyster","species":"Cloyster","item":"focussash","ability":"Skill Link","moves":["iceshard","iciclespear","rockblast","shellsmash"],"nature":"Jolly","evs":{"hp":4,"atk":252,"def":0,"spa":0,"spd":0,"spe":252},"ivs":{"hp":31,"atk":31,"def":31,"spa":31,"spd":31,"spe":31}},{"name":"Kyurem-Black","species":"Kyurem-Black","item":"choicescarf","ability":"Teravolt","moves":["outrage","fusionbolt","ironhead","icebeam"],"nature":"Naive","evs":{"hp":0,"atk":252,"def":0,"spa":4,"spd":0,"spe":252},"ivs":{"hp":31,"atk":31,"def":31,"spa":31,"spd":31,"spe":31}},{"name":"Avalugg","species":"Avalugg","item":"leftovers","ability":"Ice Body","moves":["rapidspin","mirrorcoat","avalanche","gyroball"],"nature":"Sassy","evs":{"hp":252,"atk":4,"def":0,"spa":0,"spd":252,"spe":0},"ivs":{"hp":31,"atk":31,"def":31,"spa":31,"spd":31,"spe":0}},{"name":"Froslass","species":"Froslass","item":"focussash","ability":"Cursed Body","moves":["thunderbolt","destinybond","thunderwave","icebeam"],"nature":"Timid","evs":{"hp":0,"atk":0,"def":0,"spa":252,"spd":4,"spe":252},"shiny":true,"ivs":{"hp":31,"atk":31,"def":31,"spa":31,"spd":31,"spe":31}},{"name":"Articuno","species":"Articuno","item":"leftovers","ability":"Pressure","moves":["healbell","freezedry","toxic","roost"],"nature":"Calm","evs":{"hp":252,"atk":0,"def":0,"spa":4,"spd":252,"spe":0},"ivs":{"hp":31,"atk":31,"def":31,"spa":31,"spd":31,"spe":31}}],"log":["|player|p1|Intern Twizz|122","|player|p2|jzbnaruto|154","|gametype|singles","|gen|6","|tier|Monotype","|rated","|rule|Baton Pass Clause: Limit one Baton Passer, can't pass Spe and other stats simultaneously","|rule|Swagger Clause: Swagger is banned","|rule|Same Type Clause: Pokémon in a team must share a type","|clearpoke","|poke|p1|Magnezone","|poke|p1|Zapdos","|poke|p1|Ampharos, M","|poke|p1|Raikou","|poke|p1|Rotom-Wash","|poke|p1|Eelektross, M","|poke|p2|Abomasnow, F, shiny","|poke|p2|Cloyster, M","|poke|p2|Kyurem-Black","|poke|p2|Avalugg, M","|poke|p2|Froslass, F, shiny","|poke|p2|Articuno","|rule|Sleep Clause Mod: Limit one foe put to sleep","|rule|Species Clause: Limit one of each Pokémon","|rule|OHKO Clause: OHKO moves are banned","|rule|Moody Clause: Moody is banned","|rule|Evasion Moves Clause: Evasion moves are banned","|rule|Endless Battle Clause: Forcing endless battles is banned","|rule|HP Percentage Mod: HP is shown in percentages","|teampreview","|","|start","|switch|p1a: Rotom-Wash|Rotom-Wash|241/241","|switch|p2a: Abomasnow|Abomasnow, F, shiny|346/346","|-weather|Hail","|turn|1","|","|detailschange|p2a: Abomasnow|Abomasnow-Mega, F, shiny","|-mega|p2a: Abomasnow|Abomasnow|Abomasite","|move|p1a: Rotom-Wash|Volt Switch|p2a: Abomasnow","|-resisted|p2a: Abomasnow","|-damage|p2a: Abomasnow|312/346","|","|switch|p1a: Magnezone|Magnezone|300/300","|move|p2a: Abomasnow|Energy Ball|p1a: Magnezone","|-resisted|p1a: Magnezone","|-damage|p1a: Magnezone|222/300","|","|-weather|Hail|[upkeep]","|-damage|p1a: Magnezone|204/300|[from] hail","|-heal|p1a: Magnezone|222/300|[from] item: Leftovers","|turn|2","|","|switch|p2a: Articuno|Articuno|384/384","|-ability|p2a: Articuno|Pressure","|move|p1a: Magnezone|Protect|p1a: Magnezone","|-fail|p1a: Magnezone","|","|-weather|Hail|[upkeep]","|-damage|p1a: Magnezone|204/300|[from] hail","|-heal|p1a: Magnezone|222/300|[from] item: Leftovers","|turn|3","|","|move|p2a: Articuno|Freeze-Dry|p1a: Magnezone","|-resisted|p1a: Magnezone","|-damage|p1a: Magnezone|183/300","|move|p1a: Magnezone|Thunderbolt|p2a: Articuno","|-supereffective|p2a: Articuno","|-damage|p2a: Articuno|160/384","|","|-weather|Hail|[upkeep]","|-damage|p1a: Magnezone|165/300|[from] hail","|-heal|p2a: Articuno|184/384|[from] item: Leftovers","|-heal|p1a: Magnezone|183/300|[from] item: Leftovers","|turn|4","|","|move|p1a: Magnezone|Protect|p1a: Magnezone","|-singleturn|p1a: Magnezone|Protect","|move|p2a: Articuno|Roost|p2a: Articuno","|-heal|p2a: Articuno|376/384","|","|-weather|Hail|[upkeep]","|-damage|p1a: Magnezone|165/300|[from] hail","|-heal|p2a: Articuno|384/384|[from] item: Leftovers","|-heal|p1a: Magnezone|183/300|[from] item: Leftovers","|turn|5","|","|move|p2a: Articuno|Freeze-Dry|p1a: Magnezone","|-resisted|p1a: Magnezone","|-damage|p1a: Magnezone|138/300","|move|p1a: Magnezone|Thunderbolt|p2a: Articuno","|-supereffective|p2a: Articuno","|-damage|p2a: Articuno|162/384","|","|-weather|none","|-heal|p2a: Articuno|186/384|[from] item: Leftovers","|-heal|p1a: Magnezone|156/300|[from] item: Leftovers","|turn|6","|","|move|p2a: Articuno|Roost|p2a: Articuno","|-heal|p2a: Articuno|378/384","|move|p1a: Magnezone|Flash Cannon|p2a: Articuno","|-supereffective|p2a: Articuno","|-damage|p2a: Articuno|196/384","|","|-heal|p2a: Articuno|220/384|[from] item: Leftovers","|-heal|p1a: Magnezone|174/300|[from] item: Leftovers","|turn|7","|","|move|p2a: Articuno|Roost|p2a: Articuno","|-heal|p2a: Articuno|384/384","|move|p1a: Magnezone|Thunderbolt|p2a: Articuno","|-damage|p2a: Articuno|284/384","|","|-heal|p2a: Articuno|308/384|[from] item: Leftovers","|-heal|p1a: Magnezone|192/300|[from] item: Leftovers","|turn|8","|","|switch|p2a: Abomasnow|Abomasnow-Mega, F, shiny|312/346","|-weather|Hail","|move|p1a: Magnezone|Protect|p1a: Magnezone","|-fail|p1a: Magnezone","|","|-weather|Hail|[upkeep]","|-damage|p1a: Magnezone|174/300|[from] hail","|-heal|p1a: Magnezone|192/300|[from] item: Leftovers","|turn|9","|","|move|p1a: Magnezone|Protect|p1a: Magnezone","|-singleturn|p1a: Magnezone|Protect","|move|p2a: Abomasnow|Focus Blast|p1a: Magnezone","|-activate|p1a: Magnezone|Protect","|","|-weather|Hail|[upkeep]","|-damage|p1a: Magnezone|174/300|[from] hail","|-heal|p1a: Magnezone|192/300|[from] item: Leftovers","|turn|10","|","|switch|p1a: Zapdos|Zapdos|322/322","|-ability|p1a: Zapdos|Pressure","|move|p2a: Abomasnow|Focus Blast|p1a: Zapdos|[miss]","|-miss|p2a: Abomasnow|p1a: Zapdos","|","|-weather|Hail|[upkeep]","|-damage|p1a: Zapdos|302/322|[from] hail","|-heal|p1a: Zapdos|322/322|[from] item: Leftovers","|turn|11","|","|move|p1a: Zapdos|Heat Wave|p2a: Abomasnow","|-supereffective|p2a: Abomasnow","|-damage|p2a: Abomasnow|68/346","|move|p2a: Abomasnow|Blizzard|p1a: Zapdos","|-supereffective|p1a: Zapdos","|-damage|p1a: Zapdos|10/322","|","|-weather|Hail|[upkeep]","|-damage|p1a: Zapdos|0 fnt|[from] hail","|faint|p1a: Zapdos","|","|switch|p1a: Raikou|Raikou|321/321","|-ability|p1a: Raikou|Pressure","|turn|12","|","|switch|p2a: Froslass|Froslass, F, shiny|281/281","|move|p1a: Raikou|Extrasensory|p2a: Froslass","|-damage|p2a: Froslass|174/281","|","|-weather|none","|turn|13","|","|move|p1a: Raikou|Substitute|p1a: Raikou","|-start|p1a: Raikou|Substitute","|-damage|p1a: Raikou|241/321","|move|p2a: Froslass|Destiny Bond|p2a: Froslass","|-singlemove|p2a: Froslass|Destiny Bond","|","|-heal|p1a: Raikou|261/321|[from] item: Leftovers","|turn|14","|","|move|p1a: Raikou|Calm Mind|p1a: Raikou","|-boost|p1a: Raikou|spa|1","|-boost|p1a: Raikou|spd|1","|move|p2a: Froslass|Ice Beam|p1a: Raikou","|-end|p1a: Raikou|Substitute","|","|-heal|p1a: Raikou|281/321|[from] item: Leftovers","|turn|15","|","|move|p1a: Raikou|Calm Mind|p1a: Raikou","|-boost|p1a: Raikou|spa|1","|-boost|p1a: Raikou|spd|1","|move|p2a: Froslass|Destiny Bond|p2a: Froslass","|-singlemove|p2a: Froslass|Destiny Bond","|","|-heal|p1a: Raikou|301/321|[from] item: Leftovers","|turn|16","|","|switch|p2a: Cloyster|Cloyster, M|242/242","|move|p1a: Raikou|Substitute|p1a: Raikou","|-start|p1a: Raikou|Substitute","|-damage|p1a: Raikou|221/321","|","|-heal|p1a: Raikou|241/321|[from] item: Leftovers","|turn|17","|","|move|p1a: Raikou|Thunderbolt|p2a: Cloyster","|-supereffective|p2a: Cloyster","|-enditem|p2a: Cloyster|Focus Sash","|-damage|p2a: Cloyster|1/242","|move|p2a: Cloyster|Shell Smash|p2a: Cloyster","|-unboost|p2a: Cloyster|def|1","|-unboost|p2a: Cloyster|spd|1","|-boost|p2a: Cloyster|atk|2","|-boost|p2a: Cloyster|spa|2","|-boost|p2a: Cloyster|spe|2","|","|-heal|p1a: Raikou|261/321|[from] item: Leftovers","|turn|18","|","|move|p2a: Cloyster|Icicle Spear|p1a: Raikou","|-end|p1a: Raikou|Substitute","|-damage|p1a: Raikou|170/321","|-damage|p1a: Raikou|73/321","|-damage|p1a: Raikou|0 fnt","|-hitcount|p1a: Raikou|4","|faint|p1a: Raikou","|","|","|switch|p1a: Magnezone|Magnezone|192/300","|turn|19","|","|move|p1a: Magnezone|Protect|p1a: Magnezone","|-singleturn|p1a: Magnezone|Protect","|move|p2a: Cloyster|Icicle Spear|p1a: Magnezone","|-activate|p1a: Magnezone|Protect","|","|-heal|p1a: Magnezone|210/300|[from] item: Leftovers","|turn|20","|","|move|p2a: Cloyster|Icicle Spear|p1a: Magnezone","|-resisted|p1a: Magnezone","|-damage|p1a: Magnezone|181/300","|-resisted|p1a: Magnezone","|-damage|p1a: Magnezone|153/300","|-resisted|p1a: Magnezone","|-damage|p1a: Magnezone|128/300","|-resisted|p1a: Magnezone","|-damage|p1a: Magnezone|100/300","|-resisted|p1a: Magnezone","|-damage|p1a: Magnezone|74/300","|-hitcount|p1a: Magnezone|5","|move|p1a: Magnezone|Thunderbolt|p2a: Cloyster","|-supereffective|p2a: Cloyster","|-damage|p2a: Cloyster|0 fnt","|faint|p2a: Cloyster","|","|-heal|p1a: Magnezone|92/300|[from] item: Leftovers","|","|switch|p2a: Kyurem-Black|Kyurem-Black|391/391","|-ability|p2a: Kyurem-Black|Teravolt","|turn|21","|","|move|p1a: Magnezone|Protect|p1a: Magnezone","|-singleturn|p1a: Magnezone|Protect","|move|p2a: Kyurem-Black|Outrage|p1a: Magnezone","|-activate|p1a: Magnezone|Protect","|","|-heal|p1a: Magnezone|110/300|[from] item: Leftovers","|turn|22","|","|move|p2a: Kyurem-Black|Outrage|p1a: Magnezone","|-resisted|p1a: Magnezone","|-damage|p1a: Magnezone|6/300","|move|p1a: Magnezone|Flash Cannon|p2a: Kyurem-Black","|-supereffective|p2a: Kyurem-Black","|-damage|p2a: Kyurem-Black|13/391","|","|-heal|p1a: Magnezone|24/300|[from] item: Leftovers","|turn|23","|","|move|p1a: Magnezone|Protect|p1a: Magnezone","|-singleturn|p1a: Magnezone|Protect","|move|p2a: Kyurem-Black|Outrage|p1a: Magnezone|[from]lockedmove","|-activate|p1a: Magnezone|Protect","|","|-heal|p1a: Magnezone|42/300|[from] item: Leftovers","|turn|24","|","|move|p2a: Kyurem-Black|Outrage|p1a: Magnezone","|-resisted|p1a: Magnezone","|-damage|p1a: Magnezone|0 fnt","|faint|p1a: Magnezone","|","|","|switch|p1a: Rotom-Wash|Rotom-Wash|241/241","|turn|25","|","|move|p2a: Kyurem-Black|Outrage|p1a: Rotom-Wash|[from]lockedmove","|-damage|p1a: Rotom-Wash|0 fnt","|-start|p2a: Kyurem-Black|confusion|[fatigue]","|faint|p1a: Rotom-Wash","|","|","|switch|p1a: Ampharos|Ampharos, M|321/321","|turn|26","|","|switch|p2a: Abomasnow|Abomasnow-Mega, F, shiny|68/346","|-weather|Hail","|detailschange|p1a: Ampharos|Ampharos-Mega, M","|-mega|p1a: Ampharos|Ampharos|Ampharosite","|-ability|p1a: Ampharos|Mold Breaker","|move|p1a: Ampharos|Dragon Pulse|p2a: Abomasnow","|-damage|p2a: Abomasnow|0 fnt","|faint|p2a: Abomasnow","|","|-weather|Hail|[upkeep]","|-damage|p1a: Ampharos|301/321|[from] hail","|","|switch|p2a: Kyurem-Black|Kyurem-Black|13/391","|-ability|p2a: Kyurem-Black|Teravolt","|turn|27","|","|move|p2a: Kyurem-Black|Outrage|p1a: Ampharos","|-supereffective|p1a: Ampharos","|-damage|p1a: Ampharos|0 fnt","|faint|p1a: Ampharos","|","|-weather|Hail|[upkeep]","|","|switch|p1a: Condom|Eelektross, M|311/311","|turn|28","|","|move|p2a: Kyurem-Black|Outrage|p1a: Condom|[from]lockedmove","|-damage|p1a: Condom|0 fnt","|faint|p1a: Condom","|","|win|jzbnaruto"],"p1rating":{"entryid":"7448162","serverid":"eos","formatid":"monotype","userid":"interntwizz","username":"Intern Twizz","w":"20","l":19,"t":"0","gxe":51.5,"r":"1508.7910353778","rd":"58.277186659641","sigma":"0","rptime":"1439197200","rpr":1511.5904861847,"rprd":53.82338808963,"rpsigma":"0","acre":1140.6895815101,"lacre":1140.6895815101,"oldacre":"1169.8047846958"},"p2rating":{"entryid":"6532987","serverid":"eos","formatid":"monotype","userid":"jzbnaruto","username":"Jzbnaruto","w":5,"l":"1","t":"0","gxe":64.8,"r":"1572.7216264439","rd":"124.08178847615","sigma":"0","rptime":"1439197200","rpr":1619.4489945351,"rprd":102.99550115765,"rpsigma":"0","acre":1141.2041595471,"lacre":1141.2041595471,"oldacre":"1112.0889563614"},"endType":"normal"}