{"seed":[42905,2190,52873,17227],"turns":18,"p1":"StormiClouds","p2":"infinite hands","p1team":[{"name":"Weezing","species":"Weezing","item":"blacksludge","ability":"Levitate","moves":["sludgewave","flamethrower","darkpulse","willowisp"],"nature":"Modest","evs":{"hp":252,"atk":0,"def":0,"spa":252,"spd":4,"spe":0},"shiny":true,"ivs":{"hp":31,"atk":31,"def":31,"spa":31,"spd":31,"spe":31}},{"name":"Dragalge","species":"Dragalge","item":"blacksludge","ability":"Adaptability","moves":["dragonpulse","sludgewave","toxicspikes","scald"],"nature":"Modest","evs":{"hp":252,"atk":0,"def":0,"spa":252,"spd":4,"spe":0},"shiny":true,"ivs":{"hp":31,"atk":31,"def":31,"spa":31,"spd":31,"spe":31}},{"name":"Crobat","species":"Crobat","item":"blacksludge","ability":"Infiltrator","moves":["bravebird","superfang","crosspoison","confuseray"],"nature":"Jolly","evs":{"hp":0,"atk":252,"def":0,"spa":0,"spd":4,"spe":252},"ivs":{"hp":31,"atk":31,"def":31,"spa":31,"spd":31,"spe":31}},{"name":"Venusaur","species":"Venusaur","item":"venusaurite","ability":"Chlorophyll","moves":["leechseed","earthquake","gigadrain","sludgebomb"],"nature":"Mild","evs":{"hp":0,"atk":4,"def":0,"spa":252,"spd":0,"spe":252},"shiny":true,"ivs":{"hp":31,"atk":31,"def":31,"spa":31,"spd":31,"spe":31}},{"name":"Drapion","species":"Drapion","item":"razorclaw","ability":"Sniper","moves":["crosspoison","nightslash","earthquake","swordsdance"],"nature":"Adamant","evs":{"hp":248,"atk":252,"def":0,"spa":0,"spd":8,"spe":0},"ivs":{"hp":31,"atk":31,"def":31,"spa":31,"spd":31,"spe":31}},{"name":"Scolipede","species":"Scolipede","item":"lifeorb","ability":"Speed Boost","moves":["megahorn","poisonjab","earthquake","protect"],"nature":"Adamant","evs":{"hp":0,"atk":252,"def":0,"spa":0,"spd":4,"spe":252},"shiny":true,"ivs":{"hp":31,"atk":31,"def":31,"spa":31,"spd":31,"spe":31}}],"p2team":[{"name":"Politoed","species":"Politoed","item":"leftovers","ability":"Drizzle","moves":["scald","rest","snore","toxic"],"nature":"","evs":{"hp":0,"atk":0,"def":0,"spa":0,"spd":0,"spe":0},"ivs":{"hp":31,"atk":31,"def":31,"spa":31,"spd":31,"spe":31}},{"name":"Azumarill","species":"Azumarill","item":"sitrusberry","ability":"Sap Sipper","moves":["aquajet","brickbreak","playrough","bellydrum"],"nature":"","evs":{"hp":0,"atk":0,"def":0,"spa":0,"spd":0,"spe":0},"ivs":{"hp":31,"atk":31,"def":31,"spa":31,"spd":31,"spe":31}},{"name":"Rotom-Wash","species":"Rotom-Wash","item":"lightclay","ability":"Levitate","moves":["voltswitch","painsplit","reflect","lightscreen"],"nature":"Calm","evs":{"hp":248,"atk":0,"def":8,"spa":0,"spd":252,"spe":0},"ivs":{"hp":31,"atk":31,"def":31,"spa":31,"spd":31,"spe":31}},{"name":"Keldeo","species":"Keldeo","item":"choicespecs","ability":"Justified","moves":["scald","secretsword","hydropump","icywind"],"nature":"Timid","evs":{"hp":0,"atk":0,"def":4,"spa":252,"spd":0,"spe":252},"ivs":{"hp":31,"atk":31,"def":31,"spa":31,"spd":31,"spe":31}},{"name":"Slowbro","species":"Slowbro","item":"leftovers","ability":"Regenerator","moves":["calmmind","scald","psyshock","slackoff"],"nature":"Bold","evs":{"hp":252,"atk":0,"def":80,"spa":0,"spd":176,"spe":0},"ivs":{"hp":31,"atk":31,"def":31,"spa":31,"spd":31,"spe":31}},{"name":"Swampert","species":"Swampert","item":"swampertite","ability":"Damp","moves":["protect","waterfall","earthquake","icepunch"],"nature":"Adamant","evs":{"hp":0,"atk":252,"def":0,"spa":0,"spd":8,"spe":248},"ivs":{"hp":31,"atk":31,"def":31,"spa":31,"spd":31,"spe":31}}],"log":["|player|p1|StormiClouds|154","|player|p2|infinite hands|2","|gametype|singles","|gen|6","|tier|Monotype","|rated","|rule|Baton Pass Clause: Limit one Baton Passer, can't pass Spe and other stats simultaneously","|rule|Swagger Clause: Swagger is banned","|rule|Same Type Clause: Pokémon in a team must share a type","|clearpoke","|poke|p1|Weezing, F, shiny","|poke|p1|Dragalge, M, shiny","|poke|p1|Crobat, M","|poke|p1|Venusaur, M, shiny","|poke|p1|Drapion, M","|poke|p1|Scolipede, M, shiny","|poke|p2|Politoed, M","|poke|p2|Azumarill, F","|poke|p2|Rotom-Wash","|poke|p2|Keldeo","|poke|p2|Slowbro, M","|poke|p2|Swampert, M","|rule|Sleep Clause Mod: Limit one foe put to sleep","|rule|Species Clause: Limit one of each Pokémon","|rule|OHKO Clause: OHKO moves are banned","|rule|Moody Clause: Moody is banned","|rule|Evasion Moves Clause: Evasion moves are banned","|rule|Endless Battle Clause: Forcing endless battles is banned","|rule|HP Percentage Mod: HP is shown in percentages","|teampreview","|","|start","|switch|p1a: Dragalge|Dragalge, M, shiny|334/334","|switch|p2a: Rotom-Wash|Rotom-Wash|303/303","|turn|1","|","|move|p2a: Rotom-Wash|Light Screen|p2a: Rotom-Wash","|-sidestart|p2: infinite hands|move: Light Screen","|move|p1a: Dragalge|Sludge Wave|p2a: Rotom-Wash","|-damage|p2a: Rotom-Wash|237/303","|-status|p2a: Rotom-Wash|psn","|","|-damage|p2a: Rotom-Wash|200/303 psn|[from] psn","|turn|2","|","|move|p2a: Rotom-Wash|Reflect|p2a: Rotom-Wash","|-sidestart|p2: infinite hands|Reflect","|move|p1a: Dragalge|Toxic Spikes|p2a: Rotom-Wash","|-sidestart|p2: infinite hands|move: Toxic Spikes","|","|-damage|p2a: Rotom-Wash|163/303 psn|[from] psn","|turn|3","|","|move|p2a: Rotom-Wash|Pain Split|p1a: Dragalge","|-sethp|p1a: Dragalge|248/334|p2a: Rotom-Wash|248/303 psn|[from] move: Pain Split","|move|p1a: Dragalge|Toxic Spikes|p2a: Rotom-Wash","|-sidestart|p2: infinite hands|move: Toxic Spikes","|","|-heal|p1a: Dragalge|268/334|[from] item: Black Sludge","|-damage|p2a: Rotom-Wash|211/303 psn|[from] psn","|turn|4","|","|move|p2a: Rotom-Wash|Volt Switch|p1a: Dragalge","|-resisted|p1a: Dragalge","|-damage|p1a: Dragalge|232/334","|","|switch|p2a: Politoed|Politoed, M|321/321","|-status|p2a: Politoed|tox","|-weather|RainDance","|move|p1a: Dragalge|Dragon Pulse|p2a: Politoed","|-damage|p2a: Politoed|223/321 tox","|","|-weather|RainDance|[upkeep]","|-heal|p2a: Politoed|243/321 tox|[from] item: Leftovers","|-heal|p1a: Dragalge|252/334|[from] item: Black Sludge","|-damage|p2a: Politoed|223/321 tox|[from] psn","|turn|5","|","|move|p2a: Politoed|Scald|p1a: Dragalge","|-resisted|p1a: Dragalge","|-damage|p1a: Dragalge|200/334","|move|p1a: Dragalge|Sludge Wave|p2a: Politoed","|-damage|p2a: Politoed|119/321 tox","|","|-weather|RainDance|[upkeep]","|-heal|p2a: Politoed|139/321 tox|[from] item: Leftovers","|-heal|p1a: Dragalge|220/334|[from] item: Black Sludge","|-damage|p2a: Politoed|99/321 tox|[from] psn","|turn|6","|","|move|p2a: Politoed|Rest|p2a: Politoed","|-status|p2a: Politoed|slp","|-heal|p2a: Politoed|321/321 slp|[silent]","|-status|p2a: Politoed|slp|[from] move: Rest","|move|p1a: Dragalge|Sludge Wave|p2a: Politoed","|-damage|p2a: Politoed|224/321 slp","|","|-weather|RainDance|[upkeep]","|-heal|p2a: Politoed|244/321 slp|[from] item: Leftovers","|-heal|p1a: Dragalge|240/334|[from] item: Black Sludge","|turn|7","|","|cant|p2a: Politoed|slp","|move|p2a: Politoed|Snore|p1a: Dragalge","|-damage|p1a: Dragalge|208/334","|move|p1a: Dragalge|Sludge Wave|p2a: Politoed","|-damage|p2a: Politoed|137/321 slp","|","|-weather|RainDance|[upkeep]","|-heal|p2a: Politoed|157/321 slp|[from] item: Leftovers","|-heal|p1a: Dragalge|228/334|[from] item: Black Sludge","|turn|8","|","|switch|p2a: Rotom-Wash|Rotom-Wash|211/303 psn","|move|p1a: Dragalge|Sludge Wave|p2a: Rotom-Wash","|-damage|p2a: Rotom-Wash|138/303 psn","|","|-weather|none","|-heal|p1a: Dragalge|248/334|[from] item: Black Sludge","|-damage|p2a: Rotom-Wash|101/303 psn|[from] psn","|-sideend|p2: infinite hands|move: Light Screen","|turn|9","|","|move|p2a: Rotom-Wash|Light Screen|p2a: Rotom-Wash","|-sidestart|p2: infinite hands|move: Light Screen","|move|p1a: Dragalge|Dragon Pulse|p2a: Rotom-Wash","|-damage|p2a: Rotom-Wash|41/303 psn","|","|-heal|p1a: Dragalge|268/334|[from] item: Black Sludge","|-damage|p2a: Rotom-Wash|4/303 psn|[from] psn","|-sideend|p2: infinite hands|Reflect","|turn|10","|","|move|p2a: Rotom-Wash|Pain Split|p1a: Dragalge","|-sethp|p1a: Dragalge|136/334|p2a: Rotom-Wash|136/303 psn|[from] move: Pain Split","|move|p1a: Dragalge|Sludge Wave|p2a: Rotom-Wash","|-damage|p2a: Rotom-Wash|61/303 psn","|","|-heal|p1a: Dragalge|156/334|[from] item: Black Sludge","|-damage|p2a: Rotom-Wash|24/303 psn|[from] psn","|turn|11","|","|switch|p1a: Venusaur|Venusaur, M, shiny|301/301","|move|p2a: Rotom-Wash|Pain Split|p1a: Venusaur","|-sethp|p1a: Venusaur|162/301|p2a: Rotom-Wash|162/303 psn|[from] move: Pain Split","|","|-damage|p2a: Rotom-Wash|125/303 psn|[from] psn","|turn|12","|","|detailschange|p1a: Venusaur|Venusaur-Mega, M, shiny","|-mega|p1a: Venusaur|Venusaur|Venusaurite","|move|p1a: Venusaur|Leech Seed|p2a: Rotom-Wash","|-start|p2a: Rotom-Wash|move: Leech Seed","|move|p2a: Rotom-Wash|Reflect|p2a: Rotom-Wash","|-sidestart|p2: infinite hands|Reflect","|","|-damage|p2a: Rotom-Wash|88/303 psn|[from] Leech Seed|[of] p1a: Venusaur","|-heal|p1a: Venusaur|199/301|[silent]","|-damage|p2a: Rotom-Wash|51/303 psn|[from] psn","|turn|13","|","|move|p1a: Venusaur|Giga Drain|p2a: Rotom-Wash","|-supereffective|p2a: Rotom-Wash","|-damage|p2a: Rotom-Wash|0 fnt","|-heal|p1a: Venusaur|225/301|[from] drain|[of] p2a: Rotom-Wash","|faint|p2a: Rotom-Wash","|","|","|switch|p2a: Politoed|Politoed, M|157/321 slp","|-weather|RainDance","|turn|14","|","|move|p1a: Venusaur|Giga Drain|p2a: Politoed","|-supereffective|p2a: Politoed","|-damage|p2a: Politoed|24/321 slp","|-heal|p1a: Venusaur|292/301|[from] drain|[of] p2a: Politoed","|cant|p2a: Politoed|slp","|move|p2a: Politoed|Snore|p1a: Venusaur","|-damage|p1a: Venusaur|262/301","|","|-weather|RainDance|[upkeep]","|-heal|p2a: Politoed|44/321 slp|[from] item: Leftovers","|turn|15","|","|switch|p2a: Azumarill|Azumarill, F|341/341","|-status|p2a: Azumarill|tox","|move|p1a: Venusaur|Giga Drain|p2a: Azumarill","|-boost|p2a: Azumarill|atk|1|[from] ability: Sap Sipper","|","|-weather|RainDance|[upkeep]","|-damage|p2a: Azumarill|320/341 tox|[from] psn","|turn|16","|","|move|p1a: Venusaur|Sludge Bomb|p2a: Azumarill","|-crit|p2a: Azumarill","|-supereffective|p2a: Azumarill","|-damage|p2a: Azumarill|0 fnt","|faint|p2a: Azumarill","|","|-weather|RainDance|[upkeep]","|-sideend|p2: infinite hands|move: Light Screen","|","|switch|p2a: Swampert|Swampert, M|341/341","|-status|p2a: Swampert|tox","|turn|17","|","|detailschange|p2a: Swampert|Swampert-Mega, M","|-mega|p2a: Swampert|Swampert|Swampertite","|move|p2a: Swampert|Protect|p2a: Swampert","|-singleturn|p2a: Swampert|Protect","|move|p1a: Venusaur|Giga Drain|p2a: Swampert","|-activate|p2a: Swampert|Protect","|","|-weather|RainDance|[upkeep]","|-damage|p2a: Swampert|320/341 tox|[from] psn","|turn|18","|","|move|p2a: Swampert|Ice Punch|p1a: Venusaur","|-supereffective|p1a: Venusaur","|-damage|p1a: Venusaur|158/301","|move|p1a: Venusaur|Giga Drain|p2a: Swampert","|-supereffective|p2a: Swampert","|-damage|p2a: Swampert|0 fnt","|-heal|p1a: Venusaur|301/301|[from] drain|[of] p2a: Swampert","|faint|p2a: Swampert","|","|-weather|none","|","|win|StormiClouds"],"p1rating":{"entryid":"7529280","serverid":"eos","formatid":"monotype","userid":"stormiclouds","username":"StormiClouds","w":3,"l":"8","t":"0","gxe":36.8,"r":"1480.9299357284","rd":"112.13270210657","sigma":"0","rptime":"1439197200","rpr":1394.8913867382,"rprd":85.267615514587,"rpsigma":"0","acre":1041.0428282447,"lacre":1041.0428282447,"oldacre":"1001.4178811663"},"p2rating":{"entryid":"7542065","serverid":"eos","formatid":"monotype","userid":"infinitehands","username":"infinite hands","w":"0","l":5,"t":"0","gxe":32.3,"r":"1500","rd":"130","sigma":"0","rptime":"1439197200","rpr":1354.7502289518,"rprd":102.3546253394,"rpsigma":"0","acre":1000,"lacre":1000,"oldacre":"1000"},"endType":"forfeit"}