{"seed":[14368,18523,46881,40621],"turns":21,"p1":"Burning At Ease","p2":"LightOfAKnowing","p1team":[{"name":"Torkoal","species":"Torkoal","item":"leftovers","ability":"Shell Armor","moves":["clearsmog","stealthrock","rapidspin","yawn"],"nature":"Bold","evs":{"hp":248,"atk":0,"def":252,"spa":8,"spd":0,"spe":0},"gender":"M","ivs":{"hp":31,"atk":0,"def":31,"spa":31,"spd":31,"spe":31}},{"name":"Infernape","species":"Infernape","item":"choiceband","ability":"Iron Fist","moves":["closecombat","thunderpunch","flareblitz","uturn"],"nature":"Jolly","evs":{"hp":0,"atk":252,"def":4,"spa":0,"spd":0,"spe":252},"ivs":{"hp":31,"atk":31,"def":31,"spa":31,"spd":31,"spe":31}},{"name":"Charizard","species":"Charizard","item":"charizarditey","ability":"Blaze","moves":["flamethrower","solarbeam","roost","tailwind"],"nature":"Timid","evs":{"hp":0,"atk":0,"def":0,"spa":252,"spd":0,"spe":252},"gender":"M","ivs":{"hp":31,"atk":0,"def":31,"spa":31,"spd":31,"spe":31}},{"name":"Entei","species":"Entei","item":"assaultvest","ability":"Pressure","moves":["sacredfire","ironhead","stoneedge","extremespeed"],"nature":"Adamant","evs":{"hp":0,"atk":252,"def":4,"spa":0,"spd":0,"spe":252},"shiny":true,"ivs":{"hp":31,"atk":31,"def":31,"spa":31,"spd":31,"spe":31}},{"name":"Rotom-Heat","species":"Rotom-Heat","item":"lightclay","ability":"Levitate","moves":["voltswitch","overheat","lightscreen","reflect"],"nature":"Timid","evs":{"hp":0,"atk":0,"def":4,"spa":252,"spd":0,"spe":252},"ivs":{"hp":31,"atk":0,"def":31,"spa":31,"spd":31,"spe":31}},{"name":"Heatran","species":"Heatran","item":"choicescarf","ability":"Flash Fire","moves":["flashcannon","earthpower","ancientpower","lavaplume"],"nature":"Timid","evs":{"hp":0,"atk":0,"def":4,"spa":252,"spd":0,"spe":252},"ivs":{"hp":31,"atk":0,"def":31,"spa":31,"spd":31,"spe":31}}],"p2team":[{"name":"Vespiquen","species":"Vespiquen","item":"laxincense","ability":"Pressure","moves":["defendorder","infestation","mudslap","roost"],"nature":"Gentle","evs":{"hp":248,"atk":8,"def":0,"spa":0,"spd":252,"spe":0},"ivs":{"hp":31,"atk":31,"def":31,"spa":31,"spd":31,"spe":31}},{"name":"Heracross","species":"Heracross","item":"choicescarf","ability":"Moxie","moves":["closecombat","megahorn","knockoff","pursuit"],"nature":"Jolly","evs":{"hp":0,"atk":252,"def":0,"spa":0,"spd":4,"spe":252},"ivs":{"hp":31,"atk":31,"def":31,"spa":31,"spd":31,"spe":31}},{"name":"Forretress","species":"Forretress","item":"custapberry","ability":"Sturdy","moves":["stealthrock","rapidspin","explosion","spikes"],"nature":"Impish","evs":{"hp":248,"atk":8,"def":252,"spa":0,"spd":0,"spe":0},"ivs":{"hp":31,"atk":31,"def":31,"spa":31,"spd":31,"spe":31}},{"name":"Galvantula","species":"Galvantula","item":"focussash","ability":"Swarm","moves":["stickyweb","bugbuzz","voltswitch","suckerpunch"],"nature":"Hasty","evs":{"hp":0,"atk":4,"def":0,"spa":252,"spd":0,"spe":252},"ivs":{"hp":31,"atk":31,"def":31,"spa":31,"spd":31,"spe":31}},{"name":"Pinsir","species":"Pinsir","item":"pinsirite","ability":"Moxie","moves":["quickattack","xscissor","frustration","closecombat"],"nature":"Adamant","evs":{"hp":248,"atk":252,"def":0,"spa":0,"spd":8,"spe":0},"happiness":0,"ivs":{"hp":31,"atk":31,"def":31,"spa":31,"spd":31,"spe":31}},{"name":"Genesect","species":"Genesect","item":"choicescarf","ability":"Download","moves":["extremespeed","blazekick","uturn","ironhead"],"nature":"Hasty","evs":{"hp":0,"atk":252,"def":0,"spa":0,"spd":4,"spe":252},"shiny":true,"ivs":{"hp":31,"atk":31,"def":31,"spa":31,"spd":31,"spe":31}}],"log":["|player|p1|Burning At Ease|52","|player|p2|LightOfAKnowing|lightofaknowing.gif","|gametype|singles","|gen|6","|tier|Monotype","|rated","|rule|Baton Pass Clause: Limit one Baton Passer, can't pass Spe and other stats simultaneously","|rule|Swagger Clause: Swagger is banned","|rule|Same Type Clause: Pokémon in a team must share a type","|clearpoke","|poke|p1|Torkoal, M","|poke|p1|Infernape, M","|poke|p1|Charizard, M","|poke|p1|Entei, shiny","|poke|p1|Rotom-Heat","|poke|p1|Heatran, F","|poke|p2|Vespiquen, F","|poke|p2|Heracross, M","|poke|p2|Forretress, F","|poke|p2|Galvantula, F","|poke|p2|Pinsir, F","|poke|p2|Genesect-*, shiny","|rule|Sleep Clause Mod: Limit one foe put to sleep","|rule|Species Clause: Limit one of each Pokémon","|rule|OHKO Clause: OHKO moves are banned","|rule|Moody Clause: Moody is banned","|rule|Evasion Moves Clause: Evasion moves are banned","|rule|Endless Battle Clause: Forcing endless battles is banned","|rule|HP Percentage Mod: HP is shown in percentages","|teampreview","|","|start","|switch|p1a: Torkoal|Torkoal, M|343/343","|switch|p2a: Forretress|Forretress, F|353/353","|turn|1","|","|move|p2a: Forretress|Stealth Rock|p1a: Torkoal","|-sidestart|p1: Burning At Ease|move: Stealth Rock","|move|p1a: Torkoal|Yawn|p2a: Forretress","|-start|p2a: Forretress|move: Yawn|[of] p1a: Torkoal","|","|turn|2","|","|switch|p2a: Galvantula|Galvantula, F|281/281","|move|p1a: Torkoal|Stealth Rock|p2a: Galvantula","|-sidestart|p2: LightOfAKnowing|move: Stealth Rock","|","|turn|3","|","|move|p2a: Galvantula|Sticky Web|p1a: Torkoal","|-sidestart|p1: Burning At Ease|move: Sticky Web","|move|p1a: Torkoal|Rapid Spin|p2a: Galvantula","|-damage|p2a: Galvantula|263/281","|-sideend|p1: Burning At Ease|Stealth Rock|[from] move: Rapid Spin|[of] p1a: Torkoal","|-sideend|p1: Burning At Ease|Sticky Web|[from] move: Rapid Spin|[of] p1a: Torkoal","|","|turn|4","|","|switch|p1a: Rotom-Heat|Rotom-Heat|241/241","|move|p2a: Galvantula|Bug Buzz|p1a: Rotom-Heat","|-resisted|p1a: Rotom-Heat","|-damage|p1a: Rotom-Heat|180/241","|","|turn|5","|","|move|p2a: Galvantula|Sticky Web|p1a: Rotom-Heat","|-sidestart|p1: Burning At Ease|move: Sticky Web","|move|p1a: Rotom-Heat|Light Screen|p1a: Rotom-Heat","|-sidestart|p1: Burning At Ease|move: Light Screen","|","|turn|6","|","|move|p2a: Galvantula|Bug Buzz|p1a: Rotom-Heat","|-resisted|p1a: Rotom-Heat","|-damage|p1a: Rotom-Heat|151/241","|move|p1a: Rotom-Heat|Reflect|p1a: Rotom-Heat","|-sidestart|p1: Burning At Ease|Reflect","|","|turn|7","|","|move|p2a: Galvantula|Sticky Web|p1a: Rotom-Heat","|-fail|p1a: Rotom-Heat","|move|p1a: Rotom-Heat|Volt Switch|p2a: Galvantula","|-resisted|p2a: Galvantula","|-damage|p2a: Galvantula|186/281","|","|switch|p1a: Charizard|Charizard, M|297/297","|","|turn|8","|","|detailschange|p1a: Charizard|Charizard-Mega-Y, M","|-mega|p1a: Charizard|Charizard|Charizardite Y","|-weather|SunnyDay","|move|p2a: Galvantula|Volt Switch|p1a: Charizard","|-supereffective|p1a: Charizard","|-damage|p1a: Charizard|204/297","|","|switch|p2a: Heracross|Heracross, M|301/301","|-damage|p2a: Heracross|264/301|[from] Stealth Rock","|move|p1a: Charizard|Flamethrower|p2a: Heracross","|-supereffective|p2a: Heracross","|-damage|p2a: Heracross|0 fnt","|faint|p2a: Heracross","|","|-weather|SunnyDay|[upkeep]","|","|switch|p2a: Galvantula|Galvantula, F|186/281","|-damage|p2a: Galvantula|116/281|[from] Stealth Rock","|turn|9","|","|move|p2a: Galvantula|Volt Switch|p1a: Charizard","|-supereffective|p1a: Charizard","|-damage|p1a: Charizard|110/297","|","|switch|p2a: Genesect|Genesect, shiny|283/283","|-damage|p2a: Genesect|248/283|[from] Stealth Rock","|-boost|p2a: Genesect|atk|1|[from] ability: Download","|move|p1a: Charizard|Roost|p1a: Charizard","|-heal|p1a: Charizard|259/297","|","|-weather|SunnyDay|[upkeep]","|turn|10","|","|move|p2a: Genesect|Extreme Speed|p1a: Charizard","|-crit|p1a: Charizard","|-damage|p1a: Charizard|32/297","|move|p1a: Charizard|Tailwind|p1a: Charizard","|-sidestart|p1: Burning At Ease|move: Tailwind","|","|-weather|SunnyDay|[upkeep]","|turn|11","|","|switch|p1a: Torkoal|Torkoal, M|343/343","|-activate|p1a: Torkoal|move: Sticky Web","|-unboost|p1a: Torkoal|spe|1","|move|p2a: Genesect|Extreme Speed|p1a: Torkoal","|-damage|p1a: Torkoal|304/343","|","|-weather|SunnyDay|[upkeep]","|-heal|p1a: Torkoal|325/343|[from] item: Leftovers","|turn|12","|","|switch|p2a: Forretress|Forretress, F|353/353","|-damage|p2a: Forretress|309/353|[from] Stealth Rock","|move|p1a: Torkoal|Yawn|p2a: Forretress","|-start|p2a: Forretress|move: Yawn|[of] p1a: Torkoal","|","|-weather|none","|-heal|p1a: Torkoal|343/343|[from] item: Leftovers","|-sideend|p1: Burning At Ease|move: Light Screen","|turn|13","|","|move|p2a: Forretress|Stealth Rock|p1a: Torkoal","|-sidestart|p1: Burning At Ease|move: Stealth Rock","|move|p1a: Torkoal|Rapid Spin|p2a: Forretress","|-resisted|p2a: Forretress","|-damage|p2a: Forretress|306/353","|-sideend|p1: Burning At Ease|Stealth Rock|[from] move: Rapid Spin|[of] p1a: Torkoal","|-sideend|p1: Burning At Ease|Sticky Web|[from] move: Rapid Spin|[of] p1a: Torkoal","|","|-end|p2a: Forretress|move: Yawn|[silent]","|-status|p2a: Forretress|slp","|-sideend|p1: Burning At Ease|Reflect","|-sideend|p1: Burning At Ease|move: Tailwind","|turn|14","|","|switch|p2a: Genesect|Genesect, shiny|248/283","|-damage|p2a: Genesect|213/283|[from] Stealth Rock","|-boost|p2a: Genesect|spa|1|[from] ability: Download","|switch|p1a: Charizard|Charizard-Mega-Y, M|32/297","|-weather|SunnyDay","|","|-weather|SunnyDay|[upkeep]","|turn|15","|","|switch|p1a: Torkoal|Torkoal, M|343/343","|move|p2a: Genesect|Extreme Speed|p1a: Torkoal","|-damage|p1a: Torkoal|295/343","|","|-weather|SunnyDay|[upkeep]","|-heal|p1a: Torkoal|316/343|[from] item: Leftovers","|turn|16","|","|switch|p2a: Pinsir|Pinsir, F|333/333","|-damage|p2a: Pinsir|250/333|[from] Stealth Rock","|switch|p1a: Heatran|Heatran, F|323/323","|","|-weather|SunnyDay|[upkeep]","|turn|17","|","|detailschange|p2a: Pinsir|Pinsir-Mega, F","|-mega|p2a: Pinsir|Pinsir|Pinsirite","|move|p1a: Heatran|Lava Plume|p2a: Pinsir","|-supereffective|p2a: Pinsir","|-damage|p2a: Pinsir|0 fnt","|faint|p2a: Pinsir","|","|-weather|SunnyDay|[upkeep]","|","|switch|p2a: Galvantula|Galvantula, F|116/281","|-damage|p2a: Galvantula|46/281|[from] Stealth Rock","|turn|18","|","|move|p1a: Heatran|Lava Plume|p2a: Galvantula","|-supereffective|p2a: Galvantula","|-damage|p2a: Galvantula|0 fnt","|faint|p2a: Galvantula","|","|-weather|none","|","|switch|p2a: Vespiquen|Vespiquen, F|343/343","|-damage|p2a: Vespiquen|172/343|[from] Stealth Rock","|-ability|p2a: Vespiquen|Pressure","|turn|19","|","|move|p1a: Heatran|Lava Plume|p2a: Vespiquen","|-supereffective|p2a: Vespiquen","|-damage|p2a: Vespiquen|0 fnt","|faint|p2a: Vespiquen","|","|","|switch|p2a: Genesect|Genesect, shiny|213/283","|-damage|p2a: Genesect|178/283|[from] Stealth Rock","|-boost|p2a: Genesect|spa|1|[from] ability: Download","|turn|20","|","|move|p2a: Genesect|U-turn|p1a: Heatran","|-resisted|p1a: Heatran","|-damage|p1a: Heatran|296/323","|","|switch|p2a: Forretress|Forretress, F|306/353 slp","|-damage|p2a: Forretress|262/353 slp|[from] Stealth Rock","|move|p1a: Heatran|Lava Plume|p2a: Forretress","|-supereffective|p2a: Forretress","|-damage|p2a: Forretress|0 fnt","|faint|p2a: Forretress","|","|","|switch|p2a: Genesect|Genesect, shiny|178/283","|-damage|p2a: Genesect|143/283|[from] Stealth Rock","|-boost|p2a: Genesect|spa|1|[from] ability: Download","|turn|21","|","|move|p2a: Genesect|Extreme Speed|p1a: Heatran","|-resisted|p1a: Heatran","|-damage|p1a: Heatran|252/323","|move|p1a: Heatran|Lava Plume|p2a: Genesect","|-supereffective|p2a: Genesect","|-damage|p2a: Genesect|0 fnt","|faint|p2a: Genesect","|","|win|Burning At Ease"],"p1rating":{"entryid":"7544754","serverid":"eos","formatid":"monotype","userid":"burningatease","username":"Burning At Ease","w":5,"l":"2","t":"0","gxe":58.7,"r":"1500","rd":"130","sigma":"0","rptime":"1439197200","rpr":1568.4198269082,"rprd":94.979136119436,"rpsigma":"0","acre":1135.5469661857,"lacre":1135.5469661857,"oldacre":"1104.6469057172"},"p2rating":{"entryid":"6481865","serverid":"eos","formatid":"monotype","userid":"lightofaknowing","username":"Light-Of-A-Knowing","w":"130","l":169,"t":"0","gxe":42.8,"r":"1428.1223767321","rd":"29.192619857657","sigma":"0","rptime":"1439197200","rpr":1445.1784004487,"rprd":28.29101459416,"rpsigma":"0","acre":1157.3177800408,"lacre":1157.3177800408,"oldacre":"1188.2178405093"},"endType":"normal"}