{"seed":[16740,35287,60850,38112],"turns":18,"p1":"Crystal★Tempo","p2":"Jake1079","p1team":[{"name":"Kyurem-Black","species":"Kyurem-Black","item":"choicescarf","ability":"Teravolt","moves":["outrage","fusionbolt","stoneedge","ironhead"],"nature":"Jolly","evs":{"hp":0,"atk":252,"def":0,"spa":0,"spd":4,"spe":252},"ivs":{"hp":31,"atk":31,"def":31,"spa":31,"spd":31,"spe":31}},{"name":"Weavile","species":"Weavile","item":"lifeorb","ability":"Pressure","moves":["knockoff","iciclecrash","iceshard","lowkick"],"nature":"Jolly","evs":{"hp":0,"atk":252,"def":0,"spa":0,"spd":4,"spe":252},"ivs":{"hp":31,"atk":31,"def":31,"spa":31,"spd":31,"spe":31}},{"name":"Avalugg","species":"Avalugg","item":"rockyhelmet","ability":"Sturdy","moves":["rapidspin","toxic","recover","superpower"],"nature":"Impish","evs":{"hp":248,"atk":8,"def":252,"spa":0,"spd":0,"spe":0},"ivs":{"hp":31,"atk":31,"def":31,"spa":31,"spd":31,"spe":31}},{"name":"Cloyster","species":"Cloyster","item":"focussash","ability":"Skill Link","moves":["shellsmash","iciclespear","rockblast","iceshard"],"nature":"Adamant","evs":{"hp":0,"atk":252,"def":0,"spa":0,"spd":4,"spe":252},"ivs":{"hp":31,"atk":31,"def":31,"spa":31,"spd":31,"spe":31}},{"name":"Abomasnow","species":"Abomasnow","item":"abomasite","ability":"Snow Warning","moves":["shadowball","blizzard","focusblast","gigadrain"],"nature":"Modest","evs":{"hp":248,"atk":0,"def":0,"spa":252,"spd":8,"spe":0},"ivs":{"hp":31,"atk":31,"def":31,"spa":31,"spd":31,"spe":31}},{"name":"Regice","species":"Regice","item":"assaultvest","ability":"Clear Body","moves":["icebeam","thunderbolt","flashcannon","ancientpower"],"nature":"Modest","evs":{"hp":248,"atk":0,"def":0,"spa":164,"spd":96,"spe":0},"ivs":{"hp":31,"atk":31,"def":31,"spa":31,"spd":31,"spe":31}}],"p2team":[{"name":"Aggron","species":"Aggron","item":"aggronite","ability":"Sturdy","moves":["thunderwave","earthquake","ironhead","endeavor"],"nature":"Adamant","evs":{"hp":252,"atk":68,"def":12,"spa":0,"spd":176,"spe":0},"ivs":{"hp":31,"atk":31,"def":31,"spa":31,"spd":31,"spe":31}},{"name":"Empoleon","species":"Empoleon","item":"choicespecs","ability":"Torrent","moves":["icebeam","scald","flashcannon","hiddenpowerfire"],"nature":"Modest","evs":{"hp":252,"atk":0,"def":0,"spa":252,"spd":4,"spe":0},"ivs":{"hp":31,"atk":30,"def":31,"spa":30,"spd":31,"spe":30}},{"name":"Heatran","species":"Heatran","item":"airballoon","ability":"Flash Fire","moves":["darkpulse","earthpower","flamethrower","flashcannon"],"nature":"Modest","evs":{"hp":252,"atk":0,"def":0,"spa":252,"spd":4,"spe":0},"ivs":{"hp":31,"atk":31,"def":31,"spa":31,"spd":31,"spe":31}},{"name":"Excadrill","species":"Excadrill","item":"choicescarf","ability":"Mold Breaker","moves":["earthquake","rockslide","xscissor","ironhead"],"nature":"Jolly","evs":{"hp":0,"atk":252,"def":0,"spa":0,"spd":4,"spe":252},"ivs":{"hp":31,"atk":31,"def":31,"spa":31,"spd":31,"spe":31}},{"name":"Doublade","species":"Doublade","item":"eviolite","ability":"No Guard","moves":["swordsdance","shadowsneak","sacredsword","shadowclaw"],"nature":"Adamant","evs":{"hp":248,"atk":252,"def":0,"spa":0,"spd":8,"spe":0},"ivs":{"hp":31,"atk":31,"def":31,"spa":31,"spd":31,"spe":31}},{"name":"Ferrothorn","species":"Ferrothorn","item":"rockyhelmet","ability":"Iron Barbs","moves":["gyroball","leechseed","stealthrock","protect"],"nature":"Relaxed","evs":{"hp":248,"atk":8,"def":252,"spa":0,"spd":0,"spe":0},"ivs":{"hp":31,"atk":31,"def":31,"spa":31,"spd":31,"spe":0}}],"log":["|player|p1|Crystal★Tempo|266","|player|p2|Jake1079|150","|gametype|singles","|gen|6","|tier|Monotype","|rated","|rule|Baton Pass Clause: Limit one Baton Passer, can't pass Spe and other stats simultaneously","|rule|Swagger Clause: Swagger is banned","|rule|Same Type Clause: Pokémon in a team must share a type","|clearpoke","|poke|p1|Kyurem-Black","|poke|p1|Weavile, F","|poke|p1|Avalugg, F","|poke|p1|Cloyster, M","|poke|p1|Abomasnow, F","|poke|p1|Regice","|poke|p2|Aggron, M","|poke|p2|Empoleon, M","|poke|p2|Heatran, M","|poke|p2|Excadrill, F","|poke|p2|Doublade, F","|poke|p2|Ferrothorn, F","|rule|Sleep Clause Mod: Limit one foe put to sleep","|rule|Species Clause: Limit one of each Pokémon","|rule|OHKO Clause: OHKO moves are banned","|rule|Moody Clause: Moody is banned","|rule|Evasion Moves Clause: Evasion moves are banned","|rule|Endless Battle Clause: Forcing endless battles is banned","|rule|HP Percentage Mod: HP is shown in percentages","|teampreview","|","|start","|switch|p1a: Avalugg|Avalugg, F|393/393","|switch|p2a: Aggron|Aggron, M|344/344","|turn|1","|","|detailschange|p2a: Aggron|Aggron-Mega, M","|-mega|p2a: Aggron|Aggron|Aggronite","|move|p2a: Aggron|Thunder Wave|p1a: Avalugg","|-status|p1a: Avalugg|par","|move|p1a: Avalugg|Superpower|p2a: Aggron","|-supereffective|p2a: Aggron","|-damage|p2a: Aggron|266/344","|-unboost|p1a: Avalugg|atk|1","|-unboost|p1a: Avalugg|def|1","|","|turn|2","|","|switch|p1a: Abomasnow|Abomasnow, F|383/383","|-weather|Hail","|move|p2a: Aggron|Iron Head|p1a: Abomasnow","|-crit|p1a: Abomasnow","|-supereffective|p1a: Abomasnow","|-damage|p1a: Abomasnow|0 fnt","|faint|p1a: Abomasnow","|","|-weather|Hail|[upkeep]","|-damage|p2a: Aggron|245/344|[from] hail","|","|switch|p1a: Regice|Regice|363/363","|turn|3","|","|move|p1a: Regice|Ice Beam|p2a: Aggron","|-resisted|p2a: Aggron","|-damage|p2a: Aggron|173/344","|move|p2a: Aggron|Thunder Wave|p1a: Regice","|-status|p1a: Regice|par","|","|-weather|Hail|[upkeep]","|-damage|p2a: Aggron|152/344|[from] hail","|turn|4","|","|move|p2a: Aggron|Iron Head|p1a: Regice","|-supereffective|p1a: Regice","|-damage|p1a: Regice|75/363 par","|move|p1a: Regice|Ice Beam|p2a: Aggron","|-crit|p2a: Aggron","|-resisted|p2a: Aggron","|-damage|p2a: Aggron|48/344","|","|-weather|Hail|[upkeep]","|-damage|p2a: Aggron|27/344|[from] hail","|turn|5","|","|move|p2a: Aggron|Iron Head|p1a: Regice","|-supereffective|p1a: Regice","|-damage|p1a: Regice|0 fnt","|faint|p1a: Regice","|","|-weather|Hail|[upkeep]","|-damage|p2a: Aggron|6/344|[from] hail","|","|switch|p1a: Weavile|Weavile, F|281/281","|-ability|p1a: Weavile|Pressure","|turn|6","|","|move|p1a: Weavile|Ice Shard|p2a: Aggron","|-resisted|p2a: Aggron","|-damage|p2a: Aggron|0 fnt","|-damage|p1a: Weavile|253/281|[from] item: Life Orb","|faint|p2a: Aggron","|","|-weather|none","|","|switch|p2a: Ferrothorn|Ferrothorn, F|351/351","|turn|7","|","|switch|p1a: Avalugg|Avalugg, F|393/393 par","|move|p2a: Ferrothorn|Stealth Rock|p1a: Avalugg","|-sidestart|p1: Crystal★Tempo|move: Stealth Rock","|","|turn|8","|","|move|p2a: Ferrothorn|Leech Seed|p1a: Avalugg","|-start|p1a: Avalugg|move: Leech Seed","|move|p1a: Avalugg|Rapid Spin|p2a: Ferrothorn","|-resisted|p2a: Ferrothorn","|-damage|p2a: Ferrothorn|346/351","|-damage|p1a: Avalugg|344/393 par|[from] ability: Iron Barbs|[of] p2a: Ferrothorn","|-damage|p1a: Avalugg|279/393 par|[from] item: Rocky Helmet|[of] p2a: Ferrothorn","|-end|p1a: Avalugg|Leech Seed|[from] move: Rapid Spin|[of] p1a: Avalugg","|-sideend|p1: Crystal★Tempo|Stealth Rock|[from] move: Rapid Spin|[of] p1a: Avalugg","|","|turn|9","|","|move|p2a: Ferrothorn|Gyro Ball|p1a: Avalugg","|-supereffective|p1a: Avalugg","|-damage|p1a: Avalugg|261/393 par","|-damage|p2a: Ferrothorn|288/351|[from] item: Rocky Helmet|[of] p1a: Avalugg","|move|p1a: Avalugg|Superpower|p2a: Ferrothorn","|-supereffective|p2a: Ferrothorn","|-damage|p2a: Ferrothorn|148/351","|-damage|p1a: Avalugg|212/393 par|[from] ability: Iron Barbs|[of] p2a: Ferrothorn","|-damage|p1a: Avalugg|147/393 par|[from] item: Rocky Helmet|[of] p2a: Ferrothorn","|-unboost|p1a: Avalugg|atk|1","|-unboost|p1a: Avalugg|def|1","|","|turn|10","|","|move|p2a: Ferrothorn|Stealth Rock|p1a: Avalugg","|-sidestart|p1: Crystal★Tempo|move: Stealth Rock","|move|p1a: Avalugg|Superpower|p2a: Ferrothorn","|-supereffective|p2a: Ferrothorn","|-damage|p2a: Ferrothorn|66/351","|-damage|p1a: Avalugg|98/393 par|[from] ability: Iron Barbs|[of] p2a: Ferrothorn","|-damage|p1a: Avalugg|33/393 par|[from] item: Rocky Helmet|[of] p2a: Ferrothorn","|-unboost|p1a: Avalugg|atk|1","|-unboost|p1a: Avalugg|def|1","|","|turn|11","|","|move|p2a: Ferrothorn|Leech Seed|p1a: Avalugg","|-start|p1a: Avalugg|move: Leech Seed","|cant|p1a: Avalugg|par","|","|-damage|p1a: Avalugg|0 fnt|[from] Leech Seed|[of] p2a: Ferrothorn","|-heal|p2a: Ferrothorn|99/351|[silent]","|faint|p1a: Avalugg","|","|switch|p1a: Weavile|Weavile, F|253/281","|-damage|p1a: Weavile|183/281|[from] Stealth Rock","|-ability|p1a: Weavile|Pressure","|turn|12","|","|move|p1a: Weavile|Low Kick|p2a: Ferrothorn","|-supereffective|p2a: Ferrothorn","|-damage|p2a: Ferrothorn|0 fnt","|-damage|p1a: Weavile|148/281|[from] ability: Iron Barbs|[of] p2a: Ferrothorn","|-damage|p1a: Weavile|102/281|[from] item: Rocky Helmet|[of] p2a: Ferrothorn","|-damage|p1a: Weavile|74/281|[from] item: Life Orb","|faint|p2a: Ferrothorn","|","|","|switch|p2a: Doublade|Doublade, F|321/321","|turn|13","|","|move|p2a: Doublade|Shadow Sneak|p1a: Weavile","|-resisted|p1a: Weavile","|-damage|p1a: Weavile|25/281","|move|p1a: Weavile|Knock Off|p2a: Doublade","|-supereffective|p2a: Doublade","|-damage|p2a: Doublade|118/321","|-enditem|p2a: Doublade|Eviolite|[from] move: Knock Off|[of] p1a: Weavile","|-damage|p1a: Weavile|0 fnt|[from] item: Life Orb","|faint|p1a: Weavile","|","|","|switch|p1a: Cloyster|Cloyster, M|241/241","|-damage|p1a: Cloyster|181/241|[from] Stealth Rock","|turn|14","|","|move|p1a: Cloyster|Icicle Spear|p2a: Doublade","|-resisted|p2a: Doublade","|-damage|p2a: Doublade|103/321","|-resisted|p2a: Doublade","|-damage|p2a: Doublade|88/321","|-resisted|p2a: Doublade","|-damage|p2a: Doublade|75/321","|-resisted|p2a: Doublade","|-damage|p2a: Doublade|63/321","|-resisted|p2a: Doublade","|-damage|p2a: Doublade|49/321","|-hitcount|p2a: Doublade|5","|move|p2a: Doublade|Sacred Sword|p1a: Cloyster","|-supereffective|p1a: Cloyster","|-damage|p1a: Cloyster|63/241","|","|turn|15","|","|move|p2a: Doublade|Shadow Sneak|p1a: Cloyster","|-damage|p1a: Cloyster|23/241","|move|p1a: Cloyster|Icicle Spear|p2a: Doublade","|-resisted|p2a: Doublade","|-damage|p2a: Doublade|34/321","|-resisted|p2a: Doublade","|-damage|p2a: Doublade|20/321","|-resisted|p2a: Doublade","|-damage|p2a: Doublade|6/321","|-resisted|p2a: Doublade","|-damage|p2a: Doublade|0 fnt","|-hitcount|p2a: Doublade|4","|faint|p2a: Doublade","|","|","|switch|p2a: Empoleon|Empoleon, M|372/372","|turn|16","|","|move|p1a: Cloyster|Shell Smash|p1a: Cloyster","|-unboost|p1a: Cloyster|def|1","|-unboost|p1a: Cloyster|spd|1","|-boost|p1a: Cloyster|atk|2","|-boost|p1a: Cloyster|spa|2","|-boost|p1a: Cloyster|spe|2","|move|p2a: Empoleon|Scald|p1a: Cloyster","|-resisted|p1a: Cloyster","|-damage|p1a: Cloyster|0 fnt","|faint|p1a: Cloyster","|","|","|switch|p1a: Kyurem-Black|Kyurem-Black|391/391","|-damage|p1a: Kyurem-Black|294/391|[from] Stealth Rock","|-ability|p1a: Kyurem-Black|Teravolt","|turn|17","|","|move|p1a: Kyurem-Black|Outrage|p2a: Empoleon","|-resisted|p2a: Empoleon","|-damage|p2a: Empoleon|223/372","|move|p2a: Empoleon|Scald|p1a: Kyurem-Black","|-resisted|p1a: Kyurem-Black","|-damage|p1a: Kyurem-Black|177/391","|","|turn|18","|","|move|p1a: Kyurem-Black|Outrage|p2a: Empoleon|[from]lockedmove","|-resisted|p2a: Empoleon","|-damage|p2a: Empoleon|76/372","|-start|p1a: Kyurem-Black|confusion|[fatigue]","|move|p2a: Empoleon|Scald|p1a: Kyurem-Black","|-crit|p1a: Kyurem-Black","|-resisted|p1a: Kyurem-Black","|-damage|p1a: Kyurem-Black|0 fnt","|faint|p1a: Kyurem-Black","|","|win|Jake1079"],"p1rating":{"entryid":"7445636","serverid":"eos","formatid":"monotype","userid":"crystaltempo","username":"Crystal★Tempo","w":"5","l":3,"t":"0","gxe":52.7,"r":"1505.1377655248","rd":"103.12135822447","sigma":"0","rptime":"1439110800","rpr":1520.7161063486,"rprd":92.86099627214,"rpsigma":"0","acre":1098.8060626752,"lacre":1098.8060626752,"oldacre":"1129.5922717514"},"p2rating":{"entryid":"7429437","serverid":"eos","formatid":"monotype","userid":"jake1079","username":"Jake1079","w":36,"l":"50","t":"0","gxe":44.6,"r":"1431.2030779181","rd":"44.325998755676","sigma":"0","rptime":"1439110800","rpr":1459.3464243066,"rprd":38.892922083891,"rpsigma":"0","acre":1088.1428533939,"lacre":1088.1428533939,"oldacre":"1047.6950102092"},"endType":"normal"}