{"seed":[34419,854,17171,45089],"turns":23,"p1":"sovereign♕zoroark","p2":"Freelancer Photon","p1team":[{"name":"Abomasnow","species":"Abomasnow","item":"abomasite","ability":"Snow Warning","moves":["blizzard","gigadrain","hiddenpowerfire","iceshard"],"nature":"Lax","evs":{"hp":0,"atk":0,"def":4,"spa":252,"spd":252,"spe":0},"ivs":{"hp":31,"atk":30,"def":31,"spa":30,"spd":31,"spe":30},"shiny":true},{"name":"Froslass","species":"Froslass","item":"leftovers","ability":"Snow Cloak","moves":["substitute","thunderbolt","icebeam","destinybond"],"nature":"Timid","evs":{"hp":4,"atk":0,"def":0,"spa":252,"spd":0,"spe":252},"ivs":{"hp":31,"atk":31,"def":31,"spa":31,"spd":31,"spe":31}},{"name":"Kyurem-Black","species":"Kyurem-Black","item":"choicescarf","ability":"Teravolt","moves":["outrage","fusionbolt","stoneedge","facade"],"nature":"Jolly","evs":{"hp":4,"atk":252,"def":0,"spa":0,"spd":0,"spe":252},"shiny":true,"ivs":{"hp":31,"atk":31,"def":31,"spa":31,"spd":31,"spe":31}},{"name":"Mamoswine","species":"Mamoswine","item":"lifeorb","ability":"Snow Cloak","moves":["stealthrock","earthquake","iceshard","stoneedge"],"nature":"Adamant","evs":{"hp":4,"atk":252,"def":0,"spa":0,"spd":0,"spe":252},"ivs":{"hp":31,"atk":31,"def":31,"spa":31,"spd":31,"spe":31}},{"name":"Walrein","species":"Walrein","item":"choicespecs","ability":"Thick Fat","moves":["surf","icebeam","signalbeam","hiddenpowerfire"],"nature":"Modest","evs":{"hp":252,"atk":0,"def":0,"spa":252,"spd":0,"spe":4},"ivs":{"hp":31,"atk":30,"def":31,"spa":30,"spd":31,"spe":30}},{"name":"Cloyster","species":"Cloyster","item":"focussash","ability":"Skill Link","moves":["shellsmash","iciclespear","rockblast","razorshell"],"nature":"Adamant","evs":{"hp":24,"atk":252,"def":0,"spa":0,"spd":0,"spe":232},"ivs":{"hp":31,"atk":31,"def":31,"spa":31,"spd":31,"spe":31}}],"p2team":[{"name":"Sceptile","species":"Sceptile","item":"choiceband","ability":"Unburden","moves":["leafblade","earthquake","outrage","thunderpunch"],"nature":"Jolly","evs":{"hp":0,"atk":252,"def":0,"spa":0,"spd":4,"spe":252},"ivs":{"hp":31,"atk":31,"def":31,"spa":31,"spd":31,"spe":31}},{"name":"Venusaur","species":"Venusaur","item":"venusaurite","ability":"Overgrow","moves":["curse","synthesis","earthquake","petalblizzard"],"nature":"Adamant","evs":{"hp":248,"atk":252,"def":0,"spa":0,"spd":8,"spe":0},"ivs":{"hp":31,"atk":31,"def":31,"spa":31,"spd":31,"spe":31}},{"name":"Ludicolo","species":"Ludicolo","item":"choicespecs","ability":"Own Tempo","moves":["energyball","hiddenpowerfire","surf","icebeam"],"nature":"Modest","evs":{"hp":0,"atk":0,"def":0,"spa":252,"spd":4,"spe":252},"ivs":{"hp":31,"atk":30,"def":31,"spa":30,"spd":31,"spe":30}},{"name":"Ferrothorn","species":"Ferrothorn","item":"rockyhelmet","ability":"Iron Barbs","moves":["leechseed","stealthrock","thunderwave","gyroball"],"nature":"Relaxed","evs":{"hp":252,"atk":0,"def":252,"spa":0,"spd":0,"spe":0},"ivs":{"hp":31,"atk":31,"def":31,"spa":31,"spd":31,"spe":0}},{"name":"Celebi","species":"Celebi","item":"lifeorb","ability":"Natural Cure","moves":["stealthrock","psychic","earthpower","gigadrain"],"nature":"Timid","evs":{"hp":0,"atk":0,"def":0,"spa":252,"spd":4,"spe":252},"ivs":{"hp":31,"atk":31,"def":31,"spa":31,"spd":31,"spe":31}},{"name":"Roserade","species":"Roserade","item":"choicescarf","ability":"Technician","moves":["sludgebomb","energyball","hiddenpowerice","shadowball"],"nature":"Modest","evs":{"hp":0,"atk":0,"def":0,"spa":252,"spd":0,"spe":252},"ivs":{"hp":31,"atk":30,"def":30,"spa":31,"spd":31,"spe":31}}],"log":["|player|p1|sovereign♕zoroark|1","|player|p2|Freelancer Photon|66","|gametype|singles","|gen|6","|tier|Monotype","|rated","|rule|Baton Pass Clause: Limit one Baton Passer, can't pass Spe and other stats simultaneously","|rule|Swagger Clause: Swagger is banned","|rule|Same Type Clause: Pokémon in a team must share a type","|clearpoke","|poke|p1|Abomasnow, F, shiny","|poke|p1|Froslass, F","|poke|p1|Kyurem-Black, shiny","|poke|p1|Mamoswine, F","|poke|p1|Walrein, M","|poke|p1|Cloyster, F","|poke|p2|Sceptile, M","|poke|p2|Venusaur, M","|poke|p2|Ludicolo, F","|poke|p2|Ferrothorn, F","|poke|p2|Celebi","|poke|p2|Roserade, F","|rule|Sleep Clause Mod: Limit one foe put to sleep","|rule|Species Clause: Limit one of each Pokémon","|rule|OHKO Clause: OHKO moves are banned","|rule|Moody Clause: Moody is banned","|rule|Evasion Moves Clause: Evasion moves are banned","|rule|Endless Battle Clause: Forcing endless battles is banned","|rule|HP Percentage Mod: HP is shown in percentages","|teampreview","|","|start","|switch|p1a: Abomasnow|Abomasnow, F, shiny|321/321","|switch|p2a: Ferrothorn|Ferrothorn, F|352/352","|-weather|Hail","|turn|1","|","|detailschange|p1a: Abomasnow|Abomasnow-Mega, F, shiny","|-mega|p1a: Abomasnow|Abomasnow|Abomasite","|move|p1a: Abomasnow|Hidden Power|p2a: Ferrothorn","|-supereffective|p2a: Ferrothorn","|-damage|p2a: Ferrothorn|112/352","|move|p2a: Ferrothorn|Leech Seed|p1a: Abomasnow","|-immune|p1a: Abomasnow|[msg]","|","|-weather|Hail|[upkeep]","|-damage|p2a: Ferrothorn|90/352|[from] hail","|turn|2","|","|switch|p2a: Ludicolo|Ludicolo, F|301/301","|move|p1a: Abomasnow|Hidden Power|p2a: Ludicolo","|-damage|p2a: Ludicolo|225/301","|","|-weather|Hail|[upkeep]","|-damage|p2a: Ludicolo|207/301|[from] hail","|turn|3","|","|move|p2a: Ludicolo|Hidden Power|p1a: Abomasnow","|-supereffective|p1a: Abomasnow","|-damage|p1a: Abomasnow|25/321","|move|p1a: Abomasnow|Blizzard|p2a: Ludicolo","|-damage|p2a: Ludicolo|5/301","|","|-weather|Hail|[upkeep]","|-damage|p2a: Ludicolo|0 fnt|[from] hail","|faint|p2a: Ludicolo","|","|switch|p2a: Celebi|Celebi|341/341","|turn|4","|","|move|p1a: Abomasnow|Ice Shard|p2a: Celebi","|-supereffective|p2a: Celebi","|-damage|p2a: Celebi|227/341","|move|p2a: Celebi|Stealth Rock|p1a: Abomasnow","|-sidestart|p1: sovereign♕zoroark|move: Stealth Rock","|","|-weather|Hail|[upkeep]","|-damage|p2a: Celebi|206/341|[from] hail","|turn|5","|","|move|p1a: Abomasnow|Ice Shard|p2a: Celebi","|-supereffective|p2a: Celebi","|-damage|p2a: Celebi|90/341","|move|p2a: Celebi|Psychic|p1a: Abomasnow","|-damage|p1a: Abomasnow|0 fnt","|-damage|p2a: Celebi|56/341|[from] item: Life Orb","|faint|p1a: Abomasnow","|","|-weather|none","|","|switch|p1a: Mamoswine|Mamoswine, F|362/362","|-damage|p1a: Mamoswine|317/362|[from] Stealth Rock","|turn|6","|","|move|p1a: Mamoswine|Ice Shard|p2a: Celebi","|-supereffective|p2a: Celebi","|-damage|p2a: Celebi|0 fnt","|-damage|p1a: Mamoswine|281/362|[from] item: Life Orb","|faint|p2a: Celebi","|","|","|switch|p2a: Sceptile|Sceptile, M|281/281","|turn|7","|","|move|p1a: Mamoswine|Ice Shard|p2a: Sceptile","|-supereffective|p2a: Sceptile","|-damage|p2a: Sceptile|0 fnt","|-damage|p1a: Mamoswine|245/362|[from] item: Life Orb","|faint|p2a: Sceptile","|","|","|switch|p2a: Venusaur|Venusaur, M|363/363","|turn|8","|","|detailschange|p2a: Venusaur|Venusaur-Mega, M","|-mega|p2a: Venusaur|Venusaur|Venusaurite","|move|p1a: Mamoswine|Earthquake|p2a: Venusaur","|-damage|p2a: Venusaur|167/363","|-damage|p1a: Mamoswine|209/362|[from] item: Life Orb","|move|p2a: Venusaur|Petal Blizzard|p1a: Mamoswine","|-supereffective|p1a: Mamoswine","|-damage|p1a: Mamoswine|0 fnt","|faint|p1a: Mamoswine","|","|","|switch|p1a: Froslass|Froslass, F|282/282","|-damage|p1a: Froslass|212/282|[from] Stealth Rock","|turn|9","|","|move|p1a: Froslass|Ice Beam|p2a: Venusaur","|-supereffective|p2a: Venusaur","|-damage|p2a: Venusaur|69/363","|move|p2a: Venusaur|Synthesis|p2a: Venusaur","|-heal|p2a: Venusaur|250/363","|","|-heal|p1a: Froslass|229/282|[from] item: Leftovers","|turn|10","|","|move|p1a: Froslass|Destiny Bond|p1a: Froslass","|-singlemove|p1a: Froslass|Destiny Bond","|move|p2a: Venusaur|Curse|p2a: Venusaur","|-unboost|p2a: Venusaur|spe|1","|-boost|p2a: Venusaur|atk|1","|-boost|p2a: Venusaur|def|1","|","|-heal|p1a: Froslass|246/282|[from] item: Leftovers","|turn|11","|","|move|p1a: Froslass|Substitute|p1a: Froslass","|-start|p1a: Froslass|Substitute","|-damage|p1a: Froslass|176/282","|move|p2a: Venusaur|Curse|p2a: Venusaur","|-unboost|p2a: Venusaur|spe|1","|-boost|p2a: Venusaur|atk|1","|-boost|p2a: Venusaur|def|1","|","|-heal|p1a: Froslass|193/282|[from] item: Leftovers","|turn|12","|","|move|p1a: Froslass|Ice Beam|p2a: Venusaur","|-supereffective|p2a: Venusaur","|-damage|p2a: Venusaur|140/363","|move|p2a: Venusaur|Synthesis|p2a: Venusaur","|-heal|p2a: Venusaur|321/363","|","|-heal|p1a: Froslass|210/282|[from] item: Leftovers","|turn|13","|","|move|p1a: Froslass|Ice Beam|p2a: Venusaur","|-supereffective|p2a: Venusaur","|-damage|p2a: Venusaur|211/363","|move|p2a: Venusaur|Petal Blizzard|p1a: Froslass","|-crit|p1a: Froslass","|-end|p1a: Froslass|Substitute","|","|-heal|p1a: Froslass|227/282|[from] item: Leftovers","|turn|14","|","|move|p1a: Froslass|Destiny Bond|p1a: Froslass","|-singlemove|p1a: Froslass|Destiny Bond","|move|p2a: Venusaur|Synthesis|p2a: Venusaur","|-heal|p2a: Venusaur|363/363","|","|-heal|p1a: Froslass|244/282|[from] item: Leftovers","|turn|15","|","|move|p1a: Froslass|Substitute|p1a: Froslass","|-start|p1a: Froslass|Substitute","|-damage|p1a: Froslass|174/282","|move|p2a: Venusaur|Earthquake|p1a: Froslass","|-end|p1a: Froslass|Substitute","|","|-heal|p1a: Froslass|191/282|[from] item: Leftovers","|turn|16","|","|move|p1a: Froslass|Substitute|p1a: Froslass","|-start|p1a: Froslass|Substitute","|-damage|p1a: Froslass|121/282","|move|p2a: Venusaur|Curse|p2a: Venusaur","|-unboost|p2a: Venusaur|spe|1","|-boost|p2a: Venusaur|atk|1","|-boost|p2a: Venusaur|def|1","|","|-heal|p1a: Froslass|138/282|[from] item: Leftovers","|turn|17","|","|move|p1a: Froslass|Ice Beam|p2a: Venusaur","|-supereffective|p2a: Venusaur","|-damage|p2a: Venusaur|265/363","|-status|p2a: Venusaur|frz","|cant|p2a: Venusaur|frz","|","|-heal|p1a: Froslass|155/282|[from] item: Leftovers","|turn|18","|","|move|p1a: Froslass|Ice Beam|p2a: Venusaur","|-supereffective|p2a: Venusaur","|-damage|p2a: Venusaur|169/363 frz","|-curestatus|p2a: Venusaur|frz","|move|p2a: Venusaur|Petal Blizzard|p1a: Froslass","|-end|p1a: Froslass|Substitute","|","|-heal|p1a: Froslass|172/282|[from] item: Leftovers","|turn|19","|","|move|p1a: Froslass|Destiny Bond|p1a: Froslass","|-singlemove|p1a: Froslass|Destiny Bond","|move|p2a: Venusaur|Synthesis|p2a: Venusaur","|-heal|p2a: Venusaur|350/363","|","|-heal|p1a: Froslass|189/282|[from] item: Leftovers","|turn|20","|","|move|p1a: Froslass|Destiny Bond|p1a: Froslass","|-singlemove|p1a: Froslass|Destiny Bond","|move|p2a: Venusaur|Earthquake|p1a: Froslass","|-damage|p1a: Froslass|0 fnt","|faint|p1a: Froslass","|-activate|p1a: Froslass|Destiny Bond","|faint|p2a: Venusaur","|","|","|switch|p1a: Kyurem-Black|Kyurem-Black, shiny|392/392","|switch|p2a: Roserade|Roserade, F|261/261","|-damage|p1a: Kyurem-Black|294/392|[from] Stealth Rock","|-ability|p1a: Kyurem-Black|Teravolt","|turn|21","|","|switch|p2a: Ferrothorn|Ferrothorn, F|90/352","|move|p1a: Kyurem-Black|Outrage|p2a: Ferrothorn","|-resisted|p2a: Ferrothorn","|-damage|p2a: Ferrothorn|9/352","|-damage|p1a: Kyurem-Black|245/392|[from] ability: Iron Barbs|[of] p2a: Ferrothorn","|-damage|p1a: Kyurem-Black|180/392|[from] item: Rocky Helmet|[of] p2a: Ferrothorn","|","|turn|22","|","|move|p1a: Kyurem-Black|Outrage|p2a: Ferrothorn|[from]lockedmove","|-resisted|p2a: Ferrothorn","|-damage|p2a: Ferrothorn|0 fnt","|-damage|p1a: Kyurem-Black|131/392|[from] ability: Iron Barbs|[of] p2a: Ferrothorn","|-damage|p1a: Kyurem-Black|66/392|[from] item: Rocky Helmet|[of] p2a: Ferrothorn","|faint|p2a: Ferrothorn","|","|","|switch|p2a: Roserade|Roserade, F|261/261","|turn|23","|","|move|p1a: Kyurem-Black|Outrage|p2a: Roserade|[from]lockedmove","|-damage|p2a: Roserade|0 fnt","|-start|p1a: Kyurem-Black|confusion|[fatigue]","|faint|p2a: Roserade","|","|win|sovereign♕zoroark"],"p1rating":{"entryid":"7523691","serverid":"eos","formatid":"monotype","userid":"sovereignzoroark","username":"sovereign♕zoroark","w":8,"l":"22","t":"0","gxe":29.4,"r":"1317.1241090314","rd":"81.121872698644","sigma":"0","rptime":"1439197200","rpr":1332.943743184,"rprd":61.971376451685,"rpsigma":"0","acre":1119.7046316913,"lacre":1119.7046316913,"oldacre":"1090.8548920775"},"p2rating":{"entryid":"7529200","serverid":"eos","formatid":"monotype","userid":"freelancerphoton","username":"Freelancer Photon","w":"6","l":3,"t":"0","gxe":57.3,"r":"1547.8391389454","rd":"112.13270210657","sigma":"0","rptime":"1439197200","rpr":1557.063438313,"rprd":91.62015160656,"rpsigma":"0","acre":1096.2485361297,"lacre":1096.2485361297,"oldacre":"1123.5976141245"},"endType":"normal"}