{"seed":[2887,6868,63865,7507],"turns":22,"p1":"TheMajesticWurmple","p2":"Carnie Mini","p1team":[{"name":"Victini","species":"Victini","item":"choicescarf","ability":"Victory Star","moves":["vcreate","boltstrike","uturn","trick"],"nature":"Jolly","evs":{"hp":0,"atk":252,"def":0,"spa":0,"spd":4,"spe":252},"ivs":{"hp":31,"atk":31,"def":31,"spa":31,"spd":31,"spe":31}},{"name":"Gardevoir","species":"Gardevoir","item":"gardevoirite","ability":"Trace","moves":["hypervoice","psyshock","substitute","focusblast"],"nature":"Timid","evs":{"hp":0,"atk":0,"def":4,"spa":252,"spd":0,"spe":252},"ivs":{"hp":31,"atk":31,"def":31,"spa":31,"spd":31,"spe":31}},{"name":"Meloetta","species":"Meloetta","item":"choicespecs","ability":"Serene Grace","moves":["hypervoice","thunderbolt","shadowball","psyshock"],"nature":"Modest","evs":{"hp":248,"atk":0,"def":0,"spa":252,"spd":8,"spe":0},"ivs":{"hp":31,"atk":31,"def":31,"spa":31,"spd":31,"spe":31}},{"name":"Latias","species":"Latias","item":"lifeorb","ability":"Levitate","moves":["dracometeor","healingwish","psyshock","defog"],"nature":"Timid","evs":{"hp":0,"atk":0,"def":0,"spa":252,"spd":4,"spe":252},"ivs":{"hp":31,"atk":31,"def":31,"spa":31,"spd":31,"spe":31}},{"name":"Slowbro","species":"Slowbro","item":"rockyhelmet","ability":"Regenerator","moves":["scald","icebeam","slackoff","thunderwave"],"nature":"Bold","evs":{"hp":248,"atk":0,"def":252,"spa":8,"spd":0,"spe":0},"ivs":{"hp":31,"atk":31,"def":31,"spa":31,"spd":31,"spe":31}},{"name":"Metagross","species":"Metagross","item":"assaultvest","ability":"Clear Body","moves":["earthquake","meteormash","bulletpunch","zenheadbutt"],"nature":"Adamant","evs":{"hp":248,"atk":252,"def":0,"spa":0,"spd":8,"spe":0},"shiny":true,"ivs":{"hp":31,"atk":31,"def":31,"spa":31,"spd":31,"spe":31}}],"p2team":[{"name":"RipTide","species":"gyarados","item":"gyaradosite","ability":"Intimidate","moves":["substitute","dragondance","waterfall","crunch"],"nature":"Adamant","evs":{"hp":0,"atk":252,"def":0,"spa":0,"spd":4,"spe":252},"ivs":{"hp":31,"atk":31,"def":31,"spa":31,"spd":31,"spe":31}},{"name":"Heaven's Grace","species":"togekiss","item":"choicescarf","ability":"Serene Grace","moves":["airslash","dazzlinggleam","healbell","trick"],"nature":"Timid","evs":{"hp":0,"atk":0,"def":0,"spa":252,"spd":0,"spe":252},"gender":"F","shiny":true,"ivs":{"hp":31,"atk":31,"def":31,"spa":31,"spd":31,"spe":31}},{"name":"Tectonic-Plates","species":"landorustherian","item":"choicescarf","ability":"Intimidate","moves":["uturn","stoneedge","knockoff","earthquake"],"nature":"Jolly","evs":{"hp":0,"atk":252,"def":0,"spa":0,"spd":4,"spe":252},"ivs":{"hp":31,"atk":31,"def":31,"spa":31,"spd":31,"spe":31}},{"name":"Dark Crow","species":"mandibuzz","item":"leftovers","ability":"Overcoat","moves":["roost","defog","foulplay","toxic"],"nature":"Calm","evs":{"hp":196,"atk":0,"def":56,"spa":0,"spd":200,"spe":56},"ivs":{"hp":31,"atk":31,"def":31,"spa":31,"spd":31,"spe":31}},{"name":"Jet Stream","species":"thundurustherian","item":"lifeorb","ability":"Volt Absorb","moves":["thunderbolt","hiddenpowerice","nastyplot","agility"],"nature":"Modest","evs":{"hp":0,"atk":0,"def":0,"spa":252,"spd":4,"spe":252},"ivs":{"hp":31,"atk":30,"def":30,"spa":31,"spd":31,"spe":31}},{"name":"Skare'd for life","species":"skarmory","item":"rockyhelmet","ability":"Sturdy","moves":["whirlwind","stealthrock","ironhead","roost"],"nature":"Impish","evs":{"hp":248,"atk":0,"def":252,"spa":0,"spd":8,"spe":0},"ivs":{"hp":31,"atk":31,"def":31,"spa":31,"spd":31,"spe":31}}],"log":["|player|p1|TheMajesticWurmple|265","|player|p2|Carnie Mini|carniemini.gif","|gametype|singles","|gen|6","|tier|Monotype","|rated","|rule|Baton Pass Clause: Limit one Baton Passer, can't pass Spe and other stats simultaneously","|rule|Swagger Clause: Swagger is banned","|rule|Same Type Clause: Pokémon in a team must share a type","|clearpoke","|poke|p1|Victini","|poke|p1|Gardevoir, M","|poke|p1|Meloetta","|poke|p1|Latias, F","|poke|p1|Slowbro, F","|poke|p1|Metagross, shiny","|poke|p2|Gyarados, M","|poke|p2|Togekiss, F, shiny","|poke|p2|Landorus-Therian, M","|poke|p2|Mandibuzz, F","|poke|p2|Thundurus-Therian, M","|poke|p2|Skarmory, M","|rule|Sleep Clause Mod: Limit one foe put to sleep","|rule|Species Clause: Limit one of each Pokémon","|rule|OHKO Clause: OHKO moves are banned","|rule|Moody Clause: Moody is banned","|rule|Evasion Moves Clause: Evasion moves are banned","|rule|Endless Battle Clause: Forcing endless battles is banned","|rule|HP Percentage Mod: HP is shown in percentages","|teampreview","|","|start","|switch|p1a: Meloetta|Meloetta|403/403","|switch|p2a: Tectonic-Plates|Landorus-Therian, M|319/319","|-ability|p2a: Tectonic-Plates|Intimidate","|-unboost|p1a: Meloetta|atk|1","|turn|1","|","|move|p2a: Tectonic-Plates|Knock Off|p1a: Meloetta","|-supereffective|p1a: Meloetta","|-damage|p1a: Meloetta|67/403","|-enditem|p1a: Meloetta|Choice Specs|[from] move: Knock Off|[of] p2a: Tectonic-Plates","|move|p1a: Meloetta|Hyper Voice|p2a: Tectonic-Plates","|-damage|p2a: Tectonic-Plates|103/319","|","|turn|2","|","|switch|p1a: Slowbro|Slowbro, F|393/393","|move|p2a: Tectonic-Plates|Knock Off|p1a: Slowbro","|-supereffective|p1a: Slowbro","|-damage|p1a: Slowbro|209/393","|-damage|p2a: Tectonic-Plates|50/319|[from] item: Rocky Helmet|[of] p1a: Slowbro","|-enditem|p1a: Slowbro|Rocky Helmet|[from] move: Knock Off|[of] p2a: Tectonic-Plates","|","|turn|3","|","|switch|p2a: Heaven's Grace|Togekiss, F, shiny|311/311","|move|p1a: Slowbro|Slack Off|p1a: Slowbro","|-heal|p1a: Slowbro|393/393","|","|turn|4","|","|switch|p1a: Meloetta|Meloetta|67/403","|move|p2a: Heaven's Grace|Air Slash|p1a: Meloetta","|-damage|p1a: Meloetta|0 fnt","|faint|p1a: Meloetta","|","|","|switch|p1a: Victini|Victini|341/341","|turn|5","|","|switch|p2a: Tectonic-Plates|Landorus-Therian, M|50/319","|-ability|p2a: Tectonic-Plates|Intimidate","|-unboost|p1a: Victini|atk|1","|move|p1a: Victini|V-create|p2a: Tectonic-Plates","|-crit|p2a: Tectonic-Plates","|-damage|p2a: Tectonic-Plates|0 fnt","|-unboost|p1a: Victini|spe|1","|-unboost|p1a: Victini|def|1","|-unboost|p1a: Victini|spd|1","|faint|p2a: Tectonic-Plates","|","|","|switch|p2a: RipTide|Gyarados, M|331/331","|-ability|p2a: RipTide|Intimidate","|-unboost|p1a: Victini|atk|1","|turn|6","|","|switch|p1a: Gardevoir|Gardevoir, M|277/277","|-ability|p1a: Gardevoir|Intimidate|[from] ability: Trace|[of] p2a: RipTide","|-ability|p1a: Gardevoir|Intimidate","|-unboost|p2a: RipTide|atk|1","|move|p2a: RipTide|Dragon Dance|p2a: RipTide","|-boost|p2a: RipTide|atk|1","|-boost|p2a: RipTide|spe|1","|","|turn|7","|","|switch|p2a: Dark Crow|Mandibuzz, F|410/410","|detailschange|p1a: Gardevoir|Gardevoir-Mega, M","|-mega|p1a: Gardevoir|Gardevoir|Gardevoirite","|move|p1a: Gardevoir|Hyper Voice|p2a: Dark Crow","|-supereffective|p2a: Dark Crow","|-damage|p2a: Dark Crow|48/410","|","|-heal|p2a: Dark Crow|73/410|[from] item: Leftovers","|turn|8","|","|move|p1a: Gardevoir|Substitute|p1a: Gardevoir","|-start|p1a: Gardevoir|Substitute","|-damage|p1a: Gardevoir|208/277","|move|p2a: Dark Crow|Foul Play|p1a: Gardevoir","|-end|p1a: Gardevoir|Substitute","|","|-heal|p2a: Dark Crow|98/410|[from] item: Leftovers","|turn|9","|","|move|p1a: Gardevoir|Hyper Voice|p2a: Dark Crow","|-supereffective|p2a: Dark Crow","|-damage|p2a: Dark Crow|0 fnt","|faint|p2a: Dark Crow","|","|","|switch|p2a: Jet Stream|Thundurus-Therian, M|299/299","|turn|10","|","|move|p1a: Gardevoir|Hyper Voice|p2a: Jet Stream","|-damage|p2a: Jet Stream|0 fnt","|faint|p2a: Jet Stream","|","|","|switch|p2a: RipTide|Gyarados, M|331/331","|-ability|p2a: RipTide|Intimidate","|-unboost|p1a: Gardevoir|atk|1","|turn|11","|","|move|p1a: Gardevoir|Hyper Voice|p2a: RipTide","|-damage|p2a: RipTide|102/331","|move|p2a: RipTide|Waterfall|p1a: Gardevoir","|-crit|p1a: Gardevoir","|-damage|p1a: Gardevoir|0 fnt","|faint|p1a: Gardevoir","|","|","|switch|p1a: Victini|Victini|341/341","|turn|12","|","|move|p1a: Victini|Bolt Strike|p2a: RipTide","|-supereffective|p2a: RipTide","|-damage|p2a: RipTide|0 fnt","|faint|p2a: RipTide","|","|","|switch|p2a: Skare'd for life|Skarmory, M|333/333","|turn|13","|","|move|p1a: Victini|Bolt Strike|p2a: Skare'd for life","|-supereffective|p2a: Skare'd for life","|-damage|p2a: Skare'd for life|181/333","|-damage|p1a: Victini|285/341|[from] item: Rocky Helmet|[of] p2a: Skare'd for life","|-status|p2a: Skare'd for life|par","|move|p2a: Skare'd for life|Stealth Rock|p1a: Victini","|-sidestart|p1: TheMajesticWurmple|move: Stealth Rock","|","|turn|14","|","|move|p1a: Victini|Bolt Strike|p2a: Skare'd for life","|-supereffective|p2a: Skare'd for life","|-damage|p2a: Skare'd for life|43/333 par","|-damage|p1a: Victini|229/341|[from] item: Rocky Helmet|[of] p2a: Skare'd for life","|move|p2a: Skare'd for life|Roost|p2a: Skare'd for life","|-heal|p2a: Skare'd for life|210/333 par","|","|turn|15","|","|switch|p1a: Slowbro|Slowbro, F|393/393","|-damage|p1a: Slowbro|344/393|[from] Stealth Rock","|move|p2a: Skare'd for life|Whirlwind|p1a: Slowbro","|drag|p1a: Metagross|Metagross, shiny|363/363","|-damage|p1a: Metagross|341/363|[from] Stealth Rock","|","|turn|16","|","|switch|p1a: Latias|Latias, F|301/301","|-damage|p1a: Latias|264/301|[from] Stealth Rock","|move|p2a: Skare'd for life|Roost|p2a: Skare'd for life","|-heal|p2a: Skare'd for life|333/333 par","|","|turn|17","|","|switch|p2a: Heaven's Grace|Togekiss, F, shiny|311/311","|move|p1a: Latias|Defog|p2a: Heaven's Grace","|-unboost|p2a: Heaven's Grace|evasion|1","|-sideend|p1: TheMajesticWurmple|Stealth Rock|[from] move: Defog|[of] p1a: Latias","|","|turn|18","|","|move|p2a: Heaven's Grace|Dazzling Gleam|p1a: Latias","|-supereffective|p1a: Latias","|-damage|p1a: Latias|30/301","|move|p1a: Latias|Psyshock|p2a: Heaven's Grace","|-damage|p2a: Heaven's Grace|138/311","|-damage|p1a: Latias|0 fnt|[from] item: Life Orb","|faint|p1a: Latias","|","|","|switch|p1a: Victini|Victini|229/341","|turn|19","|","|switch|p2a: Skare'd for life|Skarmory, M|333/333 par","|move|p1a: Victini|V-create|p2a: Skare'd for life","|-supereffective|p2a: Skare'd for life","|-damage|p2a: Skare'd for life|49/333 par","|-damage|p1a: Victini|173/341|[from] item: Rocky Helmet|[of] p2a: Skare'd for life","|-unboost|p1a: Victini|spe|1","|-unboost|p1a: Victini|def|1","|-unboost|p1a: Victini|spd|1","|","|turn|20","|","|move|p1a: Victini|V-create|p2a: Skare'd for life","|-supereffective|p2a: Skare'd for life","|-damage|p2a: Skare'd for life|0 fnt","|-damage|p1a: Victini|117/341|[from] item: Rocky Helmet|[of] p2a: Skare'd for life","|-unboost|p1a: Victini|spe|1","|-unboost|p1a: Victini|def|1","|-unboost|p1a: Victini|spd|1","|faint|p2a: Skare'd for life","|","|","|switch|p2a: Heaven's Grace|Togekiss, F, shiny|138/311","|turn|21","|","|switch|p1a: Metagross|Metagross, shiny|341/363","|move|p2a: Heaven's Grace|Air Slash|p1a: Metagross","|-resisted|p1a: Metagross","|-damage|p1a: Metagross|293/363","|","|turn|22","|","|move|p1a: Metagross|Bullet Punch|p2a: Heaven's Grace","|-supereffective|p2a: Heaven's Grace","|-damage|p2a: Heaven's Grace|0 fnt","|faint|p2a: Heaven's Grace","|","|win|TheMajesticWurmple"],"p1rating":{"entryid":"7119116","serverid":"eos","formatid":"monotype","userid":"themajesticwurmple","username":"TheMajesticWurmple","w":16,"l":"4","t":"0","gxe":71.1,"r":"1681.3540560449","rd":"74.786197934642","sigma":"0","rptime":"1439110800","rpr":1672.6712897524,"rprd":71.899087034977,"rpsigma":"0","acre":1279.712145629,"lacre":1279.712145629,"oldacre":"1249.768145115"},"p2rating":{"entryid":"5731199","serverid":"eos","formatid":"monotype","userid":"carniemini","username":"carnie Mini","w":"45","l":39,"t":"0","gxe":54.5,"r":"1538.0845407645","rd":"49.574412527673","sigma":"0","rptime":"1439110800","rpr":1533.893314829,"rprd":49.170995179236,"rpsigma":"0","acre":1295.4391493998,"lacre":1295.4391493998,"oldacre":"1319.394349811"},"endType":"normal"}