{"seed":[33604,45191,30912,12792],"turns":27,"p1":"TheMajesticWurmple","p2":"GLReshiram","p1team":[{"name":"Victini","species":"Victini","item":"choicescarf","ability":"Victory Star","moves":["vcreate","boltstrike","uturn","trick"],"nature":"Jolly","evs":{"hp":0,"atk":252,"def":0,"spa":0,"spd":4,"spe":252},"ivs":{"hp":31,"atk":31,"def":31,"spa":31,"spd":31,"spe":31}},{"name":"Gardevoir","species":"Gardevoir","item":"gardevoirite","ability":"Trace","moves":["hypervoice","psyshock","substitute","focusblast"],"nature":"Timid","evs":{"hp":0,"atk":0,"def":4,"spa":252,"spd":0,"spe":252},"ivs":{"hp":31,"atk":31,"def":31,"spa":31,"spd":31,"spe":31}},{"name":"Meloetta","species":"Meloetta","item":"choicespecs","ability":"Serene Grace","moves":["hypervoice","thunderbolt","shadowball","psyshock"],"nature":"Modest","evs":{"hp":248,"atk":0,"def":0,"spa":252,"spd":8,"spe":0},"ivs":{"hp":31,"atk":31,"def":31,"spa":31,"spd":31,"spe":31}},{"name":"Latias","species":"Latias","item":"lifeorb","ability":"Levitate","moves":["dracometeor","healingwish","psyshock","defog"],"nature":"Timid","evs":{"hp":0,"atk":0,"def":0,"spa":252,"spd":4,"spe":252},"ivs":{"hp":31,"atk":31,"def":31,"spa":31,"spd":31,"spe":31}},{"name":"Slowbro","species":"Slowbro","item":"rockyhelmet","ability":"Regenerator","moves":["scald","icebeam","slackoff","thunderwave"],"nature":"Bold","evs":{"hp":248,"atk":0,"def":252,"spa":8,"spd":0,"spe":0},"ivs":{"hp":31,"atk":31,"def":31,"spa":31,"spd":31,"spe":31}},{"name":"Metagross","species":"Metagross","item":"assaultvest","ability":"Clear Body","moves":["earthquake","meteormash","bulletpunch","zenheadbutt"],"nature":"Adamant","evs":{"hp":248,"atk":252,"def":0,"spa":0,"spd":8,"spe":0},"shiny":true,"ivs":{"hp":31,"atk":31,"def":31,"spa":31,"spd":31,"spe":31}}],"p2team":[{"name":"Heatran","species":"Heatran","item":"assaultvest","ability":"Flash Fire","moves":["firespin","earthpower","explosion","flashcannon"],"nature":"Mild","evs":{"hp":148,"atk":0,"def":0,"spa":252,"spd":108,"spe":0},"ivs":{"hp":31,"atk":31,"def":31,"spa":31,"spd":31,"spe":31}},{"name":"Delphox","species":"Delphox","item":"lumberry","ability":"Blaze","moves":["calmmind","fireblast","sunnyday","grassknot"],"nature":"Timid","evs":{"hp":0,"atk":0,"def":4,"spa":252,"spd":0,"spe":252},"ivs":{"hp":31,"atk":31,"def":31,"spa":31,"spd":31,"spe":31}},{"name":"Torkoal","species":"Torkoal","item":"leftovers","ability":"Shell Armor","moves":["protect","toxic","lavaplume","rapidspin"],"nature":"Bold","evs":{"hp":252,"atk":0,"def":252,"spa":4,"spd":0,"spe":0},"ivs":{"hp":31,"atk":31,"def":31,"spa":31,"spd":31,"spe":31}},{"name":"Rotom-Heat","species":"Rotom-Heat","item":"lightclay","ability":"Levitate","moves":["voltswitch","painsplit","reflect","lightscreen"],"nature":"Timid","evs":{"hp":236,"atk":0,"def":8,"spa":4,"spd":8,"spe":252},"ivs":{"hp":31,"atk":31,"def":31,"spa":31,"spd":31,"spe":31}},{"name":"Infernape","species":"Infernape","item":"lifeorb","ability":"Iron Fist","moves":["firepunch","machpunch","thunderpunch","uturn"],"nature":"Jolly","evs":{"hp":4,"atk":252,"def":0,"spa":0,"spd":0,"spe":252},"ivs":{"hp":31,"atk":31,"def":31,"spa":31,"spd":31,"spe":31}},{"name":"Charizard","species":"Charizard","item":"charizarditey","ability":"Blaze","moves":["fireblast","solarbeam","flamecharge","airslash"],"nature":"Hasty","evs":{"hp":0,"atk":4,"def":0,"spa":252,"spd":0,"spe":252},"ivs":{"hp":31,"atk":31,"def":31,"spa":31,"spd":31,"spe":31}}],"log":["|player|p1|TheMajesticWurmple|265","|player|p2|GLReshiram|265","|gametype|singles","|gen|6","|tier|Monotype","|rated","|rule|Baton Pass Clause: Limit one Baton Passer, can't pass Spe and other stats simultaneously","|rule|Swagger Clause: Swagger is banned","|rule|Same Type Clause: Pokémon in a team must share a type","|clearpoke","|poke|p1|Victini","|poke|p1|Gardevoir, F","|poke|p1|Meloetta","|poke|p1|Latias, F","|poke|p1|Slowbro, M","|poke|p1|Metagross, shiny","|poke|p2|Heatran, F","|poke|p2|Delphox, F","|poke|p2|Torkoal, M","|poke|p2|Rotom-Heat","|poke|p2|Infernape, M","|poke|p2|Charizard, F","|rule|Sleep Clause Mod: Limit one foe put to sleep","|rule|Species Clause: Limit one of each Pokémon","|rule|OHKO Clause: OHKO moves are banned","|rule|Moody Clause: Moody is banned","|rule|Evasion Moves Clause: Evasion moves are banned","|rule|Endless Battle Clause: Forcing endless battles is banned","|rule|HP Percentage Mod: HP is shown in percentages","|teampreview","|","|start","|switch|p1a: Victini|Victini|341/341","|switch|p2a: Rotom-Heat|Rotom-Heat|300/300","|turn|1","|","|move|p1a: Victini|U-turn|p2a: Rotom-Heat","|-resisted|p2a: Rotom-Heat","|-damage|p2a: Rotom-Heat|270/300","|","|switch|p1a: Latias|Latias, F|301/301","|move|p2a: Rotom-Heat|Reflect|p2a: Rotom-Heat","|-sidestart|p2: GLReshiram|Reflect","|","|turn|2","|","|move|p1a: Latias|Defog|p2a: Rotom-Heat","|-unboost|p2a: Rotom-Heat|evasion|1","|-sideend|p2: GLReshiram|Reflect","|move|p2a: Rotom-Heat|Light Screen|p2a: Rotom-Heat","|-sidestart|p2: GLReshiram|move: Light Screen","|","|turn|3","|","|move|p1a: Latias|Defog|p2a: Rotom-Heat","|-unboost|p2a: Rotom-Heat|evasion|1","|-sideend|p2: GLReshiram|move: Light Screen","|move|p2a: Rotom-Heat|Volt Switch|p1a: Latias","|-resisted|p1a: Latias","|-damage|p1a: Latias|267/301","|","|switch|p2a: Delphox|Delphox, F|291/291","|","|turn|4","|","|switch|p1a: Meloetta|Meloetta|403/403","|move|p2a: Delphox|Calm Mind|p2a: Delphox","|-boost|p2a: Delphox|spa|1","|-boost|p2a: Delphox|spd|1","|","|turn|5","|","|move|p2a: Delphox|Calm Mind|p2a: Delphox","|-boost|p2a: Delphox|spa|1","|-boost|p2a: Delphox|spd|1","|move|p1a: Meloetta|Hyper Voice|p2a: Delphox","|-damage|p2a: Delphox|170/291","|","|turn|6","|","|move|p2a: Delphox|Calm Mind|p2a: Delphox","|-boost|p2a: Delphox|spa|1","|-boost|p2a: Delphox|spd|1","|move|p1a: Meloetta|Hyper Voice|p2a: Delphox","|-crit|p2a: Delphox","|-damage|p2a: Delphox|0 fnt","|faint|p2a: Delphox","|","|","|switch|p2a: Rotom-Heat|Rotom-Heat|270/300","|turn|7","|","|move|p2a: Rotom-Heat|Light Screen|p2a: Rotom-Heat","|-sidestart|p2: GLReshiram|move: Light Screen","|move|p1a: Meloetta|Hyper Voice|p2a: Rotom-Heat","|-damage|p2a: Rotom-Heat|141/300","|","|turn|8","|","|switch|p2a: Heatran|Heatran, F|360/360","|move|p1a: Meloetta|Hyper Voice|p2a: Heatran","|-resisted|p2a: Heatran","|-damage|p2a: Heatran|320/360","|","|turn|9","|","|switch|p1a: Gardevoir|Gardevoir, F|277/277","|-ability|p1a: Gardevoir|Flash Fire|[from] ability: Trace|[of] p2a: Heatran","|move|p2a: Heatran|Fire Spin|p1a: Gardevoir","|-start|p1a: Gardevoir|ability: Flash Fire","|","|turn|10","|","|-end|p1a: Gardevoir|ability: Flash Fire|[silent]","|switch|p1a: Metagross|Metagross, shiny|363/363","|move|p2a: Heatran|Flash Cannon|p1a: Metagross","|-resisted|p1a: Metagross","|-damage|p1a: Metagross|308/363","|","|turn|11","|","|move|p2a: Heatran|Earth Power|p1a: Metagross","|-supereffective|p1a: Metagross","|-damage|p1a: Metagross|126/363","|move|p1a: Metagross|Earthquake|p2a: Heatran","|-supereffective|p2a: Heatran","|-damage|p2a: Heatran|0 fnt","|faint|p2a: Heatran","|","|","|switch|p2a: Rotom-Heat|Rotom-Heat|141/300","|turn|12","|","|switch|p1a: Victini|Victini|341/341","|move|p2a: Rotom-Heat|Reflect|p2a: Rotom-Heat","|-sidestart|p2: GLReshiram|Reflect","|","|turn|13","|","|move|p1a: Victini|U-turn|p2a: Rotom-Heat","|-resisted|p2a: Rotom-Heat","|-damage|p2a: Rotom-Heat|126/300","|","|switch|p1a: Latias|Latias, F|267/301","|move|p2a: Rotom-Heat|Pain Split|p1a: Latias","|-sethp|p1a: Latias|196/301|p2a: Rotom-Heat|196/300|[from] move: Pain Split","|","|turn|14","|","|move|p1a: Latias|Defog|p2a: Rotom-Heat","|-unboost|p2a: Rotom-Heat|evasion|1","|-sideend|p2: GLReshiram|Reflect","|-sideend|p2: GLReshiram|move: Light Screen","|move|p2a: Rotom-Heat|Volt Switch|p1a: Latias","|-resisted|p1a: Latias","|-damage|p1a: Latias|160/301","|","|switch|p2a: Charizard|Charizard, F|297/297","|","|turn|15","|","|detailschange|p2a: Charizard|Charizard-Mega-Y, F","|-mega|p2a: Charizard|Charizard|Charizardite Y","|-weather|SunnyDay","|move|p1a: Latias|Draco Meteor|p2a: Charizard|[miss]","|-miss|p1a: Latias|p2a: Charizard","|move|p2a: Charizard|Flame Charge|p1a: Latias","|-resisted|p1a: Latias","|-damage|p1a: Latias|106/301","|-boost|p2a: Charizard|spe|1","|","|-weather|SunnyDay|[upkeep]","|turn|16","|","|switch|p1a: Meloetta|Meloetta|403/403","|move|p2a: Charizard|Air Slash|p1a: Meloetta","|-damage|p1a: Meloetta|277/403","|","|-weather|SunnyDay|[upkeep]","|turn|17","|","|move|p2a: Charizard|Fire Blast|p1a: Meloetta","|-damage|p1a: Meloetta|19/403","|move|p1a: Meloetta|Psyshock|p2a: Charizard","|-damage|p2a: Charizard|0 fnt","|faint|p2a: Charizard","|","|-weather|SunnyDay|[upkeep]","|","|switch|p2a: Infernape|Infernape, M|294/294","|turn|18","|","|switch|p1a: Slowbro|Slowbro, M|393/393","|move|p2a: Infernape|U-turn|p1a: Slowbro","|-supereffective|p1a: Slowbro","|-damage|p1a: Slowbro|273/393","|-damage|p2a: Infernape|245/294|[from] item: Rocky Helmet|[of] p1a: Slowbro","|-damage|p2a: Infernape|216/294|[from] item: Life Orb","|","|switch|p2a: Rotom-Heat|Rotom-Heat|196/300","|","|-weather|SunnyDay|[upkeep]","|turn|19","|","|switch|p1a: Latias|Latias, F|106/301","|move|p2a: Rotom-Heat|Light Screen|p2a: Rotom-Heat","|-sidestart|p2: GLReshiram|move: Light Screen","|","|-weather|none","|turn|20","|","|move|p1a: Latias|Defog|p2a: Rotom-Heat","|-unboost|p2a: Rotom-Heat|evasion|1","|-sideend|p2: GLReshiram|move: Light Screen","|move|p2a: Rotom-Heat|Volt Switch|p1a: Latias","|-resisted|p1a: Latias","|-damage|p1a: Latias|73/301","|","|switch|p2a: Torkoal|Torkoal, M|344/344","|","|turn|21","|","|move|p1a: Latias|Draco Meteor|p2a: Torkoal","|-damage|p2a: Torkoal|3/344","|-unboost|p1a: Latias|spa|2","|-damage|p1a: Latias|43/301|[from] item: Life Orb","|move|p2a: Torkoal|Toxic|p1a: Latias","|-status|p1a: Latias|tox","|","|-heal|p2a: Torkoal|24/344|[from] item: Leftovers","|-damage|p1a: Latias|25/301 tox|[from] psn","|turn|22","|","|switch|p2a: Rotom-Heat|Rotom-Heat|196/300","|move|p1a: Latias|Healing Wish|p1a: Latias","|faint|p1a: Latias","|","|","|switch|p1a: Meloetta|Meloetta|19/403","|-heal|p1a: Meloetta|403/403|[from] move: Healing Wish","|turn|23","|","|move|p2a: Rotom-Heat|Light Screen|p2a: Rotom-Heat","|-sidestart|p2: GLReshiram|move: Light Screen","|move|p1a: Meloetta|Psyshock|p2a: Rotom-Heat","|-damage|p2a: Rotom-Heat|95/300","|","|turn|24","|","|move|p2a: Rotom-Heat|Reflect|p2a: Rotom-Heat","|-sidestart|p2: GLReshiram|Reflect","|move|p1a: Meloetta|Psyshock|p2a: Rotom-Heat","|-damage|p2a: Rotom-Heat|0 fnt","|faint|p2a: Rotom-Heat","|","|","|switch|p2a: Torkoal|Torkoal, M|24/344","|turn|25","|","|move|p2a: Torkoal|Protect|p2a: Torkoal","|-singleturn|p2a: Torkoal|Protect","|move|p1a: Meloetta|Psyshock|p2a: Torkoal","|-activate|p2a: Torkoal|Protect","|","|-heal|p2a: Torkoal|45/344|[from] item: Leftovers","|turn|26","|","|move|p1a: Meloetta|Psyshock|p2a: Torkoal","|-damage|p2a: Torkoal|0 fnt","|faint|p2a: Torkoal","|","|","|switch|p2a: Infernape|Infernape, M|216/294","|turn|27","|","|move|p2a: Infernape|Fire Punch|p1a: Meloetta","|-crit|p1a: Meloetta","|-damage|p1a: Meloetta|56/403","|-damage|p2a: Infernape|187/294|[from] item: Life Orb","|move|p1a: Meloetta|Psyshock|p2a: Infernape","|-supereffective|p2a: Infernape","|-damage|p2a: Infernape|0 fnt","|faint|p2a: Infernape","|","|win|TheMajesticWurmple"],"p1rating":{"entryid":"7119116","serverid":"eos","formatid":"monotype","userid":"themajesticwurmple","username":"TheMajesticWurmple","w":17,"l":"4","t":"0","gxe":71.8,"r":"1681.3540560449","rd":"74.786197934642","sigma":"0","rptime":"1439110800","rpr":1679.717566813,"rprd":70.843089702951,"rpsigma":"0","acre":1292.6275068076,"lacre":1292.6275068076,"oldacre":"1279.712145629"},"p2rating":{"entryid":"6886801","serverid":"eos","formatid":"monotype","userid":"glreshiram","username":"GL♅Reshiram","w":"17","l":18,"t":"0","gxe":48.3,"r":1491.6485199979,"rd":58.668823358023,"sigma":"0","rptime":1439110800,"rpr":1486.7972587548,"rprd":58.073456274428,"rpsigma":"0","acre":1083.8347788443,"lacre":1083.8347788443,"oldacre":"1096.4771464684"},"endType":"normal"}