{"seed":[59925,43217,12149,40295],"turns":24,"p1":"Entropy Banette","p2":"Sovereign♕Vanguard","p1team":[{"name":"Rook","species":"golurk","item":"choiceband","ability":"No Guard","moves":["dynamicpunch","earthquake","shadowpunch","icepunch"],"nature":"Brave","evs":{"hp":248,"atk":252,"def":0,"spa":0,"spd":8,"spe":0},"ivs":{"hp":31,"atk":31,"def":30,"spa":31,"spd":30,"spe":31}},{"name":"Bishop","species":"trevenant","item":"sitrusberry","ability":"Harvest","moves":["hornleech","willowisp","substitute","leechseed"],"nature":"Careful","evs":{"hp":252,"atk":4,"def":0,"spa":0,"spd":252,"spe":0},"shiny":true,"ivs":{"hp":31,"atk":31,"def":31,"spa":31,"spd":31,"spe":31}},{"name":"Knight","species":"aegislash","item":"weaknesspolicy","ability":"Stance Change","moves":["shadowball","shadowsneak","kingsshield","sacredsword"],"nature":"Quiet","evs":{"hp":4,"atk":252,"def":0,"spa":252,"spd":0,"spe":0},"ivs":{"hp":31,"atk":31,"def":31,"spa":31,"spd":31,"spe":31}},{"name":"King","species":"jellicent","item":"leftovers","ability":"Cursed Body","moves":["scald","toxic","trickroom","recover"],"nature":"Calm","evs":{"hp":252,"atk":0,"def":4,"spa":0,"spd":252,"spe":0},"gender":"M","ivs":{"hp":31,"atk":31,"def":31,"spa":31,"spd":31,"spe":0}},{"name":"Sableye","species":"Sableye","item":"sablenite","ability":"Prankster","moves":["willowisp","calmmind","dazzlinggleam","recover"],"nature":"Bold","evs":{"hp":248,"atk":0,"def":252,"spa":8,"spd":0,"spe":0},"ivs":{"hp":31,"atk":31,"def":31,"spa":31,"spd":31,"spe":31}},{"name":"Pawn","species":"cofagrigus","item":"leftovers","ability":"Mummy","moves":["shadowball","willowisp","trickroom","destinybond"],"nature":"Sassy","evs":{"hp":252,"atk":0,"def":0,"spa":4,"spd":252,"spe":0},"ivs":{"hp":31,"atk":31,"def":31,"spa":31,"spd":31,"spe":0}}],"p2team":[{"name":"Draza","species":"scizor","item":"scizorite","ability":"Technician","moves":["swordsdance","bulletpunch","superpower","bugbite"],"nature":"Adamant","evs":{"hp":0,"atk":252,"def":4,"spa":0,"spd":0,"spe":252},"gender":"M","ivs":{"hp":31,"atk":31,"def":31,"spa":31,"spd":31,"spe":31}},{"name":"Galvantula","species":"Galvantula","item":"focussash","ability":"Compound Eyes","moves":["stickyweb","thunder","bugbuzz","thunderwave"],"nature":"Timid","evs":{"hp":0,"atk":0,"def":0,"spa":252,"spd":4,"spe":252},"ivs":{"hp":31,"atk":30,"def":30,"spa":31,"spd":31,"spe":31}},{"name":"Nunu","species":"crustle","item":"liechiberry","ability":"Sturdy","moves":["xscissor","stoneedge","earthquake","shellsmash"],"nature":"Adamant","evs":{"hp":4,"atk":252,"def":0,"spa":0,"spd":0,"spe":252},"ivs":{"hp":31,"atk":31,"def":31,"spa":31,"spd":31,"spe":31}},{"name":"Genesect","species":"Genesect","item":"choicescarf","ability":"Download","moves":["uturn","ironhead","extremespeed","icebeam"],"nature":"Hasty","evs":{"hp":0,"atk":248,"def":0,"spa":8,"spd":0,"spe":252},"shiny":true,"ivs":{"hp":31,"atk":31,"def":31,"spa":31,"spd":31,"spe":31}},{"name":"Mothra","species":"volcarona","item":"leftovers","ability":"Flame Body","moves":["quiverdance","fierydance","bugbuzz","hiddenpowerrock"],"nature":"Timid","evs":{"hp":0,"atk":0,"def":0,"spa":252,"spd":4,"spe":252},"gender":"F","ivs":{"hp":31,"atk":31,"def":30,"spa":31,"spd":30,"spe":30}},{"name":"Heracross","species":"Heracross","item":"choiceband","ability":"Moxie","moves":["closecombat","megahorn","knockoff","earthquake"],"nature":"Jolly","evs":{"hp":0,"atk":252,"def":4,"spa":0,"spd":0,"spe":252},"happiness":0,"ivs":{"hp":31,"atk":31,"def":31,"spa":31,"spd":31,"spe":31}}],"log":["|player|p1|Entropy Banette|144","|player|p2|Sovereign♕Vanguard|110","|gametype|singles","|gen|6","|tier|Monotype","|rated","|rule|Baton Pass Clause: Limit one Baton Passer, can't pass Spe and other stats simultaneously","|rule|Swagger Clause: Swagger is banned","|rule|Same Type Clause: Pokémon in a team must share a type","|clearpoke","|poke|p1|Golurk","|poke|p1|Trevenant, M, shiny","|poke|p1|Aegislash, F","|poke|p1|Jellicent, M","|poke|p1|Sableye, M","|poke|p1|Cofagrigus, M","|poke|p2|Scizor, M","|poke|p2|Galvantula, M","|poke|p2|Crustle, M","|poke|p2|Genesect-*, shiny","|poke|p2|Volcarona, F","|poke|p2|Heracross, F","|rule|Sleep Clause Mod: Limit one foe put to sleep","|rule|Species Clause: Limit one of each Pokémon","|rule|OHKO Clause: OHKO moves are banned","|rule|Moody Clause: Moody is banned","|rule|Evasion Moves Clause: Evasion moves are banned","|rule|Endless Battle Clause: Forcing endless battles is banned","|rule|HP Percentage Mod: HP is shown in percentages","|teampreview","|","|start","|switch|p1a: Pawn|Cofagrigus, M|320/320","|switch|p2a: Galvantula|Galvantula, M|281/281","|turn|1","|","|move|p2a: Galvantula|Sticky Web|p1a: Pawn","|-sidestart|p1: Entropy Banette|move: Sticky Web","|move|p1a: Pawn|Trick Room|p1a: Pawn","|-fieldstart|move: Trick Room|[of] p1a: Pawn","|","|turn|2","|","|switch|p1a: Bishop|Trevenant, M, shiny|374/374","|-activate|p1a: Bishop|move: Sticky Web","|-unboost|p1a: Bishop|spe|1","|move|p2a: Galvantula|Thunder|p1a: Bishop|[miss]","|-miss|p2a: Galvantula|p1a: Bishop","|","|turn|3","|","|move|p1a: Bishop|Substitute|p1a: Bishop","|-start|p1a: Bishop|Substitute","|-damage|p1a: Bishop|281/374","|move|p2a: Galvantula|Bug Buzz|p1a: Bishop","|-damage|p1a: Bishop|181/374","|-enditem|p1a: Bishop|Sitrus Berry|[eat]","|-heal|p1a: Bishop|274/374|[from] item: Sitrus Berry","|","|-item|p1a: Bishop|Sitrus Berry|[from] ability: Harvest","|turn|4","|","|move|p1a: Bishop|Leech Seed|p2a: Galvantula","|-start|p2a: Galvantula|move: Leech Seed","|move|p2a: Galvantula|Bug Buzz|p1a: Bishop","|-damage|p1a: Bishop|168/374","|-enditem|p1a: Bishop|Sitrus Berry|[eat]","|-heal|p1a: Bishop|261/374|[from] item: Sitrus Berry","|","|-damage|p2a: Galvantula|246/281|[from] Leech Seed|[of] p1a: Bishop","|-heal|p1a: Bishop|296/374|[silent]","|-item|p1a: Bishop|Sitrus Berry|[from] ability: Harvest","|turn|5","|","|switch|p2a: Mothra|Volcarona, F|311/311","|move|p1a: Bishop|Will-O-Wisp|p2a: Mothra","|-immune|p2a: Mothra|[msg]","|","|-fieldend|move: Trick Room","|turn|6","|","|switch|p1a: Rook|Golurk|381/381","|-activate|p1a: Rook|move: Sticky Web","|-unboost|p1a: Rook|spe|1","|move|p2a: Mothra|Quiver Dance|p2a: Mothra","|-boost|p2a: Mothra|spa|1","|-boost|p2a: Mothra|spd|1","|-boost|p2a: Mothra|spe|1","|","|turn|7","|","|move|p2a: Mothra|Bug Buzz|p1a: Rook","|-resisted|p1a: Rook","|-damage|p1a: Rook|236/381","|move|p1a: Rook|Earthquake|p2a: Mothra","|-damage|p2a: Mothra|0 fnt","|faint|p2a: Mothra","|","|","|switch|p2a: Genesect|Genesect, shiny|283/283","|-boost|p2a: Genesect|atk|1|[from] ability: Download","|turn|8","|","|move|p2a: Genesect|Ice Beam|p1a: Rook","|-crit|p1a: Rook","|-supereffective|p1a: Rook","|-damage|p1a: Rook|0 fnt","|faint|p1a: Rook","|","|","|switch|p1a: Knight|Aegislash, F|262/262","|-activate|p1a: Knight|move: Sticky Web","|-unboost|p1a: Knight|spe|1","|turn|9","|","|switch|p2a: Heracross|Heracross, F|301/301","|-formechange|p1a: Knight|Aegislash-Blade","|move|p1a: Knight|Shadow Ball|p2a: Heracross","|-damage|p2a: Heracross|132/301","|-unboost|p2a: Heracross|spd|1","|","|turn|10","|","|-formechange|p1a: Knight|Aegislash","|move|p1a: Knight|King's Shield|p1a: Knight","|-singleturn|p1a: Knight|Protect","|move|p2a: Heracross|Earthquake|p1a: Knight","|-activate|p1a: Knight|Protect","|","|turn|11","|","|move|p2a: Heracross|Earthquake|p1a: Knight","|-supereffective|p1a: Knight","|-damage|p1a: Knight|22/262","|-enditem|p1a: Knight|Weakness Policy","|-boost|p1a: Knight|atk|2|[from] item: Weakness Policy","|-boost|p1a: Knight|spa|2|[from] item: Weakness Policy","|-formechange|p1a: Knight|Aegislash-Blade","|move|p1a: Knight|Shadow Ball|p2a: Heracross","|-damage|p2a: Heracross|0 fnt","|faint|p2a: Heracross","|","|","|switch|p2a: Draza|Scizor, M|281/281","|turn|12","|","|detailschange|p2a: Draza|Scizor-Mega, M","|-mega|p2a: Draza|Scizor|Scizorite","|-formechange|p1a: Knight|Aegislash","|move|p1a: Knight|King's Shield|p1a: Knight","|-singleturn|p1a: Knight|Protect","|move|p2a: Draza|Bullet Punch|p1a: Knight","|-activate|p1a: Knight|Protect","|-unboost|p2a: Draza|atk|2","|","|turn|13","|","|move|p2a: Draza|Swords Dance|p2a: Draza","|-boost|p2a: Draza|atk|2","|-formechange|p1a: Knight|Aegislash-Blade","|move|p1a: Knight|Shadow Ball|p2a: Draza","|-damage|p2a: Draza|0 fnt","|faint|p2a: Draza","|","|","|switch|p2a: Genesect|Genesect, shiny|283/283","|-boost|p2a: Genesect|spa|1|[from] ability: Download","|turn|14","|","|move|p1a: Knight|Shadow Sneak|p2a: Genesect","|-damage|p2a: Genesect|96/283","|move|p2a: Genesect|U-turn|p1a: Knight","|-resisted|p1a: Knight","|-damage|p1a: Knight|0 fnt","|faint|p1a: Knight","|","|switch|p2a: Nunu|Crustle, M|282/282","|","|","|switch|p1a: Pawn|Cofagrigus, M|320/320","|-activate|p1a: Pawn|move: Sticky Web","|-unboost|p1a: Pawn|spe|1","|turn|15","|","|move|p2a: Nunu|Shell Smash|p2a: Nunu","|-unboost|p2a: Nunu|def|1","|-unboost|p2a: Nunu|spd|1","|-boost|p2a: Nunu|atk|2","|-boost|p2a: Nunu|spa|2","|-boost|p2a: Nunu|spe|2","|move|p1a: Pawn|Trick Room|p1a: Pawn","|-fieldstart|move: Trick Room|[of] p1a: Pawn","|","|turn|16","|","|move|p1a: Pawn|Destiny Bond|p1a: Pawn","|-singlemove|p1a: Pawn|Destiny Bond","|move|p2a: Nunu|Earthquake|p1a: Pawn","|-damage|p1a: Pawn|177/320","|","|-heal|p1a: Pawn|197/320|[from] item: Leftovers","|turn|17","|","|move|p1a: Pawn|Will-O-Wisp|p2a: Nunu","|-status|p2a: Nunu|brn","|move|p2a: Nunu|X-Scissor|p1a: Pawn","|-resisted|p1a: Pawn","|-damage|p1a: Pawn|154/320","|-endability|p2a: Nunu|sturdy|[from] Mummy","|-ability|p2a: Nunu|Mummy|[from] Mummy","|","|-heal|p1a: Pawn|174/320|[from] item: Leftovers","|-damage|p2a: Nunu|247/282 brn|[from] brn","|turn|18","|","|move|p1a: Pawn|Shadow Ball|p2a: Nunu","|-damage|p2a: Nunu|82/282 brn","|move|p2a: Nunu|Earthquake|p1a: Pawn","|-damage|p1a: Pawn|102/320","|","|-heal|p1a: Pawn|122/320|[from] item: Leftovers","|-damage|p2a: Nunu|47/282 brn|[from] brn","|-enditem|p2a: Nunu|Liechi Berry|[eat]","|-boost|p2a: Nunu|atk|1|[from] item: Liechi Berry","|turn|19","|","|move|p1a: Pawn|Shadow Ball|p2a: Nunu","|-damage|p2a: Nunu|0 fnt","|faint|p2a: Nunu","|","|-heal|p1a: Pawn|142/320|[from] item: Leftovers","|-fieldend|move: Trick Room","|","|switch|p2a: Genesect|Genesect, shiny|96/283","|-boost|p2a: Genesect|atk|1|[from] ability: Download","|turn|20","|","|move|p2a: Genesect|Iron Head|p1a: Pawn","|-damage|p1a: Pawn|7/320","|-endability|p2a: Genesect|download|[from] Mummy","|-ability|p2a: Genesect|Mummy|[from] Mummy","|move|p1a: Pawn|Trick Room|p1a: Pawn","|-fieldstart|move: Trick Room|[of] p1a: Pawn","|","|-heal|p1a: Pawn|27/320|[from] item: Leftovers","|turn|21","|","|move|p1a: Pawn|Destiny Bond|p1a: Pawn","|-singlemove|p1a: Pawn|Destiny Bond","|move|p2a: Genesect|Iron Head|p1a: Pawn","|-damage|p1a: Pawn|0 fnt","|faint|p1a: Pawn","|-activate|p1a: Pawn|Destiny Bond","|faint|p2a: Genesect","|","|","|switch|p1a: Bishop|Trevenant, M, shiny|296/374","|switch|p2a: Galvantula|Galvantula, M|246/281","|-activate|p1a: Bishop|move: Sticky Web","|-unboost|p1a: Bishop|spe|1","|turn|22","|","|move|p1a: Bishop|Leech Seed|p2a: Galvantula","|-start|p2a: Galvantula|move: Leech Seed","|move|p2a: Galvantula|Thunder Wave|p1a: Bishop","|-status|p1a: Bishop|par","|","|-damage|p2a: Galvantula|211/281|[from] Leech Seed|[of] p1a: Bishop","|-heal|p1a: Bishop|331/374 par|[silent]","|turn|23","|","|move|p1a: Bishop|Will-O-Wisp|p2a: Galvantula","|-status|p2a: Galvantula|brn","|move|p2a: Galvantula|Bug Buzz|p1a: Bishop","|-damage|p1a: Bishop|232/374 par","|","|-damage|p2a: Galvantula|176/281 brn|[from] Leech Seed|[of] p1a: Bishop","|-heal|p1a: Bishop|267/374 par|[silent]","|-damage|p2a: Galvantula|141/281 brn|[from] brn","|turn|24","|","|move|p1a: Bishop|Horn Leech|p2a: Galvantula","|-resisted|p2a: Galvantula","|-damage|p2a: Galvantula|69/281 brn","|-heal|p1a: Bishop|303/374 par|[from] drain|[of] p2a: Galvantula","|move|p2a: Galvantula|Thunder|p1a: Bishop","|-resisted|p1a: Bishop","|-damage|p1a: Bishop|237/374 par","|","|-damage|p2a: Galvantula|34/281 brn|[from] Leech Seed|[of] p1a: Bishop","|-heal|p1a: Bishop|272/374 par|[silent]","|-damage|p2a: Galvantula|0 fnt|[from] brn","|-fieldend|move: Trick Room","|faint|p2a: Galvantula","|","|win|Entropy Banette"],"p1rating":{"entryid":"7527407","serverid":"eos","formatid":"monotype","userid":"entropybanette","username":"Entropy Banette","w":5,"l":"15","t":"0","gxe":32,"r":"1400.7324649166","rd":"111.51861011339","sigma":"0","rptime":"1439197200","rpr":1355.4203746713,"rprd":70.486254557996,"rpsigma":"0","acre":1076.695777072,"lacre":1076.695777072,"oldacre":"1029.8906514205"},"p2rating":{"entryid":"7434426","serverid":"eos","formatid":"monotype","userid":"sovereignvanguard","username":"Sovereign♕Vanguard","w":"7","l":6,"t":"0","gxe":51.1,"r":"1492.7634968292","rd":"101.99048249306","sigma":"0","rptime":"1439197200","rpr":1508.5357459137,"rprd":80.390210139892,"rpsigma":"0","acre":1111.3371600111,"lacre":1111.3371600111,"oldacre":"1144.2832937956"},"endType":"normal"}