{"seed":[250,54100,24345,12901],"turns":21,"p1":"RealDeal360","p2":"Imp Chief","p1team":[{"name":"Genesect","species":"Genesect","item":"choicescarf","ability":"Download","moves":["energyball","icebeam","uturn","ironhead"],"nature":"Hasty","evs":{"hp":0,"atk":4,"def":0,"spa":252,"spd":0,"spe":252},"ivs":{"hp":31,"atk":31,"def":31,"spa":31,"spd":31,"spe":31}},{"name":"Pinsir","species":"Pinsir","item":"pinsirite","ability":"Moxie","moves":["feint","earthquake","frustration","swordsdance"],"nature":"Jolly","evs":{"hp":252,"atk":0,"def":0,"spa":0,"spd":4,"spe":252},"happiness":0,"ivs":{"hp":31,"atk":31,"def":31,"spa":31,"spd":31,"spe":31}},{"name":"Shuckle","species":"Shuckle","item":"mentalherb","ability":"Sturdy","moves":["stealthrock","stickyweb","toxic","encore"],"nature":"Calm","evs":{"hp":248,"atk":0,"def":8,"spa":0,"spd":252,"spe":0},"ivs":{"hp":31,"atk":31,"def":31,"spa":31,"spd":31,"spe":31}},{"name":"Volcarona","species":"Volcarona","item":"lumberry","ability":"Flame Body","moves":["quiverdance","roost","hiddenpowerground","fierydance"],"nature":"Bold","evs":{"hp":248,"atk":0,"def":208,"spa":0,"spd":0,"spe":52},"ivs":{"hp":31,"atk":0,"def":31,"spa":30,"spd":30,"spe":31}},{"name":"Scizor","species":"Scizor","item":"leftovers","ability":"Technician","moves":["bulletpunch","uturn","roost","defog"],"nature":"Impish","evs":{"hp":248,"atk":8,"def":0,"spa":0,"spd":0,"spe":252},"ivs":{"hp":31,"atk":31,"def":31,"spa":31,"spd":31,"spe":31}},{"name":"Heracross","species":"Heracross","item":"choicescarf","ability":"Moxie","moves":["closecombat","earthquake","megahorn","stoneedge"],"nature":"Jolly","evs":{"hp":0,"atk":252,"def":0,"spa":0,"spd":4,"spe":252},"ivs":{"hp":31,"atk":31,"def":31,"spa":31,"spd":31,"spe":31}}],"p2team":[{"name":"Charizard","species":"Charizard","item":"charizarditex","ability":"Solar Power","moves":["dragondance","dragonclaw","flareblitz","earthquake"],"nature":"Adamant","evs":{"hp":144,"atk":252,"def":0,"spa":0,"spd":0,"spe":112},"ivs":{"hp":31,"atk":31,"def":31,"spa":31,"spd":31,"spe":31}},{"name":"Landorus","species":"Landorus","item":"lifeorb","ability":"Sheer Force","moves":["calmmind","earthpower","focusblast","psychic"],"nature":"Timid","evs":{"hp":0,"atk":0,"def":0,"spa":252,"spd":4,"spe":252},"ivs":{"hp":31,"atk":31,"def":31,"spa":31,"spd":31,"spe":31}},{"name":"Dragonite","species":"Dragonite","item":"choiceband","ability":"Multiscale","moves":["outrage","extremespeed","earthquake","ironhead"],"nature":"Adamant","evs":{"hp":248,"atk":252,"def":0,"spa":0,"spd":8,"spe":0},"ivs":{"hp":31,"atk":31,"def":31,"spa":31,"spd":31,"spe":31}},{"name":"Skarmory","species":"Skarmory","item":"rockyhelmet","ability":"Sturdy","moves":["stealthrock","spikes","roost","whirlwind"],"nature":"Bold","evs":{"hp":248,"atk":0,"def":252,"spa":0,"spd":8,"spe":0},"ivs":{"hp":31,"atk":31,"def":31,"spa":31,"spd":31,"spe":31}},{"name":"Togekiss","species":"Togekiss","item":"leftovers","ability":"Serene Grace","moves":["defog","airslash","roost","thunderwave"],"nature":"Calm","evs":{"hp":248,"atk":0,"def":0,"spa":8,"spd":252,"spe":0},"ivs":{"hp":31,"atk":31,"def":31,"spa":31,"spd":31,"spe":31}},{"name":"Thundurus-Therian","species":"Thundurus-Therian","item":"choicescarf","ability":"Volt Absorb","moves":["voltswitch","thunderwave","grassknot","thunderbolt"],"nature":"Modest","evs":{"hp":0,"atk":0,"def":0,"spa":252,"spd":4,"spe":252},"ivs":{"hp":31,"atk":31,"def":31,"spa":31,"spd":31,"spe":31}}],"log":["|player|p1|RealDeal360|153","|player|p2|Imp Chief|127","|gametype|singles","|gen|6","|tier|Monotype","|rated","|rule|Baton Pass Clause: Limit one Baton Passer, can't pass Spe and other stats simultaneously","|rule|Swagger Clause: Swagger is banned","|rule|Same Type Clause: Pokémon in a team must share a type","|clearpoke","|poke|p1|Genesect-*","|poke|p1|Pinsir, M","|poke|p1|Shuckle, M","|poke|p1|Volcarona, F","|poke|p1|Scizor, M","|poke|p1|Heracross, M","|poke|p2|Charizard, M","|poke|p2|Landorus, M","|poke|p2|Dragonite, F","|poke|p2|Skarmory, F","|poke|p2|Togekiss, F","|poke|p2|Thundurus-Therian, M","|rule|Sleep Clause Mod: Limit one foe put to sleep","|rule|Species Clause: Limit one of each Pokémon","|rule|OHKO Clause: OHKO moves are banned","|rule|Moody Clause: Moody is banned","|rule|Evasion Moves Clause: Evasion moves are banned","|rule|Endless Battle Clause: Forcing endless battles is banned","|rule|HP Percentage Mod: HP is shown in percentages","|teampreview","|","|start","|switch|p1a: Shuckle|Shuckle, M|243/243","|switch|p2a: Skarmory|Skarmory, F|333/333","|turn|1","|","|move|p2a: Skarmory|Stealth Rock|p1a: Shuckle","|-sidestart|p1: RealDeal360|move: Stealth Rock","|move|p1a: Shuckle|Encore|p2a: Skarmory","|-start|p2a: Skarmory|Encore","|","|turn|2","|","|switch|p2a: Charizard|Charizard, M|333/333","|move|p1a: Shuckle|Stealth Rock|p2a: Charizard","|-sidestart|p2: Imp Chief|move: Stealth Rock","|","|turn|3","|","|detailschange|p2a: Charizard|Charizard-Mega-X, M","|-mega|p2a: Charizard|Charizard|Charizardite X","|move|p2a: Charizard|Dragon Dance|p2a: Charizard","|-boost|p2a: Charizard|atk|1","|-boost|p2a: Charizard|spe|1","|move|p1a: Shuckle|Toxic|p2a: Charizard","|-status|p2a: Charizard|tox","|","|-damage|p2a: Charizard|313/333 tox|[from] psn","|turn|4","|","|move|p2a: Charizard|Earthquake|p1a: Shuckle","|-damage|p1a: Shuckle|155/243","|move|p1a: Shuckle|Sticky Web|p2a: Charizard","|-sidestart|p2: Imp Chief|move: Sticky Web","|","|-damage|p2a: Charizard|273/333 tox|[from] psn","|turn|5","|","|move|p2a: Charizard|Flare Blitz|p1a: Shuckle","|-damage|p1a: Shuckle|0 fnt","|-damage|p2a: Charizard|222/333 tox|[from] recoil|[of] p1a: Shuckle","|faint|p1a: Shuckle","|","|-damage|p2a: Charizard|162/333 tox|[from] psn","|","|switch|p1a: Heracross|Heracross, M|301/301","|-damage|p1a: Heracross|264/301|[from] Stealth Rock","|turn|6","|","|move|p1a: Heracross|Earthquake|p2a: Charizard","|-supereffective|p2a: Charizard","|-damage|p2a: Charizard|0 fnt","|faint|p2a: Charizard","|-boost|p1a: Heracross|atk|1|[from] ability: Moxie","|","|","|switch|p2a: Skarmory|Skarmory, F|333/333","|-damage|p2a: Skarmory|292/333|[from] Stealth Rock","|turn|7","|","|switch|p1a: Scizor|Scizor, M|343/343","|-damage|p1a: Scizor|301/343|[from] Stealth Rock","|move|p2a: Skarmory|Whirlwind|p1a: Scizor","|drag|p1a: Heracross|Heracross, M|264/301","|-damage|p1a: Heracross|227/301|[from] Stealth Rock","|","|turn|8","|","|switch|p1a: Scizor|Scizor, M|301/343","|-damage|p1a: Scizor|259/343|[from] Stealth Rock","|move|p2a: Skarmory|Spikes|p1a: Scizor","|-sidestart|p1: RealDeal360|Spikes","|","|-heal|p1a: Scizor|280/343|[from] item: Leftovers","|turn|9","|","|move|p1a: Scizor|U-turn|p2a: Skarmory","|-resisted|p2a: Skarmory","|-damage|p2a: Skarmory|278/333","|-damage|p1a: Scizor|223/343|[from] item: Rocky Helmet|[of] p2a: Skarmory","|","|switch|p1a: Volcarona|Volcarona, F|373/373","|-damage|p1a: Volcarona|187/373|[from] Stealth Rock","|-damage|p1a: Volcarona|141/373|[from] Spikes","|move|p2a: Skarmory|Whirlwind|p1a: Volcarona","|drag|p1a: Genesect|Genesect|283/283","|-damage|p1a: Genesect|248/283|[from] Spikes","|-damage|p1a: Genesect|213/283|[from] Stealth Rock","|-boost|p1a: Genesect|spa|1|[from] ability: Download","|","|turn|10","|","|move|p1a: Genesect|Ice Beam|p2a: Skarmory","|-damage|p2a: Skarmory|88/333","|move|p2a: Skarmory|Whirlwind|p1a: Genesect","|drag|p1a: Scizor|Scizor, M|223/343","|-damage|p1a: Scizor|181/343|[from] Spikes","|-damage|p1a: Scizor|139/343|[from] Stealth Rock","|","|-heal|p1a: Scizor|160/343|[from] item: Leftovers","|turn|11","|","|move|p1a: Scizor|U-turn|p2a: Skarmory","|-resisted|p2a: Skarmory","|-damage|p2a: Skarmory|74/333","|-damage|p1a: Scizor|103/343|[from] item: Rocky Helmet|[of] p2a: Skarmory","|","|switch|p1a: Genesect|Genesect|213/283","|-damage|p1a: Genesect|178/283|[from] Spikes","|-damage|p1a: Genesect|143/283|[from] Stealth Rock","|-boost|p1a: Genesect|spa|1|[from] ability: Download","|move|p2a: Skarmory|Roost|p2a: Skarmory","|-heal|p2a: Skarmory|241/333","|","|turn|12","|","|move|p1a: Genesect|Ice Beam|p2a: Skarmory","|-damage|p2a: Skarmory|51/333","|move|p2a: Skarmory|Spikes|p1a: Genesect","|-sidestart|p1: RealDeal360|Spikes","|","|turn|13","|","|move|p1a: Genesect|Ice Beam|p2a: Skarmory","|-damage|p2a: Skarmory|0 fnt","|faint|p2a: Skarmory","|","|","|switch|p2a: Togekiss|Togekiss, F|373/373","|-damage|p2a: Togekiss|280/373|[from] Stealth Rock","|turn|14","|","|move|p1a: Genesect|Ice Beam|p2a: Togekiss","|-supereffective|p2a: Togekiss","|-damage|p2a: Togekiss|64/373","|move|p2a: Togekiss|Thunder Wave|p1a: Genesect","|-status|p1a: Genesect|par","|","|-heal|p2a: Togekiss|87/373|[from] item: Leftovers","|turn|15","|","|move|p2a: Togekiss|Roost|p2a: Togekiss","|-heal|p2a: Togekiss|274/373","|move|p1a: Genesect|Ice Beam|p2a: Togekiss","|-damage|p2a: Togekiss|178/373","|-status|p2a: Togekiss|frz","|","|-heal|p2a: Togekiss|201/373 frz|[from] item: Leftovers","|turn|16","|","|cant|p2a: Togekiss|frz","|move|p1a: Genesect|Ice Beam|p2a: Togekiss","|-supereffective|p2a: Togekiss","|-damage|p2a: Togekiss|0 fnt","|faint|p2a: Togekiss","|","|","|switch|p2a: Dragonite|Dragonite, F|385/385","|-damage|p2a: Dragonite|289/385|[from] Stealth Rock","|turn|17","|","|move|p2a: Dragonite|Outrage|p1a: Genesect","|-resisted|p1a: Genesect","|-damage|p1a: Genesect|0 fnt","|faint|p1a: Genesect","|","|","|switch|p1a: Heracross|Heracross, M|227/301","|-damage|p1a: Heracross|190/301|[from] Stealth Rock","|-damage|p1a: Heracross|140/301|[from] Spikes","|turn|18","|","|move|p1a: Heracross|Megahorn|p2a: Dragonite|[miss]","|-miss|p1a: Heracross|p2a: Dragonite","|move|p2a: Dragonite|Outrage|p1a: Heracross|[from]lockedmove","|-damage|p1a: Heracross|0 fnt","|faint|p1a: Heracross","|","|","|switch|p1a: Pinsir|Pinsir, M|334/334","|-damage|p1a: Pinsir|279/334|[from] Spikes","|-damage|p1a: Pinsir|196/334|[from] Stealth Rock","|turn|19","|","|detailschange|p1a: Pinsir|Pinsir-Mega, M","|-mega|p1a: Pinsir|Pinsir|Pinsirite","|move|p1a: Pinsir|Frustration|p2a: Dragonite","|-damage|p2a: Dragonite|33/385","|move|p2a: Dragonite|Outrage|p1a: Pinsir|[from]lockedmove","|-damage|p1a: Pinsir|0 fnt","|-start|p2a: Dragonite|confusion|[fatigue]","|faint|p1a: Pinsir","|","|","|switch|p1a: Scizor|Scizor, M|103/343","|-damage|p1a: Scizor|46/343|[from] Spikes","|-damage|p1a: Scizor|4/343|[from] Stealth Rock","|turn|20","|","|move|p1a: Scizor|Bullet Punch|p2a: Dragonite","|-damage|p2a: Dragonite|0 fnt","|faint|p2a: Dragonite","|","|-heal|p1a: Scizor|25/343|[from] item: Leftovers","|","|switch|p2a: Thundurus-Therian|Thundurus-Therian, M|299/299","|-damage|p2a: Thundurus-Therian|225/299|[from] Stealth Rock","|turn|21","|","|move|p2a: Thundurus-Therian|Thunderbolt|p1a: Scizor","|-damage|p1a: Scizor|0 fnt","|faint|p1a: Scizor","|","|","|switch|p1a: Volcarona|Volcarona, F|141/373","|-damage|p1a: Volcarona|79/373|[from] Spikes","|-damage|p1a: Volcarona|0 fnt|[from] Stealth Rock","|faint|p1a: Volcarona","|","|win|Imp Chief"],"p1rating":{"entryid":"7525131","serverid":"eos","formatid":"monotype","userid":"realdeal360","username":"RealDeal360","w":"5","l":13,"t":"0","gxe":36.2,"r":"1400.1370891078","rd":"89.923703517826","sigma":"0","rptime":"1439197200","rpr":1390.7724017819,"rprd":73.300731588028,"rpsigma":"0","acre":1027.552117875,"lacre":1027.552117875,"oldacre":"1046.8651930131"},"p2rating":{"entryid":7537490,"formatid":"monotype","userid":"impchief","username":"Imp Chief","r":1500,"rd":130,"sigma":0,"rpr":1530.5037944952,"rprd":122.8356036374,"rpsigma":0,"rptime":1439197200,"w":1,"l":0,"t":0,"gxe":53.8,"acre":1045.3630671134,"lacre":1045.3630671134,"oldacre":1000},"endType":"normal"}