{"seed":[29522,45574,15981,5104],"turns":23,"p1":"Topaz~Pikel","p2":"SL~Pixie","p1team":[{"name":"Jon Snow","species":"abomasnow","item":"abomasite","ability":"Snow Warning","moves":["iceshard","gigadrain","blizzard","earthquake"],"nature":"Quiet","evs":{"hp":104,"atk":252,"def":0,"spa":152,"spd":0,"spe":0},"ivs":{"hp":31,"atk":31,"def":31,"spa":31,"spd":31,"spe":31}},{"name":"Skyrim","species":"kyuremblack","item":"lifeorb","ability":"Teravolt","moves":["hiddenpowerfire","outrage","blizzard","roost"],"nature":"Naive","evs":{"hp":0,"atk":72,"def":0,"spa":184,"spd":0,"spe":252},"ivs":{"hp":31,"atk":30,"def":31,"spa":30,"spd":31,"spe":30}},{"name":"Ice Age","species":"mamoswine","item":"focussash","ability":"Oblivious","moves":["iceshard","earthquake","iciclespear","stealthrock"],"nature":"Serious","evs":{"hp":4,"atk":252,"def":0,"spa":0,"spd":0,"spe":252},"ivs":{"hp":31,"atk":31,"def":31,"spa":31,"spd":31,"spe":31}},{"name":"NoName","species":"walrein","item":"chestoberry","ability":"Thick Fat","moves":["surf","rest","toxic","blizzard"],"nature":"Calm","evs":{"hp":248,"atk":0,"def":0,"spa":8,"spd":252,"spe":0},"ivs":{"hp":31,"atk":31,"def":31,"spa":31,"spd":31,"spe":31}},{"name":"Coffee Table","species":"avalugg","item":"leftovers","ability":"Sturdy","moves":["rapidspin","avalanche","recover","roar"],"nature":"Impish","evs":{"hp":252,"atk":4,"def":252,"spa":0,"spd":0,"spe":0},"ivs":{"hp":31,"atk":31,"def":31,"spa":31,"spd":31,"spe":31}},{"name":"Froslass","species":"Froslass","item":"choicespecs","ability":"Cursed Body","moves":["shadowball","blizzard","thunderbolt","switcheroo"],"nature":"Timid","evs":{"hp":0,"atk":0,"def":0,"spa":252,"spd":4,"spe":252},"ivs":{"hp":31,"atk":31,"def":31,"spa":31,"spd":31,"spe":31}}],"p2team":[{"name":"Reuniclus","species":"Reuniclus","item":"leftovers","ability":"Magic Guard","moves":["calmmind","recover","shadowball","psychic"],"nature":"Bold","evs":{"hp":252,"atk":0,"def":252,"spa":4,"spd":0,"spe":0},"ivs":{"hp":31,"atk":31,"def":31,"spa":31,"spd":31,"spe":31}},{"name":"Gothitelle","species":"Gothitelle","item":"choicescarf","ability":"Shadow Tag","moves":["calmmind","trick","psychic","shadowball"],"nature":"Modest","evs":{"hp":252,"atk":0,"def":0,"spa":252,"spd":4,"spe":0},"ivs":{"hp":31,"atk":31,"def":31,"spa":31,"spd":31,"spe":31}},{"name":"Slowking","species":"Slowking","item":"leftovers","ability":"Regenerator","moves":["calmmind","scald","slackoff","flamethrower"],"nature":"Bold","evs":{"hp":252,"atk":0,"def":252,"spa":4,"spd":0,"spe":0},"ivs":{"hp":31,"atk":31,"def":31,"spa":31,"spd":31,"spe":31}},{"name":"Wobbuffet","species":"Wobbuffet","item":"","ability":"Shadow Tag","moves":["encore","counter","mirrorcoat","safeguard"],"nature":"Calm","evs":{"hp":248,"atk":0,"def":8,"spa":0,"spd":252,"spe":0},"ivs":{"hp":31,"atk":31,"def":31,"spa":31,"spd":31,"spe":31}},{"name":"Lunatone","species":"Lunatone","item":"focussash","ability":"Levitate","moves":["stealthrock","moonlight","toxic","painsplit"],"nature":"Calm","evs":{"hp":248,"atk":0,"def":8,"spa":0,"spd":252,"spe":0},"ivs":{"hp":31,"atk":31,"def":31,"spa":31,"spd":31,"spe":31}},{"name":"Malamar","species":"Malamar","item":"choicescarf","ability":"Contrary","moves":["psychocut","superpower","knockoff","rockslide"],"nature":"Jolly","evs":{"hp":0,"atk":252,"def":0,"spa":0,"spd":4,"spe":252},"ivs":{"hp":31,"atk":31,"def":31,"spa":31,"spd":31,"spe":31}}],"log":["|player|p1|Topaz~Pikel|164","|player|p2|SL~Pixie|34","|gametype|singles","|gen|6","|tier|Monotype","|rated","|rule|Baton Pass Clause: Limit one Baton Passer, can't pass Spe and other stats simultaneously","|rule|Swagger Clause: Swagger is banned","|rule|Same Type Clause: Pokémon in a team must share a type","|clearpoke","|poke|p1|Abomasnow, M","|poke|p1|Kyurem-Black","|poke|p1|Mamoswine, M","|poke|p1|Walrein, F","|poke|p1|Avalugg, M","|poke|p1|Froslass, F","|poke|p2|Reuniclus, M","|poke|p2|Gothitelle, F","|poke|p2|Slowking, F","|poke|p2|Wobbuffet, M","|poke|p2|Lunatone","|poke|p2|Malamar, F","|rule|Sleep Clause Mod: Limit one foe put to sleep","|rule|Species Clause: Limit one of each Pokémon","|rule|OHKO Clause: OHKO moves are banned","|rule|Moody Clause: Moody is banned","|rule|Evasion Moves Clause: Evasion moves are banned","|rule|Endless Battle Clause: Forcing endless battles is banned","|rule|HP Percentage Mod: HP is shown in percentages","|teampreview","|","|start","|switch|p1a: Ice Age|Mamoswine, M|362/362","|switch|p2a: Lunatone|Lunatone|343/343","|turn|1","|","|move|p1a: Ice Age|Stealth Rock|p2a: Lunatone","|-sidestart|p2: SL~Pixie|move: Stealth Rock","|move|p2a: Lunatone|Toxic|p1a: Ice Age","|-status|p1a: Ice Age|tox","|","|-damage|p1a: Ice Age|340/362 tox|[from] psn","|turn|2","|","|move|p1a: Ice Age|Icicle Spear|p2a: Lunatone","|-damage|p2a: Lunatone|282/343","|-damage|p2a: Lunatone|216/343","|-hitcount|p2a: Lunatone|2","|move|p2a: Lunatone|Stealth Rock|p1a: Ice Age","|-sidestart|p1: Topaz~Pikel|move: Stealth Rock","|","|-damage|p1a: Ice Age|296/362 tox|[from] psn","|turn|3","|","|move|p1a: Ice Age|Icicle Spear|p2a: Lunatone","|-damage|p2a: Lunatone|152/343","|-damage|p2a: Lunatone|92/343","|-damage|p2a: Lunatone|29/343","|-damage|p2a: Lunatone|0 fnt","|-hitcount|p2a: Lunatone|4","|faint|p2a: Lunatone","|","|-damage|p1a: Ice Age|230/362 tox|[from] psn","|","|switch|p2a: Malamar|Malamar, F|313/313","|-damage|p2a: Malamar|274/313|[from] Stealth Rock","|turn|4","|","|move|p2a: Malamar|Superpower|p1a: Ice Age","|-crit|p1a: Ice Age","|-supereffective|p1a: Ice Age","|-damage|p1a: Ice Age|0 fnt","|-boost|p2a: Malamar|atk|1","|-boost|p2a: Malamar|def|1","|faint|p1a: Ice Age","|","|","|switch|p1a: Skyrim|Kyurem-Black|391/391","|-damage|p1a: Skyrim|294/391|[from] Stealth Rock","|-ability|p1a: Skyrim|Teravolt","|turn|5","|","|move|p2a: Malamar|Superpower|p1a: Skyrim","|-supereffective|p1a: Skyrim","|-damage|p1a: Skyrim|0 fnt","|-boost|p2a: Malamar|atk|1","|-boost|p2a: Malamar|def|1","|faint|p1a: Skyrim","|","|","|switch|p1a: Froslass|Froslass, F|281/281","|-damage|p1a: Froslass|211/281|[from] Stealth Rock","|turn|6","|","|switch|p2a: Gothitelle|Gothitelle, F|344/344","|-damage|p2a: Gothitelle|301/344|[from] Stealth Rock","|move|p1a: Froslass|Shadow Ball|p2a: Gothitelle","|-supereffective|p2a: Gothitelle","|-damage|p2a: Gothitelle|13/344","|","|turn|7","|","|move|p1a: Froslass|Shadow Ball|p2a: Gothitelle","|-supereffective|p2a: Gothitelle","|-damage|p2a: Gothitelle|0 fnt","|faint|p2a: Gothitelle","|","|","|switch|p2a: Wobbuffet|Wobbuffet, M|583/583","|-damage|p2a: Wobbuffet|511/583|[from] Stealth Rock","|turn|8","|","|switch|p1a: NoName|Walrein, F|423/423","|-damage|p1a: NoName|318/423|[from] Stealth Rock","|move|p2a: Wobbuffet|Mirror Coat|p1a: NoName","|-fail|p1a: NoName","|","|turn|9","|","|move|p1a: NoName|Toxic|p2a: Wobbuffet","|-status|p2a: Wobbuffet|tox","|move|p2a: Wobbuffet|Encore|p1a: NoName","|-start|p1a: NoName|Encore","|","|-damage|p2a: Wobbuffet|475/583 tox|[from] psn","|turn|10","|","|move|p1a: NoName|Toxic|p2a: Wobbuffet|[miss]","|-miss|p1a: NoName|p2a: Wobbuffet","|move|p2a: Wobbuffet|Safeguard|p2a: Wobbuffet","|-sidestart|p2: SL~Pixie|Safeguard","|","|-damage|p2a: Wobbuffet|403/583 tox|[from] psn","|turn|11","|","|switch|p2a: Slowking|Slowking, F|394/394","|-damage|p2a: Slowking|345/394|[from] Stealth Rock","|move|p1a: NoName|Toxic|p2a: Slowking","|-immune|p2a: Slowking|[msg]","|","|-heal|p2a: Slowking|369/394|[from] item: Leftovers","|turn|12","|","|move|p1a: NoName|Toxic|p2a: Slowking","|-immune|p2a: Slowking|[msg]","|move|p2a: Slowking|Calm Mind|p2a: Slowking","|-boost|p2a: Slowking|spa|1","|-boost|p2a: Slowking|spd|1","|","|-heal|p2a: Slowking|393/394|[from] item: Leftovers","|-end|p1a: NoName|Encore","|turn|13","|","|switch|p1a: Froslass|Froslass, F|211/281","|-damage|p1a: Froslass|141/281|[from] Stealth Rock","|move|p2a: Slowking|Calm Mind|p2a: Slowking","|-boost|p2a: Slowking|spa|1","|-boost|p2a: Slowking|spd|1","|","|-heal|p2a: Slowking|394/394|[from] item: Leftovers","|turn|14","|","|move|p1a: Froslass|Shadow Ball|p2a: Slowking","|-supereffective|p2a: Slowking","|-damage|p2a: Slowking|256/394","|move|p2a: Slowking|Scald|p1a: Froslass","|-damage|p1a: Froslass|0 fnt","|faint|p1a: Froslass","|","|-heal|p2a: Slowking|280/394|[from] item: Leftovers","|-sideend|p2: SL~Pixie|Safeguard","|","|switch|p1a: Jon Snow|Abomasnow, M|347/347","|-damage|p1a: Jon Snow|261/347|[from] Stealth Rock","|-weather|Hail","|turn|15","|","|detailschange|p1a: Jon Snow|Abomasnow-Mega, M","|-mega|p1a: Jon Snow|Abomasnow|Abomasite","|move|p1a: Jon Snow|Giga Drain|p2a: Slowking","|-supereffective|p2a: Slowking","|-damage|p2a: Slowking|160/394","|-heal|p1a: Jon Snow|321/347|[from] drain|[of] p2a: Slowking","|move|p2a: Slowking|Flamethrower|p1a: Jon Snow","|-supereffective|p1a: Jon Snow","|-damage|p1a: Jon Snow|0 fnt","|faint|p1a: Jon Snow","|","|-weather|Hail|[upkeep]","|-damage|p2a: Slowking|136/394|[from] hail","|-heal|p2a: Slowking|160/394|[from] item: Leftovers","|","|switch|p1a: NoName|Walrein, F|318/423","|-damage|p1a: NoName|213/423|[from] Stealth Rock","|turn|16","|","|move|p1a: NoName|Toxic|p2a: Slowking","|-status|p2a: Slowking|tox","|move|p2a: Slowking|Slack Off|p2a: Slowking","|-heal|p2a: Slowking|357/394 tox","|","|-weather|Hail|[upkeep]","|-damage|p2a: Slowking|333/394 tox|[from] hail","|-heal|p2a: Slowking|357/394 tox|[from] item: Leftovers","|-damage|p2a: Slowking|333/394 tox|[from] psn","|turn|17","|","|move|p1a: NoName|Blizzard|p2a: Slowking","|-resisted|p2a: Slowking","|-damage|p2a: Slowking|305/394 tox","|move|p2a: Slowking|Flamethrower|p1a: NoName","|-damage|p1a: NoName|153/423","|-status|p1a: NoName|brn","|","|-weather|Hail|[upkeep]","|-damage|p2a: Slowking|281/394 tox|[from] hail","|-heal|p2a: Slowking|305/394 tox|[from] item: Leftovers","|-damage|p1a: NoName|101/423 brn|[from] brn","|-damage|p2a: Slowking|257/394 tox|[from] psn","|turn|18","|","|move|p1a: NoName|Rest|p1a: NoName","|-status|p1a: NoName|slp","|-heal|p1a: NoName|423/423 slp|[silent]","|-status|p1a: NoName|slp|[from] move: Rest","|-enditem|p1a: NoName|Chesto Berry|[eat]","|-curestatus|p1a: NoName|slp","|move|p2a: Slowking|Flamethrower|p1a: NoName","|-damage|p1a: NoName|365/423","|","|-weather|Hail|[upkeep]","|-damage|p2a: Slowking|233/394 tox|[from] hail","|-heal|p2a: Slowking|257/394 tox|[from] item: Leftovers","|-damage|p2a: Slowking|185/394 tox|[from] psn","|turn|19","|","|switch|p2a: Wobbuffet|Wobbuffet, M|403/583 tox","|-damage|p2a: Wobbuffet|331/583 tox|[from] Stealth Rock","|move|p1a: NoName|Blizzard|p2a: Wobbuffet","|-damage|p2a: Wobbuffet|213/583 tox","|","|-weather|none","|-damage|p2a: Wobbuffet|177/583 tox|[from] psn","|turn|20","|","|move|p1a: NoName|Surf|p2a: Wobbuffet","|-damage|p2a: Wobbuffet|72/583 tox","|move|p2a: Wobbuffet|Mirror Coat|p1a: NoName","|-damage|p1a: NoName|155/423","|","|-damage|p2a: Wobbuffet|0 fnt|[from] psn","|faint|p2a: Wobbuffet","|","|switch|p2a: Malamar|Malamar, F|274/313","|-damage|p2a: Malamar|235/313|[from] Stealth Rock","|turn|21","|","|move|p2a: Malamar|Superpower|p1a: NoName","|-supereffective|p1a: NoName","|-damage|p1a: NoName|0 fnt","|-boost|p2a: Malamar|atk|1","|-boost|p2a: Malamar|def|1","|faint|p1a: NoName","|","|","|switch|p1a: Coffee Table|Avalugg, M|394/394","|-damage|p1a: Coffee Table|296/394|[from] Stealth Rock","|turn|22","|","|move|p2a: Malamar|Superpower|p1a: Coffee Table","|-supereffective|p1a: Coffee Table","|-damage|p1a: Coffee Table|136/394","|-boost|p2a: Malamar|atk|1","|-boost|p2a: Malamar|def|1","|move|p1a: Coffee Table|Avalanche|p2a: Malamar","|-damage|p2a: Malamar|151/313","|","|-heal|p1a: Coffee Table|160/394|[from] item: Leftovers","|turn|23","|","|move|p2a: Malamar|Superpower|p1a: Coffee Table","|-supereffective|p1a: Coffee Table","|-damage|p1a: Coffee Table|0 fnt","|-boost|p2a: Malamar|atk|1","|-boost|p2a: Malamar|def|1","|faint|p1a: Coffee Table","|","|win|SL~Pixie"],"p1rating":{"entryid":"7419563","serverid":"eos","formatid":"monotype","userid":"topazpikel","username":"Topaz~Pikel","w":"16","l":7,"t":"0","gxe":66.7,"r":"1641.6129398553","rd":"69.280884798431","sigma":"0","rptime":"1439197200","rpr":1632.6956336965,"rprd":67.200218799673,"rpsigma":"0","acre":1183.9977933326,"lacre":1183.9977933326,"oldacre":"1215.7127597701"},"p2rating":{"entryid":"7506194","serverid":"eos","formatid":"monotype","userid":"slpixie","username":"SL~Pixie","w":6,"l":"3","t":"0","gxe":59.3,"r":"1535.2389392667","rd":"112.2448737714","sigma":"0","rptime":"1439197200","rpr":1573.2489249952,"rprd":90.165813635142,"rpsigma":"0","acre":1151.7603284839,"lacre":1151.7603284839,"oldacre":"1120.0453620464"},"endType":"normal"}