{"seed":[34145,40561,34049,55438],"turns":24,"p1":"my team tho bruh","p2":"Carnie Marx","p1team":[{"name":"Braviary","species":"Braviary","item":"choicescarf","ability":"Defiant","moves":["bravebird","rockslide","superpower","zenheadbutt"],"nature":"Jolly","evs":{"hp":0,"atk":252,"def":0,"spa":0,"spd":4,"spe":252},"ivs":{"hp":31,"atk":31,"def":31,"spa":31,"spd":31,"spe":31}},{"name":"Staraptor","species":"Staraptor","item":"leftovers","ability":"Intimidate","moves":["featherdance","roost","bravebird","uturn"],"nature":"Adamant","evs":{"hp":252,"atk":252,"def":0,"spa":0,"spd":4,"spe":0},"ivs":{"hp":31,"atk":31,"def":31,"spa":31,"spd":31,"spe":31}},{"name":"Pidgeot","species":"Pidgeot","item":"pidgeotite","ability":"Big Pecks","moves":["uturn","hurricane","heatwave","roost"],"nature":"Timid","evs":{"hp":0,"atk":0,"def":0,"spa":252,"spd":4,"spe":252},"ivs":{"hp":31,"atk":31,"def":31,"spa":31,"spd":31,"spe":31}},{"name":"Swellow","species":"Swellow","item":"flameorb","ability":"Guts","moves":["protect","facade","doubleedge","bravebird"],"nature":"","evs":{"hp":0,"atk":0,"def":0,"spa":0,"spd":0,"spe":0},"ivs":{"hp":31,"atk":31,"def":31,"spa":31,"spd":31,"spe":31}},{"name":"Dodrio","species":"Dodrio","item":"choiceband","ability":"Tangled Feet","moves":["bravebird","pursuit","knockoff","return"],"nature":"Jolly","evs":{"hp":0,"atk":252,"def":0,"spa":0,"spd":4,"spe":252},"ivs":{"hp":31,"atk":31,"def":31,"spa":31,"spd":31,"spe":31}},{"name":"Chatot","species":"Chatot","item":"leftovers","ability":"Big Pecks","moves":["boomburst","substitute","roost","nastyplot"],"nature":"Bold","evs":{"hp":248,"atk":0,"def":252,"spa":8,"spd":0,"spe":0},"ivs":{"hp":31,"atk":31,"def":31,"spa":31,"spd":31,"spe":31}}],"p2team":[{"name":"Murkrow","species":"Murkrow","item":"eviolite","ability":"Prankster","moves":["roost","thunderwave","featherdance","darkpulse"],"nature":"Calm","evs":{"hp":248,"atk":0,"def":0,"spa":8,"spd":252,"spe":0},"ivs":{"hp":31,"atk":31,"def":31,"spa":31,"spd":31,"spe":31}},{"name":"Absol","species":"Absol","item":"scopelens","ability":"Super Luck","moves":["nightslash","shadowclaw","thunderwave","suckerpunch"],"nature":"Jolly","evs":{"hp":0,"atk":252,"def":0,"spa":0,"spd":4,"spe":252},"ivs":{"hp":31,"atk":31,"def":31,"spa":31,"spd":31,"spe":31}},{"name":"Mandibuzz","species":"Mandibuzz","item":"rockyhelmet","ability":"Overcoat","moves":["foulplay","roost","toxic","bravebird"],"nature":"Impish","evs":{"hp":248,"atk":8,"def":252,"spa":0,"spd":0,"spe":0},"ivs":{"hp":31,"atk":31,"def":31,"spa":31,"spd":31,"spe":31}},{"name":"Malamar","species":"Malamar","item":"muscleband","ability":"Contrary","moves":["nightslash","psychocut","superpower","foulplay"],"nature":"Adamant","evs":{"hp":248,"atk":252,"def":0,"spa":0,"spd":8,"spe":0},"ivs":{"hp":31,"atk":31,"def":31,"spa":31,"spd":31,"spe":31}},{"name":"Hydreigon","species":"Hydreigon","item":"choicespecs","ability":"Levitate","moves":["darkpulse","dragonpulse","earthpower","flamethrower"],"nature":"Timid","evs":{"hp":0,"atk":0,"def":0,"spa":252,"spd":4,"spe":252},"ivs":{"hp":31,"atk":31,"def":31,"spa":31,"spd":31,"spe":31}},{"name":"Sharpedo","species":"Sharpedo","item":"focussash","ability":"Speed Boost","moves":["destinybond","crunch","earthquake","waterfall"],"nature":"Adamant","evs":{"hp":0,"atk":252,"def":0,"spa":0,"spd":4,"spe":252},"ivs":{"hp":31,"atk":31,"def":31,"spa":31,"spd":31,"spe":31}}],"log":["|player|p1|my team tho bruh|163","|player|p2|Carnie Marx|238","|gametype|singles","|gen|6","|tier|Monotype","|rated","|rule|Baton Pass Clause: Limit one Baton Passer, can't pass Spe and other stats simultaneously","|rule|Swagger Clause: Swagger is banned","|rule|Same Type Clause: Pokémon in a team must share a type","|clearpoke","|poke|p1|Braviary, M","|poke|p1|Staraptor, F","|poke|p1|Pidgeot, F","|poke|p1|Swellow, F","|poke|p1|Dodrio, F","|poke|p1|Chatot, F","|poke|p2|Murkrow, F","|poke|p2|Absol, M","|poke|p2|Mandibuzz, F","|poke|p2|Malamar, F","|poke|p2|Hydreigon, M","|poke|p2|Sharpedo, F","|rule|Sleep Clause Mod: Limit one foe put to sleep","|rule|Species Clause: Limit one of each Pokémon","|rule|OHKO Clause: OHKO moves are banned","|rule|Moody Clause: Moody is banned","|rule|Evasion Moves Clause: Evasion moves are banned","|rule|Endless Battle Clause: Forcing endless battles is banned","|rule|HP Percentage Mod: HP is shown in percentages","|teampreview","|","|start","|switch|p1a: Staraptor|Staraptor, F|374/374","|switch|p2a: Hydreigon|Hydreigon, M|325/325","|-ability|p1a: Staraptor|Intimidate","|-unboost|p2a: Hydreigon|atk|1","|turn|1","|","|switch|p1a: Chatot|Chatot, F|355/355","|move|p2a: Hydreigon|Dragon Pulse|p1a: Chatot","|-damage|p1a: Chatot|0 fnt","|faint|p1a: Chatot","|","|","|switch|p1a: Pidgeot|Pidgeot, F|307/307","|turn|2","|","|detailschange|p1a: Pidgeot|Pidgeot-Mega, F","|-mega|p1a: Pidgeot|Pidgeot|Pidgeotite","|move|p1a: Pidgeot|Hurricane|p2a: Hydreigon","|-damage|p2a: Hydreigon|94/325","|move|p2a: Hydreigon|Dragon Pulse|p1a: Pidgeot","|-damage|p1a: Pidgeot|48/307","|","|turn|3","|","|move|p1a: Pidgeot|Hurricane|p2a: Hydreigon","|-damage|p2a: Hydreigon|0 fnt","|faint|p2a: Hydreigon","|","|","|switch|p2a: Absol|Absol, M|271/271","|turn|4","|","|move|p2a: Absol|Sucker Punch|p1a: Pidgeot","|-fail|p2a: Absol","|move|p1a: Pidgeot|Roost|p1a: Pidgeot","|-heal|p1a: Pidgeot|202/307","|","|turn|5","|","|move|p1a: Pidgeot|Hurricane|p2a: Absol","|-damage|p2a: Absol|0 fnt","|faint|p2a: Absol","|","|","|switch|p2a: Sharpedo|Sharpedo, F|281/281","|turn|6","|","|switch|p1a: Staraptor|Staraptor, F|374/374","|-ability|p1a: Staraptor|Intimidate","|-unboost|p2a: Sharpedo|atk|1","|move|p2a: Sharpedo|Waterfall|p1a: Staraptor","|-damage|p1a: Staraptor|253/374","|","|-heal|p1a: Staraptor|276/374|[from] item: Leftovers","|-boost|p2a: Sharpedo|spe|1|[from] ability: Speed Boost","|turn|7","|","|switch|p2a: Mandibuzz|Mandibuzz, F|423/423","|move|p1a: Staraptor|Feather Dance|p2a: Mandibuzz","|-unboost|p2a: Mandibuzz|atk|2","|","|-heal|p1a: Staraptor|299/374|[from] item: Leftovers","|turn|8","|","|move|p1a: Staraptor|U-turn|p2a: Mandibuzz","|-damage|p2a: Mandibuzz|364/423","|-damage|p1a: Staraptor|237/374|[from] item: Rocky Helmet|[of] p2a: Mandibuzz","|","|switch|p1a: Pidgeot|Pidgeot-Mega, F|202/307","|move|p2a: Mandibuzz|Foul Play|p1a: Pidgeot","|-damage|p1a: Pidgeot|103/307","|","|turn|9","|","|move|p1a: Pidgeot|Roost|p1a: Pidgeot","|-heal|p1a: Pidgeot|257/307","|move|p2a: Mandibuzz|Brave Bird|p1a: Pidgeot","|-crit|p1a: Pidgeot","|-damage|p1a: Pidgeot|65/307","|-damage|p2a: Mandibuzz|301/423|[from] recoil|[of] p1a: Pidgeot","|","|turn|10","|","|move|p1a: Pidgeot|Hurricane|p2a: Mandibuzz","|-crit|p2a: Mandibuzz","|-damage|p2a: Mandibuzz|7/423","|-start|p2a: Mandibuzz|confusion","|-activate|p2a: Mandibuzz|confusion","|-damage|p2a: Mandibuzz|0 fnt|[from] confusion","|faint|p2a: Mandibuzz","|","|","|switch|p2a: Sharpedo|Sharpedo, F|281/281","|turn|11","|","|move|p1a: Pidgeot|Roost|p1a: Pidgeot","|-heal|p1a: Pidgeot|219/307","|move|p2a: Sharpedo|Waterfall|p1a: Pidgeot","|-damage|p1a: Pidgeot|42/307","|","|-boost|p2a: Sharpedo|spe|1|[from] ability: Speed Boost","|turn|12","|","|move|p2a: Sharpedo|Crunch|p1a: Pidgeot","|-damage|p1a: Pidgeot|0 fnt","|faint|p1a: Pidgeot","|","|-boost|p2a: Sharpedo|spe|1|[from] ability: Speed Boost","|","|switch|p1a: Staraptor|Staraptor, F|237/374","|-ability|p1a: Staraptor|Intimidate","|-unboost|p2a: Sharpedo|atk|1","|turn|13","|","|move|p2a: Sharpedo|Waterfall|p1a: Staraptor","|-damage|p1a: Staraptor|107/374","|move|p1a: Staraptor|Feather Dance|p2a: Sharpedo","|-unboost|p2a: Sharpedo|atk|2","|","|-heal|p1a: Staraptor|130/374|[from] item: Leftovers","|-boost|p2a: Sharpedo|spe|1|[from] ability: Speed Boost","|turn|14","|","|move|p2a: Sharpedo|Waterfall|p1a: Staraptor","|-damage|p1a: Staraptor|51/374","|cant|p1a: Staraptor|flinch","|","|-heal|p1a: Staraptor|74/374|[from] item: Leftovers","|-boost|p2a: Sharpedo|spe|1|[from] ability: Speed Boost","|turn|15","|","|move|p2a: Sharpedo|Waterfall|p1a: Staraptor","|-damage|p1a: Staraptor|1/374","|move|p1a: Staraptor|Roost|p1a: Staraptor","|-heal|p1a: Staraptor|188/374","|","|-heal|p1a: Staraptor|211/374|[from] item: Leftovers","|-boost|p2a: Sharpedo|spe|1|[from] ability: Speed Boost","|turn|16","|","|move|p2a: Sharpedo|Crunch|p1a: Staraptor","|-damage|p1a: Staraptor|135/374","|move|p1a: Staraptor|Feather Dance|p2a: Sharpedo","|-unboost|p2a: Sharpedo|atk|2","|","|-heal|p1a: Staraptor|158/374|[from] item: Leftovers","|-boost|p2a: Sharpedo|spe|1|[from] ability: Speed Boost","|turn|17","|","|move|p2a: Sharpedo|Crunch|p1a: Staraptor","|-damage|p1a: Staraptor|95/374","|move|p1a: Staraptor|Roost|p1a: Staraptor","|-heal|p1a: Staraptor|282/374","|","|-heal|p1a: Staraptor|305/374|[from] item: Leftovers","|turn|18","|","|move|p2a: Sharpedo|Crunch|p1a: Staraptor","|-damage|p1a: Staraptor|247/374","|move|p1a: Staraptor|U-turn|p2a: Sharpedo","|-supereffective|p2a: Sharpedo","|-enditem|p2a: Sharpedo|Focus Sash","|-damage|p2a: Sharpedo|1/281","|","|switch|p1a: Dodrio|Dodrio, F|261/261","|","|turn|19","|","|move|p2a: Sharpedo|Destiny Bond|p2a: Sharpedo","|-singlemove|p2a: Sharpedo|Destiny Bond","|move|p1a: Dodrio|Pursuit|p2a: Sharpedo","|-resisted|p2a: Sharpedo","|-damage|p2a: Sharpedo|0 fnt","|faint|p2a: Sharpedo","|-activate|p2a: Sharpedo|Destiny Bond","|faint|p1a: Dodrio","|","|","|switch|p1a: Braviary|Braviary, M|341/341","|switch|p2a: Malamar|Malamar, F|375/375","|turn|20","|","|move|p1a: Braviary|Brave Bird|p2a: Malamar","|-damage|p2a: Malamar|164/375","|-damage|p1a: Braviary|271/341|[from] recoil|[of] p2a: Malamar","|move|p2a: Malamar|Foul Play|p1a: Braviary","|-damage|p1a: Braviary|51/341","|","|turn|21","|","|move|p1a: Braviary|Brave Bird|p2a: Malamar","|-damage|p2a: Malamar|0 fnt","|-damage|p1a: Braviary|0 fnt|[from] recoil|[of] p2a: Malamar","|faint|p2a: Malamar","|faint|p1a: Braviary","|","|","|switch|p1a: Swellow|Swellow, F|261/261","|switch|p2a: Murkrow|Murkrow, F|323/323","|turn|22","|","|move|p1a: Swellow|Protect|p1a: Swellow","|-singleturn|p1a: Swellow|Protect","|move|p2a: Murkrow|Thunder Wave|p1a: Swellow","|-activate|p1a: Swellow|Protect","|","|-status|p1a: Swellow|brn|[from] item: Flame Orb","|turn|23","|","|move|p2a: Murkrow|Feather Dance|p1a: Swellow","|-unboost|p1a: Swellow|atk|2","|move|p1a: Swellow|Facade|p2a: Murkrow","|-damage|p2a: Murkrow|170/323","|","|-damage|p1a: Swellow|229/261 brn|[from] brn","|turn|24","|","|move|p2a: Murkrow|Feather Dance|p1a: Swellow","|-unboost|p1a: Swellow|atk|2","|move|p1a: Swellow|Brave Bird|p2a: Murkrow","|-crit|p2a: Murkrow","|-damage|p2a: Murkrow|0 fnt","|-damage|p1a: Swellow|173/261 brn|[from] recoil|[of] p2a: Murkrow","|faint|p2a: Murkrow","|","|win|my team tho bruh"],"p1rating":{"entryid":7546123,"formatid":"monotype","userid":"myteamthobruh","username":"my team tho bruh","r":1500,"rd":130,"sigma":0,"rpr":1534.4146541265,"rprd":122.11850866401,"rpsigma":0,"rptime":1439197200,"w":1,"l":0,"t":0,"gxe":54.3,"acre":1040,"lacre":1040,"oldacre":1000},"p2rating":{"entryid":"5821777","serverid":"eos","formatid":"monotype","userid":"carniemarx","username":"Carnie Marx","w":"69","l":101,"t":"0","gxe":39.6,"r":"1431.4550121378","rd":"33.491060808661","sigma":"0","rptime":"1439197200","rpr":1420.3922132453,"rprd":32.598740138303,"rpsigma":"0","acre":1000,"lacre":1000,"oldacre":"1000"},"endType":"normal"}