{"seed":[52723,44664,40164,57097],"turns":26,"p1":"Alliance ♋ akaFila","p2":"Dusk Mistral","p1team":[{"name":"meme 1","species":"genesect","item":"choicescarf","ability":"Download","moves":["flamethrower","flashcannon","uturn","extremespeed"],"nature":"Hasty","evs":{"hp":0,"atk":4,"def":0,"spa":252,"spd":0,"spe":252},"shiny":true,"ivs":{"hp":31,"atk":31,"def":31,"spa":31,"spd":31,"spe":31}},{"name":"meme 2","species":"armaldo","item":"choiceband","ability":"Battle Armor","moves":["rockblast","aquatail","facade","rapidspin"],"nature":"Adamant","evs":{"hp":248,"atk":252,"def":0,"spa":0,"spd":8,"spe":0},"shiny":true,"ivs":{"hp":31,"atk":31,"def":31,"spa":31,"spd":31,"spe":31}},{"name":"meme 3","species":"beedrill","item":"beedrillite","ability":"Swarm","moves":["xscissor","knockoff","gigaimpact","protect"],"nature":"Jolly","evs":{"hp":0,"atk":252,"def":0,"spa":0,"spd":4,"spe":252},"shiny":true,"ivs":{"hp":31,"atk":31,"def":31,"spa":31,"spd":31,"spe":31}},{"name":"meme 4","species":"shedinja","item":"focussash","ability":"Wonder Guard","moves":["swordsdance","phantomforce","xscissor","shadowsneak"],"nature":"Jolly","evs":{"hp":0,"atk":252,"def":4,"spa":0,"spd":0,"spe":252},"shiny":true,"ivs":{"hp":31,"atk":31,"def":31,"spa":31,"spd":31,"spe":31}},{"name":"meme 5","species":"yanmega","item":"leftovers","ability":"Speed Boost","moves":["airslash","ancientpower","bugbuzz","protect"],"nature":"Modest","evs":{"hp":0,"atk":0,"def":0,"spa":252,"spd":4,"spe":252},"shiny":true,"ivs":{"hp":31,"atk":31,"def":31,"spa":31,"spd":31,"spe":31}},{"name":"meme 6","species":"volcarona","item":"assaultvest","ability":"Flame Body","moves":["fierydance","hurricane","flamecharge","uturn"],"nature":"Calm","evs":{"hp":252,"atk":0,"def":4,"spa":0,"spd":252,"spe":0},"shiny":true,"ivs":{"hp":31,"atk":31,"def":31,"spa":31,"spd":31,"spe":31}}],"p2team":[{"name":"Metal Burst","species":"sableye","item":"sablenite","ability":"Prankster","moves":["willowisp","calmmind","recover","darkpulse"],"nature":"Calm","evs":{"hp":248,"atk":0,"def":0,"spa":8,"spd":252,"spe":0},"gender":"F","shiny":true,"ivs":{"hp":31,"atk":31,"def":31,"spa":31,"spd":31,"spe":31}},{"name":"Krookodile","species":"Krookodile","item":"assaultvest","ability":"Intimidate","moves":["crunch","superpower","stoneedge","earthquake"],"nature":"Adamant","evs":{"hp":0,"atk":252,"def":0,"spa":0,"spd":4,"spe":252},"gender":"F","shiny":true,"ivs":{"hp":31,"atk":31,"def":31,"spa":31,"spd":31,"spe":31}},{"name":"Recoil","species":"weavile","item":"kingsrock","ability":"Pickpocket","moves":["knockoff","lowkick","iciclecrash","poisonjab"],"nature":"Jolly","evs":{"hp":0,"atk":252,"def":0,"spa":0,"spd":4,"spe":252},"gender":"F","shiny":true,"ivs":{"hp":31,"atk":31,"def":31,"spa":31,"spd":31,"spe":31}},{"name":"Bishounen Steve","species":"bisharp","item":"focussash","ability":"Defiant","moves":["thunderwave","ironhead","suckerpunch","swordsdance"],"nature":"Adamant","evs":{"hp":248,"atk":252,"def":0,"spa":0,"spd":8,"spe":0},"gender":"M","ivs":{"hp":31,"atk":31,"def":31,"spa":31,"spd":31,"spe":31}},{"name":"MandiTruck","species":"mandibuzz","item":"leftovers","ability":"Overcoat","moves":["defog","roost","toxic","foulplay"],"nature":"Bold","evs":{"hp":252,"atk":0,"def":252,"spa":0,"spd":4,"spe":0},"ivs":{"hp":31,"atk":31,"def":31,"spa":31,"spd":31,"spe":31}},{"name":"Einz","species":"hydreigon","item":"choicescarf","ability":"Levitate","moves":["flashcannon","dracometeor","earthpower","flamethrower"],"nature":"Timid","evs":{"hp":0,"atk":0,"def":0,"spa":252,"spd":4,"spe":252},"gender":"F","shiny":true,"ivs":{"hp":31,"atk":31,"def":31,"spa":31,"spd":31,"spe":31}}],"log":["|player|p1|Alliance ♋ akaFila|allianceakafila.gif","|player|p2|Dusk Mistral|52","|gametype|singles","|gen|6","|tier|Monotype","|rated","|rule|Baton Pass Clause: Limit one Baton Passer, can't pass Spe and other stats simultaneously","|rule|Swagger Clause: Swagger is banned","|rule|Same Type Clause: Pokémon in a team must share a type","|clearpoke","|poke|p1|Genesect-*, shiny","|poke|p1|Armaldo, M, shiny","|poke|p1|Beedrill, M, shiny","|poke|p1|Shedinja, shiny","|poke|p1|Yanmega, F, shiny","|poke|p1|Volcarona, F, shiny","|poke|p2|Sableye, F, shiny","|poke|p2|Krookodile, F, shiny","|poke|p2|Weavile, F, shiny","|poke|p2|Bisharp, M","|poke|p2|Mandibuzz, F","|poke|p2|Hydreigon, F, shiny","|rule|Sleep Clause Mod: Limit one foe put to sleep","|rule|Species Clause: Limit one of each Pokémon","|rule|OHKO Clause: OHKO moves are banned","|rule|Moody Clause: Moody is banned","|rule|Evasion Moves Clause: Evasion moves are banned","|rule|Endless Battle Clause: Forcing endless battles is banned","|rule|HP Percentage Mod: HP is shown in percentages","|teampreview","|","|start","|switch|p1a: meme 1|Genesect, shiny|283/283","|switch|p2a: MandiTruck|Mandibuzz, F|424/424","|-boost|p1a: meme 1|spa|1|[from] ability: Download","|turn|1","|","|switch|p2a: Krookodile|Krookodile, F, shiny|331/331","|-ability|p2a: Krookodile|Intimidate","|-unboost|p1a: meme 1|atk|1","|move|p1a: meme 1|Flash Cannon|p2a: Krookodile","|-damage|p2a: Krookodile|141/331","|","|turn|2","|","|move|p1a: meme 1|Flash Cannon|p2a: Krookodile","|-damage|p2a: Krookodile|0 fnt","|faint|p2a: Krookodile","|","|","|switch|p2a: Metal Burst|Sableye, F, shiny|303/303","|turn|3","|","|move|p2a: Metal Burst|Calm Mind|p2a: Metal Burst","|-boost|p2a: Metal Burst|spa|1","|-boost|p2a: Metal Burst|spd|1","|move|p1a: meme 1|Flash Cannon|p2a: Metal Burst","|-damage|p2a: Metal Burst|167/303","|","|turn|4","|","|move|p2a: Metal Burst|Calm Mind|p2a: Metal Burst","|-boost|p2a: Metal Burst|spa|1","|-boost|p2a: Metal Burst|spd|1","|move|p1a: meme 1|Flash Cannon|p2a: Metal Burst","|-damage|p2a: Metal Burst|62/303","|","|turn|5","|","|detailschange|p2a: Metal Burst|Sableye-Mega, F, shiny","|-mega|p2a: Metal Burst|Sableye|Sablenite","|move|p2a: Metal Burst|Recover|p2a: Metal Burst","|-heal|p2a: Metal Burst|214/303","|move|p1a: meme 1|Flash Cannon|p2a: Metal Burst","|-damage|p2a: Metal Burst|142/303","|","|turn|6","|","|switch|p1a: meme 2|Armaldo, M, shiny|353/353","|move|p2a: Metal Burst|Recover|p2a: Metal Burst","|-heal|p2a: Metal Burst|294/303","|","|turn|7","|","|move|p1a: meme 2|Rock Blast|p2a: Metal Burst","|-damage|p2a: Metal Burst|236/303","|-damage|p2a: Metal Burst|173/303","|-damage|p2a: Metal Burst|107/303","|-hitcount|p2a: Metal Burst|3","|move|p2a: Metal Burst|Will-O-Wisp|p1a: meme 2","|-status|p1a: meme 2|brn","|","|-damage|p1a: meme 2|309/353 brn|[from] brn","|turn|8","|","|move|p1a: meme 2|Rock Blast|p2a: Metal Burst","|-damage|p2a: Metal Burst|80/303","|-damage|p2a: Metal Burst|49/303","|-damage|p2a: Metal Burst|19/303","|-damage|p2a: Metal Burst|0 fnt","|-hitcount|p2a: Metal Burst|4","|faint|p2a: Metal Burst","|","|-damage|p1a: meme 2|265/353 brn|[from] brn","|","|switch|p2a: Bishounen Steve|Bisharp, M|333/333","|turn|9","|","|move|p2a: Bishounen Steve|Swords Dance|p2a: Bishounen Steve","|-boost|p2a: Bishounen Steve|atk|2","|move|p1a: meme 2|Rock Blast|p2a: Bishounen Steve","|-resisted|p2a: Bishounen Steve","|-damage|p2a: Bishounen Steve|317/333","|-resisted|p2a: Bishounen Steve","|-damage|p2a: Bishounen Steve|300/333","|-resisted|p2a: Bishounen Steve","|-damage|p2a: Bishounen Steve|281/333","|-resisted|p2a: Bishounen Steve","|-damage|p2a: Bishounen Steve|263/333","|-resisted|p2a: Bishounen Steve","|-damage|p2a: Bishounen Steve|246/333","|-hitcount|p2a: Bishounen Steve|5","|","|-damage|p1a: meme 2|221/353 brn|[from] brn","|turn|10","|","|move|p2a: Bishounen Steve|Iron Head|p1a: meme 2","|-supereffective|p1a: meme 2","|-damage|p1a: meme 2|0 fnt","|faint|p1a: meme 2","|","|","|switch|p1a: meme 4|Shedinja, shiny|1/1","|turn|11","|","|switch|p2a: MandiTruck|Mandibuzz, F|424/424","|move|p1a: meme 4|X-Scissor|p2a: MandiTruck","|-damage|p2a: MandiTruck|346/424","|","|-heal|p2a: MandiTruck|372/424|[from] item: Leftovers","|turn|12","|","|switch|p1a: meme 1|Genesect, shiny|283/283","|-boost|p1a: meme 1|spa|1|[from] ability: Download","|move|p2a: MandiTruck|Foul Play|p1a: meme 1","|-damage|p1a: meme 1|139/283","|","|-heal|p2a: MandiTruck|398/424|[from] item: Leftovers","|turn|13","|","|move|p1a: meme 1|Flamethrower|p2a: MandiTruck","|-damage|p2a: MandiTruck|227/424","|move|p2a: MandiTruck|Foul Play|p1a: meme 1","|-damage|p1a: meme 1|0 fnt","|faint|p1a: meme 1","|","|-heal|p2a: MandiTruck|253/424|[from] item: Leftovers","|","|switch|p1a: meme 6|Volcarona, F, shiny|374/374","|turn|14","|","|move|p1a: meme 6|Fiery Dance|p2a: MandiTruck","|-damage|p2a: MandiTruck|117/424","|-boost|p1a: meme 6|spa|1","|move|p2a: MandiTruck|Toxic|p1a: meme 6","|-status|p1a: meme 6|tox","|","|-heal|p2a: MandiTruck|143/424|[from] item: Leftovers","|-damage|p1a: meme 6|351/374 tox|[from] psn","|turn|15","|","|switch|p2a: Einz|Hydreigon, F, shiny|325/325","|move|p1a: meme 6|Flame Charge|p2a: Einz","|-resisted|p2a: Einz","|-damage|p2a: Einz|307/325","|-boost|p1a: meme 6|spe|1","|","|-damage|p1a: meme 6|305/374 tox|[from] psn","|turn|16","|","|move|p2a: Einz|Flamethrower|p1a: meme 6","|-damage|p1a: meme 6|259/374 tox","|move|p1a: meme 6|Hurricane|p2a: Einz","|-damage|p2a: Einz|138/325","|","|-damage|p1a: meme 6|190/374 tox|[from] psn","|turn|17","|","|switch|p2a: MandiTruck|Mandibuzz, F|143/424","|move|p1a: meme 6|Hurricane|p2a: MandiTruck","|-damage|p2a: MandiTruck|0 fnt","|faint|p2a: MandiTruck","|","|-damage|p1a: meme 6|98/374 tox|[from] psn","|","|switch|p2a: Recoil|Weavile, F, shiny|281/281","|turn|18","|","|move|p2a: Recoil|Knock Off|p1a: meme 6","|-damage|p1a: meme 6|0 fnt","|-enditem|p1a: meme 6|Assault Vest|[from] move: Knock Off|[of] p2a: Recoil","|faint|p1a: meme 6","|","|","|switch|p1a: meme 4|Shedinja, shiny|1/1","|turn|19","|","|switch|p2a: Einz|Hydreigon, F, shiny|138/325","|move|p1a: meme 4|X-Scissor|p2a: Einz","|-supereffective|p2a: Einz","|-damage|p2a: Einz|0 fnt","|faint|p2a: Einz","|","|","|switch|p2a: Bishounen Steve|Bisharp, M|246/333","|turn|20","|","|move|p2a: Bishounen Steve|Sucker Punch|p1a: meme 4","|-supereffective|p1a: meme 4","|-enditem|p1a: meme 4|Focus Sash","|-damage|p1a: meme 4|1/1","|move|p1a: meme 4|X-Scissor|p2a: Bishounen Steve","|-damage|p2a: Bishounen Steve|135/333","|","|turn|21","|","|move|p1a: meme 4|Shadow Sneak|p2a: Bishounen Steve","|-resisted|p2a: Bishounen Steve","|-damage|p2a: Bishounen Steve|108/333","|move|p2a: Bishounen Steve|Sucker Punch|p1a: meme 4","|-fail|p2a: Bishounen Steve","|","|turn|22","|","|move|p1a: meme 4|Shadow Sneak|p2a: Bishounen Steve","|-resisted|p2a: Bishounen Steve","|-damage|p2a: Bishounen Steve|82/333","|move|p2a: Bishounen Steve|Thunder Wave|p1a: meme 4","|-status|p1a: meme 4|par","|","|turn|23","|","|move|p2a: Bishounen Steve|Sucker Punch|p1a: meme 4","|-supereffective|p1a: meme 4","|-damage|p1a: meme 4|0 fnt","|faint|p1a: meme 4","|","|","|switch|p1a: meme 5|Yanmega, F, shiny|313/313","|turn|24","|","|move|p1a: meme 5|Bug Buzz|p2a: Bishounen Steve","|-damage|p2a: Bishounen Steve|0 fnt","|faint|p2a: Bishounen Steve","|","|-boost|p1a: meme 5|spe|1|[from] ability: Speed Boost","|","|switch|p2a: Recoil|Weavile, F, shiny|281/281","|turn|25","|","|move|p1a: meme 5|Protect|p1a: meme 5","|-singleturn|p1a: meme 5|Protect","|move|p2a: Recoil|Knock Off|p1a: meme 5","|-activate|p1a: meme 5|Protect","|","|-boost|p1a: meme 5|spe|1|[from] ability: Speed Boost","|turn|26","|","|move|p1a: meme 5|Bug Buzz|p2a: Recoil","|-supereffective|p2a: Recoil","|-damage|p2a: Recoil|0 fnt","|faint|p2a: Recoil","|","|win|Alliance ♋ akaFila"],"p1rating":{"entryid":"6670496","serverid":"eos","formatid":"monotype","userid":"allianceakafila","username":"Alliance ♋ akaFila","w":26,"l":"30","t":"0","gxe":46.5,"r":1465.1707803183,"rd":49.965651575185,"sigma":"0","rptime":1439197200,"rpr":1473.6132328326,"rprd":49.537362710824,"rpsigma":"0","acre":1098.5234413936,"lacre":1098.5234413936,"oldacre":"1062.8006426578"},"p2rating":{"entryid":"7292339","serverid":"eos","formatid":"monotype","userid":"duskmistral","username":"Dusk Mistral","w":"4","l":2,"t":"0","gxe":53.4,"r":"1562.4807660137","rd":"104.79890409202","sigma":"0","rptime":"1439197200","rpr":1526.2991013997,"rprd":100.70614659813,"rpsigma":"0","acre":1092.5879465638,"lacre":1092.5879465638,"oldacre":"1121.7924195418"},"endType":"normal"}