{"seed":[27562,64534,48218,39523],"turns":42,"p1":"TheMajesticWurmple","p2":"Alliance - Mxy","p1team":[{"name":"Klefki","species":"Klefki","item":"lightclay","ability":"Prankster","moves":["reflect","lightscreen","foulplay","thunderwave"],"nature":"Bold","evs":{"hp":248,"atk":0,"def":252,"spa":0,"spd":8,"spe":0},"ivs":{"hp":31,"atk":31,"def":31,"spa":31,"spd":31,"spe":31}},{"name":"Azumarill","species":"Azumarill","item":"sitrusberry","ability":"Huge Power","moves":["bellydrum","aquajet","playrough","brickbreak"],"nature":"Jolly","evs":{"hp":4,"atk":252,"def":0,"spa":0,"spd":0,"spe":252},"ivs":{"hp":31,"atk":31,"def":31,"spa":31,"spd":31,"spe":31}},{"name":"Clefable","species":"Clefable","item":"leftovers","ability":"Unaware","moves":["flamethrower","wish","aromatherapy","protect"],"nature":"Bold","evs":{"hp":252,"atk":0,"def":252,"spa":4,"spd":0,"spe":0},"ivs":{"hp":31,"atk":31,"def":31,"spa":31,"spd":31,"spe":31}},{"name":"Gardevoir","species":"Gardevoir","item":"gardevoirite","ability":"Synchronize","moves":["hypervoice","psyshock","willowisp","focusblast"],"nature":"Timid","evs":{"hp":0,"atk":0,"def":0,"spa":252,"spd":4,"spe":252},"ivs":{"hp":31,"atk":30,"def":31,"spa":30,"spd":31,"spe":30}},{"name":"Togekiss","species":"Togekiss","item":"choicescarf","ability":"Serene Grace","moves":["flamethrower","airslash","aurasphere","trick"],"nature":"Timid","evs":{"hp":0,"atk":0,"def":0,"spa":252,"spd":4,"spe":252},"ivs":{"hp":31,"atk":31,"def":31,"spa":31,"spd":31,"spe":31}},{"name":"Togetic","species":"Togetic","item":"eviolite","ability":"Serene Grace","moves":["wish","protect","defog","dazzlinggleam"],"nature":"Calm","evs":{"hp":248,"atk":0,"def":0,"spa":8,"spd":252,"spe":0},"ivs":{"hp":31,"atk":31,"def":31,"spa":31,"spd":31,"spe":31}}],"p2team":[{"name":"Sharpedo","species":"Sharpedo","item":"sharpedonite","ability":"Speed Boost","moves":["crunch","surf","poisonfang","protect"],"nature":"Naive","evs":{"hp":0,"atk":252,"def":0,"spa":0,"spd":0,"spe":252},"ivs":{"hp":31,"atk":31,"def":31,"spa":31,"spd":31,"spe":31}},{"name":"Weavile","species":"Weavile","item":"lifeorb","ability":"Pressure","moves":["iciclecrash","iceshard","knockoff","lowkick"],"nature":"Jolly","evs":{"hp":0,"atk":252,"def":0,"spa":0,"spd":4,"spe":252},"ivs":{"hp":31,"atk":31,"def":31,"spa":31,"spd":31,"spe":31}},{"name":"Hoopa-Unbound","species":"Hoopa-Unbound","item":"choicescarf","ability":"Magician","moves":["psyshock","darkpulse","hiddenpowerfire","energyball"],"nature":"Timid","evs":{"hp":0,"atk":0,"def":0,"spa":252,"spd":4,"spe":252},"ivs":{"hp":31,"atk":30,"def":31,"spa":30,"spd":31,"spe":30}},{"name":"Sableye","species":"Sableye","item":"leftovers","ability":"Prankster","moves":["recover","willowisp","taunt","foulplay"],"nature":"Calm","evs":{"hp":252,"atk":0,"def":120,"spa":0,"spd":136,"spe":0},"ivs":{"hp":31,"atk":31,"def":31,"spa":31,"spd":31,"spe":31}},{"name":"Bisharp","species":"Bisharp","item":"assaultvest","ability":"Defiant","moves":["knockoff","suckerpunch","poweruppunch","ironhead"],"nature":"Adamant","evs":{"hp":192,"atk":220,"def":0,"spa":0,"spd":0,"spe":96},"ivs":{"hp":31,"atk":31,"def":31,"spa":31,"spd":31,"spe":31}},{"name":"Crawdaunt","species":"Crawdaunt","item":"focussash","ability":"Adaptability","moves":["waterfall","aquajet","knockoff","dragondance"],"nature":"Adamant","evs":{"hp":0,"atk":252,"def":0,"spa":0,"spd":4,"spe":252},"ivs":{"hp":31,"atk":31,"def":31,"spa":31,"spd":31,"spe":31}}],"log":["|player|p1|TheMajesticWurmple|101","|player|p2|Alliance - Mxy|270","|gametype|singles","|gen|6","|tier|Monotype","|rated","|rule|Baton Pass Clause: Limit one Baton Passer, can't pass Spe and other stats simultaneously","|rule|Swagger Clause: Swagger is banned","|rule|Same Type Clause: Pokémon in a team must share a type","|clearpoke","|poke|p1|Klefki, M","|poke|p1|Azumarill, F","|poke|p1|Clefable, M","|poke|p1|Gardevoir, M","|poke|p1|Togekiss, F","|poke|p1|Togetic, F","|poke|p2|Sharpedo, F","|poke|p2|Weavile, F","|poke|p2|Hoopa-Unbound","|poke|p2|Sableye, M","|poke|p2|Bisharp, M","|poke|p2|Crawdaunt, M","|rule|Sleep Clause Mod: Limit one foe put to sleep","|rule|Species Clause: Limit one of each Pokémon","|rule|OHKO Clause: OHKO moves are banned","|rule|Moody Clause: Moody is banned","|rule|Evasion Moves Clause: Evasion moves are banned","|rule|Endless Battle Clause: Forcing endless battles is banned","|rule|HP Percentage Mod: HP is shown in percentages","|teampreview","|","|start","|switch|p1a: Gardevoir|Gardevoir, M|277/277","|switch|p2a: Weavile|Weavile, F|281/281","|-ability|p2a: Weavile|Pressure","|turn|1","|","|switch|p1a: Azumarill|Azumarill, F|342/342","|move|p2a: Weavile|Knock Off|p1a: Azumarill","|-resisted|p1a: Azumarill","|-damage|p1a: Azumarill|221/342","|-enditem|p1a: Azumarill|Sitrus Berry|[from] move: Knock Off|[of] p2a: Weavile","|-damage|p2a: Weavile|253/281|[from] item: Life Orb","|","|turn|2","|","|move|p2a: Weavile|Icicle Crash|p1a: Azumarill","|-resisted|p1a: Azumarill","|-damage|p1a: Azumarill|107/342","|-damage|p2a: Weavile|225/281|[from] item: Life Orb","|move|p1a: Azumarill|Play Rough|p2a: Weavile|[miss]","|-miss|p1a: Azumarill|p2a: Weavile","|","|turn|3","|","|move|p1a: Azumarill|Aqua Jet|p2a: Weavile","|-damage|p2a: Weavile|108/281","|move|p2a: Weavile|Icicle Crash|p1a: Azumarill|[miss]","|-miss|p2a: Weavile|p1a: Azumarill","|","|turn|4","|","|switch|p2a: Sableye|Sableye, M|304/304","|move|p1a: Azumarill|Aqua Jet|p2a: Sableye","|-damage|p2a: Sableye|213/304","|","|-heal|p2a: Sableye|232/304|[from] item: Leftovers","|turn|5","|","|move|p2a: Sableye|Will-O-Wisp|p1a: Azumarill","|-status|p1a: Azumarill|brn","|move|p1a: Azumarill|Play Rough|p2a: Sableye","|-supereffective|p2a: Sableye","|-damage|p2a: Sableye|43/304","|","|-heal|p2a: Sableye|62/304|[from] item: Leftovers","|-damage|p1a: Azumarill|65/342 brn|[from] brn","|turn|6","|","|move|p1a: Azumarill|Aqua Jet|p2a: Sableye","|-damage|p2a: Sableye|20/304","|move|p2a: Sableye|Recover|p2a: Sableye","|-heal|p2a: Sableye|172/304","|","|-heal|p2a: Sableye|191/304|[from] item: Leftovers","|-damage|p1a: Azumarill|23/342 brn|[from] brn","|turn|7","|","|switch|p2a: Bisharp|Bisharp, M|319/319","|move|p1a: Azumarill|Play Rough|p2a: Bisharp","|-damage|p2a: Bisharp|235/319","|-unboost|p2a: Bisharp|atk|1","|-boost|p2a: Bisharp|atk|2|[from] ability: Defiant","|","|-damage|p1a: Azumarill|0 fnt|[from] brn","|faint|p1a: Azumarill","|","|switch|p1a: Togekiss|Togekiss, F|311/311","|turn|8","|","|switch|p2a: Hoopa-Unbound|Hoopa-Unbound|301/301","|move|p1a: Togekiss|Aura Sphere|p2a: Hoopa-Unbound","|-damage|p2a: Hoopa-Unbound|234/301","|","|turn|9","|","|switch|p1a: Klefki|Klefki, M|317/317","|move|p2a: Hoopa-Unbound|Psyshock|p1a: Klefki","|-resisted|p1a: Klefki","|-damage|p1a: Klefki|251/317","|","|turn|10","|","|switch|p2a: Crawdaunt|Crawdaunt, M|267/267","|move|p1a: Klefki|Reflect|p1a: Klefki","|-sidestart|p1: TheMajesticWurmple|Reflect","|","|turn|11","|","|move|p1a: Klefki|Thunder Wave|p2a: Crawdaunt","|-status|p2a: Crawdaunt|par","|move|p2a: Crawdaunt|Knock Off|p1a: Klefki","|-resisted|p1a: Klefki","|-damage|p1a: Klefki|207/317","|-enditem|p1a: Klefki|Light Clay|[from] move: Knock Off|[of] p2a: Crawdaunt","|","|turn|12","|","|move|p1a: Klefki|Foul Play|p2a: Crawdaunt","|-resisted|p2a: Crawdaunt","|-damage|p2a: Crawdaunt|203/267 par","|move|p2a: Crawdaunt|Waterfall|p1a: Klefki","|-damage|p1a: Klefki|137/317","|","|turn|13","|","|switch|p1a: Togekiss|Togekiss, F|311/311","|move|p2a: Crawdaunt|Waterfall|p1a: Togekiss","|-damage|p1a: Togekiss|208/311","|","|turn|14","|","|move|p1a: Togekiss|Air Slash|p2a: Crawdaunt|[miss]","|-miss|p1a: Togekiss|p2a: Crawdaunt","|move|p2a: Crawdaunt|Knock Off|p1a: Togekiss","|-resisted|p1a: Togekiss","|-damage|p1a: Togekiss|147/311","|-enditem|p1a: Togekiss|Choice Scarf|[from] move: Knock Off|[of] p2a: Crawdaunt","|","|turn|15","|","|move|p1a: Togekiss|Aura Sphere|p2a: Crawdaunt","|-supereffective|p2a: Crawdaunt","|-damage|p2a: Crawdaunt|0 fnt","|faint|p2a: Crawdaunt","|","|","|switch|p2a: Sharpedo|Sharpedo, F|281/281","|turn|16","|","|move|p2a: Sharpedo|Protect|p2a: Sharpedo","|-singleturn|p2a: Sharpedo|Protect","|move|p1a: Togekiss|Aura Sphere|p2a: Sharpedo","|-activate|p2a: Sharpedo|Protect","|","|-boost|p2a: Sharpedo|spe|1|[from] ability: Speed Boost","|turn|17","|","|detailschange|p2a: Sharpedo|Sharpedo-Mega, F","|-mega|p2a: Sharpedo|Sharpedo|Sharpedonite","|move|p2a: Sharpedo|Poison Fang|p1a: Togekiss","|-supereffective|p1a: Togekiss","|-damage|p1a: Togekiss|51/311","|move|p1a: Togekiss|Aura Sphere|p2a: Sharpedo","|-supereffective|p2a: Sharpedo","|-damage|p2a: Sharpedo|5/281","|","|-sideend|p1: TheMajesticWurmple|Reflect","|turn|18","|","|switch|p1a: Togetic|Togetic, F|313/313","|move|p2a: Sharpedo|Surf|p1a: Togetic","|-damage|p1a: Togetic|256/313","|","|turn|19","|","|move|p2a: Sharpedo|Poison Fang|p1a: Togetic","|-supereffective|p1a: Togetic","|-damage|p1a: Togetic|112/313","|-status|p1a: Togetic|tox","|move|p1a: Togetic|Dazzling Gleam|p2a: Sharpedo","|-crit|p2a: Sharpedo","|-supereffective|p2a: Sharpedo","|-damage|p2a: Sharpedo|0 fnt","|faint|p2a: Sharpedo","|","|-damage|p1a: Togetic|93/313 tox|[from] psn","|","|switch|p2a: Bisharp|Bisharp, M|235/319","|turn|20","|","|move|p2a: Bisharp|Iron Head|p1a: Togetic","|-supereffective|p1a: Togetic","|-damage|p1a: Togetic|0 fnt","|faint|p1a: Togetic","|","|","|switch|p1a: Klefki|Klefki, M|137/317","|turn|21","|","|move|p1a: Klefki|Reflect|p1a: Klefki","|-sidestart|p1: TheMajesticWurmple|Reflect","|move|p2a: Bisharp|Power-Up Punch|p1a: Klefki","|-damage|p1a: Klefki|119/317","|-boost|p2a: Bisharp|atk|1","|","|turn|22","|","|switch|p1a: Clefable|Clefable, M|394/394","|move|p2a: Bisharp|Iron Head|p1a: Clefable","|-supereffective|p1a: Clefable","|-damage|p1a: Clefable|264/394","|","|-heal|p1a: Clefable|288/394|[from] item: Leftovers","|turn|23","|","|move|p2a: Bisharp|Knock Off|p1a: Clefable","|-resisted|p1a: Clefable","|-damage|p1a: Clefable|246/394","|-enditem|p1a: Clefable|Leftovers|[from] move: Knock Off|[of] p2a: Bisharp","|move|p1a: Clefable|Flamethrower|p2a: Bisharp","|-supereffective|p2a: Bisharp","|-damage|p2a: Bisharp|115/319","|","|turn|24","|","|switch|p2a: Hoopa-Unbound|Hoopa-Unbound|234/301","|move|p1a: Clefable|Flamethrower|p2a: Hoopa-Unbound","|-damage|p2a: Hoopa-Unbound|182/301","|","|turn|25","|","|move|p2a: Hoopa-Unbound|Hidden Power|p1a: Clefable","|-damage|p1a: Clefable|150/394","|move|p1a: Clefable|Wish|p1a: Clefable","|","|-sideend|p1: TheMajesticWurmple|Reflect","|turn|26","|","|switch|p2a: Sableye|Sableye, M|191/304","|move|p1a: Clefable|Protect|p1a: Clefable","|-fail|p1a: Clefable","|","|-heal|p1a: Clefable|347/394|[from] move: Wish|[wisher] Clefable","|-heal|p2a: Sableye|210/304|[from] item: Leftovers","|turn|27","|","|move|p2a: Sableye|Taunt|p1a: Clefable","|-start|p1a: Clefable|move: Taunt","|cant|p1a: Clefable|move: Taunt|Wish","|","|-heal|p2a: Sableye|229/304|[from] item: Leftovers","|turn|28","|","|switch|p1a: Gardevoir|Gardevoir, M|277/277","|switch|p2a: Hoopa-Unbound|Hoopa-Unbound|182/301","|","|turn|29","|","|switch|p1a: Togekiss|Togekiss, F|51/311","|move|p2a: Hoopa-Unbound|Dark Pulse|p1a: Togekiss","|-resisted|p1a: Togekiss","|-damage|p1a: Togekiss|0 fnt","|faint|p1a: Togekiss","|","|","|switch|p1a: Klefki|Klefki, M|119/317","|turn|30","|","|switch|p2a: Bisharp|Bisharp, M|115/319","|move|p1a: Klefki|Thunder Wave|p2a: Bisharp","|-status|p2a: Bisharp|par","|","|turn|31","|","|move|p1a: Klefki|Reflect|p1a: Klefki","|-sidestart|p1: TheMajesticWurmple|Reflect","|move|p2a: Bisharp|Power-Up Punch|p1a: Klefki","|-damage|p1a: Klefki|100/317","|-boost|p2a: Bisharp|atk|1","|","|turn|32","|","|switch|p1a: Clefable|Clefable, M|347/394","|switch|p2a: Hoopa-Unbound|Hoopa-Unbound|182/301","|","|turn|33","|","|move|p2a: Hoopa-Unbound|Psyshock|p1a: Clefable","|-crit|p1a: Clefable","|-damage|p1a: Clefable|98/394","|move|p1a: Clefable|Wish|p1a: Clefable","|","|turn|34","|","|switch|p1a: Klefki|Klefki, M|100/317","|move|p2a: Hoopa-Unbound|Psyshock|p1a: Klefki","|-resisted|p1a: Klefki","|-damage|p1a: Klefki|28/317","|","|-heal|p1a: Klefki|225/317|[from] move: Wish|[wisher] Clefable","|turn|35","|","|switch|p2a: Bisharp|Bisharp, M|115/319 par","|move|p1a: Klefki|Foul Play|p2a: Bisharp","|-resisted|p2a: Bisharp","|-damage|p2a: Bisharp|55/319 par","|","|-sideend|p1: TheMajesticWurmple|Reflect","|turn|36","|","|move|p1a: Klefki|Foul Play|p2a: Bisharp","|-resisted|p2a: Bisharp","|-damage|p2a: Bisharp|0 fnt","|faint|p2a: Bisharp","|","|","|switch|p2a: Hoopa-Unbound|Hoopa-Unbound|182/301","|turn|37","|","|move|p1a: Klefki|Light Screen|p1a: Klefki","|-sidestart|p1: TheMajesticWurmple|move: Light Screen","|move|p2a: Hoopa-Unbound|Hidden Power|p1a: Klefki","|-supereffective|p1a: Klefki","|-damage|p1a: Klefki|127/317","|","|turn|38","|","|move|p1a: Klefki|Thunder Wave|p2a: Hoopa-Unbound","|-status|p2a: Hoopa-Unbound|par","|move|p2a: Hoopa-Unbound|Hidden Power|p1a: Klefki","|-supereffective|p1a: Klefki","|-damage|p1a: Klefki|36/317","|","|turn|39","|","|switch|p1a: Gardevoir|Gardevoir, M|277/277","|switch|p2a: Weavile|Weavile, F|108/281","|-ability|p2a: Weavile|Pressure","|","|turn|40","|","|detailschange|p1a: Gardevoir|Gardevoir-Mega, M","|-mega|p1a: Gardevoir|Gardevoir|Gardevoirite","|move|p2a: Weavile|Icicle Crash|p1a: Gardevoir|[miss]","|-miss|p2a: Weavile|p1a: Gardevoir","|move|p1a: Gardevoir|Hyper Voice|p2a: Weavile","|-supereffective|p2a: Weavile","|-damage|p2a: Weavile|0 fnt","|faint|p2a: Weavile","|","|","|switch|p2a: Hoopa-Unbound|Hoopa-Unbound|182/301 par","|turn|41","|","|move|p1a: Gardevoir|Hyper Voice|p2a: Hoopa-Unbound","|-supereffective|p2a: Hoopa-Unbound","|-damage|p2a: Hoopa-Unbound|0 fnt","|faint|p2a: Hoopa-Unbound","|","|-sideend|p1: TheMajesticWurmple|move: Light Screen","|","|switch|p2a: Sableye|Sableye, M|229/304","|turn|42","|","|move|p2a: Sableye|Will-O-Wisp|p1a: Gardevoir","|-status|p1a: Gardevoir|brn","|move|p1a: Gardevoir|Hyper Voice|p2a: Sableye","|-supereffective|p2a: Sableye","|-damage|p2a: Sableye|0 fnt","|faint|p2a: Sableye","|","|win|TheMajesticWurmple"],"p1rating":{"entryid":"7119116","serverid":"eos","formatid":"monotype","userid":"themajesticwurmple","username":"TheMajesticWurmple","w":20,"l":"6","t":"0","gxe":70.7,"r":"1660.3956786572","rd":"69.65652271004","sigma":"0","rptime":"1439197200","rpr":1668.8256876873,"rprd":65.611580636804,"rpsigma":"0","acre":1271.0231834949,"lacre":1271.0231834949,"oldacre":"1254.1492740591"},"p2rating":{"entryid":"6690851","serverid":"eos","formatid":"monotype","userid":"alliancemxy","username":"Alliance - Mxy","w":"72","l":45,"t":"0","gxe":60.2,"r":"1596.928270389","rd":"37.97580782297","sigma":"0","rptime":"1439197200","rpr":1578.3010914634,"rprd":36.260044301362,"rpsigma":"0","acre":1120.0935762296,"lacre":1120.0935762296,"oldacre":"1136.9674856654"},"endType":"normal"}