{"seed":[2048,15585,31356,56821],"turns":28,"p1":"Sjado","p2":"Freelancer Photon","p1team":[{"name":"Sableye","species":"Sableye","item":"sablenite","ability":"Prankster","moves":["recover","willowisp","calmmind","darkpulse"],"nature":"Bold","evs":{"hp":252,"atk":0,"def":252,"spa":0,"spd":4,"spe":0},"ivs":{"hp":31,"atk":31,"def":31,"spa":31,"spd":31,"spe":31}},{"name":"Umbreon","species":"Umbreon","item":"leftovers","ability":"Synchronize","moves":["toxic","wish","protect","darkpulse"],"nature":"Calm","evs":{"hp":252,"atk":0,"def":0,"spa":4,"spd":252,"spe":0},"ivs":{"hp":31,"atk":31,"def":31,"spa":31,"spd":31,"spe":31}},{"name":"Bisharp","species":"Bisharp","item":"lifeorb","ability":"Defiant","moves":["ironhead","suckerpunch","knockoff","swordsdance"],"nature":"Adamant","evs":{"hp":0,"atk":252,"def":0,"spa":0,"spd":4,"spe":252},"shiny":true,"ivs":{"hp":31,"atk":31,"def":31,"spa":31,"spd":31,"spe":31}},{"name":"Mandibuzz","species":"Mandibuzz","item":"rockyhelmet","ability":"Overcoat","moves":["roost","foulplay","defog","toxic"],"nature":"Bold","evs":{"hp":252,"atk":0,"def":252,"spa":0,"spd":4,"spe":0},"ivs":{"hp":31,"atk":31,"def":31,"spa":31,"spd":31,"spe":31}},{"name":"Tyranitar","species":"Tyranitar","item":"leftovers","ability":"Sand Stream","moves":["stoneedge","stealthrock","earthquake","fireblast"],"nature":"Sassy","evs":{"hp":244,"atk":8,"def":0,"spa":4,"spd":252,"spe":0},"ivs":{"hp":31,"atk":31,"def":31,"spa":31,"spd":31,"spe":31}},{"name":"Hydreigon","species":"Hydreigon","item":"lifeorb","ability":"Levitate","moves":["darkpulse","dracometeor","fireblast","earthpower"],"nature":"Timid","evs":{"hp":0,"atk":0,"def":0,"spa":252,"spd":4,"spe":252},"ivs":{"hp":31,"atk":31,"def":31,"spa":31,"spd":31,"spe":31}}],"p2team":[{"name":"Sceptile","species":"Sceptile","item":"choiceband","ability":"Unburden","moves":["leafblade","earthquake","outrage","thunderpunch"],"nature":"Jolly","evs":{"hp":0,"atk":252,"def":0,"spa":0,"spd":4,"spe":252},"ivs":{"hp":31,"atk":31,"def":31,"spa":31,"spd":31,"spe":31}},{"name":"Venusaur","species":"Venusaur","item":"venusaurite","ability":"Overgrow","moves":["curse","synthesis","earthquake","petalblizzard"],"nature":"Adamant","evs":{"hp":248,"atk":252,"def":0,"spa":0,"spd":8,"spe":0},"ivs":{"hp":31,"atk":31,"def":31,"spa":31,"spd":31,"spe":31}},{"name":"Ludicolo","species":"Ludicolo","item":"choicespecs","ability":"Own Tempo","moves":["energyball","hiddenpowerfire","surf","icebeam"],"nature":"Modest","evs":{"hp":0,"atk":0,"def":0,"spa":252,"spd":4,"spe":252},"ivs":{"hp":31,"atk":30,"def":31,"spa":30,"spd":31,"spe":30}},{"name":"Ferrothorn","species":"Ferrothorn","item":"rockyhelmet","ability":"Iron Barbs","moves":["leechseed","stealthrock","thunderwave","gyroball"],"nature":"Relaxed","evs":{"hp":252,"atk":0,"def":252,"spa":0,"spd":0,"spe":0},"ivs":{"hp":31,"atk":31,"def":31,"spa":31,"spd":31,"spe":0}},{"name":"Celebi","species":"Celebi","item":"lifeorb","ability":"Natural Cure","moves":["stealthrock","psychic","earthpower","gigadrain"],"nature":"Timid","evs":{"hp":0,"atk":0,"def":0,"spa":252,"spd":4,"spe":252},"ivs":{"hp":31,"atk":31,"def":31,"spa":31,"spd":31,"spe":31}},{"name":"Serperior","species":"Serperior","item":"lifeorb","ability":"Contrary","moves":["leafstorm","gigadrain","hiddenpowerfire","dragonpulse"],"nature":"Timid","evs":{"hp":0,"atk":0,"def":0,"spa":252,"spd":4,"spe":252},"ivs":{"hp":31,"atk":30,"def":31,"spa":30,"spd":31,"spe":30}}],"log":["|player|p1|Sjado|168","|player|p2|Freelancer Photon|66","|gametype|singles","|gen|6","|tier|Monotype","|rated","|rule|Baton Pass Clause: Limit one Baton Passer, can't pass Spe and other stats simultaneously","|rule|Swagger Clause: Swagger is banned","|rule|Same Type Clause: Pokémon in a team must share a type","|clearpoke","|poke|p1|Sableye, M","|poke|p1|Umbreon, F","|poke|p1|Bisharp, M, shiny","|poke|p1|Mandibuzz, F","|poke|p1|Tyranitar, F","|poke|p1|Hydreigon, F","|poke|p2|Sceptile, F","|poke|p2|Venusaur, F","|poke|p2|Ludicolo, F","|poke|p2|Ferrothorn, M","|poke|p2|Celebi","|poke|p2|Serperior, F","|rule|Sleep Clause Mod: Limit one foe put to sleep","|rule|Species Clause: Limit one of each Pokémon","|rule|OHKO Clause: OHKO moves are banned","|rule|Moody Clause: Moody is banned","|rule|Evasion Moves Clause: Evasion moves are banned","|rule|Endless Battle Clause: Forcing endless battles is banned","|rule|HP Percentage Mod: HP is shown in percentages","|teampreview","|","|start","|switch|p1a: Hydreigon|Hydreigon, F|325/325","|switch|p2a: Celebi|Celebi|341/341","|turn|1","|","|move|p2a: Celebi|Stealth Rock|p1a: Hydreigon","|-sidestart|p1: Sjado|move: Stealth Rock","|move|p1a: Hydreigon|Dark Pulse|p2a: Celebi","|-supereffective|p2a: Celebi","|-damage|p2a: Celebi|6/341","|-damage|p1a: Hydreigon|293/325|[from] item: Life Orb","|","|turn|2","|","|switch|p2a: Ludicolo|Ludicolo, F|301/301","|switch|p1a: Mandibuzz|Mandibuzz, F|424/424","|-damage|p1a: Mandibuzz|318/424|[from] Stealth Rock","|","|turn|3","|","|move|p2a: Ludicolo|Ice Beam|p1a: Mandibuzz","|-supereffective|p1a: Mandibuzz","|-damage|p1a: Mandibuzz|44/424","|move|p1a: Mandibuzz|Toxic|p2a: Ludicolo","|-status|p2a: Ludicolo|tox","|","|-damage|p2a: Ludicolo|283/301 tox|[from] psn","|turn|4","|","|move|p2a: Ludicolo|Ice Beam|p1a: Mandibuzz","|-supereffective|p1a: Mandibuzz","|-damage|p1a: Mandibuzz|0 fnt","|faint|p1a: Mandibuzz","|","|-damage|p2a: Ludicolo|247/301 tox|[from] psn","|","|switch|p1a: Tyranitar|Tyranitar, F|402/402","|-damage|p1a: Tyranitar|352/402|[from] Stealth Rock","|-weather|Sandstorm","|turn|5","|","|switch|p2a: Ferrothorn|Ferrothorn, M|352/352","|move|p1a: Tyranitar|Stealth Rock|p2a: Ferrothorn","|-sidestart|p2: Freelancer Photon|move: Stealth Rock","|","|-weather|Sandstorm|[upkeep]","|-heal|p1a: Tyranitar|377/402|[from] item: Leftovers","|turn|6","|","|move|p1a: Tyranitar|Fire Blast|p2a: Ferrothorn|[miss]","|-miss|p1a: Tyranitar|p2a: Ferrothorn","|move|p2a: Ferrothorn|Leech Seed|p1a: Tyranitar","|-start|p1a: Tyranitar|move: Leech Seed","|","|-weather|Sandstorm|[upkeep]","|-heal|p1a: Tyranitar|402/402|[from] item: Leftovers","|-damage|p1a: Tyranitar|352/402|[from] Leech Seed|[of] p2a: Ferrothorn","|turn|7","|","|switch|p1a: Hydreigon|Hydreigon, F|293/325","|-damage|p1a: Hydreigon|253/325|[from] Stealth Rock","|move|p2a: Ferrothorn|Thunder Wave|p1a: Hydreigon","|-status|p1a: Hydreigon|par","|","|-weather|Sandstorm|[upkeep]","|-damage|p1a: Hydreigon|233/325 par|[from] sandstorm","|turn|8","|","|move|p1a: Hydreigon|Fire Blast|p2a: Ferrothorn","|-supereffective|p2a: Ferrothorn","|-damage|p2a: Ferrothorn|0 fnt","|-damage|p1a: Hydreigon|201/325 par|[from] item: Life Orb","|faint|p2a: Ferrothorn","|","|-weather|Sandstorm|[upkeep]","|-damage|p1a: Hydreigon|181/325 par|[from] sandstorm","|","|switch|p2a: Serperior|Serperior, F|291/291","|-damage|p2a: Serperior|255/291|[from] Stealth Rock","|turn|9","|","|move|p2a: Serperior|Dragon Pulse|p1a: Hydreigon","|-supereffective|p1a: Hydreigon","|-damage|p1a: Hydreigon|0 fnt","|-damage|p2a: Serperior|226/291|[from] item: Life Orb","|faint|p1a: Hydreigon","|","|-weather|none","|","|switch|p1a: Bisharp|Bisharp, M, shiny|271/271","|-damage|p1a: Bisharp|255/271|[from] Stealth Rock","|turn|10","|","|switch|p2a: Celebi|Celebi|6/341","|-damage|p2a: Celebi|0 fnt|[from] Stealth Rock","|faint|p2a: Celebi","|move|p1a: Bisharp|Knock Off|p2: Celebi|[notarget]","|-notarget","|","|","|switch|p2a: Venusaur|Venusaur, F|363/363","|-damage|p2a: Venusaur|318/363|[from] Stealth Rock","|turn|11","|","|switch|p1a: Umbreon|Umbreon, F|394/394","|-damage|p1a: Umbreon|345/394|[from] Stealth Rock","|detailschange|p2a: Venusaur|Venusaur-Mega, F","|-mega|p2a: Venusaur|Venusaur|Venusaurite","|move|p2a: Venusaur|Curse|p2a: Venusaur","|-unboost|p2a: Venusaur|spe|1","|-boost|p2a: Venusaur|atk|1","|-boost|p2a: Venusaur|def|1","|","|-heal|p1a: Umbreon|369/394|[from] item: Leftovers","|turn|12","|","|move|p1a: Umbreon|Dark Pulse|p2a: Venusaur","|-damage|p2a: Venusaur|260/363","|cant|p2a: Venusaur|flinch","|","|-heal|p1a: Umbreon|393/394|[from] item: Leftovers","|turn|13","|","|move|p1a: Umbreon|Dark Pulse|p2a: Venusaur","|-damage|p2a: Venusaur|211/363","|move|p2a: Venusaur|Curse|p2a: Venusaur","|-unboost|p2a: Venusaur|spe|1","|-boost|p2a: Venusaur|atk|1","|-boost|p2a: Venusaur|def|1","|","|-heal|p1a: Umbreon|394/394|[from] item: Leftovers","|turn|14","|","|move|p1a: Umbreon|Dark Pulse|p2a: Venusaur","|-damage|p2a: Venusaur|157/363","|move|p2a: Venusaur|Synthesis|p2a: Venusaur","|-heal|p2a: Venusaur|338/363","|","|turn|15","|","|move|p1a: Umbreon|Dark Pulse|p2a: Venusaur","|-damage|p2a: Venusaur|280/363","|move|p2a: Venusaur|Curse|p2a: Venusaur","|-unboost|p2a: Venusaur|spe|1","|-boost|p2a: Venusaur|atk|1","|-boost|p2a: Venusaur|def|1","|","|turn|16","|","|move|p1a: Umbreon|Dark Pulse|p2a: Venusaur","|-damage|p2a: Venusaur|229/363","|move|p2a: Venusaur|Petal Blizzard|p1a: Umbreon","|-damage|p1a: Umbreon|55/394","|","|-heal|p1a: Umbreon|79/394|[from] item: Leftovers","|turn|17","|","|move|p1a: Umbreon|Wish|p1a: Umbreon","|move|p2a: Venusaur|Synthesis|p2a: Venusaur","|-heal|p2a: Venusaur|363/363","|","|-heal|p1a: Umbreon|103/394|[from] item: Leftovers","|turn|18","|","|move|p1a: Umbreon|Dark Pulse|p2a: Venusaur","|-damage|p2a: Venusaur|308/363","|cant|p2a: Venusaur|flinch","|","|-heal|p1a: Umbreon|300/394|[from] move: Wish|[wisher] Umbreon","|-heal|p1a: Umbreon|324/394|[from] item: Leftovers","|turn|19","|","|move|p1a: Umbreon|Protect|p1a: Umbreon","|-singleturn|p1a: Umbreon|Protect","|move|p2a: Venusaur|Curse|p2a: Venusaur","|-unboost|p2a: Venusaur|spe|1","|-boost|p2a: Venusaur|atk|1","|-boost|p2a: Venusaur|def|1","|","|-heal|p1a: Umbreon|348/394|[from] item: Leftovers","|turn|20","|","|move|p1a: Umbreon|Dark Pulse|p2a: Venusaur","|-damage|p2a: Venusaur|253/363","|move|p2a: Venusaur|Petal Blizzard|p1a: Umbreon","|-damage|p1a: Umbreon|0 fnt","|faint|p1a: Umbreon","|","|","|switch|p1a: Sableye|Sableye, M|304/304","|-damage|p1a: Sableye|266/304|[from] Stealth Rock","|turn|21","|","|detailschange|p1a: Sableye|Sableye-Mega, M","|-mega|p1a: Sableye|Sableye|Sablenite","|move|p1a: Sableye|Will-O-Wisp|p2a: Venusaur","|-status|p2a: Venusaur|brn","|move|p2a: Venusaur|Petal Blizzard|p1a: Sableye","|-damage|p1a: Sableye|128/304","|","|-damage|p2a: Venusaur|208/363 brn|[from] brn","|turn|22","|","|move|p1a: Sableye|Recover|p1a: Sableye","|-heal|p1a: Sableye|280/304","|move|p2a: Venusaur|Petal Blizzard|p1a: Sableye","|-damage|p1a: Sableye|147/304","|","|-damage|p2a: Venusaur|163/363 brn|[from] brn","|turn|23","|","|move|p1a: Sableye|Calm Mind|p1a: Sableye","|-boost|p1a: Sableye|spa|1","|-boost|p1a: Sableye|spd|1","|move|p2a: Venusaur|Curse|p2a: Venusaur","|-unboost|p2a: Venusaur|spe|1","|-boost|p2a: Venusaur|atk|1","|-boost|p2a: Venusaur|def|1","|","|-damage|p2a: Venusaur|118/363 brn|[from] brn","|turn|24","|","|move|p1a: Sableye|Recover|p1a: Sableye","|-heal|p1a: Sableye|299/304","|move|p2a: Venusaur|Petal Blizzard|p1a: Sableye","|-damage|p1a: Sableye|132/304","|","|-damage|p2a: Venusaur|73/363 brn|[from] brn","|turn|25","|","|move|p1a: Sableye|Dark Pulse|p2a: Venusaur","|-damage|p2a: Venusaur|0 fnt","|faint|p2a: Venusaur","|","|","|switch|p2a: Serperior|Serperior, F|226/291","|-damage|p2a: Serperior|190/291|[from] Stealth Rock","|turn|26","|","|move|p2a: Serperior|Leaf Storm|p1a: Sableye","|-damage|p1a: Sableye|0 fnt","|-boost|p2a: Serperior|spa|2","|-damage|p2a: Serperior|161/291|[from] item: Life Orb","|faint|p1a: Sableye","|","|","|switch|p1a: Bisharp|Bisharp, M, shiny|255/271","|-damage|p1a: Bisharp|239/271|[from] Stealth Rock","|turn|27","|","|move|p2a: Serperior|Hidden Power|p1a: Bisharp","|-supereffective|p1a: Bisharp","|-damage|p1a: Bisharp|0 fnt","|-damage|p2a: Serperior|132/291|[from] item: Life Orb","|faint|p1a: Bisharp","|","|","|switch|p1a: Tyranitar|Tyranitar, F|352/402","|-damage|p1a: Tyranitar|302/402|[from] Stealth Rock","|-weather|Sandstorm","|turn|28","|","|move|p2a: Serperior|Leaf Storm|p1a: Tyranitar","|-supereffective|p1a: Tyranitar","|-damage|p1a: Tyranitar|0 fnt","|-boost|p2a: Serperior|spa|2","|-damage|p2a: Serperior|103/291|[from] item: Life Orb","|faint|p1a: Tyranitar","|","|win|Freelancer Photon"],"p1rating":{"entryid":"6705129","serverid":"eos","formatid":"monotype","userid":"sjado","username":"Sjado","w":"0","l":2,"t":"0","gxe":38.5,"r":1435.4693692057,"rd":130.05185590139,"sigma":"0","rptime":1439197200,"rpr":1406.4567507253,"rprd":123.24579347726,"rpsigma":"0","acre":1000,"lacre":1000,"oldacre":"1000"},"p2rating":{"entryid":"7529200","serverid":"eos","formatid":"monotype","userid":"freelancerphoton","username":"Freelancer Photon","w":8,"l":"4","t":"0","gxe":57.8,"r":"1547.8391389454","rd":"112.13270210657","sigma":"0","rptime":"1439197200","rpr":1560.8988638687,"rprd":84.356232751384,"rpsigma":"0","acre":1113.7548117806,"lacre":1113.7548117806,"oldacre":"1094.848143512"},"endType":"normal"}