{"seed":[21859,62281,34167,55020],"turns":25,"p1":"Guard Wanderer","p2":"Freelancer Photon","p1team":[{"name":"Weezing","species":"Weezing","item":"sitrusberry","ability":"Levitate","moves":["toxicspikes","willowisp","memento","thief"],"nature":"Careful","evs":{"hp":248,"atk":8,"def":0,"spa":0,"spd":252,"spe":0},"ivs":{"hp":31,"atk":31,"def":31,"spa":31,"spd":31,"spe":31}},{"name":"Tentacruel","species":"Tentacruel","item":"assaultvest","ability":"Liquid Ooze","moves":["scald","acidspray","gigadrain","hex"],"nature":"Timid","evs":{"hp":0,"atk":0,"def":4,"spa":252,"spd":0,"spe":252},"ivs":{"hp":31,"atk":31,"def":31,"spa":31,"spd":31,"spe":31}},{"name":"Skuntank","species":"Skuntank","item":"","ability":"Stench","moves":["snatch","thief","suckerpunch","poisonjab"],"nature":"Adamant","evs":{"hp":248,"atk":252,"def":0,"spa":0,"spd":8,"spe":0},"ivs":{"hp":31,"atk":31,"def":31,"spa":31,"spd":31,"spe":31}},{"name":"Crobat","species":"Crobat","item":"whiteherb","ability":"Infiltrator","moves":["curse","acrobatics","roost","hypnosis"],"nature":"Jolly","evs":{"hp":248,"atk":8,"def":0,"spa":0,"spd":0,"spe":252},"ivs":{"hp":31,"atk":31,"def":31,"spa":31,"spd":31,"spe":31}},{"name":"Gengar","species":"Gengar","item":"choicescarf","ability":"Levitate","moves":["trick","destinybond","venoshock","hex"],"nature":"Timid","evs":{"hp":0,"atk":0,"def":0,"spa":252,"spd":4,"spe":252},"ivs":{"hp":31,"atk":31,"def":31,"spa":31,"spd":31,"spe":31}},{"name":"Amoonguss","species":"Amoonguss","item":"blacksludge","ability":"Regenerator","moves":["spore","gigadrain","gastroacid","stunspore"],"nature":"Calm","evs":{"hp":248,"atk":0,"def":0,"spa":8,"spd":252,"spe":0},"shiny":true,"ivs":{"hp":31,"atk":31,"def":31,"spa":31,"spd":31,"spe":31}}],"p2team":[{"name":"Sceptile","species":"Sceptile","item":"choiceband","ability":"Unburden","moves":["leafblade","earthquake","outrage","thunderpunch"],"nature":"Jolly","evs":{"hp":0,"atk":252,"def":0,"spa":0,"spd":4,"spe":252},"ivs":{"hp":31,"atk":31,"def":31,"spa":31,"spd":31,"spe":31}},{"name":"Venusaur","species":"Venusaur","item":"venusaurite","ability":"Overgrow","moves":["curse","synthesis","earthquake","petalblizzard"],"nature":"Adamant","evs":{"hp":248,"atk":252,"def":0,"spa":0,"spd":8,"spe":0},"ivs":{"hp":31,"atk":31,"def":31,"spa":31,"spd":31,"spe":31}},{"name":"Ludicolo","species":"Ludicolo","item":"choicespecs","ability":"Own Tempo","moves":["energyball","hiddenpowerfire","surf","icebeam"],"nature":"Modest","evs":{"hp":0,"atk":0,"def":0,"spa":252,"spd":4,"spe":252},"ivs":{"hp":31,"atk":30,"def":31,"spa":30,"spd":31,"spe":30}},{"name":"Ferrothorn","species":"Ferrothorn","item":"rockyhelmet","ability":"Iron Barbs","moves":["leechseed","stealthrock","thunderwave","gyroball"],"nature":"Impish","evs":{"hp":248,"atk":8,"def":252,"spa":0,"spd":0,"spe":0},"ivs":{"hp":31,"atk":31,"def":31,"spa":31,"spd":31,"spe":0}},{"name":"Celebi","species":"Celebi","item":"lifeorb","ability":"Natural Cure","moves":["stealthrock","psychic","earthpower","gigadrain"],"nature":"Timid","evs":{"hp":0,"atk":0,"def":0,"spa":252,"spd":4,"spe":252},"ivs":{"hp":31,"atk":31,"def":31,"spa":31,"spd":31,"spe":31}},{"name":"Serperior","species":"Serperior","item":"lifeorb","ability":"Contrary","moves":["leafstorm","gigadrain","hiddenpowerfire","dragonpulse"],"nature":"Timid","evs":{"hp":0,"atk":0,"def":0,"spa":252,"spd":4,"spe":252},"ivs":{"hp":31,"atk":30,"def":31,"spa":30,"spd":31,"spe":30}}],"log":["|player|p1|Guard Wanderer|235","|player|p2|Freelancer Photon|66","|gametype|singles","|gen|6","|tier|Monotype","|rated","|rule|Baton Pass Clause: Limit one Baton Passer, can't pass Spe and other stats simultaneously","|rule|Swagger Clause: Swagger is banned","|rule|Same Type Clause: Pokémon in a team must share a type","|clearpoke","|poke|p1|Weezing, M","|poke|p1|Tentacruel, M","|poke|p1|Skuntank, M","|poke|p1|Crobat, M","|poke|p1|Gengar, F","|poke|p1|Amoonguss, F, shiny","|poke|p2|Sceptile, F","|poke|p2|Venusaur, F","|poke|p2|Ludicolo, M","|poke|p2|Ferrothorn, F","|poke|p2|Celebi","|poke|p2|Serperior, M","|rule|Sleep Clause Mod: Limit one foe put to sleep","|rule|Species Clause: Limit one of each Pokémon","|rule|OHKO Clause: OHKO moves are banned","|rule|Moody Clause: Moody is banned","|rule|Evasion Moves Clause: Evasion moves are banned","|rule|Endless Battle Clause: Forcing endless battles is banned","|rule|HP Percentage Mod: HP is shown in percentages","|teampreview","|","|start","|switch|p1a: Weezing|Weezing, M|333/333","|switch|p2a: Sceptile|Sceptile, F|281/281","|turn|1","|","|switch|p2a: Celebi|Celebi|341/341","|move|p1a: Weezing|Will-O-Wisp|p2a: Celebi","|-status|p2a: Celebi|brn","|","|-damage|p2a: Celebi|299/341 brn|[from] brn","|turn|2","|","|move|p2a: Celebi|Earth Power|p1a: Weezing","|-immune|p1a: Weezing|[msg]","|move|p1a: Weezing|Toxic Spikes|p2a: Celebi","|-sidestart|p2: Freelancer Photon|move: Toxic Spikes","|","|-damage|p2a: Celebi|257/341 brn|[from] brn","|turn|3","|","|move|p2a: Celebi|Psychic|p1a: Weezing","|-supereffective|p1a: Weezing","|-damage|p1a: Weezing|26/333","|-damage|p2a: Celebi|223/341 brn|[from] item: Life Orb","|-enditem|p1a: Weezing|Sitrus Berry|[eat]","|-heal|p1a: Weezing|109/333|[from] item: Sitrus Berry","|move|p1a: Weezing|Toxic Spikes|p2a: Celebi","|-sidestart|p2: Freelancer Photon|move: Toxic Spikes","|","|-damage|p2a: Celebi|181/341 brn|[from] brn","|turn|4","|","|switch|p1a: Skuntank|Skuntank, M|409/409","|move|p2a: Celebi|Stealth Rock|p1a: Skuntank","|-sidestart|p1: Guard Wanderer|move: Stealth Rock","|","|-damage|p2a: Celebi|139/341 brn|[from] brn","|turn|5","|","|switch|p2a: Venusaur|Venusaur, F|363/363","|-sideend|p2: Freelancer Photon|move: Toxic Spikes|[of] p2a: Venusaur","|move|p1a: Skuntank|Thief|p2a: Venusaur","|-damage|p2a: Venusaur|255/363","|","|turn|6","|","|switch|p1a: Tentacruel|Tentacruel, M|301/301","|-damage|p1a: Tentacruel|264/301|[from] Stealth Rock","|move|p2a: Venusaur|Curse|p2a: Venusaur","|-unboost|p2a: Venusaur|spe|1","|-boost|p2a: Venusaur|atk|1","|-boost|p2a: Venusaur|def|1","|","|turn|7","|","|detailschange|p2a: Venusaur|Venusaur-Mega, F","|-mega|p2a: Venusaur|Venusaur|Venusaurite","|move|p1a: Tentacruel|Acid Spray|p2a: Venusaur","|-damage|p2a: Venusaur|213/363","|-unboost|p2a: Venusaur|spd|2","|move|p2a: Venusaur|Earthquake|p1a: Tentacruel","|-supereffective|p1a: Tentacruel","|-damage|p1a: Tentacruel|0 fnt","|faint|p1a: Tentacruel","|","|","|switch|p1a: Crobat|Crobat, M|373/373","|-damage|p1a: Crobat|280/373|[from] Stealth Rock","|turn|8","|","|switch|p2a: Ferrothorn|Ferrothorn, F|351/351","|move|p1a: Crobat|Curse|p1a: Crobat","|-unboost|p1a: Crobat|spe|1","|-boost|p1a: Crobat|atk|1","|-boost|p1a: Crobat|def|1","|-enditem|p1a: Crobat|White Herb","|-restoreboost|p1a: Crobat|[silent]","|","|turn|9","|","|move|p1a: Crobat|Hypnosis|p2a: Ferrothorn|[miss]","|-miss|p1a: Crobat|p2a: Ferrothorn","|move|p2a: Ferrothorn|Thunder Wave|p1a: Crobat","|-status|p1a: Crobat|par","|","|turn|10","|","|move|p1a: Crobat|Hypnosis|p2a: Ferrothorn","|-status|p2a: Ferrothorn|slp","|cant|p2a: Ferrothorn|slp","|","|turn|11","|","|move|p1a: Crobat|Curse|p1a: Crobat","|-unboost|p1a: Crobat|spe|1","|-boost|p1a: Crobat|atk|1","|-boost|p1a: Crobat|def|1","|-curestatus|p2a: Ferrothorn|slp","|move|p2a: Ferrothorn|Leech Seed|p1a: Crobat","|-start|p1a: Crobat|move: Leech Seed","|","|-damage|p1a: Crobat|234/373 par|[from] Leech Seed|[of] p2a: Ferrothorn","|turn|12","|","|move|p1a: Crobat|Acrobatics|p2a: Ferrothorn","|-crit|p2a: Ferrothorn","|-damage|p2a: Ferrothorn|140/351","|-damage|p1a: Crobat|188/373 par|[from] ability: Iron Barbs|[of] p2a: Ferrothorn","|-damage|p1a: Crobat|126/373 par|[from] item: Rocky Helmet|[of] p2a: Ferrothorn","|move|p2a: Ferrothorn|Gyro Ball|p1a: Crobat","|-damage|p1a: Crobat|99/373 par","|","|-damage|p1a: Crobat|53/373 par|[from] Leech Seed|[of] p2a: Ferrothorn","|-heal|p2a: Ferrothorn|186/351|[silent]","|turn|13","|","|move|p1a: Crobat|Roost|p1a: Crobat","|-heal|p1a: Crobat|240/373 par","|move|p2a: Ferrothorn|Gyro Ball|p1a: Crobat","|-damage|p1a: Crobat|213/373 par","|","|-damage|p1a: Crobat|167/373 par|[from] Leech Seed|[of] p2a: Ferrothorn","|-heal|p2a: Ferrothorn|232/351|[silent]","|turn|14","|","|switch|p2a: Celebi|Celebi|139/341","|move|p1a: Crobat|Roost|p1a: Crobat","|-heal|p1a: Crobat|354/373 par","|","|-damage|p1a: Crobat|308/373 par|[from] Leech Seed|[of] p2a: Celebi","|-heal|p2a: Celebi|185/341|[silent]","|turn|15","|","|switch|p1a: Skuntank|Skuntank, M|409/409","|-damage|p1a: Skuntank|358/409|[from] Stealth Rock","|move|p2a: Celebi|Earth Power|p1a: Skuntank","|-crit|p1a: Skuntank","|-supereffective|p1a: Skuntank","|-damage|p1a: Skuntank|0 fnt","|-damage|p2a: Celebi|151/341|[from] item: Life Orb","|faint|p1a: Skuntank","|","|","|switch|p1a: Weezing|Weezing, M|109/333","|-damage|p1a: Weezing|68/333|[from] Stealth Rock","|turn|16","|","|move|p2a: Celebi|Psychic|p1a: Weezing","|-supereffective|p1a: Weezing","|-damage|p1a: Weezing|0 fnt","|-damage|p2a: Celebi|117/341|[from] item: Life Orb","|faint|p1a: Weezing","|","|","|switch|p1a: Gengar|Gengar, F|261/261","|-damage|p1a: Gengar|229/261|[from] Stealth Rock","|turn|17","|","|move|p1a: Gengar|Hex|p2a: Celebi","|-supereffective|p2a: Celebi","|-damage|p2a: Celebi|0 fnt","|faint|p2a: Celebi","|","|","|switch|p2a: Ludicolo|Ludicolo, M|301/301","|turn|18","|","|switch|p1a: Amoonguss|Amoonguss, F, shiny|431/431","|-damage|p1a: Amoonguss|378/431|[from] Stealth Rock","|move|p2a: Ludicolo|Ice Beam|p1a: Amoonguss","|-supereffective|p1a: Amoonguss","|-damage|p1a: Amoonguss|148/431","|","|-heal|p1a: Amoonguss|174/431|[from] item: Black Sludge","|turn|19","|","|move|p2a: Ludicolo|Ice Beam|p1a: Amoonguss","|-supereffective|p1a: Amoonguss","|-damage|p1a: Amoonguss|0 fnt","|faint|p1a: Amoonguss","|","|","|switch|p1a: Gengar|Gengar, F|229/261","|-damage|p1a: Gengar|197/261|[from] Stealth Rock","|turn|20","|","|move|p1a: Gengar|Venoshock|p2a: Ludicolo","|-supereffective|p2a: Ludicolo","|-damage|p2a: Ludicolo|83/301","|move|p2a: Ludicolo|Ice Beam|p1a: Gengar","|-damage|p1a: Gengar|34/261","|","|turn|21","|","|switch|p2a: Ferrothorn|Ferrothorn, F|232/351","|move|p1a: Gengar|Venoshock|p2a: Ferrothorn","|-immune|p2a: Ferrothorn|[msg]","|","|turn|22","|","|move|p1a: Gengar|Venoshock|p2a: Ferrothorn","|-immune|p2a: Ferrothorn|[msg]","|move|p2a: Ferrothorn|Gyro Ball|p1a: Gengar","|-damage|p1a: Gengar|0 fnt","|faint|p1a: Gengar","|","|","|switch|p1a: Crobat|Crobat, M|308/373 par","|-damage|p1a: Crobat|215/373 par|[from] Stealth Rock","|turn|23","|","|switch|p2a: Sceptile|Sceptile, F|281/281","|move|p1a: Crobat|Curse|p1a: Crobat","|-unboost|p1a: Crobat|spe|1","|-boost|p1a: Crobat|atk|1","|-boost|p1a: Crobat|def|1","|","|turn|24","|","|move|p2a: Sceptile|Thunder Punch|p1a: Crobat","|-supereffective|p1a: Crobat","|-damage|p1a: Crobat|59/373 par","|move|p1a: Crobat|Hypnosis|p2a: Sceptile|[miss]","|-miss|p1a: Crobat|p2a: Sceptile","|","|turn|25","|","|move|p2a: Sceptile|Thunder Punch|p1a: Crobat","|-supereffective|p1a: Crobat","|-damage|p1a: Crobat|0 fnt","|faint|p1a: Crobat","|","|win|Freelancer Photon"],"p1rating":{"entryid":"6731189","serverid":"eos","formatid":"monotype","userid":"guardwanderer","username":"Guard Wanderer","w":"105","l":134,"t":"0","gxe":43.7,"r":"1453.816465785","rd":"26.10975600504","sigma":"0","rptime":"1439197200","rpr":1452.435731247,"rprd":26.048607694253,"rpsigma":"0","acre":1104.4771323858,"lacre":1104.4771323858,"oldacre":"1130.6951205428"},"p2rating":{"entryid":"7529200","serverid":"eos","formatid":"monotype","userid":"freelancerphoton","username":"Freelancer Photon","w":9,"l":"4","t":"0","gxe":59.5,"r":"1547.8391389454","rd":"112.13270210657","sigma":"0","rptime":"1439197200","rpr":1574.4833657885,"rprd":82.147878447013,"rpsigma":"0","acre":1139.9727999376,"lacre":1139.9727999376,"oldacre":"1113.7548117806"},"endType":"normal"}