{"seed":[16712,56349,33840,41871],"turns":40,"p1":"Sjado","p2":"Guard Wanderer","p1team":[{"name":"Alakazam","species":"Alakazam","item":"lifeorb","ability":"Magic Guard","moves":["psychic","dazzlinggleam","focusblast","shadowball"],"nature":"Timid","evs":{"hp":4,"atk":0,"def":0,"spa":252,"spd":0,"spe":252},"ivs":{"hp":31,"atk":31,"def":31,"spa":31,"spd":31,"spe":31}},{"name":"Jirachi","species":"Jirachi","item":"choicescarf","ability":"Serene Grace","moves":["ironhead","uturn","firepunch","zenheadbutt"],"nature":"Jolly","evs":{"hp":0,"atk":252,"def":0,"spa":0,"spd":4,"spe":252},"ivs":{"hp":31,"atk":31,"def":31,"spa":31,"spd":31,"spe":31}},{"name":"Medicham","species":"Medicham","item":"medichamite","ability":"Pure Power","moves":["fakeout","bulletpunch","psychocut","highjumpkick"],"nature":"Jolly","evs":{"hp":0,"atk":252,"def":0,"spa":0,"spd":4,"spe":252},"ivs":{"hp":31,"atk":31,"def":31,"spa":31,"spd":31,"spe":31}},{"name":"Victini","species":"Victini","item":"choicescarf","ability":"Victory Star","moves":["vcreate","boltstrike","uturn","zenheadbutt"],"nature":"Jolly","evs":{"hp":4,"atk":252,"def":0,"spa":0,"spd":0,"spe":252},"ivs":{"hp":31,"atk":31,"def":31,"spa":31,"spd":31,"spe":31}},{"name":"Mew","species":"Mew","item":"leftovers","ability":"Synchronize","moves":["willowisp","softboiled","stealthrock","defog"],"nature":"Timid","evs":{"hp":108,"atk":0,"def":252,"spa":0,"spd":0,"spe":148},"ivs":{"hp":31,"atk":31,"def":31,"spa":31,"spd":31,"spe":31}},{"name":"Slowbro","species":"Slowbro","item":"leftovers","ability":"Regenerator","moves":["scald","slackoff","thunderwave","calmmind"],"nature":"Bold","evs":{"hp":252,"atk":0,"def":252,"spa":4,"spd":0,"spe":0},"ivs":{"hp":31,"atk":31,"def":31,"spa":31,"spd":31,"spe":31}}],"p2team":[{"name":"Weezing","species":"Weezing","item":"sitrusberry","ability":"Levitate","moves":["toxicspikes","willowisp","memento","thief"],"nature":"Careful","evs":{"hp":248,"atk":8,"def":0,"spa":0,"spd":252,"spe":0},"ivs":{"hp":31,"atk":31,"def":31,"spa":31,"spd":31,"spe":31}},{"name":"Tentacruel","species":"Tentacruel","item":"assaultvest","ability":"Liquid Ooze","moves":["scald","acidspray","gigadrain","hex"],"nature":"Timid","evs":{"hp":0,"atk":0,"def":4,"spa":252,"spd":0,"spe":252},"ivs":{"hp":31,"atk":31,"def":31,"spa":31,"spd":31,"spe":31}},{"name":"Skuntank","species":"Skuntank","item":"","ability":"Stench","moves":["snatch","thief","suckerpunch","poisonjab"],"nature":"Adamant","evs":{"hp":248,"atk":252,"def":0,"spa":0,"spd":8,"spe":0},"ivs":{"hp":31,"atk":31,"def":31,"spa":31,"spd":31,"spe":31}},{"name":"Crobat","species":"Crobat","item":"whiteherb","ability":"Infiltrator","moves":["curse","acrobatics","roost","hypnosis"],"nature":"Jolly","evs":{"hp":248,"atk":8,"def":0,"spa":0,"spd":0,"spe":252},"ivs":{"hp":31,"atk":31,"def":31,"spa":31,"spd":31,"spe":31}},{"name":"Gengar","species":"Gengar","item":"choicescarf","ability":"Levitate","moves":["trick","destinybond","venoshock","hex"],"nature":"Timid","evs":{"hp":0,"atk":0,"def":0,"spa":252,"spd":4,"spe":252},"ivs":{"hp":31,"atk":31,"def":31,"spa":31,"spd":31,"spe":31}},{"name":"Amoonguss","species":"Amoonguss","item":"blacksludge","ability":"Regenerator","moves":["spore","gigadrain","gastroacid","stunspore"],"nature":"Calm","evs":{"hp":248,"atk":0,"def":0,"spa":8,"spd":252,"spe":0},"shiny":true,"ivs":{"hp":31,"atk":31,"def":31,"spa":31,"spd":31,"spe":31}}],"log":["|player|p1|Sjado|168","|player|p2|Guard Wanderer|235","|gametype|singles","|gen|6","|tier|Monotype","|rated","|rule|Baton Pass Clause: Limit one Baton Passer, can't pass Spe and other stats simultaneously","|rule|Swagger Clause: Swagger is banned","|rule|Same Type Clause: Pokémon in a team must share a type","|clearpoke","|poke|p1|Alakazam, F","|poke|p1|Jirachi","|poke|p1|Medicham, M","|poke|p1|Victini","|poke|p1|Mew","|poke|p1|Slowbro, F","|poke|p2|Weezing, M","|poke|p2|Tentacruel, M","|poke|p2|Skuntank, M","|poke|p2|Crobat, M","|poke|p2|Gengar, M","|poke|p2|Amoonguss, M, shiny","|rule|Sleep Clause Mod: Limit one foe put to sleep","|rule|Species Clause: Limit one of each Pokémon","|rule|OHKO Clause: OHKO moves are banned","|rule|Moody Clause: Moody is banned","|rule|Evasion Moves Clause: Evasion moves are banned","|rule|Endless Battle Clause: Forcing endless battles is banned","|rule|HP Percentage Mod: HP is shown in percentages","|teampreview","|","|start","|switch|p1a: Slowbro|Slowbro, F|394/394","|switch|p2a: Weezing|Weezing, M|333/333","|turn|1","|","|move|p2a: Weezing|Toxic Spikes|p1a: Slowbro","|-sidestart|p1: Sjado|move: Toxic Spikes","|move|p1a: Slowbro|Thunder Wave|p2a: Weezing","|-status|p2a: Weezing|par","|","|turn|2","|","|move|p1a: Slowbro|Scald|p2a: Weezing","|-damage|p2a: Weezing|249/333 par","|move|p2a: Weezing|Will-O-Wisp|p1a: Slowbro","|-status|p1a: Slowbro|brn","|","|-damage|p1a: Slowbro|345/394 brn|[from] brn","|turn|3","|","|switch|p1a: Mew|Mew|368/368","|-status|p1a: Mew|psn","|move|p2a: Weezing|Toxic Spikes|p1a: Mew","|-sidestart|p1: Sjado|move: Toxic Spikes","|","|-damage|p1a: Mew|322/368 psn|[from] psn","|turn|4","|","|switch|p2a: Skuntank|Skuntank, M|409/409","|move|p1a: Mew|Defog|p2a: Skuntank","|-unboost|p2a: Skuntank|evasion|1","|-sideend|p1: Sjado|Toxic Spikes|[from] move: Defog|[of] p1a: Mew","|","|-heal|p1a: Mew|345/368 psn|[from] item: Leftovers","|-damage|p1a: Mew|299/368 psn|[from] psn","|turn|5","|","|switch|p1a: Slowbro|Slowbro, F|394/394 brn","|move|p2a: Skuntank|Thief|p1a: Slowbro","|-supereffective|p1a: Slowbro","|-damage|p1a: Slowbro|254/394 brn","|-item|p2a: Skuntank|Leftovers|[from] move: Thief|[of] p1a: Slowbro","|","|-damage|p1a: Slowbro|205/394 brn|[from] brn","|turn|6","|","|switch|p2a: Weezing|Weezing, M|249/333 par","|move|p1a: Slowbro|Thunder Wave|p2a: Weezing","|-fail|p2a: Weezing|par","|","|-damage|p1a: Slowbro|156/394 brn|[from] brn","|turn|7","|","|move|p1a: Slowbro|Slack Off|p1a: Slowbro","|-heal|p1a: Slowbro|353/394 brn","|move|p2a: Weezing|Toxic Spikes|p1a: Slowbro","|-sidestart|p1: Sjado|move: Toxic Spikes","|","|-damage|p1a: Slowbro|304/394 brn|[from] brn","|turn|8","|","|switch|p1a: Alakazam|Alakazam, F|252/252","|-status|p1a: Alakazam|psn","|switch|p2a: Amoonguss|Amoonguss, M, shiny|431/431","|","|turn|9","|","|move|p1a: Alakazam|Shadow Ball|p2a: Amoonguss","|-damage|p2a: Amoonguss|327/431","|move|p2a: Amoonguss|Gastro Acid|p1a: Alakazam","|-endability|p1a: Alakazam","|","|-heal|p2a: Amoonguss|353/431|[from] item: Black Sludge","|-damage|p1a: Alakazam|221/252 psn|[from] psn","|turn|10","|","|switch|p1a: Mew|Mew|299/368 psn","|move|p2a: Amoonguss|Giga Drain|p1a: Mew","|-damage|p1a: Mew|220/368 psn","|-heal|p2a: Amoonguss|393/431|[from] drain|[of] p1a: Mew","|","|-heal|p1a: Mew|243/368 psn|[from] item: Leftovers","|-heal|p2a: Amoonguss|419/431|[from] item: Black Sludge","|-damage|p1a: Mew|197/368 psn|[from] psn","|turn|11","|","|move|p1a: Mew|Will-O-Wisp|p2a: Amoonguss","|-status|p2a: Amoonguss|brn","|move|p2a: Amoonguss|Giga Drain|p1a: Mew","|-damage|p1a: Mew|116/368 psn","|-heal|p2a: Amoonguss|431/431 brn|[from] drain|[of] p1a: Mew","|","|-heal|p1a: Mew|139/368 psn|[from] item: Leftovers","|-damage|p1a: Mew|93/368 psn|[from] psn","|-damage|p2a: Amoonguss|378/431 brn|[from] brn","|turn|12","|","|move|p1a: Mew|Soft-Boiled|p1a: Mew","|-heal|p1a: Mew|277/368 psn","|move|p2a: Amoonguss|Giga Drain|p1a: Mew","|-damage|p1a: Mew|199/368 psn","|-heal|p2a: Amoonguss|417/431 brn|[from] drain|[of] p1a: Mew","|","|-heal|p1a: Mew|222/368 psn|[from] item: Leftovers","|-heal|p2a: Amoonguss|431/431 brn|[from] item: Black Sludge","|-damage|p1a: Mew|176/368 psn|[from] psn","|-damage|p2a: Amoonguss|378/431 brn|[from] brn","|turn|13","|","|move|p1a: Mew|Defog|p2a: Amoonguss","|-unboost|p2a: Amoonguss|evasion|1","|-sideend|p1: Sjado|Toxic Spikes|[from] move: Defog|[of] p1a: Mew","|move|p2a: Amoonguss|Giga Drain|p1a: Mew","|-damage|p1a: Mew|100/368 psn","|-heal|p2a: Amoonguss|416/431 brn|[from] drain|[of] p1a: Mew","|","|-heal|p1a: Mew|123/368 psn|[from] item: Leftovers","|-heal|p2a: Amoonguss|431/431 brn|[from] item: Black Sludge","|-damage|p1a: Mew|77/368 psn|[from] psn","|-damage|p2a: Amoonguss|378/431 brn|[from] brn","|turn|14","|","|switch|p2a: Skuntank|Skuntank, M|409/409","|move|p1a: Mew|Will-O-Wisp|p2a: Skuntank|[miss]","|-miss|p1a: Mew|p2a: Skuntank","|","|-heal|p1a: Mew|100/368 psn|[from] item: Leftovers","|-damage|p1a: Mew|54/368 psn|[from] psn","|turn|15","|","|switch|p1a: Slowbro|Slowbro, F|394/394 brn","|move|p2a: Skuntank|Snatch|p2a: Skuntank","|-singleturn|p2a: Skuntank|Snatch","|","|-damage|p1a: Slowbro|345/394 brn|[from] brn","|turn|16","|","|switch|p2a: Weezing|Weezing, M|249/333 par","|switch|p1a: Mew|Mew|54/368 psn","|","|-heal|p1a: Mew|77/368 psn|[from] item: Leftovers","|-damage|p1a: Mew|31/368 psn|[from] psn","|turn|17","|","|move|p1a: Mew|Soft-Boiled|p1a: Mew","|-heal|p1a: Mew|215/368 psn","|move|p2a: Weezing|Thief|p1a: Mew","|-supereffective|p1a: Mew","|-damage|p1a: Mew|149/368 psn","|","|-heal|p1a: Mew|172/368 psn|[from] item: Leftovers","|-damage|p1a: Mew|126/368 psn|[from] psn","|turn|18","|","|move|p1a: Mew|Soft-Boiled|p1a: Mew","|-heal|p1a: Mew|310/368 psn","|move|p2a: Weezing|Toxic Spikes|p1a: Mew","|-sidestart|p1: Sjado|move: Toxic Spikes","|","|-heal|p1a: Mew|333/368 psn|[from] item: Leftovers","|-damage|p1a: Mew|287/368 psn|[from] psn","|turn|19","|","|switch|p2a: Skuntank|Skuntank, M|409/409","|move|p1a: Mew|Defog|p2a: Skuntank","|-unboost|p2a: Skuntank|evasion|1","|-sideend|p1: Sjado|Toxic Spikes|[from] move: Defog|[of] p1a: Mew","|","|-heal|p1a: Mew|310/368 psn|[from] item: Leftovers","|-damage|p1a: Mew|264/368 psn|[from] psn","|turn|20","|","|switch|p2a: Gengar|Gengar, M|261/261","|move|p1a: Mew|Will-O-Wisp|p2a: Gengar","|-status|p2a: Gengar|brn","|","|-heal|p1a: Mew|287/368 psn|[from] item: Leftovers","|-damage|p2a: Gengar|229/261 brn|[from] brn","|-damage|p1a: Mew|241/368 psn|[from] psn","|turn|21","|","|move|p2a: Gengar|Hex|p1a: Mew","|-supereffective|p1a: Mew","|-damage|p1a: Mew|0 fnt","|faint|p1a: Mew","|","|-damage|p2a: Gengar|197/261 brn|[from] brn","|","|switch|p1a: Jirachi|Jirachi|341/341","|turn|22","|","|switch|p2a: Amoonguss|Amoonguss, M, shiny|431/431 brn","|move|p1a: Jirachi|Zen Headbutt|p2a: Amoonguss","|-supereffective|p2a: Amoonguss","|-damage|p2a: Amoonguss|119/431 brn","|","|-heal|p2a: Amoonguss|145/431 brn|[from] item: Black Sludge","|-damage|p2a: Amoonguss|92/431 brn|[from] brn","|turn|23","|","|switch|p1a: Slowbro|Slowbro, F|394/394 brn","|switch|p2a: Skuntank|Skuntank, M|409/409","|","|-damage|p1a: Slowbro|345/394 brn|[from] brn","|turn|24","|","|move|p2a: Skuntank|Sucker Punch|p1a: Slowbro","|-supereffective|p1a: Slowbro","|-damage|p1a: Slowbro|181/394 brn","|move|p1a: Slowbro|Scald|p2a: Skuntank","|-damage|p2a: Skuntank|262/409","|-status|p2a: Skuntank|brn","|","|-heal|p2a: Skuntank|287/409 brn|[from] item: Leftovers","|-damage|p2a: Skuntank|236/409 brn|[from] brn","|-damage|p1a: Slowbro|132/394 brn|[from] brn","|turn|25","|","|move|p2a: Skuntank|Snatch|p2a: Skuntank","|-singleturn|p2a: Skuntank|Snatch","|move|p1a: Slowbro|Slack Off|p1a: Slowbro","|-activate|p2a: Skuntank|Snatch|[of] p1a: Slowbro","|move|p2a: Skuntank|Slack Off|p2a: Skuntank|[from]Snatch","|-heal|p2a: Skuntank|409/409 brn","|","|-damage|p2a: Skuntank|358/409 brn|[from] brn","|-damage|p1a: Slowbro|83/394 brn|[from] brn","|turn|26","|","|switch|p1a: Medicham|Medicham, M|261/261","|move|p2a: Skuntank|Thief|p1a: Medicham","|-damage|p1a: Medicham|207/261","|","|-heal|p2a: Skuntank|383/409 brn|[from] item: Leftovers","|-damage|p2a: Skuntank|332/409 brn|[from] brn","|turn|27","|","|detailschange|p1a: Medicham|Medicham-Mega, M","|-mega|p1a: Medicham|Medicham|Medichamite","|move|p1a: Medicham|Fake Out|p2a: Skuntank","|-damage|p2a: Skuntank|226/409 brn","|cant|p2a: Skuntank|flinch","|","|-heal|p2a: Skuntank|251/409 brn|[from] item: Leftovers","|-damage|p2a: Skuntank|200/409 brn|[from] brn","|turn|28","|","|switch|p1a: Slowbro|Slowbro, F|214/394 brn","|move|p2a: Skuntank|Poison Jab|p1a: Slowbro","|-damage|p1a: Slowbro|173/394 brn","|","|-heal|p2a: Skuntank|225/409 brn|[from] item: Leftovers","|-damage|p2a: Skuntank|174/409 brn|[from] brn","|-damage|p1a: Slowbro|124/394 brn|[from] brn","|turn|29","|","|move|p2a: Skuntank|Snatch|p2a: Skuntank","|-singleturn|p2a: Skuntank|Snatch","|move|p1a: Slowbro|Scald|p2a: Skuntank","|-damage|p2a: Skuntank|35/409 brn","|","|-heal|p2a: Skuntank|60/409 brn|[from] item: Leftovers","|-damage|p2a: Skuntank|9/409 brn|[from] brn","|-damage|p1a: Slowbro|75/394 brn|[from] brn","|turn|30","|","|switch|p1a: Jirachi|Jirachi|341/341","|move|p2a: Skuntank|Snatch|p2a: Skuntank","|-singleturn|p2a: Skuntank|Snatch","|","|-heal|p2a: Skuntank|34/409 brn|[from] item: Leftovers","|-damage|p2a: Skuntank|0 fnt|[from] brn","|faint|p2a: Skuntank","|","|switch|p2a: Weezing|Weezing, M|249/333 par","|turn|31","|","|move|p1a: Jirachi|Zen Headbutt|p2a: Weezing","|-supereffective|p2a: Weezing","|-damage|p2a: Weezing|55/333 par","|-enditem|p2a: Weezing|Sitrus Berry|[eat]","|-heal|p2a: Weezing|138/333 par|[from] item: Sitrus Berry","|move|p2a: Weezing|Toxic Spikes|p1a: Jirachi","|-sidestart|p1: Sjado|move: Toxic Spikes","|","|turn|32","|","|move|p1a: Jirachi|Zen Headbutt|p2a: Weezing","|-supereffective|p2a: Weezing","|-damage|p2a: Weezing|0 fnt","|faint|p2a: Weezing","|","|","|switch|p2a: Crobat|Crobat, M|373/373","|turn|33","|","|move|p1a: Jirachi|Zen Headbutt|p2a: Crobat|[miss]","|-miss|p1a: Jirachi|p2a: Crobat","|move|p2a: Crobat|Hypnosis|p1a: Jirachi","|-status|p1a: Jirachi|slp","|","|turn|34","|","|switch|p1a: Slowbro|Slowbro, F|206/394 brn","|switch|p2a: Gengar|Gengar, M|197/261 brn","|","|-damage|p2a: Gengar|165/261 brn|[from] brn","|-damage|p1a: Slowbro|157/394 brn|[from] brn","|turn|35","|","|move|p2a: Gengar|Hex|p1a: Slowbro","|-supereffective|p1a: Slowbro","|-damage|p1a: Slowbro|0 fnt","|faint|p1a: Slowbro","|","|-damage|p2a: Gengar|133/261 brn|[from] brn","|","|switch|p1a: Medicham|Medicham-Mega, M|207/261","|-status|p1a: Medicham|psn","|turn|36","|","|move|p1a: Medicham|Bullet Punch|p2a: Gengar","|-damage|p2a: Gengar|15/261 brn","|move|p2a: Gengar|Hex|p1a: Medicham","|-supereffective|p1a: Medicham","|-damage|p1a: Medicham|0 fnt","|faint|p1a: Medicham","|","|-damage|p2a: Gengar|0 fnt|[from] brn","|faint|p2a: Gengar","|","|switch|p1a: Victini|Victini|342/342","|switch|p2a: Tentacruel|Tentacruel, M|301/301","|-status|p1a: Victini|psn","|turn|37","|","|switch|p2a: Amoonguss|Amoonguss, M, shiny|235/431 brn","|move|p1a: Victini|Zen Headbutt|p2a: Amoonguss","|-supereffective|p2a: Amoonguss","|-damage|p2a: Amoonguss|0 fnt","|faint|p2a: Amoonguss","|","|-damage|p1a: Victini|300/342 psn|[from] psn","|","|switch|p2a: Tentacruel|Tentacruel, M|301/301","|turn|38","|","|move|p1a: Victini|Zen Headbutt|p2a: Tentacruel","|-crit|p2a: Tentacruel","|-supereffective|p2a: Tentacruel","|-damage|p2a: Tentacruel|0 fnt","|faint|p2a: Tentacruel","|","|-damage|p1a: Victini|258/342 psn|[from] psn","|","|switch|p2a: Crobat|Crobat, M|373/373","|turn|39","|","|move|p1a: Victini|Zen Headbutt|p2a: Crobat","|-supereffective|p2a: Crobat","|-damage|p2a: Crobat|61/373","|move|p2a: Crobat|Curse|p2a: Crobat","|-unboost|p2a: Crobat|spe|1","|-boost|p2a: Crobat|atk|1","|-boost|p2a: Crobat|def|1","|-enditem|p2a: Crobat|White Herb","|-restoreboost|p2a: Crobat|[silent]","|","|-damage|p1a: Victini|216/342 psn|[from] psn","|turn|40","|","|move|p1a: Victini|Zen Headbutt|p2a: Crobat","|-supereffective|p2a: Crobat","|-damage|p2a: Crobat|0 fnt","|faint|p2a: Crobat","|","|win|Sjado"],"p1rating":{"entryid":"6705129","serverid":"eos","formatid":"monotype","userid":"sjado","username":"Sjado","w":4,"l":"3","t":"0","gxe":50.2,"r":"1435.4693692057","rd":"130.05185590139","sigma":"0","rptime":"1439197200","rpr":1501.2977908213,"rprd":98.881735262716,"rpsigma":"0","acre":1112.2336737793,"lacre":1112.2336737793,"oldacre":"1084.5445927021"},"p2rating":{"entryid":"6731189","serverid":"eos","formatid":"monotype","userid":"guardwanderer","username":"Guard Wanderer","w":"107","l":137,"t":"0","gxe":43.5,"r":"1453.816465785","rd":"26.10975600504","sigma":"0","rptime":"1439197200","rpr":1450.9783523728,"rprd":25.733171479652,"rpsigma":"0","acre":1065.5538584816,"lacre":1065.5538584816,"oldacre":"1089.2603526216"},"endType":"normal"}