{"seed":[3047,38583,57256,32941],"turns":33,"p1":"LightOfAKnowing","p2":"imp jk","p1team":[{"name":"Vespiquen","species":"Vespiquen","item":"laxincense","ability":"Pressure","moves":["defendorder","infestation","mudslap","roost"],"nature":"Gentle","evs":{"hp":248,"atk":8,"def":0,"spa":0,"spd":252,"spe":0},"ivs":{"hp":31,"atk":31,"def":31,"spa":31,"spd":31,"spe":31}},{"name":"Heracross","species":"Heracross","item":"choicescarf","ability":"Moxie","moves":["closecombat","megahorn","knockoff","pursuit"],"nature":"Jolly","evs":{"hp":0,"atk":252,"def":0,"spa":0,"spd":4,"spe":252},"ivs":{"hp":31,"atk":31,"def":31,"spa":31,"spd":31,"spe":31}},{"name":"Forretress","species":"Forretress","item":"custapberry","ability":"Sturdy","moves":["stealthrock","rapidspin","explosion","spikes"],"nature":"Impish","evs":{"hp":248,"atk":8,"def":252,"spa":0,"spd":0,"spe":0},"ivs":{"hp":31,"atk":31,"def":31,"spa":31,"spd":31,"spe":31}},{"name":"Galvantula","species":"Galvantula","item":"focussash","ability":"Swarm","moves":["stickyweb","bugbuzz","voltswitch","suckerpunch"],"nature":"Hasty","evs":{"hp":0,"atk":4,"def":0,"spa":252,"spd":0,"spe":252},"ivs":{"hp":31,"atk":31,"def":31,"spa":31,"spd":31,"spe":31}},{"name":"Pinsir","species":"Pinsir","item":"pinsirite","ability":"Moxie","moves":["quickattack","xscissor","frustration","closecombat"],"nature":"Adamant","evs":{"hp":248,"atk":252,"def":0,"spa":0,"spd":8,"spe":0},"happiness":0,"ivs":{"hp":31,"atk":31,"def":31,"spa":31,"spd":31,"spe":31}},{"name":"Genesect","species":"Genesect","item":"choicescarf","ability":"Download","moves":["extremespeed","blazekick","uturn","ironhead"],"nature":"Hasty","evs":{"hp":0,"atk":252,"def":0,"spa":0,"spd":4,"spe":252},"shiny":true,"ivs":{"hp":31,"atk":31,"def":31,"spa":31,"spd":31,"spe":31}}],"p2team":[{"name":"Pikachu-Belle","species":"Pikachu-Belle","item":"lightball","ability":"Lightning Rod","moves":["brickbreak","knockoff","iciclecrash","wildcharge"],"nature":"Adamant","evs":{"hp":0,"atk":252,"def":0,"spa":0,"spd":0,"spe":252},"ivs":{"hp":31,"atk":31,"def":31,"spa":31,"spd":31,"spe":31}},{"name":"Eelektross","species":"Eelektross","item":"assaultvest","ability":"Levitate","moves":["drainpunch","knockoff","thunderpunch","superfang"],"nature":"Careful","evs":{"hp":252,"atk":64,"def":0,"spa":0,"spd":192,"spe":0},"ivs":{"hp":31,"atk":31,"def":31,"spa":31,"spd":31,"spe":31}},{"name":"Zapdos","species":"Zapdos","item":"leftovers","ability":"Pressure","moves":["defog","discharge","heatwave","roost"],"nature":"Bold","evs":{"hp":252,"atk":0,"def":252,"spa":4,"spd":0,"spe":0},"ivs":{"hp":31,"atk":31,"def":31,"spa":31,"spd":31,"spe":31}},{"name":"Magnezone","species":"Magnezone","item":"custapberry","ability":"Sturdy","moves":["flashcannon","voltswitch","mirrorcoat","hiddenpowerice"],"nature":"Modest","evs":{"hp":40,"atk":0,"def":0,"spa":216,"spd":0,"spe":252},"ivs":{"hp":31,"atk":30,"def":30,"spa":31,"spd":31,"spe":31}},{"name":"Galvantula","species":"Galvantula","item":"focussash","ability":"Compound Eyes","moves":["energyball","thunder","stickyweb","bugbuzz"],"nature":"Modest","evs":{"hp":0,"atk":0,"def":0,"spa":252,"spd":0,"spe":252},"ivs":{"hp":31,"atk":31,"def":31,"spa":31,"spd":31,"spe":31}},{"name":"Magneton","species":"Magneton","item":"choicescarf","ability":"Sturdy","moves":["flashcannon","voltswitch","hiddenpowerfire","signalbeam"],"nature":"Modest","evs":{"hp":0,"atk":0,"def":0,"spa":252,"spd":0,"spe":252},"ivs":{"hp":31,"atk":30,"def":31,"spa":30,"spd":31,"spe":30}}],"log":["|player|p1|LightOfAKnowing|lightofaknowing.gif","|player|p2|imp jk|196","|gametype|singles","|gen|6","|tier|Monotype","|rated","|rule|Baton Pass Clause: Limit one Baton Passer, can't pass Spe and other stats simultaneously","|rule|Swagger Clause: Swagger is banned","|rule|Same Type Clause: Pokémon in a team must share a type","|clearpoke","|poke|p1|Vespiquen, F","|poke|p1|Heracross, F","|poke|p1|Forretress, F","|poke|p1|Galvantula, M","|poke|p1|Pinsir, M","|poke|p1|Genesect-*, shiny","|poke|p2|Pikachu-Belle, F","|poke|p2|Eelektross, M","|poke|p2|Zapdos","|poke|p2|Magnezone","|poke|p2|Galvantula, F","|poke|p2|Magneton","|rule|Sleep Clause Mod: Limit one foe put to sleep","|rule|Species Clause: Limit one of each Pokémon","|rule|OHKO Clause: OHKO moves are banned","|rule|Moody Clause: Moody is banned","|rule|Evasion Moves Clause: Evasion moves are banned","|rule|Endless Battle Clause: Forcing endless battles is banned","|rule|HP Percentage Mod: HP is shown in percentages","|teampreview","|","|start","|switch|p1a: Vespiquen|Vespiquen, F|343/343","|switch|p2a: Zapdos|Zapdos|384/384","|-ability|p2a: Zapdos|Pressure","|-ability|p1a: Vespiquen|Pressure","|turn|1","|","|move|p2a: Zapdos|Heat Wave|p1a: Vespiquen","|-supereffective|p1a: Vespiquen","|-damage|p1a: Vespiquen|219/343","|move|p1a: Vespiquen|Defend Order|p1a: Vespiquen","|-boost|p1a: Vespiquen|def|1","|-boost|p1a: Vespiquen|spd|1","|","|turn|2","|","|move|p2a: Zapdos|Discharge|p1a: Vespiquen","|-supereffective|p1a: Vespiquen","|-damage|p1a: Vespiquen|115/343","|-status|p1a: Vespiquen|par","|cant|p1a: Vespiquen|par","|","|turn|3","|","|move|p2a: Zapdos|Discharge|p1a: Vespiquen","|-miss|p2a: Zapdos|p1a: Vespiquen","|move|p1a: Vespiquen|Roost|p1a: Vespiquen","|-heal|p1a: Vespiquen|287/343 par","|","|turn|4","|","|switch|p2a: Eelektross|Eelektross, M|374/374","|move|p1a: Vespiquen|Defend Order|p1a: Vespiquen","|-boost|p1a: Vespiquen|def|1","|-boost|p1a: Vespiquen|spd|1","|","|turn|5","|","|move|p2a: Eelektross|Knock Off|p1a: Vespiquen","|-damage|p1a: Vespiquen|241/343 par","|-enditem|p1a: Vespiquen|Lax Incense|[from] move: Knock Off|[of] p2a: Eelektross","|move|p1a: Vespiquen|Infestation|p2a: Eelektross","|-damage|p2a: Eelektross|361/374","|-activate|p2a: Eelektross|move: Infestation|[of] p1a: Vespiquen","|","|-damage|p2a: Eelektross|315/374|[from] move: Infestation|[partiallytrapped]","|turn|6","|","|move|p2a: Eelektross|Super Fang|p1a: Vespiquen|[miss]","|-miss|p2a: Eelektross|p1a: Vespiquen","|move|p1a: Vespiquen|Roost|p1a: Vespiquen","|-heal|p1a: Vespiquen|343/343 par","|","|-damage|p2a: Eelektross|269/374|[from] move: Infestation|[partiallytrapped]","|turn|7","|","|move|p2a: Eelektross|Super Fang|p1a: Vespiquen","|-damage|p1a: Vespiquen|172/343 par","|move|p1a: Vespiquen|Defend Order|p1a: Vespiquen","|-boost|p1a: Vespiquen|def|1","|-boost|p1a: Vespiquen|spd|1","|","|-damage|p2a: Eelektross|223/374|[from] move: Infestation|[partiallytrapped]","|turn|8","|","|move|p2a: Eelektross|Super Fang|p1a: Vespiquen","|-damage|p1a: Vespiquen|86/343 par","|move|p1a: Vespiquen|Roost|p1a: Vespiquen","|-heal|p1a: Vespiquen|258/343 par","|","|-damage|p2a: Eelektross|177/374|[from] move: Infestation|[partiallytrapped]","|turn|9","|","|move|p2a: Eelektross|Super Fang|p1a: Vespiquen","|-damage|p1a: Vespiquen|129/343 par","|move|p1a: Vespiquen|Roost|p1a: Vespiquen","|-heal|p1a: Vespiquen|301/343 par","|","|-end|p2a: Eelektross|Infestation|[partiallytrapped]","|turn|10","|","|move|p2a: Eelektross|Super Fang|p1a: Vespiquen","|-damage|p1a: Vespiquen|151/343 par","|move|p1a: Vespiquen|Infestation|p2a: Eelektross","|-damage|p2a: Eelektross|164/374","|-activate|p2a: Eelektross|move: Infestation|[of] p1a: Vespiquen","|","|-damage|p2a: Eelektross|118/374|[from] move: Infestation|[partiallytrapped]","|turn|11","|","|move|p2a: Eelektross|Thunder Punch|p1a: Vespiquen","|-supereffective|p1a: Vespiquen","|-damage|p1a: Vespiquen|53/343 par","|move|p1a: Vespiquen|Roost|p1a: Vespiquen","|-heal|p1a: Vespiquen|225/343 par","|","|-damage|p2a: Eelektross|72/374|[from] move: Infestation|[partiallytrapped]","|turn|12","|","|move|p2a: Eelektross|Super Fang|p1a: Vespiquen|[miss]","|-miss|p2a: Eelektross|p1a: Vespiquen","|move|p1a: Vespiquen|Roost|p1a: Vespiquen","|-heal|p1a: Vespiquen|343/343 par","|","|-damage|p2a: Eelektross|26/374|[from] move: Infestation|[partiallytrapped]","|turn|13","|","|move|p2a: Eelektross|Super Fang|p1a: Vespiquen","|-damage|p1a: Vespiquen|172/343 par","|move|p1a: Vespiquen|Defend Order|p1a: Vespiquen","|-boost|p1a: Vespiquen|def|1","|-boost|p1a: Vespiquen|spd|1","|","|-damage|p2a: Eelektross|0 fnt|[from] move: Infestation|[partiallytrapped]","|faint|p2a: Eelektross","|","|switch|p2a: Pikachu-Belle|Pikachu-Belle, F|211/211","|turn|14","|","|move|p2a: Pikachu-Belle|Wild Charge|p1a: Vespiquen","|-supereffective|p1a: Vespiquen","|-damage|p1a: Vespiquen|32/343 par","|-damage|p2a: Pikachu-Belle|176/211|[from] recoil|[of] p1a: Vespiquen","|move|p1a: Vespiquen|Roost|p1a: Vespiquen","|-heal|p1a: Vespiquen|204/343 par","|","|turn|15","|","|move|p2a: Pikachu-Belle|Wild Charge|p1a: Vespiquen","|-supereffective|p1a: Vespiquen","|-damage|p1a: Vespiquen|46/343 par","|-damage|p2a: Pikachu-Belle|136/211|[from] recoil|[of] p1a: Vespiquen","|move|p1a: Vespiquen|Roost|p1a: Vespiquen","|-heal|p1a: Vespiquen|218/343 par","|","|turn|16","|","|move|p2a: Pikachu-Belle|Wild Charge|p1a: Vespiquen","|-supereffective|p1a: Vespiquen","|-damage|p1a: Vespiquen|68/343 par","|-damage|p2a: Pikachu-Belle|98/211|[from] recoil|[of] p1a: Vespiquen","|move|p1a: Vespiquen|Mud-Slap|p2a: Pikachu-Belle","|-supereffective|p2a: Pikachu-Belle","|-damage|p2a: Pikachu-Belle|50/211","|-unboost|p2a: Pikachu-Belle|accuracy|1","|","|turn|17","|","|move|p2a: Pikachu-Belle|Wild Charge|p1a: Vespiquen","|-supereffective|p1a: Vespiquen","|-damage|p1a: Vespiquen|0 fnt","|-damage|p2a: Pikachu-Belle|33/211|[from] recoil|[of] p1a: Vespiquen","|faint|p1a: Vespiquen","|","|","|switch|p1a: Heracross|Heracross, F|301/301","|turn|18","|","|switch|p2a: Zapdos|Zapdos|384/384","|-ability|p2a: Zapdos|Pressure","|move|p1a: Heracross|Knock Off|p2a: Zapdos","|-damage|p2a: Zapdos|295/384","|-enditem|p2a: Zapdos|Leftovers|[from] move: Knock Off|[of] p1a: Heracross","|","|turn|19","|","|switch|p1a: Galvantula|Galvantula, M|281/281","|move|p2a: Zapdos|Heat Wave|p1a: Galvantula","|-supereffective|p1a: Galvantula","|-damage|p1a: Galvantula|1/281","|","|turn|20","|","|move|p1a: Galvantula|Sticky Web|p2a: Zapdos","|-sidestart|p2: imp jk|move: Sticky Web","|move|p2a: Zapdos|Discharge|p1a: Galvantula","|-resisted|p1a: Galvantula","|-damage|p1a: Galvantula|0 fnt","|faint|p1a: Galvantula","|","|","|switch|p1a: Forretress|Forretress, F|353/353","|turn|21","|","|move|p2a: Zapdos|Heat Wave|p1a: Forretress","|-supereffective|p1a: Forretress","|-ability|p1a: Forretress|Sturdy","|-damage|p1a: Forretress|1/353","|move|p1a: Forretress|Stealth Rock|p2a: Zapdos","|-sidestart|p2: imp jk|move: Stealth Rock","|","|turn|22","|-enditem|p1a: Forretress|Custap Berry|[eat]","|-activate|p1a: Forretress|Custap Berry","|","|move|p1a: Forretress|Explosion|p2a: Zapdos","|-damage|p2a: Zapdos|148/384","|faint|p1a: Forretress","|move|p2a: Zapdos|Defog|p1: Forretress|[notarget]","|-notarget","|","|","|switch|p1a: Genesect|Genesect, shiny|283/283","|-boost|p1a: Genesect|spa|1|[from] ability: Download","|turn|23","|","|move|p1a: Genesect|Extreme Speed|p2a: Zapdos","|-damage|p2a: Zapdos|79/384","|move|p2a: Zapdos|Discharge|p1a: Genesect","|-damage|p1a: Genesect|165/283","|-status|p1a: Genesect|par","|","|turn|24","|","|move|p1a: Genesect|Extreme Speed|p2a: Zapdos","|-damage|p2a: Zapdos|8/384","|move|p2a: Zapdos|Defog|p1a: Genesect","|-unboost|p1a: Genesect|evasion|1","|-sideend|p2: imp jk|Stealth Rock|[from] move: Defog|[of] p2a: Zapdos","|-sideend|p2: imp jk|Sticky Web|[from] move: Defog|[of] p2a: Zapdos","|","|turn|25","|","|move|p1a: Genesect|Extreme Speed|p2a: Zapdos","|-damage|p2a: Zapdos|0 fnt","|faint|p2a: Zapdos","|","|","|switch|p2a: Galvantula|Galvantula, F|281/281","|turn|26","|","|move|p1a: Genesect|Extreme Speed|p2a: Galvantula","|-damage|p2a: Galvantula|151/281","|move|p2a: Galvantula|Sticky Web|p1a: Genesect","|-sidestart|p1: LightOfAKnowing|move: Sticky Web","|","|turn|27","|","|move|p1a: Genesect|Extreme Speed|p2a: Galvantula","|-damage|p2a: Galvantula|24/281","|move|p2a: Galvantula|Thunder|p1a: Genesect","|-damage|p1a: Genesect|0 fnt","|faint|p1a: Genesect","|","|","|switch|p1a: Pinsir|Pinsir, M|333/333","|-activate|p1a: Pinsir|move: Sticky Web","|-unboost|p1a: Pinsir|spe|1","|turn|28","|","|move|p1a: Pinsir|Quick Attack|p2a: Galvantula","|-damage|p2a: Galvantula|0 fnt","|faint|p2a: Galvantula","|-boost|p1a: Pinsir|atk|1|[from] ability: Moxie","|","|","|switch|p2a: Magneton|Magneton|241/241","|turn|29","|","|move|p2a: Magneton|Hidden Power|p1a: Pinsir","|-supereffective|p1a: Pinsir","|-damage|p1a: Pinsir|147/333","|move|p1a: Pinsir|Close Combat|p2a: Magneton","|-supereffective|p2a: Magneton","|-ability|p2a: Magneton|Sturdy","|-damage|p2a: Magneton|1/241","|-unboost|p1a: Pinsir|def|1","|-unboost|p1a: Pinsir|spd|1","|","|turn|30","|","|move|p1a: Pinsir|Quick Attack|p2a: Magneton","|-resisted|p2a: Magneton","|-damage|p2a: Magneton|0 fnt","|faint|p2a: Magneton","|-boost|p1a: Pinsir|atk|1|[from] ability: Moxie","|","|","|switch|p2a: Magnezone|Magnezone|291/291","|turn|31","|","|detailschange|p1a: Pinsir|Pinsir-Mega, M","|-mega|p1a: Pinsir|Pinsir|Pinsirite","|move|p1a: Pinsir|Quick Attack|p2a: Magnezone","|-resisted|p2a: Magnezone","|-damage|p2a: Magnezone|242/291","|move|p2a: Magnezone|Flash Cannon|p1a: Pinsir","|-damage|p1a: Pinsir|0 fnt","|faint|p1a: Pinsir","|","|","|switch|p1a: Heracross|Heracross, F|301/301","|-activate|p1a: Heracross|move: Sticky Web","|-unboost|p1a: Heracross|spe|1","|turn|32","|","|move|p1a: Heracross|Close Combat|p2a: Magnezone","|-supereffective|p2a: Magnezone","|-damage|p2a: Magnezone|0 fnt","|-unboost|p1a: Heracross|def|1","|-unboost|p1a: Heracross|spd|1","|faint|p2a: Magnezone","|-boost|p1a: Heracross|atk|1|[from] ability: Moxie","|","|","|switch|p2a: Pikachu-Belle|Pikachu-Belle, F|33/211","|turn|33","|","|move|p1a: Heracross|Close Combat|p2a: Pikachu-Belle","|-damage|p2a: Pikachu-Belle|0 fnt","|-unboost|p1a: Heracross|def|1","|-unboost|p1a: Heracross|spd|1","|faint|p2a: Pikachu-Belle","|-boost|p1a: Heracross|atk|1|[from] ability: Moxie","|","|win|LightOfAKnowing"],"p1rating":{"entryid":"6481865","serverid":"eos","formatid":"monotype","userid":"lightofaknowing","username":"Light-Of-A-Knowing","w":123,"l":"166","t":"0","gxe":40.9,"r":1428.1223767321,"rd":29.192619857657,"sigma":"0","rptime":1439197200,"rpr":1430.8026553264,"rprd":29.108073671804,"rpsigma":"0","acre":1051.729218107,"lacre":1051.729218107,"oldacre":"1008.251992526"},"p2rating":{"entryid":"7537159","serverid":"eos","formatid":"monotype","userid":"impjk","username":"Imp❇ Jk","w":"1","l":1,"t":"0","gxe":47.6,"r":"1500","rd":"130","sigma":"0","rptime":"1439197200","rpr":1481.0975408346,"rprd":116.11471388556,"rpsigma":"0","acre":1030.9737271008,"lacre":1030.9737271008,"oldacre":"1050.7242798969"},"endType":"normal"}