{"seed":[33238,47210,27229,19368],"turns":19,"p1":"Prolixity","p2":"my team tho bruh","p1team":[{"name":"Sharpedo","species":"Sharpedo","item":"focussash","ability":"Speed Boost","moves":["aquajet","crunch","earthquake","substitute"],"nature":"Adamant","evs":{"hp":0,"atk":252,"def":0,"spa":0,"spd":4,"spe":252},"ivs":{"hp":31,"atk":31,"def":31,"spa":31,"spd":31,"spe":31}},{"name":"Keldeo","species":"Keldeo","item":"lifeorb","ability":"Justified","moves":["aquajet","secretsword","scald","closecombat"],"nature":"Hasty","evs":{"hp":0,"atk":4,"def":0,"spa":252,"spd":0,"spe":252},"ivs":{"hp":31,"atk":31,"def":31,"spa":31,"spd":31,"spe":31}},{"name":"Carracosta","species":"Carracosta","item":"sitrusberry","ability":"Sturdy","moves":["aquajet","shellsmash","dive","stoneedge"],"nature":"","evs":{"hp":0,"atk":0,"def":0,"spa":0,"spd":0,"spe":0},"ivs":{"hp":31,"atk":31,"def":31,"spa":31,"spd":31,"spe":31}},{"name":"Politoed","species":"Politoed","item":"quickclaw","ability":"Drizzle","moves":["scald","hydropump","hypnosis","wakeupslap"],"nature":"Mild","evs":{"hp":248,"atk":8,"def":0,"spa":252,"spd":0,"spe":0},"ivs":{"hp":31,"atk":31,"def":31,"spa":31,"spd":31,"spe":31}},{"name":"Cloyster","species":"Cloyster","item":"focussash","ability":"Skill Link","moves":["iciclespear","rockblast","shellsmash","razorshell"],"nature":"Adamant","evs":{"hp":0,"atk":252,"def":0,"spa":0,"spd":4,"spe":252},"ivs":{"hp":31,"atk":31,"def":31,"spa":31,"spd":31,"spe":31}},{"name":"Tentacruel","species":"Tentacruel","item":"leftovers","ability":"Rain Dish","moves":["knockoff","rapidspin","sludgebomb","scald"],"nature":"Hasty","evs":{"hp":0,"atk":4,"def":0,"spa":252,"spd":0,"spe":252},"ivs":{"hp":31,"atk":31,"def":31,"spa":31,"spd":31,"spe":31}}],"p2team":[{"name":"Braviary","species":"Braviary","item":"choicescarf","ability":"Defiant","moves":["bravebird","rockslide","superpower","zenheadbutt"],"nature":"Jolly","evs":{"hp":0,"atk":252,"def":0,"spa":0,"spd":4,"spe":252},"ivs":{"hp":31,"atk":31,"def":31,"spa":31,"spd":31,"spe":31}},{"name":"Staraptor","species":"Staraptor","item":"leftovers","ability":"Intimidate","moves":["featherdance","roost","bravebird","uturn"],"nature":"Adamant","evs":{"hp":252,"atk":252,"def":0,"spa":0,"spd":4,"spe":0},"ivs":{"hp":31,"atk":31,"def":31,"spa":31,"spd":31,"spe":31}},{"name":"Pidgeot","species":"Pidgeot","item":"pidgeotite","ability":"Big Pecks","moves":["uturn","hurricane","heatwave","roost"],"nature":"Timid","evs":{"hp":0,"atk":0,"def":0,"spa":252,"spd":4,"spe":252},"ivs":{"hp":31,"atk":31,"def":31,"spa":31,"spd":31,"spe":31}},{"name":"Swellow","species":"Swellow","item":"flameorb","ability":"Guts","moves":["protect","facade","doubleedge","bravebird"],"nature":"Jolly","evs":{"hp":0,"atk":252,"def":0,"spa":0,"spd":4,"spe":252},"ivs":{"hp":31,"atk":31,"def":31,"spa":31,"spd":31,"spe":31}},{"name":"Dodrio","species":"Dodrio","item":"choiceband","ability":"Tangled Feet","moves":["bravebird","pursuit","knockoff","return"],"nature":"Jolly","evs":{"hp":0,"atk":252,"def":0,"spa":0,"spd":4,"spe":252},"ivs":{"hp":31,"atk":31,"def":31,"spa":31,"spd":31,"spe":31}},{"name":"Chatot","species":"Chatot","item":"leftovers","ability":"Big Pecks","moves":["boomburst","substitute","roost","nastyplot"],"nature":"Bold","evs":{"hp":248,"atk":0,"def":252,"spa":8,"spd":0,"spe":0},"ivs":{"hp":31,"atk":31,"def":31,"spa":31,"spd":31,"spe":31}}],"log":["|player|p1|Prolixity|87","|player|p2|my team tho bruh|163","|gametype|singles","|gen|6","|tier|Monotype","|rated","|rule|Baton Pass Clause: Limit one Baton Passer, can't pass Spe and other stats simultaneously","|rule|Swagger Clause: Swagger is banned","|rule|Same Type Clause: Pokémon in a team must share a type","|clearpoke","|poke|p1|Sharpedo, M","|poke|p1|Keldeo","|poke|p1|Carracosta, F","|poke|p1|Politoed, F","|poke|p1|Cloyster, M","|poke|p1|Tentacruel, M","|poke|p2|Braviary, M","|poke|p2|Staraptor, F","|poke|p2|Pidgeot, F","|poke|p2|Swellow, F","|poke|p2|Dodrio, M","|poke|p2|Chatot, M","|rule|Sleep Clause Mod: Limit one foe put to sleep","|rule|Species Clause: Limit one of each Pokémon","|rule|OHKO Clause: OHKO moves are banned","|rule|Moody Clause: Moody is banned","|rule|Evasion Moves Clause: Evasion moves are banned","|rule|Endless Battle Clause: Forcing endless battles is banned","|rule|HP Percentage Mod: HP is shown in percentages","|teampreview","|","|start","|switch|p1a: Politoed|Politoed, F|383/383","|switch|p2a: Chatot|Chatot, M|355/355","|-weather|RainDance","|turn|1","|","|move|p2a: Chatot|Boomburst|p1a: Politoed","|-damage|p1a: Politoed|239/383","|move|p1a: Politoed|Hypnosis|p2a: Chatot","|-status|p2a: Chatot|slp","|","|-weather|RainDance|[upkeep]","|turn|2","|","|cant|p2a: Chatot|slp","|move|p1a: Politoed|Wake-Up Slap|p2a: Chatot","|-damage|p2a: Chatot|257/355 slp","|-curestatus|p2a: Chatot|slp","|","|-weather|RainDance|[upkeep]","|-heal|p2a: Chatot|279/355|[from] item: Leftovers","|turn|3","|","|move|p2a: Chatot|Substitute|p2a: Chatot","|-start|p2a: Chatot|Substitute","|-damage|p2a: Chatot|191/355","|move|p1a: Politoed|Scald|p2a: Chatot","|-end|p2a: Chatot|Substitute","|","|-weather|RainDance|[upkeep]","|-heal|p2a: Chatot|213/355|[from] item: Leftovers","|turn|4","|","|move|p2a: Chatot|Substitute|p2a: Chatot","|-start|p2a: Chatot|Substitute","|-damage|p2a: Chatot|125/355","|move|p1a: Politoed|Scald|p2a: Chatot","|-end|p2a: Chatot|Substitute","|","|-weather|RainDance|[upkeep]","|-heal|p2a: Chatot|147/355|[from] item: Leftovers","|turn|5","|","|move|p2a: Chatot|Boomburst|p1a: Politoed","|-damage|p1a: Politoed|97/383","|move|p1a: Politoed|Hydro Pump|p2a: Chatot|[miss]","|-miss|p1a: Politoed|p2a: Chatot","|","|-weather|none","|-heal|p2a: Chatot|169/355|[from] item: Leftovers","|turn|6","|","|switch|p1a: Tentacruel|Tentacruel, M|301/301","|move|p2a: Chatot|Boomburst|p1a: Tentacruel","|-damage|p1a: Tentacruel|169/301","|","|-heal|p1a: Tentacruel|187/301|[from] item: Leftovers","|-heal|p2a: Chatot|191/355|[from] item: Leftovers","|turn|7","|","|move|p1a: Tentacruel|Sludge Bomb|p2a: Chatot","|-damage|p2a: Chatot|0 fnt","|faint|p2a: Chatot","|","|-heal|p1a: Tentacruel|205/301|[from] item: Leftovers","|","|switch|p2a: Dodrio|Dodrio, M|261/261","|turn|8","|","|move|p2a: Dodrio|Brave Bird|p1a: Tentacruel","|-damage|p1a: Tentacruel|0 fnt","|-damage|p2a: Dodrio|193/261|[from] recoil|[of] p1a: Tentacruel","|faint|p1a: Tentacruel","|","|","|switch|p1a: Cloyster|Cloyster, M|241/241","|turn|9","|","|move|p2a: Dodrio|Brave Bird|p1a: Cloyster","|-damage|p1a: Cloyster|84/241","|-damage|p2a: Dodrio|141/261|[from] recoil|[of] p1a: Cloyster","|move|p1a: Cloyster|Shell Smash|p1a: Cloyster","|-unboost|p1a: Cloyster|def|1","|-unboost|p1a: Cloyster|spd|1","|-boost|p1a: Cloyster|atk|2","|-boost|p1a: Cloyster|spa|2","|-boost|p1a: Cloyster|spe|2","|","|turn|10","|","|move|p1a: Cloyster|Rock Blast|p2a: Dodrio","|-supereffective|p2a: Dodrio","|-damage|p2a: Dodrio|0 fnt","|-hitcount|p2a: Dodrio|1","|faint|p2a: Dodrio","|","|","|switch|p2a: Staraptor|Staraptor, F|374/374","|-ability|p2a: Staraptor|Intimidate","|-unboost|p1a: Cloyster|atk|1","|turn|11","|","|switch|p2a: Swellow|Swellow, F|261/261","|move|p1a: Cloyster|Rock Blast|p2a: Swellow","|-supereffective|p2a: Swellow","|-damage|p2a: Swellow|137/261","|-supereffective|p2a: Swellow","|-damage|p2a: Swellow|11/261","|-supereffective|p2a: Swellow","|-damage|p2a: Swellow|0 fnt","|-hitcount|p2a: Swellow|3","|faint|p2a: Swellow","|","|","|switch|p2a: Staraptor|Staraptor, F|374/374","|-ability|p2a: Staraptor|Intimidate","|-unboost|p1a: Cloyster|atk|1","|turn|12","|","|move|p1a: Cloyster|Rock Blast|p2a: Staraptor","|-supereffective|p2a: Staraptor","|-damage|p2a: Staraptor|304/374","|-supereffective|p2a: Staraptor","|-damage|p2a: Staraptor|230/374","|-supereffective|p2a: Staraptor","|-damage|p2a: Staraptor|156/374","|-supereffective|p2a: Staraptor","|-damage|p2a: Staraptor|82/374","|-supereffective|p2a: Staraptor","|-damage|p2a: Staraptor|16/374","|-hitcount|p2a: Staraptor|5","|move|p2a: Staraptor|Brave Bird|p1a: Cloyster","|-damage|p1a: Cloyster|0 fnt","|-damage|p2a: Staraptor|0 fnt|[from] recoil|[of] p1a: Cloyster","|faint|p1a: Cloyster","|faint|p2a: Staraptor","|","|","|switch|p2a: Braviary|Braviary, M|341/341","|switch|p1a: Politoed|Politoed, F|97/383","|-weather|RainDance","|turn|13","|","|move|p2a: Braviary|Brave Bird|p1a: Politoed","|-damage|p1a: Politoed|0 fnt","|-damage|p2a: Braviary|309/341|[from] recoil|[of] p1a: Politoed","|faint|p1a: Politoed","|","|-weather|RainDance|[upkeep]","|","|switch|p1a: Carracosta|Carracosta, F|289/289","|turn|14","|","|move|p2a: Braviary|Brave Bird|p1a: Carracosta","|-resisted|p1a: Carracosta","|-damage|p1a: Carracosta|205/289","|-damage|p2a: Braviary|281/341|[from] recoil|[of] p1a: Carracosta","|move|p1a: Carracosta|Shell Smash|p1a: Carracosta","|-unboost|p1a: Carracosta|def|1","|-unboost|p1a: Carracosta|spd|1","|-boost|p1a: Carracosta|atk|2","|-boost|p1a: Carracosta|spa|2","|-boost|p1a: Carracosta|spe|2","|","|-weather|RainDance|[upkeep]","|turn|15","|","|move|p2a: Braviary|Brave Bird|p1a: Carracosta","|-resisted|p1a: Carracosta","|-damage|p1a: Carracosta|94/289","|-damage|p2a: Braviary|244/341|[from] recoil|[of] p1a: Carracosta","|-enditem|p1a: Carracosta|Sitrus Berry|[eat]","|-heal|p1a: Carracosta|166/289|[from] item: Sitrus Berry","|move|p1a: Carracosta|Dive|p2a: Braviary|[still]","|-prepare|p1a: Carracosta|Dive|p2a: Braviary","|","|-weather|RainDance|[upkeep]","|turn|16","|","|switch|p2a: Pidgeot|Pidgeot, F|307/307","|move|p1a: Carracosta|Dive|p2a: Pidgeot|[from]lockedmove","|-damage|p2a: Pidgeot|0 fnt","|faint|p2a: Pidgeot","|","|-weather|RainDance|[upkeep]","|","|switch|p2a: Braviary|Braviary, M|244/341","|turn|17","|","|move|p2a: Braviary|Superpower|p1a: Carracosta","|-supereffective|p1a: Carracosta","|-damage|p1a: Carracosta|0 fnt","|-unboost|p2a: Braviary|atk|1","|-unboost|p2a: Braviary|def|1","|faint|p1a: Carracosta","|","|-weather|none","|","|switch|p1a: Keldeo|Keldeo|323/323","|turn|18","|","|move|p1a: Keldeo|Aqua Jet|p2a: Braviary","|-damage|p2a: Braviary|161/341","|-damage|p1a: Keldeo|291/323|[from] item: Life Orb","|move|p2a: Braviary|Superpower|p1a: Keldeo","|-damage|p1a: Keldeo|177/323","|-unboost|p2a: Braviary|atk|1","|-unboost|p2a: Braviary|def|1","|","|turn|19","|","|move|p2a: Braviary|Superpower|p1a: Keldeo","|-damage|p1a: Keldeo|95/323","|-unboost|p2a: Braviary|atk|1","|-unboost|p2a: Braviary|def|1","|move|p1a: Keldeo|Close Combat|p2a: Braviary","|-damage|p2a: Braviary|0 fnt","|-unboost|p1a: Keldeo|def|1","|-unboost|p1a: Keldeo|spd|1","|-damage|p1a: Keldeo|63/323|[from] item: Life Orb","|faint|p2a: Braviary","|","|win|Prolixity"],"p1rating":{"entryid":7546643,"formatid":"monotype","userid":"prolixity","username":"Prolixity","r":1500,"rd":130,"sigma":0,"rpr":1540.1606143388,"rprd":122.8583080769,"rpsigma":0,"rptime":1439197200,"w":1,"l":0,"t":0,"gxe":55,"acre":1049.7216792017,"lacre":1049.7216792017,"oldacre":1000},"p2rating":{"entryid":"7546123","serverid":"eos","formatid":"monotype","userid":"myteamthobruh","username":"my team tho bruh","w":"2","l":1,"t":"0","gxe":54.5,"r":"1500","rd":"130","sigma":"0","rptime":"1439197200","rpr":1535.3915379847,"rprd":110.4606605104,"rpsigma":"0","acre":1057.6690618881,"lacre":1057.6690618881,"oldacre":"1086.1656004841"},"endType":"normal"}