{"seed":[30983,58381,9643,62049],"turns":23,"p1":"Traine✘ Sebastian","p2":"Guard Darkrai","p1team":[{"name":"Honeydew","species":"swampert","item":"swampertite","ability":"Damp","moves":["rest","curse","earthquake","icepunch"],"nature":"Careful","evs":{"hp":248,"atk":8,"def":0,"spa":0,"spd":252,"spe":0},"gender":"M","ivs":{"hp":31,"atk":31,"def":31,"spa":31,"spd":31,"spe":31}},{"name":"Politoed","species":"Politoed","item":"leftovers","ability":"Drizzle","moves":["scald","toxic","protect","icebeam"],"nature":"Bold","evs":{"hp":252,"atk":0,"def":252,"spa":4,"spd":0,"spe":0},"gender":"F","shiny":true,"ivs":{"hp":31,"atk":31,"def":31,"spa":31,"spd":31,"spe":31}},{"name":"Tentacruel","species":"Tentacruel","item":"blacksludge","ability":"Clear Body","moves":["scald","toxicspikes","rapidspin","sludgebomb"],"nature":"Timid","evs":{"hp":0,"atk":0,"def":0,"spa":252,"spd":4,"spe":252},"gender":"M","ivs":{"hp":31,"atk":31,"def":31,"spa":31,"spd":31,"spe":31}},{"name":"Keldeo-Resolute","species":"Keldeo-Resolute","item":"expertbelt","ability":"Justified","moves":["secretsword","scald","icywind","hydropump"],"nature":"Timid","evs":{"hp":0,"atk":0,"def":0,"spa":252,"spd":4,"spe":252},"ivs":{"hp":31,"atk":31,"def":31,"spa":31,"spd":31,"spe":31}},{"name":"Water Doge","species":"suicune","item":"leftovers","ability":"Pressure","moves":["calmmind","rest","scald","sleeptalk"],"nature":"Bold","evs":{"hp":252,"atk":0,"def":252,"spa":0,"spd":4,"spe":0},"shiny":true,"ivs":{"hp":31,"atk":31,"def":31,"spa":31,"spd":31,"spe":31}},{"name":"Starmie","species":"Starmie","item":"choicespecs","ability":"Analytic","moves":["psychic","thunderbolt","icebeam","dazzlinggleam"],"nature":"Timid","evs":{"hp":0,"atk":0,"def":0,"spa":252,"spd":4,"spe":252},"shiny":true,"ivs":{"hp":31,"atk":31,"def":31,"spa":31,"spd":31,"spe":31}}],"p2team":[{"name":"Hitmonlee","species":"Hitmonlee","item":"normalgem","ability":"Unburden","moves":["fakeout","highjumpkick","poisonjab","stoneedge"],"nature":"Adamant","evs":{"hp":0,"atk":252,"def":0,"spa":0,"spd":4,"spe":252},"ivs":{"hp":31,"atk":31,"def":31,"spa":31,"spd":31,"spe":31}},{"name":"Conkeldurr","species":"Conkeldurr","item":"brightpowder","ability":"Guts","moves":["icepunch","machpunch","drainpunch","bulkup"],"nature":"Adamant","evs":{"hp":248,"atk":252,"def":0,"spa":0,"spd":8,"spe":0},"ivs":{"hp":31,"atk":31,"def":31,"spa":31,"spd":31,"spe":31}},{"name":"Gallade","species":"Gallade","item":"galladite","ability":"Justified","moves":["swordsdance","shadowsneak","drainpunch","psychocut"],"nature":"Adamant","evs":{"hp":248,"atk":252,"def":0,"spa":0,"spd":8,"spe":0},"ivs":{"hp":31,"atk":31,"def":31,"spa":31,"spd":31,"spe":31}},{"name":"Breloom","species":"Breloom","item":"focussash","ability":"Technician","moves":["spore","machpunch","rocktomb","bulletseed"],"nature":"Jolly","evs":{"hp":0,"atk":252,"def":0,"spa":0,"spd":4,"spe":252},"ivs":{"hp":31,"atk":31,"def":31,"spa":31,"spd":31,"spe":31}},{"name":"Terrakion","species":"Terrakion","item":"choicescarf","ability":"Justified","moves":["stoneedge","closecombat","ironhead","earthquake"],"nature":"Jolly","evs":{"hp":0,"atk":252,"def":0,"spa":0,"spd":4,"spe":252},"ivs":{"hp":31,"atk":31,"def":31,"spa":31,"spd":31,"spe":31}},{"name":"Hawlucha","species":"Hawlucha","item":"powerherb","ability":"Unburden","moves":["skyattack","acrobatics","highjumpkick","swordsdance"],"nature":"Adamant","evs":{"hp":0,"atk":252,"def":0,"spa":0,"spd":4,"spe":252},"ivs":{"hp":31,"atk":31,"def":31,"spa":31,"spd":31,"spe":31}}],"log":["|player|p1|Traine✘ Sebastian|161","|player|p2|Guard Darkrai|guarddarkrai.png","|gametype|singles","|gen|6","|tier|Monotype","|rated","|rule|Baton Pass Clause: Limit one Baton Passer, can't pass Spe and other stats simultaneously","|rule|Swagger Clause: Swagger is banned","|rule|Same Type Clause: Pokémon in a team must share a type","|clearpoke","|poke|p1|Swampert, M","|poke|p1|Politoed, F, shiny","|poke|p1|Tentacruel, M","|poke|p1|Keldeo-Resolute","|poke|p1|Suicune, shiny","|poke|p1|Starmie, shiny","|poke|p2|Hitmonlee, M","|poke|p2|Conkeldurr, F","|poke|p2|Gallade, M","|poke|p2|Breloom, M","|poke|p2|Terrakion","|poke|p2|Hawlucha, M","|rule|Sleep Clause Mod: Limit one foe put to sleep","|rule|Species Clause: Limit one of each Pokémon","|rule|OHKO Clause: OHKO moves are banned","|rule|Moody Clause: Moody is banned","|rule|Evasion Moves Clause: Evasion moves are banned","|rule|Endless Battle Clause: Forcing endless battles is banned","|rule|HP Percentage Mod: HP is shown in percentages","|teampreview","|","|start","|switch|p1a: Tentacruel|Tentacruel, M|301/301","|switch|p2a: Breloom|Breloom, M|261/261","|turn|1","|","|move|p1a: Tentacruel|Sludge Bomb|p2a: Breloom","|-supereffective|p2a: Breloom","|-enditem|p2a: Breloom|Focus Sash","|-damage|p2a: Breloom|1/261","|-status|p2a: Breloom|psn","|move|p2a: Breloom|Spore|p1a: Tentacruel","|-status|p1a: Tentacruel|slp","|","|-damage|p2a: Breloom|0 fnt|[from] psn","|faint|p2a: Breloom","|","|switch|p2a: Hawlucha|Hawlucha, M|297/297","|turn|2","|","|switch|p1a: Politoed|Politoed, F, shiny|384/384","|-weather|RainDance","|move|p2a: Hawlucha|Sky Attack|p1a: Politoed|[still]","|-prepare|p2a: Hawlucha|Sky Attack|p1a: Politoed","|-enditem|p2a: Hawlucha|Power Herb","|-anim|p2a: Hawlucha|Sky Attack|p1a: Politoed","|-damage|p1a: Politoed|210/384","|","|-weather|RainDance|[upkeep]","|-heal|p1a: Politoed|234/384|[from] item: Leftovers","|turn|3","|","|move|p2a: Hawlucha|High Jump Kick|p1a: Politoed","|-damage|p1a: Politoed|69/384","|move|p1a: Politoed|Toxic|p2a: Hawlucha","|-status|p2a: Hawlucha|tox","|","|-weather|RainDance|[upkeep]","|-heal|p1a: Politoed|93/384|[from] item: Leftovers","|-damage|p2a: Hawlucha|279/297 tox|[from] psn","|turn|4","|","|switch|p2a: Conkeldurr|Conkeldurr, F|413/413","|move|p1a: Politoed|Protect|p1a: Politoed","|-fail|p1a: Politoed","|","|-weather|RainDance|[upkeep]","|-heal|p1a: Politoed|117/384|[from] item: Leftovers","|turn|5","|","|switch|p1a: Tentacruel|Tentacruel, M|301/301 slp","|move|p2a: Conkeldurr|Drain Punch|p1a: Tentacruel","|-resisted|p1a: Tentacruel","|-damage|p1a: Tentacruel|200/301 slp","|","|-weather|RainDance|[upkeep]","|-heal|p1a: Tentacruel|218/301 slp|[from] item: Black Sludge","|turn|6","|","|cant|p1a: Tentacruel|slp","|move|p2a: Conkeldurr|Bulk Up|p2a: Conkeldurr","|-boost|p2a: Conkeldurr|atk|1","|-boost|p2a: Conkeldurr|def|1","|","|-weather|none","|-heal|p1a: Tentacruel|236/301 slp|[from] item: Black Sludge","|turn|7","|","|cant|p1a: Tentacruel|slp","|move|p2a: Conkeldurr|Drain Punch|p1a: Tentacruel","|-resisted|p1a: Tentacruel","|-damage|p1a: Tentacruel|85/301 slp","|","|-heal|p1a: Tentacruel|103/301 slp|[from] item: Black Sludge","|turn|8","|","|-curestatus|p1a: Tentacruel|slp","|move|p1a: Tentacruel|Toxic Spikes|p2a: Conkeldurr","|-sidestart|p2: Guard Darkrai|move: Toxic Spikes","|move|p2a: Conkeldurr|Drain Punch|p1a: Tentacruel","|-resisted|p1a: Tentacruel","|-damage|p1a: Tentacruel|0 fnt","|faint|p1a: Tentacruel","|","|","|switch|p1a: Keldeo-Resolute|Keldeo-Resolute|323/323","|turn|9","|","|move|p1a: Keldeo-Resolute|Secret Sword|p2a: Conkeldurr","|-damage|p2a: Conkeldurr|305/413","|move|p2a: Conkeldurr|Drain Punch|p1a: Keldeo-Resolute","|-damage|p1a: Keldeo-Resolute|82/323","|-heal|p2a: Conkeldurr|413/413|[from] drain|[of] p1a: Keldeo-Resolute","|","|turn|10","|","|move|p2a: Conkeldurr|Mach Punch|p1a: Keldeo-Resolute","|-damage|p1a: Keldeo-Resolute|0 fnt","|faint|p1a: Keldeo-Resolute","|","|","|switch|p1a: Starmie|Starmie, shiny|261/261","|turn|11","|","|move|p1a: Starmie|Psychic|p2a: Conkeldurr|[miss]","|-miss|p1a: Starmie|p2a: Conkeldurr","|move|p2a: Conkeldurr|Drain Punch|p1a: Starmie","|-resisted|p1a: Starmie","|-damage|p1a: Starmie|129/261","|","|turn|12","|","|move|p1a: Starmie|Psychic|p2a: Conkeldurr","|-supereffective|p2a: Conkeldurr","|-damage|p2a: Conkeldurr|0 fnt","|faint|p2a: Conkeldurr","|","|","|switch|p2a: Hitmonlee|Hitmonlee, M|241/241","|-status|p2a: Hitmonlee|psn","|turn|13","|","|switch|p1a: Politoed|Politoed, F, shiny|117/384","|-weather|RainDance","|move|p2a: Hitmonlee|Fake Out|p1a: Politoed","|-enditem|p2a: Hitmonlee|Normal Gem|[from] gem|[move] Fake Out","|-damage|p1a: Politoed|61/384","|","|-weather|RainDance|[upkeep]","|-heal|p1a: Politoed|85/384|[from] item: Leftovers","|-damage|p2a: Hitmonlee|211/241 psn|[from] psn","|turn|14","|","|move|p1a: Politoed|Protect|p1a: Politoed","|-singleturn|p1a: Politoed|Protect","|move|p2a: Hitmonlee|High Jump Kick|p1a: Politoed","|-activate|p1a: Politoed|Protect","|-damage|p2a: Hitmonlee|91/241 psn|[from] highjumpkick","|","|-weather|RainDance|[upkeep]","|-heal|p1a: Politoed|109/384|[from] item: Leftovers","|-damage|p2a: Hitmonlee|61/241 psn|[from] psn","|turn|15","|","|move|p1a: Politoed|Protect|p1a: Politoed","|-singleturn|p1a: Politoed|Protect","|move|p2a: Hitmonlee|High Jump Kick|p1a: Politoed","|-activate|p1a: Politoed|Protect","|-damage|p2a: Hitmonlee|0 fnt|[from] highjumpkick","|faint|p2a: Hitmonlee","|","|-weather|RainDance|[upkeep]","|-heal|p1a: Politoed|133/384|[from] item: Leftovers","|","|switch|p2a: Hawlucha|Hawlucha, M|279/297 tox","|turn|16","|","|move|p2a: Hawlucha|Acrobatics|p1a: Politoed","|-damage|p1a: Politoed|0 fnt","|faint|p1a: Politoed","|","|-weather|RainDance|[upkeep]","|-damage|p2a: Hawlucha|261/297 tox|[from] psn","|","|switch|p1a: Honeydew|Swampert, M|403/403","|turn|17","|","|detailschange|p1a: Honeydew|Swampert-Mega, M","|-mega|p1a: Honeydew|Swampert|Swampertite","|move|p2a: Hawlucha|High Jump Kick|p1a: Honeydew","|-damage|p1a: Honeydew|211/403","|move|p1a: Honeydew|Ice Punch|p2a: Hawlucha","|-crit|p2a: Hawlucha","|-supereffective|p2a: Hawlucha","|-damage|p2a: Hawlucha|0 fnt","|faint|p2a: Hawlucha","|","|-weather|none","|","|switch|p2a: Terrakion|Terrakion|323/323","|-status|p2a: Terrakion|psn","|turn|18","|","|move|p2a: Terrakion|Close Combat|p1a: Honeydew","|-damage|p1a: Honeydew|21/403","|-unboost|p2a: Terrakion|def|1","|-unboost|p2a: Terrakion|spd|1","|move|p1a: Honeydew|Earthquake|p2a: Terrakion","|-supereffective|p2a: Terrakion","|-damage|p2a: Terrakion|0 fnt","|faint|p2a: Terrakion","|","|","|switch|p2a: Gallade|Gallade, M|339/339","|-status|p2a: Gallade|psn","|turn|19","|","|detailschange|p2a: Gallade|Gallade-Mega, M","|-mega|p2a: Gallade|Gallade|Galladite","|move|p2a: Gallade|Swords Dance|p2a: Gallade","|-boost|p2a: Gallade|atk|2","|move|p1a: Honeydew|Earthquake|p2a: Gallade","|-damage|p2a: Gallade|168/339 psn","|","|-damage|p2a: Gallade|126/339 psn|[from] psn","|turn|20","|","|move|p2a: Gallade|Shadow Sneak|p1a: Honeydew","|-damage|p1a: Honeydew|0 fnt","|faint|p1a: Honeydew","|","|-damage|p2a: Gallade|84/339 psn|[from] psn","|","|switch|p1a: Water Doge|Suicune, shiny|404/404","|-ability|p1a: Water Doge|Pressure","|turn|21","|","|move|p2a: Gallade|Drain Punch|p1a: Water Doge","|-damage|p1a: Water Doge|169/404","|-heal|p2a: Gallade|202/339 psn|[from] drain|[of] p1a: Water Doge","|move|p1a: Water Doge|Scald|p2a: Gallade","|-damage|p2a: Gallade|130/339 psn","|","|-heal|p1a: Water Doge|194/404|[from] item: Leftovers","|-damage|p2a: Gallade|88/339 psn|[from] psn","|turn|22","|","|move|p2a: Gallade|Drain Punch|p1a: Water Doge","|-damage|p1a: Water Doge|0 fnt","|-heal|p2a: Gallade|185/339 psn|[from] drain|[of] p1a: Water Doge","|faint|p1a: Water Doge","|","|-damage|p2a: Gallade|143/339 psn|[from] psn","|","|switch|p1a: Starmie|Starmie, shiny|129/261","|turn|23","|","|move|p2a: Gallade|Shadow Sneak|p1a: Starmie","|-crit|p1a: Starmie","|-supereffective|p1a: Starmie","|-damage|p1a: Starmie|0 fnt","|faint|p1a: Starmie","|","|win|Guard Darkrai"],"p1rating":{"entryid":"7497648","serverid":"eos","formatid":"monotype","userid":"trainesebastian","username":"Traine✘ Sebastian","w":"5","l":3,"t":"0","gxe":54.2,"r":"1586.0748834996","rd":"99.150231573095","sigma":"0","rptime":"1439197200","rpr":1532.7274597208,"rprd":92.652213697567,"rpsigma":"0","acre":1079.4599747803,"lacre":1079.4599747803,"oldacre":"1103.4755139259"},"p2rating":{"entryid":"6034648","serverid":"eos","formatid":"monotype","userid":"guarddarkrai","username":"Guard Darkrai","w":70,"l":"84","t":"0","gxe":45.3,"r":"1460.3782538835","rd":"33.881477505285","sigma":"0","rptime":"1439197200","rpr":1464.5443459286,"rprd":33.751796314138,"rpsigma":"0","acre":1141.1796007672,"lacre":1141.1796007672,"oldacre":"1117.1640616216"},"endType":"normal"}