{"seed":[64845,28260,54916,715],"turns":29,"p1":"TheMajesticWurmple","p2":"jzbnaruto","p1team":[{"name":"Victini","species":"Victini","item":"choicescarf","ability":"Victory Star","moves":["vcreate","boltstrike","uturn","trick"],"nature":"Jolly","evs":{"hp":0,"atk":252,"def":0,"spa":0,"spd":4,"spe":252},"ivs":{"hp":31,"atk":31,"def":31,"spa":31,"spd":31,"spe":31}},{"name":"Gardevoir","species":"Gardevoir","item":"gardevoirite","ability":"Trace","moves":["hypervoice","psyshock","substitute","focusblast"],"nature":"Timid","evs":{"hp":0,"atk":0,"def":4,"spa":252,"spd":0,"spe":252},"ivs":{"hp":31,"atk":31,"def":31,"spa":31,"spd":31,"spe":31}},{"name":"Meloetta","species":"Meloetta","item":"choicespecs","ability":"Serene Grace","moves":["hypervoice","thunderbolt","shadowball","psyshock"],"nature":"Modest","evs":{"hp":248,"atk":0,"def":0,"spa":252,"spd":8,"spe":0},"ivs":{"hp":31,"atk":31,"def":31,"spa":31,"spd":31,"spe":31}},{"name":"Latias","species":"Latias","item":"lifeorb","ability":"Levitate","moves":["dracometeor","healingwish","psyshock","defog"],"nature":"Timid","evs":{"hp":0,"atk":0,"def":0,"spa":252,"spd":4,"spe":252},"ivs":{"hp":31,"atk":31,"def":31,"spa":31,"spd":31,"spe":31}},{"name":"Slowbro","species":"Slowbro","item":"rockyhelmet","ability":"Regenerator","moves":["scald","icebeam","slackoff","thunderwave"],"nature":"Bold","evs":{"hp":248,"atk":0,"def":252,"spa":8,"spd":0,"spe":0},"ivs":{"hp":31,"atk":31,"def":31,"spa":31,"spd":31,"spe":31}},{"name":"Metagross","species":"Metagross","item":"assaultvest","ability":"Clear Body","moves":["earthquake","meteormash","bulletpunch","zenheadbutt"],"nature":"Adamant","evs":{"hp":248,"atk":252,"def":0,"spa":0,"spd":8,"spe":0},"shiny":true,"ivs":{"hp":31,"atk":31,"def":31,"spa":31,"spd":31,"spe":31}}],"p2team":[{"name":"Tyranitar","species":"Tyranitar","item":"smoothrock","ability":"Sand Stream","moves":["stealthrock","rockslide","pursuit","flamethrower"],"nature":"Relaxed","evs":{"hp":248,"atk":0,"def":80,"spa":0,"spd":180,"spe":0},"ivs":{"hp":31,"atk":31,"def":31,"spa":31,"spd":31,"spe":31}},{"name":"Terrakion","species":"Terrakion","item":"choicescarf","ability":"Justified","moves":["closecombat","rockslide","earthquake","quickattack"],"nature":"Jolly","evs":{"hp":0,"atk":252,"def":0,"spa":0,"spd":4,"spe":252},"ivs":{"hp":31,"atk":31,"def":31,"spa":31,"spd":31,"spe":31}},{"name":"Omastar","species":"Omastar","item":"focussash","ability":"Weak Armor","moves":["earthpower","surf","shellsmash","icebeam"],"nature":"Timid","evs":{"hp":4,"atk":0,"def":0,"spa":252,"spd":0,"spe":252},"ivs":{"hp":31,"atk":31,"def":31,"spa":31,"spd":31,"spe":31}},{"name":"Aerodactyl","species":"Aerodactyl","item":"lifeorb","ability":"Rock Head","moves":["defog","aerialace","earthquake","rockslide"],"nature":"Jolly","evs":{"hp":4,"atk":252,"def":0,"spa":0,"spd":0,"spe":252},"ivs":{"hp":31,"atk":31,"def":31,"spa":31,"spd":31,"spe":31}},{"name":"Cradily","species":"Cradily","item":"leftovers","ability":"Storm Drain","moves":["toxic","gigadrain","recover","rocktomb"],"nature":"Gentle","evs":{"hp":252,"atk":4,"def":0,"spa":0,"spd":252,"spe":0},"ivs":{"hp":31,"atk":31,"def":31,"spa":31,"spd":31,"spe":31}},{"name":"Aggron","species":"Aggron","item":"aggronite","ability":"Sturdy","moves":["rest","sleeptalk","heavyslam","curse"],"nature":"Careful","evs":{"hp":252,"atk":0,"def":12,"spa":0,"spd":244,"spe":0},"ivs":{"hp":31,"atk":31,"def":31,"spa":31,"spd":31,"spe":31}}],"log":["|player|p1|TheMajesticWurmple|101","|player|p2|jzbnaruto|154","|gametype|singles","|gen|6","|tier|Monotype","|rated","|rule|Baton Pass Clause: Limit one Baton Passer, can't pass Spe and other stats simultaneously","|rule|Swagger Clause: Swagger is banned","|rule|Same Type Clause: Pokémon in a team must share a type","|clearpoke","|poke|p1|Victini","|poke|p1|Gardevoir, F","|poke|p1|Meloetta","|poke|p1|Latias, F","|poke|p1|Slowbro, M","|poke|p1|Metagross, shiny","|poke|p2|Tyranitar, F","|poke|p2|Terrakion","|poke|p2|Omastar, F","|poke|p2|Aerodactyl, M","|poke|p2|Cradily, M","|poke|p2|Aggron, M","|rule|Sleep Clause Mod: Limit one foe put to sleep","|rule|Species Clause: Limit one of each Pokémon","|rule|OHKO Clause: OHKO moves are banned","|rule|Moody Clause: Moody is banned","|rule|Evasion Moves Clause: Evasion moves are banned","|rule|Endless Battle Clause: Forcing endless battles is banned","|rule|HP Percentage Mod: HP is shown in percentages","|teampreview","|","|start","|switch|p1a: Metagross|Metagross, shiny|363/363","|switch|p2a: Tyranitar|Tyranitar, F|403/403","|-weather|Sandstorm","|turn|1","|","|move|p1a: Metagross|Meteor Mash|p2a: Tyranitar|[miss]","|-miss|p1a: Metagross|p2a: Tyranitar","|move|p2a: Tyranitar|Flamethrower|p1a: Metagross","|-supereffective|p1a: Metagross","|-damage|p1a: Metagross|263/363","|","|-weather|Sandstorm|[upkeep]","|turn|2","|","|move|p1a: Metagross|Meteor Mash|p2a: Tyranitar|[miss]","|-miss|p1a: Metagross|p2a: Tyranitar","|move|p2a: Tyranitar|Pursuit|p1a: Metagross","|-supereffective|p1a: Metagross","|-damage|p1a: Metagross|165/363","|","|-weather|Sandstorm|[upkeep]","|turn|3","|","|move|p1a: Metagross|Meteor Mash|p2a: Tyranitar","|-supereffective|p2a: Tyranitar","|-damage|p2a: Tyranitar|95/403","|move|p2a: Tyranitar|Pursuit|p1a: Metagross","|-supereffective|p1a: Metagross","|-damage|p1a: Metagross|57/363","|","|-weather|Sandstorm|[upkeep]","|turn|4","|","|switch|p2a: Aerodactyl|Aerodactyl, M|302/302","|move|p1a: Metagross|Bullet Punch|p2a: Aerodactyl","|-supereffective|p2a: Aerodactyl","|-damage|p2a: Aerodactyl|62/302","|","|-weather|Sandstorm|[upkeep]","|turn|5","|","|move|p1a: Metagross|Bullet Punch|p2a: Aerodactyl","|-supereffective|p2a: Aerodactyl","|-damage|p2a: Aerodactyl|0 fnt","|faint|p2a: Aerodactyl","|","|-weather|Sandstorm|[upkeep]","|","|switch|p2a: Terrakion|Terrakion|323/323","|turn|6","|","|switch|p1a: Slowbro|Slowbro, M|393/393","|move|p2a: Terrakion|Earthquake|p1a: Slowbro","|-damage|p1a: Slowbro|306/393","|","|-weather|Sandstorm|[upkeep]","|-damage|p1a: Slowbro|282/393|[from] sandstorm","|turn|7","|","|switch|p2a: Cradily|Cradily, M|376/376","|switch|p1a: Metagross|Metagross, shiny|57/363","|","|-weather|Sandstorm|[upkeep]","|turn|8","|","|switch|p2a: Terrakion|Terrakion|323/323","|move|p1a: Metagross|Meteor Mash|p2a: Terrakion","|-supereffective|p2a: Terrakion","|-damage|p2a: Terrakion|0 fnt","|faint|p2a: Terrakion","|","|-weather|none","|","|switch|p2a: Aggron|Aggron, M|344/344","|turn|9","|","|switch|p1a: Latias|Latias, F|301/301","|detailschange|p2a: Aggron|Aggron-Mega, M","|-mega|p2a: Aggron|Aggron|Aggronite","|move|p2a: Aggron|Heavy Slam|p1a: Latias","|-damage|p1a: Latias|103/301","|","|turn|10","|","|move|p1a: Latias|Healing Wish|p1a: Latias","|faint|p1a: Latias","|move|p2a: Aggron|Heavy Slam|p1: Latias|[notarget]","|-notarget","|","|","|switch|p1a: Metagross|Metagross, shiny|57/363","|-heal|p1a: Metagross|363/363|[from] move: Healing Wish","|turn|11","|","|switch|p1a: Slowbro|Slowbro, M|393/393","|move|p2a: Aggron|Curse|p2a: Aggron","|-unboost|p2a: Aggron|spe|1","|-boost|p2a: Aggron|atk|1","|-boost|p2a: Aggron|def|1","|","|turn|12","|","|move|p1a: Slowbro|Scald|p2a: Aggron","|-damage|p2a: Aggron|263/344","|move|p2a: Aggron|Curse|p2a: Aggron","|-unboost|p2a: Aggron|spe|1","|-boost|p2a: Aggron|atk|1","|-boost|p2a: Aggron|def|1","|","|turn|13","|","|move|p1a: Slowbro|Scald|p2a: Aggron","|-damage|p2a: Aggron|181/344","|move|p2a: Aggron|Curse|p2a: Aggron","|-unboost|p2a: Aggron|spe|1","|-boost|p2a: Aggron|atk|1","|-boost|p2a: Aggron|def|1","|","|turn|14","|","|move|p1a: Slowbro|Scald|p2a: Aggron","|-damage|p2a: Aggron|103/344","|move|p2a: Aggron|Rest|p2a: Aggron","|-status|p2a: Aggron|slp","|-heal|p2a: Aggron|344/344 slp|[silent]","|-status|p2a: Aggron|slp|[from] move: Rest","|","|turn|15","|","|move|p1a: Slowbro|Scald|p2a: Aggron","|-damage|p2a: Aggron|262/344 slp","|cant|p2a: Aggron|slp","|move|p2a: Aggron|Sleep Talk|p2a: Aggron","|move|p2a: Aggron|Rest|p2a: Aggron|[from]Sleep Talk","|-fail|p2a: Aggron","|","|turn|16","|","|move|p1a: Slowbro|Scald|p2a: Aggron","|-damage|p2a: Aggron|175/344 slp","|cant|p2a: Aggron|slp","|move|p2a: Aggron|Sleep Talk|p2a: Aggron","|move|p2a: Aggron|Heavy Slam|p1a: Slowbro|[from]Sleep Talk","|-resisted|p1a: Slowbro","|-damage|p1a: Slowbro|229/393","|-damage|p2a: Aggron|118/344 slp|[from] item: Rocky Helmet|[of] p1a: Slowbro","|","|turn|17","|","|move|p1a: Slowbro|Scald|p2a: Aggron","|-damage|p2a: Aggron|42/344 slp","|-curestatus|p2a: Aggron|slp","|move|p2a: Aggron|Rest|p2a: Aggron","|-status|p2a: Aggron|slp","|-heal|p2a: Aggron|344/344 slp|[silent]","|-status|p2a: Aggron|slp|[from] move: Rest","|","|turn|18","|","|move|p1a: Slowbro|Scald|p2a: Aggron","|-damage|p2a: Aggron|262/344 slp","|cant|p2a: Aggron|slp","|move|p2a: Aggron|Sleep Talk|p2a: Aggron","|move|p2a: Aggron|Rest|p2a: Aggron|[from]Sleep Talk","|-fail|p2a: Aggron","|","|turn|19","|","|move|p1a: Slowbro|Scald|p2a: Aggron","|-damage|p2a: Aggron|187/344 slp","|cant|p2a: Aggron|slp","|move|p2a: Aggron|Sleep Talk|p2a: Aggron","|move|p2a: Aggron|Curse|p2a: Aggron|[from]Sleep Talk","|-unboost|p2a: Aggron|spe|1","|-boost|p2a: Aggron|atk|1","|-boost|p2a: Aggron|def|1","|","|turn|20","|","|move|p1a: Slowbro|Slack Off|p1a: Slowbro","|-heal|p1a: Slowbro|393/393","|-curestatus|p2a: Aggron|slp","|move|p2a: Aggron|Sleep Talk|p2a: Aggron","|-fail|p2a: Aggron","|","|turn|21","|","|move|p1a: Slowbro|Scald|p2a: Aggron","|-damage|p2a: Aggron|105/344","|move|p2a: Aggron|Rest|p2a: Aggron","|-status|p2a: Aggron|slp","|-heal|p2a: Aggron|344/344 slp|[silent]","|-status|p2a: Aggron|slp|[from] move: Rest","|","|turn|22","|","|move|p1a: Slowbro|Scald|p2a: Aggron","|-damage|p2a: Aggron|266/344 slp","|cant|p2a: Aggron|slp","|move|p2a: Aggron|Sleep Talk|p2a: Aggron","|move|p2a: Aggron|Curse|p2a: Aggron|[from]Sleep Talk","|-unboost|p2a: Aggron|spe|1","|-boost|p2a: Aggron|atk|1","|-boost|p2a: Aggron|def|1","|","|turn|23","|","|switch|p1a: Victini|Victini|341/341","|cant|p2a: Aggron|slp","|move|p2a: Aggron|Sleep Talk|p2a: Aggron","|move|p2a: Aggron|Curse|p2a: Aggron|[from]Sleep Talk","|-unboost|p2a: Aggron|spe|1","|-boost|p2a: Aggron|atk|1","|-boost|p2a: Aggron|def|1","|","|turn|24","|","|move|p1a: Victini|V-create|p2a: Aggron","|-crit|p2a: Aggron","|-supereffective|p2a: Aggron","|-damage|p2a: Aggron|0 fnt","|-unboost|p1a: Victini|spe|1","|-unboost|p1a: Victini|def|1","|-unboost|p1a: Victini|spd|1","|faint|p2a: Aggron","|","|","|switch|p2a: Omastar|Omastar, F|282/282","|turn|25","|","|switch|p1a: Metagross|Metagross, shiny|363/363","|move|p2a: Omastar|Shell Smash|p2a: Omastar","|-unboost|p2a: Omastar|def|1","|-unboost|p2a: Omastar|spd|1","|-boost|p2a: Omastar|atk|2","|-boost|p2a: Omastar|spa|2","|-boost|p2a: Omastar|spe|2","|","|turn|26","|","|move|p2a: Omastar|Earth Power|p1a: Metagross","|-supereffective|p1a: Metagross","|-damage|p1a: Metagross|81/363","|move|p1a: Metagross|Earthquake|p2a: Omastar","|-supereffective|p2a: Omastar","|-enditem|p2a: Omastar|Focus Sash","|-damage|p2a: Omastar|1/282","|-unboost|p2a: Omastar|def|1|[from] ability: Weak Armor","|-boost|p2a: Omastar|spe|1|[from] ability: Weak Armor","|","|turn|27","|","|move|p1a: Metagross|Bullet Punch|p2a: Omastar","|-damage|p2a: Omastar|0 fnt","|faint|p2a: Omastar","|","|","|switch|p2a: Cradily|Cradily, M|376/376","|turn|28","|","|move|p1a: Metagross|Meteor Mash|p2a: Cradily","|-supereffective|p2a: Cradily","|-damage|p2a: Cradily|0 fnt","|faint|p2a: Cradily","|","|","|switch|p2a: Tyranitar|Tyranitar, F|95/403","|-weather|Sandstorm","|turn|29","|","|move|p1a: Metagross|Bullet Punch|p2a: Tyranitar","|-supereffective|p2a: Tyranitar","|-damage|p2a: Tyranitar|0 fnt","|faint|p2a: Tyranitar","|","|win|TheMajesticWurmple"],"p1rating":{"entryid":"7119116","serverid":"eos","formatid":"monotype","userid":"themajesticwurmple","username":"TheMajesticWurmple","w":18,"l":"5","t":"0","gxe":70.8,"r":"1660.3956786572","rd":"69.65652271004","sigma":"0","rptime":"1439197200","rpr":1670.0747001779,"rprd":68.536577544664,"rpsigma":"0","acre":1270.24636395,"lacre":1270.24636395,"oldacre":"1253.9014755964"},"p2rating":{"entryid":"6532987","serverid":"eos","formatid":"monotype","userid":"jzbnaruto","username":"Jzbnaruto","w":"4","l":1,"t":"0","gxe":62,"r":"1572.7216264439","rd":"124.08178847615","sigma":"0","rptime":"1439197200","rpr":1596.7782205669,"rprd":107.51181181421,"rpsigma":"0","acre":1112.0889563614,"lacre":1112.0889563614,"oldacre":"1128.433844715"},"endType":"normal"}