{"seed":[2382,13227,867,52203],"turns":28,"p1":"Intern Olbezerkolo","p2":"Freelancer Photon","p1team":[{"name":"Dat Head doe'","species":"manectric","item":"manectite","ability":"Static","moves":["hiddenpowerice","voltswitch","overheat","thunderbolt"],"nature":"Mild","evs":{"hp":0,"atk":4,"def":0,"spa":252,"spd":0,"spe":252},"ivs":{"hp":31,"atk":30,"def":30,"spa":31,"spd":31,"spe":31}},{"name":"Stache'","species":"thundurus","item":"sitrusberry","ability":"Prankster","moves":["taunt","confide","grassknot","thunderbolt"],"nature":"Timid","evs":{"hp":0,"atk":0,"def":0,"spa":252,"spd":4,"spe":252},"ivs":{"hp":31,"atk":30,"def":30,"spa":31,"spd":31,"spe":31}},{"name":"Dem Lips'","species":"eelektross","item":"choiceband","ability":"Levitate","moves":["aquatail","wildcharge","drainpunch","firepunch"],"nature":"Adamant","evs":{"hp":248,"atk":252,"def":0,"spa":0,"spd":8,"spe":0},"ivs":{"hp":31,"atk":31,"def":31,"spa":31,"spd":31,"spe":31}},{"name":"Bae","species":"electivire","item":"lifeorb","ability":"Vital Spirit","moves":["wildcharge","earthquake","crosschop","icepunch"],"nature":"Jolly","evs":{"hp":0,"atk":252,"def":0,"spa":0,"spd":4,"spe":252},"ivs":{"hp":31,"atk":31,"def":31,"spa":31,"spd":31,"spe":31}},{"name":"Thor's Hairbrush","species":"zapdos","item":"leftovers","ability":"Pressure","moves":["tailwind","roost","heatwave","raindance"],"nature":"Calm","evs":{"hp":252,"atk":0,"def":212,"spa":4,"spd":40,"spe":0},"ivs":{"hp":31,"atk":31,"def":31,"spa":31,"spd":31,"spe":31}},{"name":"Buzzkill","species":"rotommow","item":"choicescarf","ability":"Levitate","moves":["thunder","leafstorm","willowisp","thunderbolt"],"nature":"Modest","evs":{"hp":0,"atk":0,"def":0,"spa":252,"spd":4,"spe":252},"ivs":{"hp":31,"atk":31,"def":31,"spa":31,"spd":31,"spe":31}}],"p2team":[{"name":"Sceptile","species":"Sceptile","item":"choiceband","ability":"Unburden","moves":["leafblade","earthquake","outrage","thunderpunch"],"nature":"Jolly","evs":{"hp":0,"atk":252,"def":0,"spa":0,"spd":4,"spe":252},"ivs":{"hp":31,"atk":31,"def":31,"spa":31,"spd":31,"spe":31}},{"name":"Venusaur","species":"Venusaur","item":"venusaurite","ability":"Overgrow","moves":["curse","synthesis","earthquake","petalblizzard"],"nature":"Adamant","evs":{"hp":248,"atk":252,"def":0,"spa":0,"spd":8,"spe":0},"ivs":{"hp":31,"atk":31,"def":31,"spa":31,"spd":31,"spe":31}},{"name":"Ludicolo","species":"Ludicolo","item":"choicespecs","ability":"Own Tempo","moves":["energyball","hiddenpowerfire","surf","icebeam"],"nature":"Modest","evs":{"hp":0,"atk":0,"def":0,"spa":252,"spd":4,"spe":252},"ivs":{"hp":31,"atk":30,"def":31,"spa":30,"spd":31,"spe":30}},{"name":"Ferrothorn","species":"Ferrothorn","item":"rockyhelmet","ability":"Iron Barbs","moves":["leechseed","stealthrock","thunderwave","gyroball"],"nature":"Relaxed","evs":{"hp":252,"atk":0,"def":252,"spa":0,"spd":0,"spe":0},"ivs":{"hp":31,"atk":31,"def":31,"spa":31,"spd":31,"spe":0}},{"name":"Celebi","species":"Celebi","item":"lifeorb","ability":"Natural Cure","moves":["stealthrock","psychic","dazzlinggleam","gigadrain"],"nature":"Timid","evs":{"hp":0,"atk":0,"def":0,"spa":252,"spd":4,"spe":252},"ivs":{"hp":31,"atk":31,"def":31,"spa":31,"spd":31,"spe":31}},{"name":"Roserade","species":"Roserade","item":"choicescarf","ability":"Technician","moves":["sludgebomb","energyball","hiddenpowerice","shadowball"],"nature":"Modest","evs":{"hp":0,"atk":0,"def":0,"spa":252,"spd":0,"spe":252},"ivs":{"hp":31,"atk":30,"def":30,"spa":31,"spd":31,"spe":31}}],"log":["|player|p1|Intern Olbezerkolo|136","|player|p2|Freelancer Photon|66","|gametype|singles","|gen|6","|tier|Monotype","|rated","|rule|Baton Pass Clause: Limit one Baton Passer, can't pass Spe and other stats simultaneously","|rule|Swagger Clause: Swagger is banned","|rule|Same Type Clause: Pokémon in a team must share a type","|clearpoke","|poke|p1|Manectric, M","|poke|p1|Thundurus, M","|poke|p1|Eelektross, M","|poke|p1|Electivire, F","|poke|p1|Zapdos","|poke|p1|Rotom-Mow","|poke|p2|Sceptile, M","|poke|p2|Venusaur, M","|poke|p2|Ludicolo, F","|poke|p2|Ferrothorn, M","|poke|p2|Celebi","|poke|p2|Roserade, F","|rule|Sleep Clause Mod: Limit one foe put to sleep","|rule|Species Clause: Limit one of each Pokémon","|rule|OHKO Clause: OHKO moves are banned","|rule|Moody Clause: Moody is banned","|rule|Evasion Moves Clause: Evasion moves are banned","|rule|Endless Battle Clause: Forcing endless battles is banned","|rule|HP Percentage Mod: HP is shown in percentages","|teampreview","|","|start","|switch|p1a: Thor's Hairbrush|Zapdos|384/384","|switch|p2a: Sceptile|Sceptile, M|281/281","|-ability|p1a: Thor's Hairbrush|Pressure","|turn|1","|","|switch|p2a: Ludicolo|Ludicolo, F|301/301","|switch|p1a: Bae|Electivire, F|291/291","|","|turn|2","|","|move|p1a: Bae|Wild Charge|p2a: Ludicolo","|-damage|p2a: Ludicolo|48/301","|-damage|p1a: Bae|228/291|[from] recoil|[of] p2a: Ludicolo","|-damage|p1a: Bae|199/291|[from] item: Life Orb","|move|p2a: Ludicolo|Surf|p1a: Bae","|-damage|p1a: Bae|0 fnt","|faint|p1a: Bae","|","|","|switch|p1a: Stache'|Thundurus, M|299/299","|turn|3","|","|move|p1a: Stache'|Confide|p2a: Ludicolo","|-unboost|p2a: Ludicolo|spa|1","|move|p2a: Ludicolo|Surf|p1a: Stache'","|-damage|p1a: Stache'|146/299","|-enditem|p1a: Stache'|Sitrus Berry|[eat]","|-heal|p1a: Stache'|220/299|[from] item: Sitrus Berry","|","|turn|4","|","|move|p1a: Stache'|Confide|p2a: Ludicolo","|-unboost|p2a: Ludicolo|spa|1","|move|p2a: Ludicolo|Surf|p1a: Stache'","|-crit|p1a: Stache'","|-damage|p1a: Stache'|0 fnt","|faint|p1a: Stache'","|","|","|switch|p1a: Dat Head doe'|Manectric, M|281/281","|turn|5","|","|move|p1a: Dat Head doe'|Thunderbolt|p2a: Ludicolo","|-damage|p2a: Ludicolo|0 fnt","|faint|p2a: Ludicolo","|","|","|switch|p2a: Venusaur|Venusaur, M|363/363","|turn|6","|","|detailschange|p1a: Dat Head doe'|Manectric-Mega, M","|-mega|p1a: Dat Head doe'|Manectric|Manectite","|-ability|p1a: Dat Head doe'|Intimidate","|-unboost|p2a: Venusaur|atk|1","|detailschange|p2a: Venusaur|Venusaur-Mega, M","|-mega|p2a: Venusaur|Venusaur|Venusaurite","|move|p1a: Dat Head doe'|Volt Switch|p2a: Venusaur","|-resisted|p2a: Venusaur","|-damage|p2a: Venusaur|303/363","|","|switch|p1a: Buzzkill|Rotom-Mow|241/241","|move|p2a: Venusaur|Curse|p2a: Venusaur","|-unboost|p2a: Venusaur|spe|1","|-boost|p2a: Venusaur|atk|1","|-boost|p2a: Venusaur|def|1","|","|turn|7","|","|move|p1a: Buzzkill|Will-O-Wisp|p2a: Venusaur","|-status|p2a: Venusaur|brn","|move|p2a: Venusaur|Curse|p2a: Venusaur","|-unboost|p2a: Venusaur|spe|1","|-boost|p2a: Venusaur|atk|1","|-boost|p2a: Venusaur|def|1","|","|-damage|p2a: Venusaur|258/363 brn|[from] brn","|turn|8","|","|switch|p1a: Thor's Hairbrush|Zapdos|384/384","|-ability|p1a: Thor's Hairbrush|Pressure","|move|p2a: Venusaur|Curse|p2a: Venusaur","|-unboost|p2a: Venusaur|spe|1","|-boost|p2a: Venusaur|atk|1","|-boost|p2a: Venusaur|def|1","|","|-damage|p2a: Venusaur|213/363 brn|[from] brn","|turn|9","|","|move|p1a: Thor's Hairbrush|Heat Wave|p2a: Venusaur","|-supereffective|p2a: Venusaur","|-damage|p2a: Venusaur|141/363 brn","|move|p2a: Venusaur|Synthesis|p2a: Venusaur","|-heal|p2a: Venusaur|322/363 brn","|","|-damage|p2a: Venusaur|277/363 brn|[from] brn","|turn|10","|","|move|p1a: Thor's Hairbrush|Heat Wave|p2a: Venusaur","|-supereffective|p2a: Venusaur","|-damage|p2a: Venusaur|205/363 brn","|move|p2a: Venusaur|Petal Blizzard|p1a: Thor's Hairbrush","|-resisted|p1a: Thor's Hairbrush","|-damage|p1a: Thor's Hairbrush|319/384","|","|-heal|p1a: Thor's Hairbrush|343/384|[from] item: Leftovers","|-damage|p2a: Venusaur|160/363 brn|[from] brn","|turn|11","|","|move|p1a: Thor's Hairbrush|Heat Wave|p2a: Venusaur","|-supereffective|p2a: Venusaur","|-damage|p2a: Venusaur|78/363 brn","|move|p2a: Venusaur|Earthquake|p1a: Thor's Hairbrush","|-immune|p1a: Thor's Hairbrush|[msg]","|","|-heal|p1a: Thor's Hairbrush|367/384|[from] item: Leftovers","|-damage|p2a: Venusaur|33/363 brn|[from] brn","|turn|12","|","|move|p1a: Thor's Hairbrush|Heat Wave|p2a: Venusaur","|-miss|p1a: Thor's Hairbrush|p2a: Venusaur","|move|p2a: Venusaur|Synthesis|p2a: Venusaur","|-heal|p2a: Venusaur|214/363 brn","|","|-heal|p1a: Thor's Hairbrush|384/384|[from] item: Leftovers","|-damage|p2a: Venusaur|169/363 brn|[from] brn","|turn|13","|","|move|p1a: Thor's Hairbrush|Heat Wave|p2a: Venusaur","|-miss|p1a: Thor's Hairbrush|p2a: Venusaur","|move|p2a: Venusaur|Synthesis|p2a: Venusaur","|-heal|p2a: Venusaur|350/363 brn","|","|-damage|p2a: Venusaur|305/363 brn|[from] brn","|turn|14","|","|move|p1a: Thor's Hairbrush|Heat Wave|p2a: Venusaur","|-supereffective|p2a: Venusaur","|-damage|p2a: Venusaur|231/363 brn","|move|p2a: Venusaur|Curse|p2a: Venusaur","|-unboost|p2a: Venusaur|spe|1","|-boost|p2a: Venusaur|atk|1","|-boost|p2a: Venusaur|def|1","|","|-damage|p2a: Venusaur|186/363 brn|[from] brn","|turn|15","|","|switch|p1a: Dat Head doe'|Manectric-Mega, M|281/281","|-ability|p1a: Dat Head doe'|Intimidate","|-unboost|p2a: Venusaur|atk|1","|move|p2a: Venusaur|Curse|p2a: Venusaur","|-unboost|p2a: Venusaur|spe|1","|-boost|p2a: Venusaur|atk|1","|-boost|p2a: Venusaur|def|1","|","|-damage|p2a: Venusaur|141/363 brn|[from] brn","|turn|16","|","|move|p1a: Dat Head doe'|Overheat|p2a: Venusaur","|-crit|p2a: Venusaur","|-supereffective|p2a: Venusaur","|-damage|p2a: Venusaur|0 fnt","|-unboost|p1a: Dat Head doe'|spa|2","|faint|p2a: Venusaur","|","|","|switch|p2a: Roserade|Roserade, F|261/261","|turn|17","|","|move|p2a: Roserade|Sludge Bomb|p1a: Dat Head doe'","|-damage|p1a: Dat Head doe'|92/281","|move|p1a: Dat Head doe'|Volt Switch|p2a: Roserade","|-resisted|p2a: Roserade","|-damage|p2a: Roserade|225/261","|","|switch|p1a: Thor's Hairbrush|Zapdos|384/384","|-ability|p1a: Thor's Hairbrush|Pressure","|","|turn|18","|","|switch|p2a: Celebi|Celebi|341/341","|move|p1a: Thor's Hairbrush|Tailwind|p1a: Thor's Hairbrush","|-sidestart|p1: Intern Olbezerkolo|move: Tailwind","|","|turn|19","|","|move|p1a: Thor's Hairbrush|Heat Wave|p2a: Celebi","|-supereffective|p2a: Celebi","|-damage|p2a: Celebi|149/341","|move|p2a: Celebi|Stealth Rock|p1a: Thor's Hairbrush","|-sidestart|p1: Intern Olbezerkolo|move: Stealth Rock","|","|turn|20","|","|move|p1a: Thor's Hairbrush|Heat Wave|p2a: Celebi","|-supereffective|p2a: Celebi","|-damage|p2a: Celebi|0 fnt","|faint|p2a: Celebi","|","|","|switch|p2a: Sceptile|Sceptile, M|281/281","|turn|21","|","|switch|p1a: Buzzkill|Rotom-Mow|241/241","|-damage|p1a: Buzzkill|211/241|[from] Stealth Rock","|move|p2a: Sceptile|Outrage|p1a: Buzzkill","|-crit|p1a: Buzzkill","|-damage|p1a: Buzzkill|0 fnt","|faint|p1a: Buzzkill","|","|-sideend|p1: Intern Olbezerkolo|move: Tailwind","|","|switch|p1a: Dat Head doe'|Manectric-Mega, M|92/281","|-damage|p1a: Dat Head doe'|57/281|[from] Stealth Rock","|-ability|p1a: Dat Head doe'|Intimidate","|-unboost|p2a: Sceptile|atk|1","|turn|22","|","|move|p2a: Sceptile|Outrage|p1a: Dat Head doe'|[from]lockedmove","|-damage|p1a: Dat Head doe'|0 fnt","|-start|p2a: Sceptile|confusion|[fatigue]","|faint|p1a: Dat Head doe'","|","|","|switch|p1a: Dem Lips'|Eelektross, M|373/373","|-damage|p1a: Dem Lips'|327/373|[from] Stealth Rock","|turn|23","|","|switch|p2a: Ferrothorn|Ferrothorn, M|352/352","|move|p1a: Dem Lips'|Fire Punch|p2a: Ferrothorn","|-supereffective|p2a: Ferrothorn","|-damage|p2a: Ferrothorn|40/352","|-damage|p1a: Dem Lips'|281/373|[from] ability: Iron Barbs|[of] p2a: Ferrothorn","|-damage|p1a: Dem Lips'|219/373|[from] item: Rocky Helmet|[of] p2a: Ferrothorn","|","|turn|24","|","|move|p1a: Dem Lips'|Fire Punch|p2a: Ferrothorn","|-supereffective|p2a: Ferrothorn","|-damage|p2a: Ferrothorn|0 fnt","|-damage|p1a: Dem Lips'|173/373|[from] ability: Iron Barbs|[of] p2a: Ferrothorn","|-damage|p1a: Dem Lips'|111/373|[from] item: Rocky Helmet|[of] p2a: Ferrothorn","|faint|p2a: Ferrothorn","|","|","|switch|p2a: Sceptile|Sceptile, M|281/281","|turn|25","|","|move|p2a: Sceptile|Outrage|p1a: Dem Lips'","|-damage|p1a: Dem Lips'|0 fnt","|faint|p1a: Dem Lips'","|","|","|switch|p1a: Thor's Hairbrush|Zapdos|384/384","|-damage|p1a: Thor's Hairbrush|288/384|[from] Stealth Rock","|-ability|p1a: Thor's Hairbrush|Pressure","|turn|26","|","|move|p2a: Sceptile|Outrage|p1a: Thor's Hairbrush|[from]lockedmove","|-damage|p1a: Thor's Hairbrush|151/384","|-start|p2a: Sceptile|confusion|[fatigue]","|move|p1a: Thor's Hairbrush|Heat Wave|p2a: Sceptile","|-miss|p1a: Thor's Hairbrush|p2a: Sceptile","|","|-heal|p1a: Thor's Hairbrush|175/384|[from] item: Leftovers","|turn|27","|","|-activate|p2a: Sceptile|confusion","|-damage|p2a: Sceptile|203/281|[from] confusion","|move|p1a: Thor's Hairbrush|Heat Wave|p2a: Sceptile","|-supereffective|p2a: Sceptile","|-damage|p2a: Sceptile|0 fnt","|faint|p2a: Sceptile","|","|-heal|p1a: Thor's Hairbrush|199/384|[from] item: Leftovers","|","|switch|p2a: Roserade|Roserade, F|225/261","|turn|28","|","|move|p2a: Roserade|Hidden Power|p1a: Thor's Hairbrush","|-supereffective|p1a: Thor's Hairbrush","|-damage|p1a: Thor's Hairbrush|0 fnt","|faint|p1a: Thor's Hairbrush","|","|win|Freelancer Photon"],"p1rating":{"entryid":"7487892","serverid":"eos","formatid":"monotype","userid":"internolbezerkolo","username":"InternOlbezerkolo","w":"3","l":3,"t":"0","gxe":51,"r":"1565.3427428253","rd":"106.01806887435","sigma":"0","rptime":"1439197200","rpr":1507.5877329201,"rprd":98.449239923837,"rpsigma":"0","acre":1047.0026123632,"lacre":1047.0026123632,"oldacre":"1063.2989430051"},"p2rating":{"entryid":"7529200","serverid":"eos","formatid":"monotype","userid":"freelancerphoton","username":"Freelancer Photon","w":5,"l":"1","t":"0","gxe":65.4,"r":"1547.8391389454","rd":"112.13270210657","sigma":"0","rptime":"1439197200","rpr":1624.7045446624,"rprd":98.901877754078,"rpsigma":"0","acre":1141.7207338146,"lacre":1141.7207338146,"oldacre":"1120.8224737761"},"endType":"normal"}