{"seed":[51353,42375,24853,51740],"turns":32,"p1":"Guard Darkrai","p2":"piiiiichu","p1team":[{"name":"Rampardos","species":"Rampardos","item":"choicescarf","ability":"Sheer Force","moves":["headsmash","outrage","crunch","ironhead"],"nature":"Jolly","evs":{"hp":0,"atk":252,"def":0,"spa":0,"spd":4,"spe":252},"ivs":{"hp":31,"atk":31,"def":31,"spa":31,"spd":31,"spe":31}},{"name":"Tyranitar","species":"Tyranitar","item":"tyranitarite","ability":"Sand Stream","moves":["dragondance","crunch","earthquake","stoneedge"],"nature":"Adamant","evs":{"hp":0,"atk":252,"def":0,"spa":0,"spd":4,"spe":252},"ivs":{"hp":31,"atk":31,"def":31,"spa":31,"spd":31,"spe":31}},{"name":"Diancie","species":"Diancie","item":"airballoon","ability":"Clear Body","moves":["stealthrock","diamondstorm","moonblast","gyroball"],"nature":"Brave","evs":{"hp":248,"atk":252,"def":0,"spa":8,"spd":0,"spe":0},"ivs":{"hp":31,"atk":31,"def":31,"spa":31,"spd":31,"spe":0}},{"name":"Cradily","species":"Cradily","item":"leftovers","ability":"Storm Drain","moves":["recover","toxic","gigadrain","ancientpower"],"nature":"Calm","evs":{"hp":252,"atk":0,"def":0,"spa":4,"spd":252,"spe":0},"ivs":{"hp":31,"atk":31,"def":31,"spa":31,"spd":31,"spe":31}},{"name":"Regirock","species":"Regirock","item":"leftovers","ability":"Clear Body","moves":["curse","drainpunch","rockslide","rest"],"nature":"Adamant","evs":{"hp":252,"atk":252,"def":0,"spa":0,"spd":4,"spe":0},"ivs":{"hp":31,"atk":31,"def":31,"spa":31,"spd":31,"spe":31}},{"name":"Aurorus","species":"Aurorus","item":"choicespecs","ability":"Refrigerate","moves":["hypervoice","ancientpower","earthpower","thunderbolt"],"nature":"Modest","evs":{"hp":248,"atk":0,"def":0,"spa":252,"spd":8,"spe":0},"ivs":{"hp":31,"atk":31,"def":31,"spa":31,"spd":31,"spe":31}}],"p2team":[{"name":"Reuniclus","species":"Reuniclus","item":"lifeorb","ability":"Magic Guard","moves":["trickroom","psychic","focusblast","shadowball"],"nature":"Quiet","evs":{"hp":252,"atk":0,"def":4,"spa":252,"spd":0,"spe":0},"ivs":{"hp":31,"atk":31,"def":31,"spa":31,"spd":31,"spe":31}},{"name":"Bronzong","species":"Bronzong","item":"mentalherb","ability":"Levitate","moves":["trickroom","stealthrock","gyroball","explosion"],"nature":"Sassy","evs":{"hp":252,"atk":4,"def":0,"spa":0,"spd":252,"spe":0},"shiny":true,"ivs":{"hp":31,"atk":31,"def":31,"spa":31,"spd":31,"spe":31}},{"name":"Victini","species":"Victini","item":"flameplate","ability":"Victory Star","moves":["trickroom","vcreate","boltstrike","brickbreak"],"nature":"Brave","evs":{"hp":248,"atk":252,"def":8,"spa":0,"spd":0,"spe":0},"ivs":{"hp":31,"atk":31,"def":31,"spa":31,"spd":31,"spe":27}},{"name":"Gardevoir","species":"Gardevoir","item":"gardevoirite","ability":"Trace","moves":["hypervoice","psyshock","focusblast","substitute"],"nature":"Timid","evs":{"hp":0,"atk":0,"def":24,"spa":232,"spd":0,"spe":252},"ivs":{"hp":31,"atk":31,"def":31,"spa":31,"spd":31,"spe":31}},{"name":"Slowbro","species":"Slowbro","item":"leftovers","ability":"Regenerator","moves":["scald","trickroom","slackoff","disable"],"nature":"Relaxed","evs":{"hp":252,"atk":0,"def":252,"spa":0,"spd":4,"spe":0},"ivs":{"hp":31,"atk":31,"def":31,"spa":31,"spd":31,"spe":0}},{"name":"Hoopa-Unbound","species":"Hoopa-Unbound","item":"lifeorb","ability":"Magician","moves":["trickroom","hyperspacefury","drainpunch","thunderbolt"],"nature":"Brave","evs":{"hp":248,"atk":160,"def":0,"spa":100,"spd":0,"spe":0},"ivs":{"hp":31,"atk":31,"def":31,"spa":31,"spd":31,"spe":0}}],"log":["|player|p1|Guard Darkrai|guarddarkrai.png","|player|p2|piiiiichu|piiiiichu.png","|gametype|singles","|gen|6","|tier|Monotype","|rated","|rule|Baton Pass Clause: Limit one Baton Passer, can't pass Spe and other stats simultaneously","|rule|Swagger Clause: Swagger is banned","|rule|Same Type Clause: Pokémon in a team must share a type","|clearpoke","|poke|p1|Rampardos, M","|poke|p1|Tyranitar, M","|poke|p1|Diancie","|poke|p1|Cradily, M","|poke|p1|Regirock","|poke|p1|Aurorus, F","|poke|p2|Reuniclus, M","|poke|p2|Bronzong, shiny","|poke|p2|Victini","|poke|p2|Gardevoir, M","|poke|p2|Slowbro, F","|poke|p2|Hoopa-Unbound","|rule|Sleep Clause Mod: Limit one foe put to sleep","|rule|Species Clause: Limit one of each Pokémon","|rule|OHKO Clause: OHKO moves are banned","|rule|Moody Clause: Moody is banned","|rule|Evasion Moves Clause: Evasion moves are banned","|rule|Endless Battle Clause: Forcing endless battles is banned","|rule|HP Percentage Mod: HP is shown in percentages","|teampreview","|","|start","|switch|p1a: Aurorus|Aurorus, F|449/449","|switch|p2a: Hoopa-Unbound|Hoopa-Unbound|363/363","|turn|1","|","|move|p1a: Aurorus|Hyper Voice|p2a: Hoopa-Unbound","|-damage|p2a: Hoopa-Unbound|117/363","|move|p2a: Hoopa-Unbound|Trick Room|p2a: Hoopa-Unbound","|-fieldstart|move: Trick Room|[of] p2a: Hoopa-Unbound","|","|turn|2","|","|move|p2a: Hoopa-Unbound|Drain Punch|p1a: Aurorus","|-supereffective|p1a: Aurorus","|-damage|p1a: Aurorus|0 fnt","|-heal|p2a: Hoopa-Unbound|342/363|[from] drain|[of] p1a: Aurorus","|-damage|p2a: Hoopa-Unbound|306/363|[from] item: Life Orb","|faint|p1a: Aurorus","|","|","|switch|p1a: Diancie|Diancie|303/303","|-item|p1a: Diancie|Air Balloon","|turn|3","|","|switch|p2a: Bronzong|Bronzong, shiny|338/338","|move|p1a: Diancie|Moonblast|p2a: Bronzong","|-resisted|p2a: Bronzong","|-damage|p2a: Bronzong|303/338","|-unboost|p2a: Bronzong|spa|1","|","|turn|4","|","|switch|p1a: Cradily|Cradily, M|376/376","|move|p2a: Bronzong|Stealth Rock|p1a: Cradily","|-sidestart|p1: Guard Darkrai|move: Stealth Rock","|","|turn|5","|","|switch|p2a: Reuniclus|Reuniclus, M|424/424","|move|p1a: Cradily|Ancient Power|p2a: Reuniclus","|-damage|p2a: Reuniclus|349/424","|","|-fieldend|move: Trick Room","|turn|6","|","|move|p1a: Cradily|Ancient Power|p2a: Reuniclus","|-damage|p2a: Reuniclus|283/424","|move|p2a: Reuniclus|Trick Room|p2a: Reuniclus","|-fieldstart|move: Trick Room|[of] p2a: Reuniclus","|","|turn|7","|","|move|p2a: Reuniclus|Psychic|p1a: Cradily","|-damage|p1a: Cradily|219/376","|move|p1a: Cradily|Ancient Power|p2a: Reuniclus","|-crit|p2a: Reuniclus","|-damage|p2a: Reuniclus|180/424","|","|-heal|p1a: Cradily|242/376|[from] item: Leftovers","|turn|8","|","|move|p2a: Reuniclus|Focus Blast|p1a: Cradily|[miss]","|-miss|p2a: Reuniclus|p1a: Cradily","|move|p1a: Cradily|Recover|p1a: Cradily","|-heal|p1a: Cradily|376/376","|","|turn|9","|","|move|p2a: Reuniclus|Focus Blast|p1a: Cradily","|-supereffective|p1a: Cradily","|-damage|p1a: Cradily|113/376","|move|p1a: Cradily|Ancient Power|p2a: Reuniclus","|-damage|p2a: Reuniclus|114/424","|","|-heal|p1a: Cradily|136/376|[from] item: Leftovers","|turn|10","|","|move|p2a: Reuniclus|Focus Blast|p1a: Cradily","|-supereffective|p1a: Cradily","|-damage|p1a: Cradily|0 fnt","|faint|p1a: Cradily","|","|-fieldend|move: Trick Room","|","|switch|p1a: Diancie|Diancie|303/303","|-damage|p1a: Diancie|266/303|[from] Stealth Rock","|-item|p1a: Diancie|Air Balloon","|turn|11","|","|move|p1a: Diancie|Diamond Storm|p2a: Reuniclus","|-damage|p2a: Reuniclus|0 fnt","|-boost|p1a: Diancie|def|1","|faint|p2a: Reuniclus","|","|","|switch|p2a: Slowbro|Slowbro, F|394/394","|turn|12","|","|move|p1a: Diancie|Moonblast|p2a: Slowbro","|-damage|p2a: Slowbro|252/394","|-unboost|p2a: Slowbro|spa|1","|move|p2a: Slowbro|Scald|p1a: Diancie","|-supereffective|p1a: Diancie","|-damage|p1a: Diancie|182/303","|-enditem|p1a: Diancie|Air Balloon","|","|-heal|p2a: Slowbro|276/394|[from] item: Leftovers","|turn|13","|","|move|p1a: Diancie|Moonblast|p2a: Slowbro","|-crit|p2a: Slowbro","|-damage|p2a: Slowbro|90/394","|-unboost|p2a: Slowbro|spa|1","|move|p2a: Slowbro|Slack Off|p2a: Slowbro","|-heal|p2a: Slowbro|287/394","|","|-heal|p2a: Slowbro|311/394|[from] item: Leftovers","|turn|14","|","|switch|p2a: Bronzong|Bronzong, shiny|303/338","|move|p1a: Diancie|Moonblast|p2a: Bronzong","|-crit|p2a: Bronzong","|-resisted|p2a: Bronzong","|-damage|p2a: Bronzong|245/338","|","|turn|15","|","|switch|p2a: Gardevoir|Gardevoir, M|277/277","|-ability|p2a: Gardevoir|Clear Body|[from] ability: Trace|[of] p1a: Diancie","|move|p1a: Diancie|Diamond Storm|p2a: Gardevoir","|-damage|p2a: Gardevoir|54/277","|","|turn|16","|","|detailschange|p2a: Gardevoir|Gardevoir-Mega, M","|-mega|p2a: Gardevoir|Gardevoir|Gardevoirite","|move|p2a: Gardevoir|Hyper Voice|p1a: Diancie","|-damage|p1a: Diancie|13/303","|move|p1a: Diancie|Gyro Ball|p2a: Gardevoir","|-supereffective|p2a: Gardevoir","|-damage|p2a: Gardevoir|0 fnt","|faint|p2a: Gardevoir","|","|","|switch|p2a: Victini|Victini|403/403","|turn|17","|","|move|p2a: Victini|Bolt Strike|p1a: Diancie|[miss]","|-miss|p2a: Victini|p1a: Diancie","|move|p1a: Diancie|Diamond Storm|p2a: Victini","|-supereffective|p2a: Victini","|-damage|p2a: Victini|79/403","|-boost|p1a: Diancie|def|1","|","|turn|18","|","|move|p2a: Victini|Bolt Strike|p1a: Diancie","|-crit|p1a: Diancie","|-damage|p1a: Diancie|0 fnt","|faint|p1a: Diancie","|","|","|switch|p1a: Tyranitar|Tyranitar, M|341/341","|-damage|p1a: Tyranitar|299/341|[from] Stealth Rock","|-weather|Sandstorm","|turn|19","|","|detailschange|p1a: Tyranitar|Tyranitar-Mega, M","|-mega|p1a: Tyranitar|Tyranitar|Tyranitarite","|move|p1a: Tyranitar|Dragon Dance|p1a: Tyranitar","|-boost|p1a: Tyranitar|atk|1","|-boost|p1a: Tyranitar|spe|1","|move|p2a: Victini|Brick Break|p1a: Tyranitar","|-supereffective|p1a: Tyranitar","|-damage|p1a: Tyranitar|63/341","|","|-weather|Sandstorm|[upkeep]","|-damage|p2a: Victini|54/403|[from] sandstorm","|turn|20","|","|move|p1a: Tyranitar|Crunch|p2a: Victini","|-supereffective|p2a: Victini","|-damage|p2a: Victini|0 fnt","|faint|p2a: Victini","|","|-weather|Sandstorm|[upkeep]","|","|switch|p2a: Slowbro|Slowbro, F|394/394","|turn|21","|","|move|p1a: Tyranitar|Crunch|p2a: Slowbro","|-supereffective|p2a: Slowbro","|-damage|p2a: Slowbro|40/394","|move|p2a: Slowbro|Trick Room|p2a: Slowbro","|-fieldstart|move: Trick Room|[of] p2a: Slowbro","|","|-weather|Sandstorm|[upkeep]","|-damage|p2a: Slowbro|16/394|[from] sandstorm","|-heal|p2a: Slowbro|40/394|[from] item: Leftovers","|turn|22","|","|move|p2a: Slowbro|Scald|p1a: Tyranitar","|-supereffective|p1a: Tyranitar","|-damage|p1a: Tyranitar|0 fnt","|faint|p1a: Tyranitar","|","|-weather|Sandstorm|[upkeep]","|-damage|p2a: Slowbro|16/394|[from] sandstorm","|-heal|p2a: Slowbro|40/394|[from] item: Leftovers","|","|switch|p1a: Regirock|Regirock|364/364","|-damage|p1a: Regirock|319/364|[from] Stealth Rock","|turn|23","|","|move|p2a: Slowbro|Slack Off|p2a: Slowbro","|-heal|p2a: Slowbro|237/394","|move|p1a: Regirock|Rock Slide|p2a: Slowbro","|-damage|p2a: Slowbro|158/394","|","|-weather|none","|-heal|p2a: Slowbro|182/394|[from] item: Leftovers","|-heal|p1a: Regirock|341/364|[from] item: Leftovers","|turn|24","|","|move|p2a: Slowbro|Disable|p1a: Regirock","|-start|p1a: Regirock|Disable|Rock Slide","|move|p1a: Regirock|Curse|p1a: Regirock","|-unboost|p1a: Regirock|spe|1","|-boost|p1a: Regirock|atk|1","|-boost|p1a: Regirock|def|1","|","|-heal|p2a: Slowbro|206/394|[from] item: Leftovers","|-heal|p1a: Regirock|363/364|[from] item: Leftovers","|turn|25","|","|move|p2a: Slowbro|Scald|p1a: Regirock","|-supereffective|p1a: Regirock","|-damage|p1a: Regirock|177/364","|move|p1a: Regirock|Curse|p1a: Regirock","|-unboost|p1a: Regirock|spe|1","|-boost|p1a: Regirock|atk|1","|-boost|p1a: Regirock|def|1","|","|-heal|p2a: Slowbro|230/394|[from] item: Leftovers","|-heal|p1a: Regirock|199/364|[from] item: Leftovers","|-fieldend|move: Trick Room","|turn|26","|","|move|p1a: Regirock|Drain Punch|p2a: Slowbro","|-resisted|p2a: Slowbro","|-damage|p2a: Slowbro|178/394","|-heal|p1a: Regirock|225/364|[from] drain|[of] p2a: Slowbro","|move|p2a: Slowbro|Slack Off|p2a: Slowbro","|-heal|p2a: Slowbro|375/394","|","|-heal|p1a: Regirock|247/364|[from] item: Leftovers","|-heal|p2a: Slowbro|394/394|[from] item: Leftovers","|turn|27","|","|move|p1a: Regirock|Drain Punch|p2a: Slowbro","|-resisted|p2a: Slowbro","|-damage|p2a: Slowbro|339/394","|-heal|p1a: Regirock|275/364|[from] drain|[of] p2a: Slowbro","|move|p2a: Slowbro|Scald|p1a: Regirock","|-supereffective|p1a: Regirock","|-damage|p1a: Regirock|75/364","|","|-heal|p1a: Regirock|97/364|[from] item: Leftovers","|-heal|p2a: Slowbro|363/394|[from] item: Leftovers","|-end|p1a: Regirock|Disable","|turn|28","|","|move|p1a: Regirock|Rock Slide|p2a: Slowbro","|-damage|p2a: Slowbro|186/394","|cant|p2a: Slowbro|flinch","|","|-heal|p1a: Regirock|119/364|[from] item: Leftovers","|-heal|p2a: Slowbro|210/394|[from] item: Leftovers","|turn|29","|","|move|p1a: Regirock|Rock Slide|p2a: Slowbro","|-damage|p2a: Slowbro|33/394","|move|p2a: Slowbro|Trick Room|p2a: Slowbro","|-fieldstart|move: Trick Room|[of] p2a: Slowbro","|","|-heal|p2a: Slowbro|57/394|[from] item: Leftovers","|-heal|p1a: Regirock|141/364|[from] item: Leftovers","|turn|30","|","|move|p2a: Slowbro|Scald|p1a: Regirock","|-supereffective|p1a: Regirock","|-damage|p1a: Regirock|0 fnt","|faint|p1a: Regirock","|","|-heal|p2a: Slowbro|81/394|[from] item: Leftovers","|","|switch|p1a: Rampardos|Rampardos, M|335/335","|-damage|p1a: Rampardos|294/335|[from] Stealth Rock","|turn|31","|","|switch|p2a: Bronzong|Bronzong, shiny|245/338","|move|p1a: Rampardos|Crunch|p2a: Bronzong","|-supereffective|p2a: Bronzong","|-damage|p2a: Bronzong|0 fnt","|faint|p2a: Bronzong","|","|","|switch|p2a: Hoopa-Unbound|Hoopa-Unbound|306/363","|turn|32","|","|move|p2a: Hoopa-Unbound|Drain Punch|p1a: Rampardos","|-supereffective|p1a: Rampardos","|-damage|p1a: Rampardos|0 fnt","|-heal|p2a: Hoopa-Unbound|363/363|[from] drain|[of] p1a: Rampardos","|-damage|p2a: Hoopa-Unbound|327/363|[from] item: Life Orb","|faint|p1a: Rampardos","|","|win|piiiiichu"],"p1rating":{"entryid":"6034648","serverid":"eos","formatid":"monotype","userid":"guarddarkrai","username":"Guard Darkrai","w":"88","l":96,"t":"0","gxe":48.1,"r":"1460.3782538835","rd":"33.881477505285","sigma":"0","rptime":"1439197200","rpr":1485.6119189796,"rprd":30.306782437447,"rpsigma":"0","acre":1192.4611554129,"lacre":1192.4611554129,"oldacre":"1221.2300524143"},"p2rating":{"entryid":"7542212","serverid":"eos","formatid":"monotype","userid":"piiiiichu","username":"piiiiichu","w":7,"l":"0","t":"0","gxe":69.8,"r":"1500","rd":"130","sigma":"0","rptime":"1439197200","rpr":1663.2927784629,"rprd":95.076719177093,"rpsigma":"0","acre":1197.2186877567,"lacre":1197.2186877567,"oldacre":"1168.4497907553"},"endType":"normal"}