{"seed":[30498,47985,32264,11595],"turns":28,"p1":"Yung Draco","p2":"Inferno OverClass","p1team":[{"name":"Ampharos","species":"Ampharos","item":"ampharosite","ability":"Static","moves":["voltswitch","dragonpulse","rest","sleeptalk"],"nature":"Modest","evs":{"hp":248,"atk":0,"def":252,"spa":8,"spd":0,"spe":0},"ivs":{"hp":31,"atk":31,"def":31,"spa":31,"spd":31,"spe":31}},{"name":"Rotom-Wash","species":"Rotom-Wash","item":"leftovers","ability":"Levitate","moves":["hydropump","voltswitch","willowisp","painsplit"],"nature":"Bold","evs":{"hp":248,"atk":0,"def":252,"spa":0,"spd":0,"spe":8},"ivs":{"hp":31,"atk":31,"def":31,"spa":31,"spd":31,"spe":31}},{"name":"Electivire","species":"Electivire","item":"choicescarf","ability":"Motor Drive","moves":["earthquake","icepunch","wildcharge","crosschop"],"nature":"Jolly","evs":{"hp":0,"atk":252,"def":0,"spa":0,"spd":4,"spe":252},"ivs":{"hp":31,"atk":31,"def":31,"spa":31,"spd":31,"spe":31}},{"name":"Zapdos","species":"Zapdos","item":"leftovers","ability":"Pressure","moves":["roost","thunderbolt","heatwave","defog"],"nature":"Calm","evs":{"hp":240,"atk":0,"def":0,"spa":16,"spd":252,"spe":0},"ivs":{"hp":31,"atk":31,"def":31,"spa":31,"spd":31,"spe":31}},{"name":"Lanturn","species":"Lanturn","item":"airballoon","ability":"Water Absorb","moves":["scald","voltswitch","toxic","healbell"],"nature":"Modest","evs":{"hp":96,"atk":0,"def":0,"spa":252,"spd":160,"spe":0},"ivs":{"hp":31,"atk":31,"def":31,"spa":31,"spd":31,"spe":31}},{"name":"Raikou","species":"Raikou","item":"leftovers","ability":"Pressure","moves":["calmmind","hiddenpowerice","thunderbolt","substitute"],"nature":"Timid","evs":{"hp":0,"atk":0,"def":0,"spa":252,"spd":4,"spe":252},"ivs":{"hp":31,"atk":30,"def":30,"spa":31,"spd":31,"spe":31}}],"p2team":[{"name":"Weezing","species":"Weezing","item":"blacksludge","ability":"Levitate","moves":["clearsmog","stockpile","rest","sleeptalk"],"nature":"Bold","evs":{"hp":252,"atk":0,"def":252,"spa":4,"spd":0,"spe":0},"gender":"M","shiny":true,"ivs":{"hp":31,"atk":31,"def":31,"spa":31,"spd":31,"spe":31}},{"name":"Nidoking","species":"Nidoking","item":"lifeorb","ability":"Sheer Force","moves":["sludgewave","earthpower","icebeam","fireblast"],"nature":"Timid","evs":{"hp":0,"atk":0,"def":4,"spa":252,"spd":0,"spe":252},"shiny":true,"ivs":{"hp":31,"atk":31,"def":31,"spa":31,"spd":31,"spe":31}},{"name":"Gengar","species":"Gengar","item":"blacksludge","ability":"Levitate","moves":["psychic","taunt","willowisp","sludgewave"],"nature":"Timid","evs":{"hp":8,"atk":0,"def":0,"spa":248,"spd":0,"spe":252},"ivs":{"hp":31,"atk":31,"def":31,"spa":31,"spd":31,"spe":31}},{"name":"Venusaur","species":"Venusaur","item":"venusaurite","ability":"Chlorophyll","moves":["sleeppowder","gigadrain","leechseed","growth"],"nature":"Bold","evs":{"hp":252,"atk":0,"def":252,"spa":0,"spd":4,"spe":0},"ivs":{"hp":31,"atk":31,"def":31,"spa":31,"spd":31,"spe":31}},{"name":"Skuntank","species":"Skuntank","item":"assaultvest","ability":"Aftermath","moves":["foulplay","crunch","poisonjab","playrough"],"nature":"Adamant","evs":{"hp":16,"atk":228,"def":0,"spa":0,"spd":252,"spe":12},"ivs":{"hp":31,"atk":31,"def":31,"spa":31,"spd":31,"spe":31}},{"name":"Crobat","species":"Crobat","item":"choiceband","ability":"Infiltrator","moves":["bravebird","uturn","crosspoison","defog"],"nature":"Jolly","evs":{"hp":0,"atk":252,"def":0,"spa":0,"spd":4,"spe":252},"ivs":{"hp":31,"atk":31,"def":31,"spa":31,"spd":31,"spe":31}}],"log":["|player|p1|Yung Draco|24","|player|p2|Inferno OverClass|110","|gametype|singles","|gen|6","|tier|Monotype","|rated","|rule|Baton Pass Clause: Limit one Baton Passer, can't pass Spe and other stats simultaneously","|rule|Swagger Clause: Swagger is banned","|rule|Same Type Clause: Pokémon in a team must share a type","|clearpoke","|poke|p1|Ampharos, M","|poke|p1|Rotom-Wash","|poke|p1|Electivire, M","|poke|p1|Zapdos","|poke|p1|Lanturn, F","|poke|p1|Raikou","|poke|p2|Weezing, M, shiny","|poke|p2|Nidoking, M, shiny","|poke|p2|Gengar, M","|poke|p2|Venusaur, F","|poke|p2|Skuntank, F","|poke|p2|Crobat, M","|rule|Sleep Clause Mod: Limit one foe put to sleep","|rule|Species Clause: Limit one of each Pokémon","|rule|OHKO Clause: OHKO moves are banned","|rule|Moody Clause: Moody is banned","|rule|Evasion Moves Clause: Evasion moves are banned","|rule|Endless Battle Clause: Forcing endless battles is banned","|rule|HP Percentage Mod: HP is shown in percentages","|teampreview","|","|start","|switch|p1a: Raikou|Raikou|321/321","|switch|p2a: Nidoking|Nidoking, M, shiny|303/303","|-ability|p1a: Raikou|Pressure","|turn|1","|","|switch|p1a: Lanturn|Lanturn, F|415/415","|-item|p1a: Lanturn|Air Balloon","|move|p2a: Nidoking|Earth Power|p1a: Lanturn","|-immune|p1a: Lanturn|[msg]","|","|turn|2","|","|move|p2a: Nidoking|Sludge Wave|p1a: Lanturn","|-damage|p1a: Lanturn|211/415","|-enditem|p1a: Lanturn|Air Balloon","|move|p1a: Lanturn|Volt Switch|p2a: Nidoking","|-immune|p2a: Nidoking|[msg]","|","|turn|3","|","|move|p2a: Nidoking|Earth Power|p1a: Lanturn","|-supereffective|p1a: Lanturn","|-damage|p1a: Lanturn|0 fnt","|faint|p1a: Lanturn","|","|","|switch|p1a: Rotom-Wash|Rotom-Wash|303/303","|turn|4","|","|switch|p2a: Venusaur|Venusaur, F|364/364","|move|p1a: Rotom-Wash|Hydro Pump|p2a: Venusaur","|-resisted|p2a: Venusaur","|-damage|p2a: Venusaur|293/364","|","|turn|5","|","|detailschange|p2a: Venusaur|Venusaur-Mega, F","|-mega|p2a: Venusaur|Venusaur|Venusaurite","|move|p1a: Rotom-Wash|Volt Switch|p2a: Venusaur","|-resisted|p2a: Venusaur","|-damage|p2a: Venusaur|257/364","|","|switch|p1a: Ampharos|Ampharos, M|383/383","|move|p2a: Venusaur|Giga Drain|p1a: Ampharos","|-damage|p1a: Ampharos|269/383","|-heal|p2a: Venusaur|314/364|[from] drain|[of] p1a: Ampharos","|","|turn|6","|","|detailschange|p1a: Ampharos|Ampharos-Mega, M","|-mega|p1a: Ampharos|Ampharos|Ampharosite","|-ability|p1a: Ampharos|Mold Breaker","|move|p2a: Venusaur|Sleep Powder|p1a: Ampharos|[miss]","|-miss|p2a: Venusaur|p1a: Ampharos","|move|p1a: Ampharos|Dragon Pulse|p2a: Venusaur","|-damage|p2a: Venusaur|169/364","|","|turn|7","|","|move|p2a: Venusaur|Sleep Powder|p1a: Ampharos|[miss]","|-miss|p2a: Venusaur|p1a: Ampharos","|move|p1a: Ampharos|Sleep Talk|p1a: Ampharos","|-fail|p1a: Ampharos","|","|turn|8","|","|move|p2a: Venusaur|Leech Seed|p1a: Ampharos","|-start|p1a: Ampharos|move: Leech Seed","|move|p1a: Ampharos|Dragon Pulse|p2a: Venusaur","|-damage|p2a: Venusaur|19/364","|","|-damage|p1a: Ampharos|222/383|[from] Leech Seed|[of] p2a: Venusaur","|-heal|p2a: Venusaur|66/364|[silent]","|turn|9","|","|switch|p1a: Raikou|Raikou|321/321","|-ability|p1a: Raikou|Pressure","|move|p2a: Venusaur|Giga Drain|p1a: Raikou","|-damage|p1a: Raikou|221/321","|-heal|p2a: Venusaur|116/364|[from] drain|[of] p1a: Raikou","|","|-heal|p1a: Raikou|241/321|[from] item: Leftovers","|turn|10","|","|move|p1a: Raikou|Substitute|p1a: Raikou","|-start|p1a: Raikou|Substitute","|-damage|p1a: Raikou|161/321","|move|p2a: Venusaur|Sleep Powder|p1a: Raikou","|-fail|p1a: Raikou","|","|-heal|p1a: Raikou|181/321|[from] item: Leftovers","|turn|11","|","|move|p1a: Raikou|Calm Mind|p1a: Raikou","|-boost|p1a: Raikou|spa|1","|-boost|p1a: Raikou|spd|1","|move|p2a: Venusaur|Giga Drain|p1a: Raikou","|-activate|p1a: Raikou|Substitute|[damage]","|-heal|p2a: Venusaur|148/364|[from] drain|[of] p1a: Raikou","|","|-heal|p1a: Raikou|201/321|[from] item: Leftovers","|turn|12","|","|move|p1a: Raikou|Calm Mind|p1a: Raikou","|-boost|p1a: Raikou|spa|1","|-boost|p1a: Raikou|spd|1","|move|p2a: Venusaur|Giga Drain|p1a: Raikou","|-end|p1a: Raikou|Substitute","|-heal|p2a: Venusaur|156/364|[from] drain|[of] p1a: Raikou","|","|-heal|p1a: Raikou|221/321|[from] item: Leftovers","|turn|13","|","|switch|p2a: Weezing|Weezing, M, shiny|334/334","|move|p1a: Raikou|Substitute|p1a: Raikou","|-start|p1a: Raikou|Substitute","|-damage|p1a: Raikou|141/321","|","|-heal|p1a: Raikou|161/321|[from] item: Leftovers","|turn|14","|","|move|p1a: Raikou|Thunderbolt|p2a: Weezing","|-damage|p2a: Weezing|0 fnt","|faint|p2a: Weezing","|","|-heal|p1a: Raikou|181/321|[from] item: Leftovers","|","|switch|p2a: Nidoking|Nidoking, M, shiny|303/303","|turn|15","|","|move|p1a: Raikou|Hidden Power|p2a: Nidoking","|-supereffective|p2a: Nidoking","|-damage|p2a: Nidoking|0 fnt","|faint|p2a: Nidoking","|","|-heal|p1a: Raikou|201/321|[from] item: Leftovers","|","|switch|p2a: Skuntank|Skuntank, F|351/351","|turn|16","|","|move|p1a: Raikou|Calm Mind|p1a: Raikou","|-boost|p1a: Raikou|spa|1","|-boost|p1a: Raikou|spd|1","|move|p2a: Skuntank|Poison Jab|p1a: Raikou","|-end|p1a: Raikou|Substitute","|","|-heal|p1a: Raikou|221/321|[from] item: Leftovers","|turn|17","|","|move|p1a: Raikou|Thunderbolt|p2a: Skuntank","|-damage|p2a: Skuntank|71/351","|move|p2a: Skuntank|Play Rough|p1a: Raikou","|-damage|p1a: Raikou|112/321","|","|-heal|p1a: Raikou|132/321|[from] item: Leftovers","|turn|18","|","|move|p1a: Raikou|Thunderbolt|p2a: Skuntank","|-damage|p2a: Skuntank|0 fnt","|faint|p2a: Skuntank","|","|-heal|p1a: Raikou|152/321|[from] item: Leftovers","|","|switch|p2a: Gengar|Gengar, M|263/263","|turn|19","|","|move|p1a: Raikou|Thunderbolt|p2a: Gengar","|-damage|p2a: Gengar|0 fnt","|faint|p2a: Gengar","|","|-heal|p1a: Raikou|172/321|[from] item: Leftovers","|","|switch|p2a: Crobat|Crobat, M|311/311","|turn|20","|","|move|p2a: Crobat|Cross Poison|p1a: Raikou","|-damage|p1a: Raikou|0 fnt","|faint|p1a: Raikou","|","|","|switch|p1a: Ampharos|Ampharos-Mega, M|222/383","|-ability|p1a: Ampharos|Mold Breaker","|turn|21","|","|move|p2a: Crobat|Cross Poison|p1a: Ampharos","|-crit|p1a: Ampharos","|-damage|p1a: Ampharos|44/383","|move|p1a: Ampharos|Volt Switch|p2a: Crobat","|-supereffective|p2a: Crobat","|-damage|p2a: Crobat|0 fnt","|faint|p2a: Crobat","|","|switch|p1a: Electivire|Electivire, M|291/291","|","|","|switch|p2a: Venusaur|Venusaur-Mega, F|156/364","|turn|22","|","|move|p1a: Electivire|Earthquake|p2a: Venusaur","|-crit|p2a: Venusaur","|-damage|p2a: Venusaur|55/364","|move|p2a: Venusaur|Sleep Powder|p1a: Electivire","|-status|p1a: Electivire|slp","|","|turn|23","|","|switch|p1a: Ampharos|Ampharos-Mega, M|44/383","|-ability|p1a: Ampharos|Mold Breaker","|move|p2a: Venusaur|Leech Seed|p1a: Ampharos","|-start|p1a: Ampharos|move: Leech Seed","|","|-damage|p1a: Ampharos|0 fnt|[from] Leech Seed|[of] p2a: Venusaur","|-heal|p2a: Venusaur|99/364|[silent]","|faint|p1a: Ampharos","|","|switch|p1a: Rotom-Wash|Rotom-Wash|303/303","|turn|24","|","|move|p1a: Rotom-Wash|Will-O-Wisp|p2a: Venusaur","|-status|p2a: Venusaur|brn","|move|p2a: Venusaur|Giga Drain|p1a: Rotom-Wash","|-supereffective|p1a: Rotom-Wash","|-damage|p1a: Rotom-Wash|115/303","|-heal|p2a: Venusaur|193/364 brn|[from] drain|[of] p1a: Rotom-Wash","|","|-heal|p1a: Rotom-Wash|133/303|[from] item: Leftovers","|-damage|p2a: Venusaur|148/364 brn|[from] brn","|turn|25","|","|move|p1a: Rotom-Wash|Volt Switch|p2a: Venusaur","|-resisted|p2a: Venusaur","|-damage|p2a: Venusaur|113/364 brn","|","|switch|p1a: Zapdos|Zapdos|381/381","|-ability|p1a: Zapdos|Pressure","|move|p2a: Venusaur|Giga Drain|p1a: Zapdos","|-resisted|p1a: Zapdos","|-damage|p1a: Zapdos|339/381","|-heal|p2a: Venusaur|134/364 brn|[from] drain|[of] p1a: Zapdos","|","|-heal|p1a: Zapdos|362/381|[from] item: Leftovers","|-damage|p2a: Venusaur|89/364 brn|[from] brn","|turn|26","|","|move|p1a: Zapdos|Heat Wave|p2a: Venusaur","|-supereffective|p2a: Venusaur","|-damage|p2a: Venusaur|9/364 brn","|move|p2a: Venusaur|Leech Seed|p1a: Zapdos","|-start|p1a: Zapdos|move: Leech Seed","|","|-heal|p1a: Zapdos|381/381|[from] item: Leftovers","|-damage|p1a: Zapdos|334/381|[from] Leech Seed|[of] p2a: Venusaur","|-heal|p2a: Venusaur|56/364 brn|[silent]","|-damage|p2a: Venusaur|11/364 brn|[from] brn","|turn|27","|","|move|p1a: Zapdos|Heat Wave|p2a: Venusaur","|-miss|p1a: Zapdos|p2a: Venusaur","|move|p2a: Venusaur|Giga Drain|p1a: Zapdos","|-resisted|p1a: Zapdos","|-damage|p1a: Zapdos|296/381","|-heal|p2a: Venusaur|30/364 brn|[from] drain|[of] p1a: Zapdos","|","|-heal|p1a: Zapdos|319/381|[from] item: Leftovers","|-damage|p1a: Zapdos|272/381|[from] Leech Seed|[of] p2a: Venusaur","|-heal|p2a: Venusaur|77/364 brn|[silent]","|-damage|p2a: Venusaur|32/364 brn|[from] brn","|turn|28","|","|move|p1a: Zapdos|Thunderbolt|p2a: Venusaur","|-resisted|p2a: Venusaur","|-damage|p2a: Venusaur|0 fnt","|faint|p2a: Venusaur","|","|win|Yung Draco"],"p1rating":{"entryid":"6653831","serverid":"eos","formatid":"monotype","userid":"yungdraco","username":"Yung draco - ⓦⓐⓘⓣ","w":30,"l":"11","t":"0","gxe":69.6,"r":"1655.0687521218","rd":"58.196062557216","sigma":"0","rptime":"1439197200","rpr":1658.1778703808,"rprd":57.764848692081,"rpsigma":"0","acre":1306.9021798074,"lacre":1306.9021798074,"oldacre":"1298.2613244345"},"p2rating":{"entryid":"7012653","serverid":"eos","formatid":"monotype","userid":"infernooverclass","username":"Inferno OverClass","w":"15","l":34,"t":"0","gxe":32.8,"r":1365.7753149844,"rd":53.501291827153,"sigma":"0","rptime":1439197200,"rpr":1363.1701555222,"rprd":53.169992085222,"rpsigma":"0","acre":1021.4378427711,"lacre":1021.4378427711,"oldacre":"1026.2553995836"},"endType":"normal"}