{"seed":[8678,42453,61992,1892],"turns":37,"p1":"GLReshiram","p2":"StormiClouds","p1team":[{"name":"Heatran","species":"Heatran","item":"assaultvest","ability":"Flash Fire","moves":["firespin","earthpower","explosion","flashcannon"],"nature":"Mild","evs":{"hp":148,"atk":0,"def":0,"spa":252,"spd":108,"spe":0},"ivs":{"hp":31,"atk":31,"def":31,"spa":31,"spd":31,"spe":31}},{"name":"Ninetales","species":"Ninetales","item":"focussash","ability":"Drought","moves":["flamethrower","solarbeam","hiddenpowerelectric","nastyplot"],"nature":"Timid","evs":{"hp":0,"atk":0,"def":0,"spa":252,"spd":4,"spe":252},"ivs":{"hp":31,"atk":31,"def":31,"spa":30,"spd":31,"spe":31}},{"name":"Torkoal","species":"Torkoal","item":"leftovers","ability":"Shell Armor","moves":["protect","toxic","lavaplume","rapidspin"],"nature":"Bold","evs":{"hp":252,"atk":0,"def":252,"spa":4,"spd":0,"spe":0},"ivs":{"hp":31,"atk":31,"def":31,"spa":31,"spd":31,"spe":31}},{"name":"Rotom-Heat","species":"Rotom-Heat","item":"lightclay","ability":"Levitate","moves":["voltswitch","painsplit","reflect","lightscreen"],"nature":"Timid","evs":{"hp":236,"atk":0,"def":8,"spa":4,"spd":8,"spe":252},"ivs":{"hp":31,"atk":31,"def":31,"spa":31,"spd":31,"spe":31}},{"name":"Infernape","species":"Infernape","item":"lifeorb","ability":"Iron Fist","moves":["firepunch","machpunch","thunderpunch","uturn"],"nature":"Jolly","evs":{"hp":4,"atk":252,"def":0,"spa":0,"spd":0,"spe":252},"ivs":{"hp":31,"atk":31,"def":31,"spa":31,"spd":31,"spe":31}},{"name":"Charizard","species":"Charizard","item":"charizarditex","ability":"Blaze","moves":["dragondance","roost","dragonclaw","earthquake"],"nature":"Adamant","evs":{"hp":176,"atk":68,"def":0,"spa":0,"spd":0,"spe":80},"ivs":{"hp":31,"atk":31,"def":31,"spa":31,"spd":31,"spe":31}}],"p2team":[{"name":"Weezing","species":"Weezing","item":"blacksludge","ability":"Levitate","moves":["sludgewave","flamethrower","darkpulse","willowisp"],"nature":"Modest","evs":{"hp":252,"atk":0,"def":0,"spa":252,"spd":4,"spe":0},"shiny":true,"ivs":{"hp":31,"atk":31,"def":31,"spa":31,"spd":31,"spe":31}},{"name":"Dragalge","species":"Dragalge","item":"blacksludge","ability":"Adaptability","moves":["dragonpulse","sludgewave","toxicspikes","scald"],"nature":"Modest","evs":{"hp":252,"atk":0,"def":0,"spa":252,"spd":4,"spe":0},"shiny":true,"ivs":{"hp":31,"atk":31,"def":31,"spa":31,"spd":31,"spe":31}},{"name":"Crobat","species":"Crobat","item":"blacksludge","ability":"Infiltrator","moves":["bravebird","superfang","crosspoison","confuseray"],"nature":"Jolly","evs":{"hp":0,"atk":252,"def":0,"spa":0,"spd":4,"spe":252},"ivs":{"hp":31,"atk":31,"def":31,"spa":31,"spd":31,"spe":31}},{"name":"Venusaur","species":"Venusaur","item":"venusaurite","ability":"Chlorophyll","moves":["leechseed","earthquake","gigadrain","sludgebomb"],"nature":"Mild","evs":{"hp":0,"atk":4,"def":0,"spa":252,"spd":0,"spe":252},"shiny":true,"ivs":{"hp":31,"atk":31,"def":31,"spa":31,"spd":31,"spe":31}},{"name":"Drapion","species":"Drapion","item":"razorclaw","ability":"Sniper","moves":["crosspoison","nightslash","earthquake","swordsdance"],"nature":"Adamant","evs":{"hp":248,"atk":252,"def":0,"spa":0,"spd":8,"spe":0},"ivs":{"hp":31,"atk":31,"def":31,"spa":31,"spd":31,"spe":31}},{"name":"Scolipede","species":"Scolipede","item":"lifeorb","ability":"Speed Boost","moves":["megahorn","poisonjab","earthquake","protect"],"nature":"Adamant","evs":{"hp":0,"atk":252,"def":0,"spa":0,"spd":4,"spe":252},"shiny":true,"ivs":{"hp":31,"atk":31,"def":31,"spa":31,"spd":31,"spe":31}}],"log":["|player|p1|GLReshiram|170","|player|p2|StormiClouds|154","|gametype|singles","|gen|6","|tier|Monotype","|rated","|rule|Baton Pass Clause: Limit one Baton Passer, can't pass Spe and other stats simultaneously","|rule|Swagger Clause: Swagger is banned","|rule|Same Type Clause: Pokémon in a team must share a type","|clearpoke","|poke|p1|Heatran, F","|poke|p1|Ninetales, F","|poke|p1|Torkoal, F","|poke|p1|Rotom-Heat","|poke|p1|Infernape, F","|poke|p1|Charizard, M","|poke|p2|Weezing, F, shiny","|poke|p2|Dragalge, F, shiny","|poke|p2|Crobat, M","|poke|p2|Venusaur, M, shiny","|poke|p2|Drapion, F","|poke|p2|Scolipede, M, shiny","|rule|Sleep Clause Mod: Limit one foe put to sleep","|rule|Species Clause: Limit one of each Pokémon","|rule|OHKO Clause: OHKO moves are banned","|rule|Moody Clause: Moody is banned","|rule|Evasion Moves Clause: Evasion moves are banned","|rule|Endless Battle Clause: Forcing endless battles is banned","|rule|HP Percentage Mod: HP is shown in percentages","|teampreview","|","|start","|switch|p1a: Rotom-Heat|Rotom-Heat|300/300","|switch|p2a: Venusaur|Venusaur, M, shiny|301/301","|turn|1","|","|detailschange|p2a: Venusaur|Venusaur-Mega, M, shiny","|-mega|p2a: Venusaur|Venusaur|Venusaurite","|move|p1a: Rotom-Heat|Light Screen|p1a: Rotom-Heat","|-sidestart|p1: GLReshiram|move: Light Screen","|move|p2a: Venusaur|Leech Seed|p1a: Rotom-Heat","|-start|p1a: Rotom-Heat|move: Leech Seed","|","|-damage|p1a: Rotom-Heat|263/300|[from] Leech Seed|[of] p2a: Venusaur","|turn|2","|","|move|p1a: Rotom-Heat|Volt Switch|p2a: Venusaur","|-resisted|p2a: Venusaur","|-damage|p2a: Venusaur|261/301","|","|switch|p1a: Heatran|Heatran, F|360/360","|move|p2a: Venusaur|Sludge Bomb|p1a: Heatran","|-immune|p1a: Heatran|[msg]","|","|turn|3","|","|move|p2a: Venusaur|Earthquake|p1a: Heatran","|-supereffective|p1a: Heatran","|-damage|p1a: Heatran|40/360","|move|p1a: Heatran|Fire Spin|p2a: Venusaur","|-supereffective|p2a: Venusaur","|-damage|p2a: Venusaur|199/301","|-activate|p2a: Venusaur|move: Fire Spin|[of] p1a: Heatran","|","|-damage|p2a: Venusaur|162/301|[from] move: Fire Spin|[partiallytrapped]","|turn|4","|","|switch|p1a: Charizard|Charizard, M|341/341","|move|p2a: Venusaur|Leech Seed|p1a: Charizard","|-start|p1a: Charizard|move: Leech Seed","|","|-damage|p1a: Charizard|299/341|[from] Leech Seed|[of] p2a: Venusaur","|-heal|p2a: Venusaur|204/301|[silent]","|turn|5","|","|switch|p2a: Crobat|Crobat, M|311/311","|detailschange|p1a: Charizard|Charizard-Mega-X, M","|-mega|p1a: Charizard|Charizard|Charizardite X","|move|p1a: Charizard|Dragon Dance|p1a: Charizard","|-boost|p1a: Charizard|atk|1","|-boost|p1a: Charizard|spe|1","|","|-damage|p1a: Charizard|257/341|[from] Leech Seed|[of] p2a: Crobat","|turn|6","|","|move|p2a: Crobat|Confuse Ray|p1a: Charizard","|-start|p1a: Charizard|confusion","|-activate|p1a: Charizard|confusion","|move|p1a: Charizard|Dragon Claw|p2a: Crobat","|-damage|p2a: Crobat|0 fnt","|faint|p2a: Crobat","|","|","|switch|p2a: Weezing|Weezing, F, shiny|334/334","|turn|7","|","|switch|p1a: Heatran|Heatran, F|40/360","|move|p2a: Weezing|Sludge Wave|p1a: Heatran","|-immune|p1a: Heatran|[msg]","|","|turn|8","|","|move|p1a: Heatran|Fire Spin|p2a: Weezing","|-damage|p2a: Weezing|238/334","|-activate|p2a: Weezing|move: Fire Spin|[of] p1a: Heatran","|move|p2a: Weezing|Dark Pulse|p1a: Heatran","|-damage|p1a: Heatran|18/360","|","|-heal|p2a: Weezing|258/334|[from] item: Black Sludge","|-damage|p2a: Weezing|217/334|[from] move: Fire Spin|[partiallytrapped]","|-sideend|p1: GLReshiram|move: Light Screen","|turn|9","|","|move|p1a: Heatran|Explosion|p2a: Weezing","|-damage|p2a: Weezing|68/334","|faint|p1a: Heatran","|move|p2a: Weezing|Dark Pulse|p1: Heatran|[notarget]","|-notarget","|","|-heal|p2a: Weezing|88/334|[from] item: Black Sludge","|","|switch|p1a: Rotom-Heat|Rotom-Heat|263/300","|turn|10","|","|switch|p2a: Venusaur|Venusaur-Mega, M, shiny|204/301","|move|p1a: Rotom-Heat|Volt Switch|p2a: Venusaur","|-resisted|p2a: Venusaur","|-damage|p2a: Venusaur|171/301","|","|switch|p1a: Charizard|Charizard-Mega-X, M|257/341","|","|turn|11","|","|move|p2a: Venusaur|Earthquake|p1a: Charizard","|-supereffective|p1a: Charizard","|-damage|p1a: Charizard|99/341","|move|p1a: Charizard|Dragon Claw|p2a: Venusaur","|-damage|p2a: Venusaur|8/301","|","|turn|12","|","|move|p2a: Venusaur|Sludge Bomb|p1a: Charizard","|-damage|p1a: Charizard|0 fnt","|faint|p1a: Charizard","|","|","|switch|p1a: Rotom-Heat|Rotom-Heat|263/300","|turn|13","|","|move|p1a: Rotom-Heat|Light Screen|p1a: Rotom-Heat","|-sidestart|p1: GLReshiram|move: Light Screen","|move|p2a: Venusaur|Leech Seed|p1a: Rotom-Heat","|-start|p1a: Rotom-Heat|move: Leech Seed","|","|-damage|p1a: Rotom-Heat|226/300|[from] Leech Seed|[of] p2a: Venusaur","|-heal|p2a: Venusaur|45/301|[silent]","|turn|14","|","|switch|p2a: Dragalge|Dragalge, F, shiny|334/334","|move|p1a: Rotom-Heat|Volt Switch|p2a: Dragalge","|-crit|p2a: Dragalge","|-resisted|p2a: Dragalge","|-damage|p2a: Dragalge|278/334","|","|switch|p1a: Infernape|Infernape, F|294/294","|","|-heal|p2a: Dragalge|298/334|[from] item: Black Sludge","|turn|15","|","|switch|p2a: Weezing|Weezing, F, shiny|88/334","|move|p1a: Infernape|U-turn|p2a: Weezing","|-resisted|p2a: Weezing","|-damage|p2a: Weezing|45/334","|-damage|p1a: Infernape|265/294|[from] item: Life Orb","|","|switch|p1a: Ninetales|Ninetales, F|287/287","|-weather|SunnyDay","|","|-weather|SunnyDay|[upkeep]","|-heal|p2a: Weezing|65/334|[from] item: Black Sludge","|turn|16","|","|move|p1a: Ninetales|Nasty Plot|p1a: Ninetales","|-boost|p1a: Ninetales|spa|2","|move|p2a: Weezing|Sludge Wave|p1a: Ninetales","|-damage|p1a: Ninetales|215/287","|","|-weather|SunnyDay|[upkeep]","|-heal|p2a: Weezing|85/334|[from] item: Black Sludge","|turn|17","|","|move|p1a: Ninetales|Nasty Plot|p1a: Ninetales","|-boost|p1a: Ninetales|spa|2","|move|p2a: Weezing|Sludge Wave|p1a: Ninetales","|-damage|p1a: Ninetales|149/287","|","|-weather|SunnyDay|[upkeep]","|-heal|p2a: Weezing|105/334|[from] item: Black Sludge","|turn|18","|","|move|p1a: Ninetales|Nasty Plot|p1a: Ninetales","|-boost|p1a: Ninetales|spa|2","|move|p2a: Weezing|Sludge Wave|p1a: Ninetales","|-damage|p1a: Ninetales|77/287","|","|-weather|SunnyDay|[upkeep]","|-heal|p2a: Weezing|125/334|[from] item: Black Sludge","|turn|19","|","|move|p1a: Ninetales|Flamethrower|p2a: Weezing","|-damage|p2a: Weezing|0 fnt","|faint|p2a: Weezing","|","|-weather|none","|","|switch|p2a: Scolipede|Scolipede, M, shiny|261/261","|turn|20","|","|switch|p1a: Torkoal|Torkoal, F|344/344","|move|p2a: Scolipede|Protect|p2a: Scolipede","|-fail|p2a: Scolipede","|","|-sideend|p1: GLReshiram|move: Light Screen","|-boost|p2a: Scolipede|spe|1|[from] ability: Speed Boost","|turn|21","|","|switch|p2a: Venusaur|Venusaur-Mega, M, shiny|45/301","|move|p1a: Torkoal|Toxic|p2a: Venusaur","|-immune|p2a: Venusaur|[msg]","|","|turn|22","|","|move|p2a: Venusaur|Leech Seed|p1a: Torkoal","|-start|p1a: Torkoal|move: Leech Seed","|move|p1a: Torkoal|Lava Plume|p2a: Venusaur","|-supereffective|p2a: Venusaur","|-damage|p2a: Venusaur|0 fnt","|faint|p2a: Venusaur","|","|","|switch|p2a: Dragalge|Dragalge, F, shiny|298/334","|turn|23","|","|move|p1a: Torkoal|Protect|p1a: Torkoal","|-singleturn|p1a: Torkoal|Protect","|move|p2a: Dragalge|Scald|p1a: Torkoal","|-activate|p1a: Torkoal|Protect","|","|-heal|p2a: Dragalge|318/334|[from] item: Black Sludge","|-damage|p1a: Torkoal|301/344|[from] Leech Seed|[of] p2a: Dragalge","|-heal|p2a: Dragalge|334/334|[silent]","|turn|24","|","|switch|p1a: Ninetales|Ninetales, F|77/287","|-weather|SunnyDay","|move|p2a: Dragalge|Toxic Spikes|p1a: Ninetales","|-sidestart|p1: GLReshiram|move: Toxic Spikes","|","|-weather|SunnyDay|[upkeep]","|turn|25","|","|move|p1a: Ninetales|Hidden Power|p2a: Dragalge","|-resisted|p2a: Dragalge","|-damage|p2a: Dragalge|313/334","|move|p2a: Dragalge|Sludge Wave|p1a: Ninetales","|-damage|p1a: Ninetales|0 fnt","|faint|p1a: Ninetales","|","|-weather|SunnyDay|[upkeep]","|-heal|p2a: Dragalge|333/334|[from] item: Black Sludge","|","|switch|p1a: Rotom-Heat|Rotom-Heat|226/300","|turn|26","|","|move|p1a: Rotom-Heat|Light Screen|p1a: Rotom-Heat","|-sidestart|p1: GLReshiram|move: Light Screen","|move|p2a: Dragalge|Sludge Wave|p1a: Rotom-Heat","|-damage|p1a: Rotom-Heat|128/300","|-status|p1a: Rotom-Heat|psn","|","|-weather|SunnyDay|[upkeep]","|-heal|p2a: Dragalge|334/334|[from] item: Black Sludge","|-damage|p1a: Rotom-Heat|91/300 psn|[from] psn","|turn|27","|","|move|p1a: Rotom-Heat|Pain Split|p2a: Dragalge","|-sethp|p2a: Dragalge|212/334|p1a: Rotom-Heat|212/300 psn|[from] move: Pain Split","|move|p2a: Dragalge|Toxic Spikes|p1a: Rotom-Heat","|-sidestart|p1: GLReshiram|move: Toxic Spikes","|","|-weather|SunnyDay|[upkeep]","|-heal|p2a: Dragalge|232/334|[from] item: Black Sludge","|-damage|p1a: Rotom-Heat|175/300 psn|[from] psn","|turn|28","|","|move|p1a: Rotom-Heat|Pain Split|p2a: Dragalge","|-sethp|p2a: Dragalge|203/334|p1a: Rotom-Heat|203/300 psn|[from] move: Pain Split","|move|p2a: Dragalge|Sludge Wave|p1a: Rotom-Heat","|-damage|p1a: Rotom-Heat|103/300 psn","|","|-weather|none","|-heal|p2a: Dragalge|223/334|[from] item: Black Sludge","|-damage|p1a: Rotom-Heat|66/300 psn|[from] psn","|turn|29","|","|move|p1a: Rotom-Heat|Pain Split|p2a: Dragalge","|-sethp|p2a: Dragalge|144/334|p1a: Rotom-Heat|144/300 psn|[from] move: Pain Split","|move|p2a: Dragalge|Scald|p1a: Rotom-Heat","|-supereffective|p1a: Rotom-Heat","|-damage|p1a: Rotom-Heat|67/300 psn","|","|-heal|p2a: Dragalge|164/334|[from] item: Black Sludge","|-damage|p1a: Rotom-Heat|30/300 psn|[from] psn","|turn|30","|","|move|p1a: Rotom-Heat|Reflect|p1a: Rotom-Heat","|-sidestart|p1: GLReshiram|Reflect","|move|p2a: Dragalge|Scald|p1a: Rotom-Heat","|-supereffective|p1a: Rotom-Heat","|-damage|p1a: Rotom-Heat|0 fnt","|faint|p1a: Rotom-Heat","|","|-heal|p2a: Dragalge|184/334|[from] item: Black Sludge","|","|switch|p1a: Torkoal|Torkoal, F|301/344","|-status|p1a: Torkoal|tox","|turn|31","|","|switch|p2a: Drapion|Drapion, F|343/343","|move|p1a: Torkoal|Lava Plume|p2a: Drapion","|-damage|p2a: Drapion|238/343","|","|-heal|p1a: Torkoal|322/344 tox|[from] item: Leftovers","|-damage|p1a: Torkoal|301/344 tox|[from] psn","|turn|32","|","|move|p2a: Drapion|Swords Dance|p2a: Drapion","|-boost|p2a: Drapion|atk|2","|move|p1a: Torkoal|Lava Plume|p2a: Drapion","|-damage|p2a: Drapion|130/343","|","|-heal|p1a: Torkoal|322/344 tox|[from] item: Leftovers","|-damage|p1a: Torkoal|280/344 tox|[from] psn","|turn|33","|","|move|p2a: Drapion|Night Slash|p1a: Torkoal","|-damage|p1a: Torkoal|220/344 tox","|move|p1a: Torkoal|Lava Plume|p2a: Drapion","|-damage|p2a: Drapion|19/343","|","|-heal|p1a: Torkoal|241/344 tox|[from] item: Leftovers","|-damage|p1a: Torkoal|178/344 tox|[from] psn","|-sideend|p1: GLReshiram|move: Light Screen","|turn|34","|","|move|p2a: Drapion|Cross Poison|p1a: Torkoal","|-damage|p1a: Torkoal|118/344 tox","|move|p1a: Torkoal|Rapid Spin|p2a: Drapion","|-damage|p2a: Drapion|7/343","|-sideend|p1: GLReshiram|Toxic Spikes|[from] move: Rapid Spin|[of] p1a: Torkoal","|","|-heal|p1a: Torkoal|139/344 tox|[from] item: Leftovers","|-damage|p1a: Torkoal|55/344 tox|[from] psn","|turn|35","|","|move|p2a: Drapion|Earthquake|p1a: Torkoal","|-supereffective|p1a: Torkoal","|-damage|p1a: Torkoal|0 fnt","|faint|p1a: Torkoal","|","|","|switch|p1a: Infernape|Infernape, F|265/294","|turn|36","|","|move|p1a: Infernape|Mach Punch|p2a: Drapion","|-damage|p2a: Drapion|0 fnt","|-damage|p1a: Infernape|236/294|[from] item: Life Orb","|faint|p2a: Drapion","|","|","|switch|p2a: Dragalge|Dragalge, F, shiny|184/334","|turn|37","|","|move|p1a: Infernape|Mach Punch|p2a: Dragalge","|-resisted|p2a: Dragalge","|-damage|p2a: Dragalge|131/334","|-damage|p1a: Infernape|207/294|[from] item: Life Orb","|move|p2a: Dragalge|Scald|p1a: Infernape","|-supereffective|p1a: Infernape","|-damage|p1a: Infernape|0 fnt","|faint|p1a: Infernape","|","|win|StormiClouds"],"p1rating":{"entryid":"6886801","serverid":"eos","formatid":"monotype","userid":"glreshiram","username":"GL♅Reshiram","w":"19","l":20,"t":"0","gxe":49,"r":"1486.7972587549","rd":"58.073456274428","sigma":"0","rptime":"1439197200","rpr":1492.6030812686,"rprd":55.461302070405,"rpsigma":"0","acre":1107.4605542896,"lacre":1107.4605542896,"oldacre":"1138.9521402145"},"p2rating":{"entryid":"7529280","serverid":"eos","formatid":"monotype","userid":"stormiclouds","username":"StormiClouds","w":5,"l":"11","t":"0","gxe":36.8,"r":"1480.9299357284","rd":"112.13270210657","sigma":"0","rptime":"1439197200","rpr":1395.9744309601,"rprd":75.453661235636,"rpsigma":"0","acre":1088.1993413565,"lacre":1088.1993413565,"oldacre":"1046.6220100988"},"endType":"normal"}