{"seed":[55247,19443,26687,3596],"turns":27,"p1":"Metalyte","p2":"Alliance ♋ akaFila","p1team":[{"name":"Bronzong","species":"Bronzong","item":"leftovers","ability":"Levitate","moves":["trickroom","stealthrock","gyroball","toxic"],"nature":"Sassy","evs":{"hp":252,"atk":0,"def":128,"spa":0,"spd":128,"spe":0},"ivs":{"hp":31,"atk":31,"def":31,"spa":31,"spd":31,"spe":0}},{"name":"Magnezone","species":"Magnezone","item":"choicespecs","ability":"Sturdy","moves":["thunderbolt","flashcannon","voltswitch","hiddenpowerice"],"nature":"Quiet","evs":{"hp":248,"atk":0,"def":0,"spa":252,"spd":8,"spe":0},"ivs":{"hp":31,"atk":30,"def":30,"spa":31,"spd":31,"spe":31}},{"name":"Scizor","species":"Scizor","item":"choiceband","ability":"Technician","moves":["bulletpunch","uturn","aerialace","knockoff"],"nature":"Brave","evs":{"hp":248,"atk":252,"def":0,"spa":0,"spd":8,"spe":0},"ivs":{"hp":31,"atk":31,"def":31,"spa":31,"spd":31,"spe":31}},{"name":"Heatran","species":"Heatran","item":"choicescarf","ability":"Flash Fire","moves":["fireblast","flashcannon","earthpower","ancientpower"],"nature":"Timid","evs":{"hp":0,"atk":0,"def":0,"spa":252,"spd":4,"spe":252},"ivs":{"hp":31,"atk":31,"def":31,"spa":31,"spd":31,"spe":31}},{"name":"Skarmory","species":"Skarmory","item":"leftovers","ability":"Sturdy","moves":["roost","defog","whirlwind","drillpeck"],"nature":"Impish","evs":{"hp":252,"atk":0,"def":252,"spa":0,"spd":0,"spe":4},"ivs":{"hp":31,"atk":31,"def":31,"spa":31,"spd":31,"spe":31}},{"name":"Ferrothorn","species":"Ferrothorn","item":"leftovers","ability":"Iron Barbs","moves":["curse","leechseed","gyroball","powerwhip"],"nature":"Sassy","evs":{"hp":252,"atk":0,"def":4,"spa":0,"spd":252,"spe":0},"ivs":{"hp":31,"atk":31,"def":31,"spa":31,"spd":31,"spe":0}}],"p2team":[{"name":"meme 1","species":"genesect","item":"choicescarf","ability":"Download","moves":["flamethrower","flashcannon","uturn","extremespeed"],"nature":"Hasty","evs":{"hp":0,"atk":4,"def":0,"spa":252,"spd":0,"spe":252},"shiny":true,"ivs":{"hp":31,"atk":31,"def":31,"spa":31,"spd":31,"spe":31}},{"name":"meme 2","species":"armaldo","item":"choiceband","ability":"Battle Armor","moves":["rockblast","aquatail","facade","rapidspin"],"nature":"Adamant","evs":{"hp":248,"atk":252,"def":0,"spa":0,"spd":8,"spe":0},"shiny":true,"ivs":{"hp":31,"atk":31,"def":31,"spa":31,"spd":31,"spe":31}},{"name":"meme 3","species":"beedrill","item":"beedrillite","ability":"Swarm","moves":["xscissor","knockoff","gigaimpact","protect"],"nature":"Jolly","evs":{"hp":0,"atk":252,"def":0,"spa":0,"spd":4,"spe":252},"shiny":true,"ivs":{"hp":31,"atk":31,"def":31,"spa":31,"spd":31,"spe":31}},{"name":"meme 4","species":"shedinja","item":"focussash","ability":"Wonder Guard","moves":["swordsdance","phantomforce","xscissor","shadowsneak"],"nature":"Jolly","evs":{"hp":0,"atk":252,"def":4,"spa":0,"spd":0,"spe":252},"shiny":true,"ivs":{"hp":31,"atk":31,"def":31,"spa":31,"spd":31,"spe":31}},{"name":"meme 5","species":"yanmega","item":"leftovers","ability":"Speed Boost","moves":["airslash","ancientpower","bugbuzz","protect"],"nature":"Modest","evs":{"hp":0,"atk":0,"def":0,"spa":252,"spd":4,"spe":252},"shiny":true,"ivs":{"hp":31,"atk":31,"def":31,"spa":31,"spd":31,"spe":31}},{"name":"meme 6","species":"volcarona","item":"assaultvest","ability":"Flame Body","moves":["fierydance","hurricane","flamecharge","uturn"],"nature":"Calm","evs":{"hp":252,"atk":0,"def":4,"spa":0,"spd":252,"spe":0},"shiny":true,"ivs":{"hp":31,"atk":31,"def":31,"spa":31,"spd":31,"spe":31}}],"log":["|player|p1|Metalyte|165","|player|p2|Alliance ♋ akaFila|allianceakafila.gif","|gametype|singles","|gen|6","|tier|Monotype","|rated","|rule|Baton Pass Clause: Limit one Baton Passer, can't pass Spe and other stats simultaneously","|rule|Swagger Clause: Swagger is banned","|rule|Same Type Clause: Pokémon in a team must share a type","|clearpoke","|poke|p1|Bronzong","|poke|p1|Magnezone","|poke|p1|Scizor, F","|poke|p1|Heatran, F","|poke|p1|Skarmory, M","|poke|p1|Ferrothorn, M","|poke|p2|Genesect-*, shiny","|poke|p2|Armaldo, M, shiny","|poke|p2|Beedrill, M, shiny","|poke|p2|Shedinja, shiny","|poke|p2|Yanmega, F, shiny","|poke|p2|Volcarona, M, shiny","|rule|Sleep Clause Mod: Limit one foe put to sleep","|rule|Species Clause: Limit one of each Pokémon","|rule|OHKO Clause: OHKO moves are banned","|rule|Moody Clause: Moody is banned","|rule|Evasion Moves Clause: Evasion moves are banned","|rule|Endless Battle Clause: Forcing endless battles is banned","|rule|HP Percentage Mod: HP is shown in percentages","|teampreview","|","|start","|switch|p1a: Bronzong|Bronzong|338/338","|switch|p2a: meme 6|Volcarona, M, shiny|374/374","|turn|1","|","|move|p2a: meme 6|U-turn|p1a: Bronzong","|-damage|p1a: Bronzong|301/338","|","|switch|p2a: meme 4|Shedinja, shiny|1/1","|move|p1a: Bronzong|Stealth Rock|p2a: meme 4","|-sidestart|p2: Alliance ♋ akaFila|move: Stealth Rock","|","|-heal|p1a: Bronzong|322/338|[from] item: Leftovers","|turn|2","|","|move|p2a: meme 4|Swords Dance|p2a: meme 4","|-boost|p2a: meme 4|atk|2","|move|p1a: Bronzong|Toxic|p2a: meme 4","|-status|p2a: meme 4|tox","|","|-heal|p1a: Bronzong|338/338|[from] item: Leftovers","|-damage|p2a: meme 4|0 fnt|[from] psn","|faint|p2a: meme 4","|","|switch|p2a: meme 3|Beedrill, M, shiny|271/271","|-damage|p2a: meme 3|204/271|[from] Stealth Rock","|turn|3","|","|detailschange|p2a: meme 3|Beedrill-Mega, M, shiny","|-mega|p2a: meme 3|Beedrill|Beedrillite","|move|p2a: meme 3|Knock Off|p1a: Bronzong","|-supereffective|p1a: Bronzong","|-damage|p1a: Bronzong|124/338","|-enditem|p1a: Bronzong|Leftovers|[from] move: Knock Off|[of] p2a: meme 3","|move|p1a: Bronzong|Trick Room|p1a: Bronzong","|-fieldstart|move: Trick Room|[of] p1a: Bronzong","|","|turn|4","|","|move|p2a: meme 3|Protect|p2a: meme 3","|-singleturn|p2a: meme 3|Protect","|move|p1a: Bronzong|Gyro Ball|p2a: meme 3","|-activate|p2a: meme 3|Protect","|","|turn|5","|","|switch|p2a: meme 6|Volcarona, M, shiny|374/374","|-damage|p2a: meme 6|187/374|[from] Stealth Rock","|move|p1a: Bronzong|Gyro Ball|p2a: meme 6","|-resisted|p2a: meme 6","|-damage|p2a: meme 6|118/374","|","|turn|6","|","|switch|p1a: Magnezone|Magnezone|343/343","|move|p2a: meme 6|Fiery Dance|p1a: Magnezone","|-supereffective|p1a: Magnezone","|-damage|p1a: Magnezone|95/343","|","|turn|7","|","|move|p1a: Magnezone|Volt Switch|p2a: meme 6","|-damage|p2a: meme 6|24/374","|","|switch|p1a: Scizor|Scizor, F|343/343","|move|p2a: meme 6|Fiery Dance|p1a: Scizor","|-supereffective|p1a: Scizor","|-damage|p1a: Scizor|0 fnt","|-boost|p2a: meme 6|spa|1","|faint|p1a: Scizor","|","|-fieldend|move: Trick Room","|","|switch|p1a: Heatran|Heatran, F|323/323","|turn|8","|","|move|p1a: Heatran|Ancient Power|p2a: meme 6","|-supereffective|p2a: meme 6","|-damage|p2a: meme 6|0 fnt","|faint|p2a: meme 6","|","|","|switch|p2a: meme 3|Beedrill-Mega, M, shiny|204/271","|-damage|p2a: meme 3|137/271|[from] Stealth Rock","|turn|9","|","|switch|p1a: Skarmory|Skarmory, M|334/334","|move|p2a: meme 3|Knock Off|p1a: Skarmory","|-damage|p1a: Skarmory|261/334","|-enditem|p1a: Skarmory|Leftovers|[from] move: Knock Off|[of] p2a: meme 3","|","|turn|10","|","|switch|p2a: meme 1|Genesect, shiny|283/283","|-damage|p2a: meme 1|248/283|[from] Stealth Rock","|-boost|p2a: meme 1|spa|1|[from] ability: Download","|move|p1a: Skarmory|Drill Peck|p2a: meme 1","|-damage|p2a: meme 1|158/283","|","|turn|11","|","|switch|p1a: Bronzong|Bronzong|124/338","|move|p2a: meme 1|Flamethrower|p1a: Bronzong","|-supereffective|p1a: Bronzong","|-damage|p1a: Bronzong|0 fnt","|faint|p1a: Bronzong","|","|","|switch|p1a: Heatran|Heatran, F|323/323","|turn|12","|","|switch|p2a: meme 2|Armaldo, M, shiny|353/353","|-damage|p2a: meme 2|265/353|[from] Stealth Rock","|move|p1a: Heatran|Fire Blast|p2a: meme 2|[miss]","|-miss|p1a: Heatran|p2a: meme 2","|","|turn|13","|","|move|p1a: Heatran|Fire Blast|p2a: meme 2","|-damage|p2a: meme 2|25/353","|move|p2a: meme 2|Rapid Spin|p1a: Heatran","|-resisted|p1a: Heatran","|-damage|p1a: Heatran|304/323","|-sideend|p2: Alliance ♋ akaFila|Stealth Rock|[from] move: Rapid Spin|[of] p2a: meme 2","|","|turn|14","|","|move|p1a: Heatran|Fire Blast|p2a: meme 2","|-damage|p2a: meme 2|0 fnt","|faint|p2a: meme 2","|","|","|switch|p2a: meme 3|Beedrill-Mega, M, shiny|137/271","|turn|15","|","|switch|p1a: Ferrothorn|Ferrothorn, M|352/352","|move|p2a: meme 3|Knock Off|p1a: Ferrothorn","|-damage|p1a: Ferrothorn|253/352","|-damage|p2a: meme 3|104/271|[from] ability: Iron Barbs|[of] p1a: Ferrothorn","|-enditem|p1a: Ferrothorn|Leftovers|[from] move: Knock Off|[of] p2a: meme 3","|","|turn|16","|","|move|p2a: meme 3|X-Scissor|p1a: Ferrothorn","|-damage|p1a: Ferrothorn|81/352","|-damage|p2a: meme 3|71/271|[from] ability: Iron Barbs|[of] p1a: Ferrothorn","|move|p1a: Ferrothorn|Leech Seed|p2a: meme 3","|-start|p2a: meme 3|move: Leech Seed","|","|-damage|p2a: meme 3|38/271|[from] Leech Seed|[of] p1a: Ferrothorn","|-heal|p1a: Ferrothorn|114/352|[silent]","|turn|17","|","|move|p2a: meme 3|X-Scissor|p1a: Ferrothorn","|-damage|p1a: Ferrothorn|0 fnt","|-damage|p2a: meme 3|5/271|[from] ability: Iron Barbs|[of] p1a: Ferrothorn","|faint|p1a: Ferrothorn","|","|","|switch|p1a: Skarmory|Skarmory, M|261/334","|turn|18","|","|move|p2a: meme 3|Giga Impact|p1a: Skarmory|[miss]","|-miss|p2a: meme 3|p1a: Skarmory","|move|p1a: Skarmory|Roost|p1a: Skarmory","|-heal|p1a: Skarmory|334/334","|","|-damage|p2a: meme 3|0 fnt|[from] Leech Seed|[of] p1a: Skarmory","|faint|p2a: meme 3","|","|switch|p2a: meme 5|Yanmega, F, shiny|313/313","|turn|19","|","|move|p2a: meme 5|Ancient Power|p1a: Skarmory","|-damage|p1a: Skarmory|228/334","|move|p1a: Skarmory|Drill Peck|p2a: meme 5","|-supereffective|p2a: meme 5","|-damage|p2a: meme 5|149/313","|","|-heal|p2a: meme 5|168/313|[from] item: Leftovers","|-boost|p2a: meme 5|spe|1|[from] ability: Speed Boost","|turn|20","|","|move|p2a: meme 5|Protect|p2a: meme 5","|-singleturn|p2a: meme 5|Protect","|move|p1a: Skarmory|Drill Peck|p2a: meme 5","|-activate|p2a: meme 5|Protect","|","|-heal|p2a: meme 5|187/313|[from] item: Leftovers","|-boost|p2a: meme 5|spe|1|[from] ability: Speed Boost","|turn|21","|","|move|p2a: meme 5|Ancient Power|p1a: Skarmory","|-damage|p1a: Skarmory|135/334","|move|p1a: Skarmory|Drill Peck|p2a: meme 5","|-supereffective|p2a: meme 5","|-damage|p2a: meme 5|5/313","|","|-heal|p2a: meme 5|24/313|[from] item: Leftovers","|-boost|p2a: meme 5|spe|1|[from] ability: Speed Boost","|turn|22","|","|move|p2a: meme 5|Air Slash|p1a: Skarmory","|-resisted|p1a: Skarmory","|-damage|p1a: Skarmory|48/334","|cant|p1a: Skarmory|flinch","|","|-heal|p2a: meme 5|43/313|[from] item: Leftovers","|-boost|p2a: meme 5|spe|1|[from] ability: Speed Boost","|turn|23","|","|move|p2a: meme 5|Ancient Power|p1a: Skarmory","|-damage|p1a: Skarmory|0 fnt","|faint|p1a: Skarmory","|","|-heal|p2a: meme 5|62/313|[from] item: Leftovers","|-boost|p2a: meme 5|spe|1|[from] ability: Speed Boost","|","|switch|p1a: Heatran|Heatran, F|304/323","|turn|24","|","|move|p2a: meme 5|Protect|p2a: meme 5","|-singleturn|p2a: meme 5|Protect","|move|p1a: Heatran|Fire Blast|p2a: meme 5","|-activate|p2a: meme 5|Protect","|","|-heal|p2a: meme 5|81/313|[from] item: Leftovers","|-boost|p2a: meme 5|spe|1|[from] ability: Speed Boost","|turn|25","|","|move|p2a: meme 5|Air Slash|p1a: Heatran","|-resisted|p1a: Heatran","|-damage|p1a: Heatran|241/323","|move|p1a: Heatran|Fire Blast|p2a: meme 5","|-supereffective|p2a: meme 5","|-damage|p2a: meme 5|0 fnt","|faint|p2a: meme 5","|","|","|switch|p2a: meme 1|Genesect, shiny|158/283","|-boost|p2a: meme 1|atk|1|[from] ability: Download","|turn|26","|","|move|p2a: meme 1|Flash Cannon|p1a: Heatran","|-resisted|p1a: Heatran","|-damage|p1a: Heatran|210/323","|move|p1a: Heatran|Fire Blast|p2a: meme 1|[miss]","|-miss|p1a: Heatran|p2a: meme 1","|","|turn|27","|","|move|p2a: meme 1|Flash Cannon|p1a: Heatran","|-resisted|p1a: Heatran","|-damage|p1a: Heatran|179/323","|move|p1a: Heatran|Fire Blast|p2a: meme 1","|-supereffective|p2a: meme 1","|-damage|p2a: meme 1|0 fnt","|faint|p2a: meme 1","|","|win|Metalyte"],"p1rating":{"entryid":"6571486","serverid":"eos","formatid":"monotype","userid":"metalyte","username":"Metalyte","w":46,"l":"36","t":"0","gxe":55.5,"r":"1537.3169875113","rd":"43.712215154399","sigma":"0","rptime":"1439197200","rpr":1541.5868491955,"rprd":43.392095764563,"rpsigma":"0","acre":1186.6757692993,"lacre":1186.6757692993,"oldacre":"1166.5060212916"},"p2rating":{"entryid":"6670496","serverid":"eos","formatid":"monotype","userid":"allianceakafila","username":"Alliance ♋ akaFila","w":"26","l":31,"t":"0","gxe":45.8,"r":"1465.1707803183","rd":"49.965651575185","sigma":"0","rptime":"1439197200","rpr":1467.9824410369,"rprd":49.070358626823,"rpsigma":"0","acre":1078.532384276,"lacre":1078.532384276,"oldacre":"1098.5234413936"},"endType":"normal"}