{"seed":[48239,17382,47280,56734],"turns":23,"p1":"Defender of Sinnoh","p2":"SailorStarshine","p1team":[{"name":"Hawlucha","species":"Hawlucha","item":"redcard","ability":"Unburden","moves":["acrobatics","swordsdance","drainpunch","dualchop"],"nature":"Adamant","evs":{"hp":0,"atk":252,"def":0,"spa":0,"spd":4,"spe":252},"ivs":{"hp":31,"atk":31,"def":31,"spa":31,"spd":31,"spe":31}},{"name":"Cobalion","species":"Cobalion","item":"airballoon","ability":"Justified","moves":["voltswitch","focusblast","flashcannon","thunderwave"],"nature":"Timid","evs":{"hp":0,"atk":0,"def":0,"spa":252,"spd":4,"spe":252},"ivs":{"hp":31,"atk":31,"def":31,"spa":31,"spd":31,"spe":31}},{"name":"Keldeo-Resolute","species":"Keldeo-Resolute","item":"choicespecs","ability":"Justified","moves":["secretsword","scald","icywind","hiddenpowerfire"],"nature":"Timid","evs":{"hp":0,"atk":0,"def":0,"spa":252,"spd":4,"spe":252},"ivs":{"hp":31,"atk":30,"def":31,"spa":30,"spd":31,"spe":30}},{"name":"Infernape","species":"Infernape","item":"focussash","ability":"Blaze","moves":["flamethrower","vacuumwave","endeavor","stealthrock"],"nature":"Timid","evs":{"hp":0,"atk":0,"def":0,"spa":252,"spd":4,"spe":252},"ivs":{"hp":31,"atk":31,"def":31,"spa":31,"spd":31,"spe":31}},{"name":"Terrakion","species":"Terrakion","item":"choicescarf","ability":"Justified","moves":["closecombat","stoneedge","earthquake","ironhead"],"nature":"Jolly","evs":{"hp":0,"atk":252,"def":0,"spa":0,"spd":4,"spe":252},"ivs":{"hp":31,"atk":31,"def":31,"spa":31,"spd":31,"spe":31}},{"name":"Heracross","species":"Heracross","item":"heracronite","ability":"Moxie","moves":["bulletseed","rockblast","armthrust","pinmissile"],"nature":"Adamant","evs":{"hp":248,"atk":252,"def":0,"spa":0,"spd":8,"spe":0},"ivs":{"hp":31,"atk":31,"def":31,"spa":31,"spd":31,"spe":31}}],"p2team":[{"name":"Klefki","species":"Klefki","item":"choicescarf","ability":"Prankster","moves":["thunderwave","calmmind","switcheroo","drainingkiss"],"nature":"Bold","evs":{"hp":252,"atk":0,"def":252,"spa":4,"spd":0,"spe":0},"ivs":{"hp":31,"atk":31,"def":31,"spa":31,"spd":31,"spe":31}},{"name":"Togekiss","species":"Togekiss","item":"babiriberry","ability":"Serene Grace","moves":["flamethrower","airslash","roost","nastyplot"],"nature":"Calm","evs":{"hp":248,"atk":0,"def":0,"spa":8,"spd":252,"spe":0},"ivs":{"hp":31,"atk":31,"def":31,"spa":31,"spd":31,"spe":31}},{"name":"Gardevoir","species":"Gardevoir","item":"assaultvest","ability":"Trace","moves":["psychic","moonblast","focusblast","energyball"],"nature":"Modest","evs":{"hp":248,"atk":0,"def":0,"spa":252,"spd":8,"spe":0},"ivs":{"hp":31,"atk":31,"def":31,"spa":31,"spd":31,"spe":31}},{"name":"Azumarill","species":"Azumarill","item":"sitrusberry","ability":"Huge Power","moves":["playrough","aquatail","superpower","icepunch"],"nature":"Adamant","evs":{"hp":248,"atk":252,"def":0,"spa":0,"spd":8,"spe":0},"ivs":{"hp":31,"atk":31,"def":31,"spa":31,"spd":31,"spe":31}},{"name":"Whimsicott","species":"Whimsicott","item":"leftovers","ability":"Prankster","moves":["stunspore","encore","leechseed","uturn"],"nature":"Bold","evs":{"hp":252,"atk":0,"def":128,"spa":0,"spd":128,"spe":0},"ivs":{"hp":31,"atk":31,"def":31,"spa":31,"spd":31,"spe":31}},{"name":"Diancie","species":"Diancie","item":"diancite","ability":"Clear Body","moves":["moonblast","diamondstorm","earthpower","protect"],"nature":"","evs":{"hp":252,"atk":0,"def":0,"spa":252,"spd":4,"spe":0},"ivs":{"hp":31,"atk":31,"def":31,"spa":31,"spd":31,"spe":31}}],"log":["|player|p1|Defender of Sinnoh|25","|player|p2|SailorStarshine|101","|gametype|singles","|gen|6","|tier|Monotype","|rated","|rule|Baton Pass Clause: Limit one Baton Passer, can't pass Spe and other stats simultaneously","|rule|Swagger Clause: Swagger is banned","|rule|Same Type Clause: Pokémon in a team must share a type","|clearpoke","|poke|p1|Hawlucha, F","|poke|p1|Cobalion","|poke|p1|Keldeo-Resolute","|poke|p1|Infernape, M","|poke|p1|Terrakion","|poke|p1|Heracross, M","|poke|p2|Klefki, M","|poke|p2|Togekiss, F","|poke|p2|Gardevoir, F","|poke|p2|Azumarill, M","|poke|p2|Whimsicott, M","|poke|p2|Diancie","|rule|Sleep Clause Mod: Limit one foe put to sleep","|rule|Species Clause: Limit one of each Pokémon","|rule|OHKO Clause: OHKO moves are banned","|rule|Moody Clause: Moody is banned","|rule|Evasion Moves Clause: Evasion moves are banned","|rule|Endless Battle Clause: Forcing endless battles is banned","|rule|HP Percentage Mod: HP is shown in percentages","|teampreview","|","|start","|switch|p1a: Infernape|Infernape, M|293/293","|switch|p2a: Klefki|Klefki, M|318/318","|turn|1","|","|move|p2a: Klefki|Thunder Wave|p1a: Infernape","|-status|p1a: Infernape|par","|move|p1a: Infernape|Stealth Rock|p2a: Klefki","|-sidestart|p2: SailorStarshine|move: Stealth Rock","|","|turn|2","|","|switch|p2a: Togekiss|Togekiss, F|373/373","|-damage|p2a: Togekiss|280/373|[from] Stealth Rock","|move|p1a: Infernape|Flamethrower|p2a: Togekiss","|-damage|p2a: Togekiss|196/373","|","|turn|3","|","|move|p2a: Togekiss|Roost|p2a: Togekiss","|-heal|p2a: Togekiss|373/373","|move|p1a: Infernape|Flamethrower|p2a: Togekiss","|-damage|p2a: Togekiss|274/373","|","|turn|4","|","|move|p2a: Togekiss|Flamethrower|p1a: Infernape","|-resisted|p1a: Infernape","|-damage|p1a: Infernape|234/293 par","|move|p1a: Infernape|Flamethrower|p2a: Togekiss","|-damage|p2a: Togekiss|189/373","|","|turn|5","|","|move|p2a: Togekiss|Roost|p2a: Togekiss","|-heal|p2a: Togekiss|373/373","|cant|p1a: Infernape|par","|","|turn|6","|","|move|p2a: Togekiss|Nasty Plot|p2a: Togekiss","|-boost|p2a: Togekiss|spa|2","|move|p1a: Infernape|Endeavor|p2a: Togekiss","|-damage|p2a: Togekiss|234/373","|","|turn|7","|","|move|p2a: Togekiss|Air Slash|p1a: Infernape","|-supereffective|p1a: Infernape","|-damage|p1a: Infernape|0 fnt","|faint|p1a: Infernape","|","|","|switch|p1a: Cobalion|Cobalion|323/323","|-item|p1a: Cobalion|Air Balloon","|turn|8","|","|move|p1a: Cobalion|Flash Cannon|p2a: Togekiss","|-supereffective|p2a: Togekiss","|-enditem|p2a: Togekiss|Babiri Berry|[eat]","|-damage|p2a: Togekiss|161/373","|move|p2a: Togekiss|Flamethrower|p1a: Cobalion","|-supereffective|p1a: Cobalion","|-damage|p1a: Cobalion|0 fnt","|-enditem|p1a: Cobalion|Air Balloon","|faint|p1a: Cobalion","|","|","|switch|p1a: Terrakion|Terrakion|323/323","|turn|9","|","|move|p1a: Terrakion|Iron Head|p2a: Togekiss","|-supereffective|p2a: Togekiss","|-damage|p2a: Togekiss|0 fnt","|faint|p2a: Togekiss","|","|","|switch|p2a: Azumarill|Azumarill, M|403/403","|-damage|p2a: Azumarill|353/403|[from] Stealth Rock","|turn|10","|","|switch|p1a: Keldeo-Resolute|Keldeo-Resolute|323/323","|move|p2a: Azumarill|Aqua Tail|p1a: Keldeo-Resolute","|-resisted|p1a: Keldeo-Resolute","|-damage|p1a: Keldeo-Resolute|215/323","|","|turn|11","|","|move|p1a: Keldeo-Resolute|Icy Wind|p2a: Azumarill","|-resisted|p2a: Azumarill","|-damage|p2a: Azumarill|293/403","|-unboost|p2a: Azumarill|spe|1","|move|p2a: Azumarill|Play Rough|p1a: Keldeo-Resolute","|-supereffective|p1a: Keldeo-Resolute","|-damage|p1a: Keldeo-Resolute|0 fnt","|faint|p1a: Keldeo-Resolute","|","|","|switch|p1a: Heracross|Heracross, M|363/363","|turn|12","|","|detailschange|p1a: Heracross|Heracross-Mega, M","|-mega|p1a: Heracross|Heracross|Heracronite","|move|p1a: Heracross|Bullet Seed|p2a: Azumarill","|-supereffective|p2a: Azumarill","|-damage|p2a: Azumarill|185/403","|-enditem|p2a: Azumarill|Sitrus Berry|[eat]","|-heal|p2a: Azumarill|285/403|[from] item: Sitrus Berry","|-supereffective|p2a: Azumarill","|-damage|p2a: Azumarill|177/403","|-supereffective|p2a: Azumarill","|-damage|p2a: Azumarill|71/403","|-crit|p2a: Azumarill","|-supereffective|p2a: Azumarill","|-damage|p2a: Azumarill|0 fnt","|-hitcount|p2a: Azumarill|4","|faint|p2a: Azumarill","|","|","|switch|p2a: Klefki|Klefki, M|318/318","|-damage|p2a: Klefki|299/318|[from] Stealth Rock","|turn|13","|","|switch|p1a: Terrakion|Terrakion|323/323","|move|p2a: Klefki|Thunder Wave|p1a: Terrakion","|-status|p1a: Terrakion|par","|","|turn|14","|","|switch|p2a: Whimsicott|Whimsicott, M|324/324","|-damage|p2a: Whimsicott|284/324|[from] Stealth Rock","|cant|p1a: Terrakion|par","|","|-heal|p2a: Whimsicott|304/324|[from] item: Leftovers","|turn|15","|","|switch|p1a: Hawlucha|Hawlucha, F|297/297","|move|p2a: Whimsicott|Leech Seed|p1a: Hawlucha|[miss]","|-miss|p2a: Whimsicott|p1a: Hawlucha","|","|-heal|p2a: Whimsicott|324/324|[from] item: Leftovers","|turn|16","|","|move|p2a: Whimsicott|Stun Spore|p1a: Hawlucha","|-status|p1a: Hawlucha|par","|cant|p1a: Hawlucha|par","|","|turn|17","|","|switch|p2a: Klefki|Klefki, M|299/318","|-damage|p2a: Klefki|280/318|[from] Stealth Rock","|move|p1a: Hawlucha|Acrobatics|p2a: Klefki","|-crit|p2a: Klefki","|-resisted|p2a: Klefki","|-damage|p2a: Klefki|229/318","|","|turn|18","|","|move|p2a: Klefki|Switcheroo|p1a: Hawlucha","|-activate|p2a: Klefki|move: Trick|[of] p1a: Hawlucha","|-item|p1a: Hawlucha|Choice Scarf|[from] Trick","|-item|p2a: Klefki|Red Card|[from] Trick","|move|p1a: Hawlucha|Swords Dance|p1a: Hawlucha","|-boost|p1a: Hawlucha|atk|2","|","|turn|19","|","|switch|p1a: Terrakion|Terrakion|323/323 par","|move|p2a: Klefki|Calm Mind|p2a: Klefki","|-boost|p2a: Klefki|spa|1","|-boost|p2a: Klefki|spd|1","|","|turn|20","|","|move|p2a: Klefki|Draining Kiss|p1a: Terrakion","|-supereffective|p1a: Terrakion","|-damage|p1a: Terrakion|167/323 par","|-heal|p2a: Klefki|318/318|[from] drain|[of] p1a: Terrakion","|move|p1a: Terrakion|Earthquake|p2a: Klefki","|-supereffective|p2a: Klefki","|-damage|p2a: Klefki|144/318","|-enditem|p2a: Klefki|Red Card|[of] p1a: Terrakion","|drag|p1a: Heracross|Heracross-Mega, M|363/363","|","|turn|21","|","|move|p2a: Klefki|Draining Kiss|p1a: Heracross","|-supereffective|p1a: Heracross","|-damage|p1a: Heracross|219/363","|-heal|p2a: Klefki|252/318|[from] drain|[of] p1a: Heracross","|move|p1a: Heracross|Arm Thrust|p2a: Klefki","|-damage|p2a: Klefki|219/318","|-damage|p2a: Klefki|188/318","|-damage|p2a: Klefki|158/318","|-crit|p2a: Klefki","|-damage|p2a: Klefki|115/318","|-damage|p2a: Klefki|84/318","|-hitcount|p2a: Klefki|5","|","|turn|22","|","|move|p2a: Klefki|Draining Kiss|p1a: Heracross","|-supereffective|p1a: Heracross","|-damage|p1a: Heracross|79/363","|-heal|p2a: Klefki|189/318|[from] drain|[of] p1a: Heracross","|move|p1a: Heracross|Arm Thrust|p2a: Klefki","|-damage|p2a: Klefki|161/318","|-damage|p2a: Klefki|131/318","|-damage|p2a: Klefki|100/318","|-damage|p2a: Klefki|67/318","|-damage|p2a: Klefki|36/318","|-hitcount|p2a: Klefki|5","|","|turn|23","|","|move|p2a: Klefki|Draining Kiss|p1a: Heracross","|-supereffective|p1a: Heracross","|-damage|p1a: Heracross|0 fnt","|-heal|p2a: Klefki|96/318|[from] drain|[of] p1a: Heracross","|faint|p1a: Heracross","|","|","|win|SailorStarshine"],"p1rating":{"entryid":"6083148","serverid":"eos","formatid":"monotype","userid":"defenderofsinnoh","username":"Defender Of Sinnoh","w":"46","l":61,"t":"0","gxe":43.1,"r":"1458.3033673695","rd":"41.290502805627","sigma":"0","rptime":"1439197200","rpr":1447.6212633887,"rprd":40.089515453573,"rpsigma":"0","acre":1055.6350165657,"lacre":1055.6350165657,"oldacre":"1071.7623814096"},"p2rating":{"entryid":"7452383","serverid":"eos","formatid":"monotype","userid":"sailorstarshine","username":"SailorStarshine","w":13,"l":"9","t":"0","gxe":56.6,"r":"1482.7234913852","rd":"96.172586501384","sigma":"0","rptime":"1439197200","rpr":1550.8343837802,"rprd":67.527287798329,"rpsigma":"0","acre":1170.0968586578,"lacre":1170.0968586578,"oldacre":"1150.6797335818"},"endType":"forfeit"}