{"seed":[50220,41295,16033,36603],"turns":21,"p1":"sovereign♕zoroark","p2":"Alliance - Mxy","p1team":[{"name":"Abomasnow","species":"Abomasnow","item":"focussash","ability":"Snow Warning","moves":["blizzard","gigadrain","hiddenpowerfire","iceshard"],"nature":"Lax","evs":{"hp":0,"atk":0,"def":4,"spa":252,"spd":252,"spe":0},"ivs":{"hp":31,"atk":30,"def":31,"spa":30,"spd":31,"spe":30},"shiny":true},{"name":"Froslass","species":"Froslass","item":"leftovers","ability":"Snow Cloak","moves":["substitute","thunderbolt","icebeam","destinybond"],"nature":"Timid","evs":{"hp":4,"atk":0,"def":0,"spa":252,"spd":0,"spe":252},"ivs":{"hp":31,"atk":31,"def":31,"spa":31,"spd":31,"spe":31}},{"name":"Kyurem","species":"Kyurem","item":"choicescarf","ability":"Pressure","moves":["dracometeor","icebeam","focusblast","outrage"],"nature":"Naive","evs":{"hp":0,"atk":60,"def":0,"spa":196,"spd":0,"spe":252},"shiny":true,"ivs":{"hp":31,"atk":31,"def":31,"spa":31,"spd":31,"spe":31}},{"name":"Mamoswine","species":"Mamoswine","item":"lifeorb","ability":"Snow Cloak","moves":["stealthrock","earthquake","iceshard","stoneedge"],"nature":"Adamant","evs":{"hp":4,"atk":252,"def":0,"spa":0,"spd":0,"spe":252},"ivs":{"hp":31,"atk":31,"def":31,"spa":31,"spd":31,"spe":31}},{"name":"Glaceon","species":"Glaceon","item":"choicespecs","ability":"Snow Cloak","moves":["blizzard","hiddenpowerfighting","shadowball","icebeam"],"nature":"Modest","evs":{"hp":120,"atk":0,"def":0,"spa":252,"spd":0,"spe":136},"ivs":{"hp":31,"atk":31,"def":30,"spa":30,"spd":30,"spe":30},"shiny":true},{"name":"Cloyster","species":"Cloyster","item":"focussash","ability":"Skill Link","moves":["shellsmash","iciclespear","rockblast","razorshell"],"nature":"Adamant","evs":{"hp":24,"atk":252,"def":0,"spa":0,"spd":0,"spe":232},"ivs":{"hp":31,"atk":31,"def":31,"spa":31,"spd":31,"spe":31}}],"p2team":[{"name":"Sharpedo","species":"Sharpedo","item":"sharpedonite","ability":"Speed Boost","moves":["crunch","surf","poisonfang","protect"],"nature":"Naive","evs":{"hp":0,"atk":252,"def":0,"spa":0,"spd":0,"spe":252},"ivs":{"hp":31,"atk":31,"def":31,"spa":31,"spd":31,"spe":31}},{"name":"Weavile","species":"Weavile","item":"lifeorb","ability":"Pressure","moves":["iciclecrash","iceshard","knockoff","lowkick"],"nature":"Jolly","evs":{"hp":0,"atk":252,"def":0,"spa":0,"spd":4,"spe":252},"ivs":{"hp":31,"atk":31,"def":31,"spa":31,"spd":31,"spe":31}},{"name":"Hoopa-Unbound","species":"Hoopa-Unbound","item":"choicescarf","ability":"Magician","moves":["psyshock","darkpulse","hiddenpowerfire","energyball"],"nature":"Timid","evs":{"hp":0,"atk":0,"def":0,"spa":252,"spd":4,"spe":252},"ivs":{"hp":31,"atk":30,"def":31,"spa":30,"spd":31,"spe":30}},{"name":"Sableye","species":"Sableye","item":"leftovers","ability":"Prankster","moves":["recover","willowisp","taunt","foulplay"],"nature":"Calm","evs":{"hp":252,"atk":0,"def":120,"spa":0,"spd":136,"spe":0},"ivs":{"hp":31,"atk":31,"def":31,"spa":31,"spd":31,"spe":31}},{"name":"Bisharp","species":"Bisharp","item":"assaultvest","ability":"Defiant","moves":["knockoff","suckerpunch","poweruppunch","ironhead"],"nature":"Adamant","evs":{"hp":192,"atk":220,"def":0,"spa":0,"spd":0,"spe":96},"ivs":{"hp":31,"atk":31,"def":31,"spa":31,"spd":31,"spe":31}},{"name":"Crawdaunt","species":"Crawdaunt","item":"focussash","ability":"Adaptability","moves":["waterfall","aquajet","knockoff","dragondance"],"nature":"Adamant","evs":{"hp":0,"atk":252,"def":0,"spa":0,"spd":4,"spe":252},"ivs":{"hp":31,"atk":31,"def":31,"spa":31,"spd":31,"spe":31}}],"log":["|player|p1|sovereign♕zoroark|1","|player|p2|Alliance - Mxy|270","|gametype|singles","|gen|6","|tier|Monotype","|rated","|rule|Baton Pass Clause: Limit one Baton Passer, can't pass Spe and other stats simultaneously","|rule|Swagger Clause: Swagger is banned","|rule|Same Type Clause: Pokémon in a team must share a type","|clearpoke","|poke|p1|Abomasnow, F, shiny","|poke|p1|Froslass, F","|poke|p1|Kyurem, shiny","|poke|p1|Mamoswine, F","|poke|p1|Glaceon, M, shiny","|poke|p1|Cloyster, F","|poke|p2|Sharpedo, M","|poke|p2|Weavile, M","|poke|p2|Hoopa-Unbound","|poke|p2|Sableye, F","|poke|p2|Bisharp, F","|poke|p2|Crawdaunt, F","|rule|Sleep Clause Mod: Limit one foe put to sleep","|rule|Species Clause: Limit one of each Pokémon","|rule|OHKO Clause: OHKO moves are banned","|rule|Moody Clause: Moody is banned","|rule|Evasion Moves Clause: Evasion moves are banned","|rule|Endless Battle Clause: Forcing endless battles is banned","|rule|HP Percentage Mod: HP is shown in percentages","|teampreview","|","|start","|switch|p1a: Froslass|Froslass, F|282/282","|switch|p2a: Bisharp|Bisharp, F|319/319","|turn|1","|","|move|p1a: Froslass|Substitute|p1a: Froslass","|-start|p1a: Froslass|Substitute","|-damage|p1a: Froslass|212/282","|move|p2a: Bisharp|Knock Off|p1a: Froslass","|-supereffective|p1a: Froslass","|-end|p1a: Froslass|Substitute","|","|-heal|p1a: Froslass|229/282|[from] item: Leftovers","|turn|2","|","|move|p1a: Froslass|Substitute|p1a: Froslass","|-start|p1a: Froslass|Substitute","|-damage|p1a: Froslass|159/282","|move|p2a: Bisharp|Knock Off|p1a: Froslass","|-supereffective|p1a: Froslass","|-end|p1a: Froslass|Substitute","|","|-heal|p1a: Froslass|176/282|[from] item: Leftovers","|turn|3","|","|move|p1a: Froslass|Substitute|p1a: Froslass","|-start|p1a: Froslass|Substitute","|-damage|p1a: Froslass|106/282","|move|p2a: Bisharp|Knock Off|p1a: Froslass","|-supereffective|p1a: Froslass","|-end|p1a: Froslass|Substitute","|","|-heal|p1a: Froslass|123/282|[from] item: Leftovers","|turn|4","|","|move|p1a: Froslass|Substitute|p1a: Froslass","|-start|p1a: Froslass|Substitute","|-damage|p1a: Froslass|53/282","|move|p2a: Bisharp|Knock Off|p1a: Froslass","|-supereffective|p1a: Froslass","|-end|p1a: Froslass|Substitute","|","|-heal|p1a: Froslass|70/282|[from] item: Leftovers","|turn|5","|","|move|p1a: Froslass|Destiny Bond|p1a: Froslass","|-singlemove|p1a: Froslass|Destiny Bond","|move|p2a: Bisharp|Knock Off|p1a: Froslass","|-supereffective|p1a: Froslass","|-damage|p1a: Froslass|0 fnt","|-enditem|p1a: Froslass|Leftovers|[from] move: Knock Off|[of] p2a: Bisharp","|faint|p1a: Froslass","|-activate|p1a: Froslass|Destiny Bond","|faint|p2a: Bisharp","|","|","|switch|p2a: Weavile|Weavile, M|281/281","|switch|p1a: Abomasnow|Abomasnow, F, shiny|321/321","|-ability|p2a: Weavile|Pressure","|-weather|Hail","|turn|6","|","|move|p2a: Weavile|Low Kick|p1a: Abomasnow","|-crit|p1a: Abomasnow","|-supereffective|p1a: Abomasnow","|-enditem|p1a: Abomasnow|Focus Sash","|-damage|p1a: Abomasnow|1/321","|-damage|p2a: Weavile|253/281|[from] item: Life Orb","|move|p1a: Abomasnow|Hidden Power|p2a: Weavile","|-supereffective|p2a: Weavile","|-damage|p2a: Weavile|127/281","|","|-weather|Hail|[upkeep]","|turn|7","|","|move|p2a: Weavile|Ice Shard|p1a: Abomasnow","|-damage|p1a: Abomasnow|0 fnt","|-damage|p2a: Weavile|99/281|[from] item: Life Orb","|faint|p1a: Abomasnow","|","|-weather|Hail|[upkeep]","|","|switch|p1a: Kyurem|Kyurem, shiny|391/391","|-ability|p1a: Kyurem|Pressure","|turn|8","|","|switch|p2a: Sableye|Sableye, F|304/304","|move|p1a: Kyurem|Focus Blast|p2a: Sableye","|-immune|p2a: Sableye|[msg]","|","|-weather|Hail|[upkeep]","|-damage|p2a: Sableye|285/304|[from] hail","|-heal|p2a: Sableye|304/304|[from] item: Leftovers","|turn|9","|","|switch|p1a: Cloyster|Cloyster, F|247/247","|move|p2a: Sableye|Foul Play|p1a: Cloyster","|-damage|p1a: Cloyster|162/247","|","|-weather|Hail|[upkeep]","|-damage|p2a: Sableye|285/304|[from] hail","|-heal|p2a: Sableye|304/304|[from] item: Leftovers","|turn|10","|","|move|p2a: Sableye|Will-O-Wisp|p1a: Cloyster","|-status|p1a: Cloyster|brn","|move|p1a: Cloyster|Shell Smash|p1a: Cloyster","|-unboost|p1a: Cloyster|def|1","|-unboost|p1a: Cloyster|spd|1","|-boost|p1a: Cloyster|atk|2","|-boost|p1a: Cloyster|spa|2","|-boost|p1a: Cloyster|spe|2","|","|-weather|none","|-damage|p1a: Cloyster|132/247 brn|[from] brn","|turn|11","|","|move|p1a: Cloyster|Icicle Spear|p2a: Sableye","|-damage|p2a: Sableye|258/304","|-damage|p2a: Sableye|213/304","|-damage|p2a: Sableye|173/304","|-damage|p2a: Sableye|127/304","|-damage|p2a: Sableye|87/304","|-hitcount|p2a: Sableye|5","|move|p2a: Sableye|Foul Play|p1a: Cloyster","|-damage|p1a: Cloyster|0 fnt","|faint|p1a: Cloyster","|","|-heal|p2a: Sableye|106/304|[from] item: Leftovers","|","|switch|p1a: Kyurem|Kyurem, shiny|391/391","|-ability|p1a: Kyurem|Pressure","|turn|12","|","|move|p2a: Sableye|Recover|p2a: Sableye","|-heal|p2a: Sableye|258/304","|move|p1a: Kyurem|Ice Beam|p2a: Sableye","|-damage|p2a: Sableye|96/304","|","|-heal|p2a: Sableye|115/304|[from] item: Leftovers","|turn|13","|","|switch|p2a: Sharpedo|Sharpedo, M|281/281","|move|p1a: Kyurem|Ice Beam|p2a: Sharpedo","|-resisted|p2a: Sharpedo","|-damage|p2a: Sharpedo|110/281","|","|turn|14","|","|move|p2a: Sharpedo|Protect|p2a: Sharpedo","|-singleturn|p2a: Sharpedo|Protect","|move|p1a: Kyurem|Ice Beam|p2a: Sharpedo","|-activate|p2a: Sharpedo|Protect","|","|-boost|p2a: Sharpedo|spe|1|[from] ability: Speed Boost","|turn|15","|","|detailschange|p2a: Sharpedo|Sharpedo-Mega, M","|-mega|p2a: Sharpedo|Sharpedo|Sharpedonite","|move|p2a: Sharpedo|Crunch|p1a: Kyurem","|-crit|p1a: Kyurem","|-damage|p1a: Kyurem|19/391","|-unboost|p1a: Kyurem|def|1","|move|p1a: Kyurem|Ice Beam|p2a: Sharpedo","|-resisted|p2a: Sharpedo","|-damage|p2a: Sharpedo|0 fnt","|faint|p2a: Sharpedo","|","|","|switch|p2a: Weavile|Weavile, M|99/281","|-ability|p2a: Weavile|Pressure","|turn|16","|","|move|p2a: Weavile|Ice Shard|p1a: Kyurem","|-damage|p1a: Kyurem|0 fnt","|-damage|p2a: Weavile|71/281|[from] item: Life Orb","|faint|p1a: Kyurem","|","|","|switch|p1a: Mamoswine|Mamoswine, F|362/362","|turn|17","|","|move|p1a: Mamoswine|Ice Shard|p2a: Weavile","|-resisted|p2a: Weavile","|-damage|p2a: Weavile|0 fnt","|-damage|p1a: Mamoswine|326/362|[from] item: Life Orb","|faint|p2a: Weavile","|","|","|switch|p2a: Crawdaunt|Crawdaunt, F|267/267","|turn|18","|","|move|p1a: Mamoswine|Earthquake|p2a: Crawdaunt","|-enditem|p2a: Crawdaunt|Focus Sash","|-damage|p2a: Crawdaunt|1/267","|-damage|p1a: Mamoswine|290/362|[from] item: Life Orb","|move|p2a: Crawdaunt|Waterfall|p1a: Mamoswine","|-supereffective|p1a: Mamoswine","|-damage|p1a: Mamoswine|0 fnt","|faint|p1a: Mamoswine","|","|","|switch|p1a: Glaceon|Glaceon, M, shiny|301/301","|turn|19","|","|move|p2a: Crawdaunt|Aqua Jet|p1a: Glaceon","|-damage|p1a: Glaceon|209/301","|move|p1a: Glaceon|Shadow Ball|p2a: Crawdaunt","|-resisted|p2a: Crawdaunt","|-damage|p2a: Crawdaunt|0 fnt","|faint|p2a: Crawdaunt","|","|","|switch|p2a: Hoopa-Unbound|Hoopa-Unbound|301/301","|turn|20","|","|move|p2a: Hoopa-Unbound|Dark Pulse|p1a: Glaceon","|-damage|p1a: Glaceon|38/301","|move|p1a: Glaceon|Shadow Ball|p2a: Hoopa-Unbound","|-damage|p2a: Hoopa-Unbound|184/301","|","|turn|21","|","|move|p2a: Hoopa-Unbound|Dark Pulse|p1a: Glaceon","|-damage|p1a: Glaceon|0 fnt","|faint|p1a: Glaceon","|","|win|Alliance - Mxy"],"p1rating":{"entryid":"7523691","serverid":"eos","formatid":"monotype","userid":"sovereignzoroark","username":"sovereign♕zoroark","w":"3","l":17,"t":"0","gxe":25.2,"r":"1317.1241090314","rd":"81.121872698644","sigma":"0","rptime":"1439197200","rpr":1290.7201191065,"rprd":71.662383789235,"rpsigma":"0","acre":1008.9549233833,"lacre":1008.9549233833,"oldacre":"1019.2173822616"},"p2rating":{"entryid":"6690851","serverid":"eos","formatid":"monotype","userid":"alliancemxy","username":"Alliance - Mxy","w":71,"l":"44","t":"0","gxe":60.3,"r":"1596.928270389","rd":"37.97580782297","sigma":"0","rptime":"1439197200","rpr":1578.8548511868,"rprd":36.602810965474,"rpsigma":"0","acre":1111.8854328666,"lacre":1111.8854328666,"oldacre":"1090.880372725"},"endType":"normal"}