{"seed":[54550,62534,13295,15019],"turns":30,"p1":"MrNyanNyanz","p2":"alliance - ed wins","p1team":[{"name":"Jirachi","species":"Jirachi","item":"leftovers","ability":"Serene Grace","moves":["thunderwave","ironhead","wish","stealthrock"],"nature":"Careful","evs":{"hp":252,"atk":0,"def":0,"spa":0,"spd":224,"spe":32},"ivs":{"hp":31,"atk":31,"def":31,"spa":31,"spd":31,"spe":31}},{"name":"Gardevoir","species":"Gardevoir","item":"gardevoirite","ability":"Trace","moves":["substitute","hypervoice","shadowball","psyshock"],"nature":"Timid","evs":{"hp":4,"atk":0,"def":0,"spa":252,"spd":0,"spe":252},"ivs":{"hp":31,"atk":30,"def":31,"spa":30,"spd":31,"spe":30}},{"name":"Slowbro","species":"Slowbro","item":"rockyhelmet","ability":"Regenerator","moves":["slackoff","scald","flamethrower","thunderwave"],"nature":"Bold","evs":{"hp":248,"atk":0,"def":252,"spa":8,"spd":0,"spe":0},"ivs":{"hp":31,"atk":31,"def":31,"spa":31,"spd":31,"spe":31}},{"name":"Victini","species":"Victini","item":"choicescarf","ability":"Victory Star","moves":["vcreate","boltstrike","uturn","zenheadbutt"],"nature":"Jolly","evs":{"hp":0,"atk":252,"def":0,"spa":0,"spd":4,"spe":252},"ivs":{"hp":31,"atk":31,"def":31,"spa":31,"spd":31,"spe":31}},{"name":"Hoopa-Unbound","species":"Hoopa-Unbound","item":"lifeorb","ability":"Magician","moves":["hyperspacefury","hyperspacehole","drainpunch","substitute"],"nature":"Lonely","evs":{"hp":252,"atk":252,"def":0,"spa":4,"spd":0,"spe":0},"ivs":{"hp":31,"atk":31,"def":31,"spa":31,"spd":31,"spe":31}},{"name":"Deoxys-Speed","species":"Deoxys-Speed","item":"lifeorb","ability":"Pressure","moves":["superpower","extremespeed","knockoff","psychoboost"],"nature":"Hasty","evs":{"hp":0,"atk":252,"def":0,"spa":4,"spd":0,"spe":252},"ivs":{"hp":31,"atk":31,"def":31,"spa":31,"spd":31,"spe":31}}],"p2team":[{"name":"Generic Fairy V2.1","species":"diancie","item":"leftovers","ability":"Clear Body","moves":["stealthrock","trickroom","diamondstorm","explosion"],"nature":"Brave","evs":{"hp":248,"atk":252,"def":8,"spa":0,"spd":0,"spe":0},"ivs":{"hp":31,"atk":31,"def":31,"spa":31,"spd":31,"spe":0}},{"name":"Anon Twink","species":"sylveon","item":"choicespecs","ability":"Pixilate","moves":["hypervoice","hiddenpowerfire","psyshock","shadowball"],"nature":"Quiet","evs":{"hp":248,"atk":0,"def":8,"spa":252,"spd":0,"spe":0},"gender":"M","ivs":{"hp":31,"atk":0,"def":31,"spa":30,"spd":31,"spe":0}},{"name":"Urine Trouble","species":"azumarill","item":"lifeorb","ability":"Huge Power","moves":["playrough","waterfall","superpower","aquajet"],"nature":"Brave","evs":{"hp":248,"atk":252,"def":0,"spa":0,"spd":8,"spe":0},"gender":"M","ivs":{"hp":31,"atk":31,"def":31,"spa":31,"spd":31,"spe":0},"shiny":true},{"name":"Gardevoir-Senpai","species":"gardevoir","item":"gardevoirite","ability":"Trace","moves":["hypervoice","focusblast","trickroom","healingwish"],"nature":"Quiet","evs":{"hp":248,"atk":0,"def":8,"spa":252,"spd":0,"spe":0},"gender":"M","ivs":{"hp":31,"atk":0,"def":31,"spa":31,"spd":31,"spe":0},"shiny":true},{"name":"Janitors Fren","species":"klefki","item":"lightclay","ability":"Prankster","moves":["reflect","lightscreen","foulplay","spikes"],"nature":"Bold","evs":{"hp":248,"atk":0,"def":252,"spa":0,"spd":8,"spe":0},"ivs":{"hp":31,"atk":0,"def":31,"spa":31,"spd":31,"spe":31}},{"name":"'Murica","species":"togekiss","item":"choicescarf","ability":"Serene Grace","moves":["airslash","fireblast","dazzlinggleam","trick"],"nature":"Timid","evs":{"hp":0,"atk":0,"def":0,"spa":252,"spd":4,"spe":252},"ivs":{"hp":31,"atk":0,"def":31,"spa":31,"spd":31,"spe":31}}],"log":["|player|p1|MrNyanNyanz|mrnyannyanz.gif","|player|p2|alliance - ed wins|allianceedwins.gif","|gametype|singles","|gen|6","|tier|Monotype","|rated","|rule|Baton Pass Clause: Limit one Baton Passer, can't pass Spe and other stats simultaneously","|rule|Swagger Clause: Swagger is banned","|rule|Same Type Clause: Pokémon in a team must share a type","|clearpoke","|poke|p1|Jirachi","|poke|p1|Gardevoir, F","|poke|p1|Slowbro, F","|poke|p1|Victini","|poke|p1|Hoopa-Unbound","|poke|p1|Deoxys-Speed","|poke|p2|Diancie","|poke|p2|Sylveon, M","|poke|p2|Azumarill, M, shiny","|poke|p2|Gardevoir, M, shiny","|poke|p2|Klefki, M","|poke|p2|Togekiss, M","|rule|Sleep Clause Mod: Limit one foe put to sleep","|rule|Species Clause: Limit one of each Pokémon","|rule|OHKO Clause: OHKO moves are banned","|rule|Moody Clause: Moody is banned","|rule|Evasion Moves Clause: Evasion moves are banned","|rule|Endless Battle Clause: Forcing endless battles is banned","|rule|HP Percentage Mod: HP is shown in percentages","|teampreview","|","|start","|switch|p1a: Victini|Victini|341/341","|switch|p2a: Janitors Fren|Klefki, M|317/317","|turn|1","|","|switch|p2a: Generic Fairy V2.1|Diancie|303/303","|move|p1a: Victini|V-create|p2a: Generic Fairy V2.1","|-resisted|p2a: Generic Fairy V2.1","|-damage|p2a: Generic Fairy V2.1|212/303","|-unboost|p1a: Victini|spe|1","|-unboost|p1a: Victini|def|1","|-unboost|p1a: Victini|spd|1","|","|-heal|p2a: Generic Fairy V2.1|230/303|[from] item: Leftovers","|turn|2","|","|switch|p1a: Slowbro|Slowbro, F|393/393","|move|p2a: Generic Fairy V2.1|Stealth Rock|p1a: Slowbro","|-sidestart|p1: MrNyanNyanz|move: Stealth Rock","|","|-heal|p2a: Generic Fairy V2.1|248/303|[from] item: Leftovers","|turn|3","|","|switch|p2a: Gardevoir-Senpai|Gardevoir, M, shiny|339/339","|-ability|p2a: Gardevoir-Senpai|Regenerator|[from] ability: Trace|[of] p1a: Slowbro","|move|p1a: Slowbro|Scald|p2a: Gardevoir-Senpai","|-damage|p2a: Gardevoir-Senpai|254/339","|","|turn|4","|","|move|p1a: Slowbro|Thunder Wave|p2a: Gardevoir-Senpai","|-status|p2a: Gardevoir-Senpai|par","|move|p2a: Gardevoir-Senpai|Trick Room|p2a: Gardevoir-Senpai","|-fieldstart|move: Trick Room|[of] p2a: Gardevoir-Senpai","|","|turn|5","|","|detailschange|p2a: Gardevoir-Senpai|Gardevoir-Mega, M, shiny","|-mega|p2a: Gardevoir-Senpai|Gardevoir|Gardevoirite","|move|p2a: Gardevoir-Senpai|Hyper Voice|p1a: Slowbro","|-damage|p1a: Slowbro|80/393","|move|p1a: Slowbro|Scald|p2a: Gardevoir-Senpai","|-damage|p2a: Gardevoir-Senpai|179/339 par","|","|turn|6","|","|move|p2a: Gardevoir-Senpai|Hyper Voice|p1a: Slowbro","|-damage|p1a: Slowbro|0 fnt","|faint|p1a: Slowbro","|","|","|switch|p1a: Jirachi|Jirachi|404/404","|-damage|p1a: Jirachi|379/404|[from] Stealth Rock","|turn|7","|","|switch|p2a: Urine Trouble|Azumarill, M, shiny|403/403","|move|p1a: Jirachi|Iron Head|p2a: Urine Trouble","|-damage|p2a: Urine Trouble|285/403","|","|-heal|p1a: Jirachi|404/404|[from] item: Leftovers","|turn|8","|","|move|p2a: Urine Trouble|Waterfall|p1a: Jirachi","|-damage|p1a: Jirachi|190/404","|-damage|p2a: Urine Trouble|245/403|[from] item: Life Orb","|move|p1a: Jirachi|Iron Head|p2a: Urine Trouble","|-damage|p2a: Urine Trouble|137/403","|","|-heal|p1a: Jirachi|215/404|[from] item: Leftovers","|-fieldend|move: Trick Room","|turn|9","|","|switch|p2a: Janitors Fren|Klefki, M|317/317","|move|p1a: Jirachi|Iron Head|p2a: Janitors Fren","|-damage|p2a: Janitors Fren|248/317","|","|-heal|p1a: Jirachi|240/404|[from] item: Leftovers","|turn|10","|","|move|p2a: Janitors Fren|Reflect|p2a: Janitors Fren","|-sidestart|p2: alliance - ed wins|Reflect","|move|p1a: Jirachi|Wish|p1a: Jirachi","|","|-heal|p1a: Jirachi|265/404|[from] item: Leftovers","|turn|11","|","|move|p1a: Jirachi|Stealth Rock|p2a: Janitors Fren","|-sidestart|p2: alliance - ed wins|move: Stealth Rock","|move|p2a: Janitors Fren|Foul Play|p1a: Jirachi","|-supereffective|p1a: Jirachi","|-damage|p1a: Jirachi|111/404","|","|-heal|p1a: Jirachi|313/404|[from] move: Wish|[wisher] Jirachi","|-heal|p1a: Jirachi|338/404|[from] item: Leftovers","|turn|12","|","|move|p2a: Janitors Fren|Spikes|p1a: Jirachi","|-sidestart|p1: MrNyanNyanz|Spikes","|move|p1a: Jirachi|Thunder Wave|p2a: Janitors Fren","|-status|p2a: Janitors Fren|par","|","|-heal|p1a: Jirachi|363/404|[from] item: Leftovers","|turn|13","|","|move|p2a: Janitors Fren|Spikes|p1a: Jirachi","|-sidestart|p1: MrNyanNyanz|Spikes","|move|p1a: Jirachi|Iron Head|p2a: Janitors Fren","|-damage|p2a: Janitors Fren|210/317 par","|","|-heal|p1a: Jirachi|388/404|[from] item: Leftovers","|turn|14","|","|cant|p2a: Janitors Fren|par","|move|p1a: Jirachi|Iron Head|p2a: Janitors Fren","|-crit|p2a: Janitors Fren","|-damage|p2a: Janitors Fren|92/317 par","|","|-heal|p1a: Jirachi|404/404|[from] item: Leftovers","|turn|15","|","|move|p2a: Janitors Fren|Spikes|p1a: Jirachi","|-sidestart|p1: MrNyanNyanz|Spikes","|move|p1a: Jirachi|Iron Head|p2a: Janitors Fren","|-damage|p2a: Janitors Fren|57/317 par","|","|turn|16","|","|switch|p2a: Urine Trouble|Azumarill, M, shiny|137/403","|-damage|p2a: Urine Trouble|87/403|[from] Stealth Rock","|move|p1a: Jirachi|Iron Head|p2a: Urine Trouble","|-damage|p2a: Urine Trouble|27/403","|","|turn|17","|","|move|p2a: Urine Trouble|Aqua Jet|p1a: Jirachi","|-damage|p1a: Jirachi|291/404","|-damage|p2a: Urine Trouble|0 fnt|[from] item: Life Orb","|faint|p2a: Urine Trouble","|move|p1a: Jirachi|Iron Head|p2: Urine Trouble|[notarget]","|-notarget","|","|-heal|p1a: Jirachi|316/404|[from] item: Leftovers","|-sideend|p2: alliance - ed wins|Reflect","|","|switch|p2a: 'Murica|Togekiss, M|311/311","|-damage|p2a: 'Murica|234/311|[from] Stealth Rock","|turn|18","|","|move|p2a: 'Murica|Trick|p1a: Jirachi","|-activate|p2a: 'Murica|move: Trick|[of] p1a: Jirachi","|-item|p1a: Jirachi|Choice Scarf|[from] move: Trick","|-item|p2a: 'Murica|Leftovers|[from] move: Trick","|move|p1a: Jirachi|Thunder Wave|p2a: 'Murica","|-status|p2a: 'Murica|par","|","|-heal|p2a: 'Murica|253/311 par|[from] item: Leftovers","|turn|19","|","|switch|p1a: Hoopa-Unbound|Hoopa-Unbound|364/364","|-damage|p1a: Hoopa-Unbound|319/364|[from] Stealth Rock","|-damage|p1a: Hoopa-Unbound|228/364|[from] Spikes","|switch|p2a: Generic Fairy V2.1|Diancie|248/303","|-damage|p2a: Generic Fairy V2.1|211/303|[from] Stealth Rock","|","|-heal|p2a: Generic Fairy V2.1|229/303|[from] item: Leftovers","|turn|20","|","|move|p1a: Hoopa-Unbound|Hyperspace Hole|p2a: Generic Fairy V2.1","|-damage|p2a: Generic Fairy V2.1|99/303","|-damage|p1a: Hoopa-Unbound|192/364|[from] item: Life Orb","|move|p2a: Generic Fairy V2.1|Trick Room|p2a: Generic Fairy V2.1","|-fieldstart|move: Trick Room|[of] p2a: Generic Fairy V2.1","|","|-heal|p2a: Generic Fairy V2.1|117/303|[from] item: Leftovers","|turn|21","|","|move|p2a: Generic Fairy V2.1|Diamond Storm|p1a: Hoopa-Unbound","|-damage|p1a: Hoopa-Unbound|0 fnt","|-boost|p2a: Generic Fairy V2.1|def|1","|faint|p1a: Hoopa-Unbound","|","|-heal|p2a: Generic Fairy V2.1|135/303|[from] item: Leftovers","|","|switch|p1a: Jirachi|Jirachi|316/404","|-damage|p1a: Jirachi|215/404|[from] Spikes","|-damage|p1a: Jirachi|190/404|[from] Stealth Rock","|turn|22","|","|switch|p2a: Gardevoir-Senpai|Gardevoir-Mega, M, shiny|179/339 par","|-damage|p2a: Gardevoir-Senpai|137/339 par|[from] Stealth Rock","|move|p1a: Jirachi|Iron Head|p2a: Gardevoir-Senpai","|-supereffective|p2a: Gardevoir-Senpai","|-damage|p2a: Gardevoir-Senpai|0 fnt","|faint|p2a: Gardevoir-Senpai","|","|","|switch|p2a: Anon Twink|Sylveon, M|393/393","|-damage|p2a: Anon Twink|344/393|[from] Stealth Rock","|turn|23","|","|move|p2a: Anon Twink|Shadow Ball|p1a: Jirachi","|-supereffective|p1a: Jirachi","|-damage|p1a: Jirachi|0 fnt","|faint|p1a: Jirachi","|","|","|switch|p1a: Gardevoir|Gardevoir, F|278/278","|-damage|p1a: Gardevoir|209/278|[from] Spikes","|-damage|p1a: Gardevoir|175/278|[from] Stealth Rock","|-ability|p1a: Gardevoir|Pixilate|[from] ability: Trace|[of] p2a: Anon Twink","|turn|24","|","|detailschange|p1a: Gardevoir|Gardevoir-Mega, F","|-mega|p1a: Gardevoir|Gardevoir|Gardevoirite","|move|p2a: Anon Twink|Shadow Ball|p1a: Gardevoir","|-supereffective|p1a: Gardevoir","|-damage|p1a: Gardevoir|0 fnt","|faint|p1a: Gardevoir","|","|-fieldend|move: Trick Room","|","|switch|p1a: Victini|Victini|341/341","|-damage|p1a: Victini|256/341|[from] Stealth Rock","|-damage|p1a: Victini|171/341|[from] Spikes","|turn|25","|","|move|p1a: Victini|V-create|p2a: Anon Twink","|-damage|p2a: Anon Twink|0 fnt","|-unboost|p1a: Victini|spe|1","|-unboost|p1a: Victini|def|1","|-unboost|p1a: Victini|spd|1","|faint|p2a: Anon Twink","|","|","|switch|p2a: Janitors Fren|Klefki, M|57/317 par","|-damage|p2a: Janitors Fren|38/317 par|[from] Stealth Rock","|turn|26","|","|move|p2a: Janitors Fren|Reflect|p2a: Janitors Fren","|-sidestart|p2: alliance - ed wins|Reflect","|move|p1a: Victini|V-create|p2a: Janitors Fren","|-supereffective|p2a: Janitors Fren","|-damage|p2a: Janitors Fren|0 fnt","|-unboost|p1a: Victini|spe|1","|-unboost|p1a: Victini|def|1","|-unboost|p1a: Victini|spd|1","|faint|p2a: Janitors Fren","|","|","|switch|p2a: 'Murica|Togekiss, M|253/311 par","|-damage|p2a: 'Murica|176/311 par|[from] Stealth Rock","|turn|27","|","|move|p1a: Victini|V-create|p2a: 'Murica","|-damage|p2a: 'Murica|45/311 par","|-unboost|p1a: Victini|spe|1","|-unboost|p1a: Victini|def|1","|-unboost|p1a: Victini|spd|1","|cant|p2a: 'Murica|par","|","|-heal|p2a: 'Murica|64/311 par|[from] item: Leftovers","|turn|28","|","|move|p1a: Victini|V-create|p2a: 'Murica","|-damage|p2a: 'Murica|0 fnt","|-unboost|p1a: Victini|spe|1","|-unboost|p1a: Victini|def|1","|-unboost|p1a: Victini|spd|1","|faint|p2a: 'Murica","|","|","|switch|p2a: Generic Fairy V2.1|Diancie|135/303","|-damage|p2a: Generic Fairy V2.1|98/303|[from] Stealth Rock","|turn|29","|","|move|p1a: Victini|V-create|p2a: Generic Fairy V2.1","|-resisted|p2a: Generic Fairy V2.1","|-damage|p2a: Generic Fairy V2.1|49/303","|-unboost|p1a: Victini|spe|1","|-unboost|p1a: Victini|def|1","|-unboost|p1a: Victini|spd|1","|move|p2a: Generic Fairy V2.1|Diamond Storm|p1a: Victini","|-crit|p1a: Victini","|-supereffective|p1a: Victini","|-damage|p1a: Victini|0 fnt","|-boost|p2a: Generic Fairy V2.1|def|1","|faint|p1a: Victini","|","|-heal|p2a: Generic Fairy V2.1|67/303|[from] item: Leftovers","|","|switch|p1a: Deoxys-Speed|Deoxys-Speed|241/241","|-damage|p1a: Deoxys-Speed|211/241|[from] Stealth Rock","|-damage|p1a: Deoxys-Speed|151/241|[from] Spikes","|-ability|p1a: Deoxys-Speed|Pressure","|turn|30","|","|move|p1a: Deoxys-Speed|Psycho Boost|p2a: Generic Fairy V2.1","|-damage|p2a: Generic Fairy V2.1|0 fnt","|-unboost|p1a: Deoxys-Speed|spa|2","|-damage|p1a: Deoxys-Speed|127/241|[from] item: Life Orb","|faint|p2a: Generic Fairy V2.1","|","|win|MrNyanNyanz"],"p1rating":{"entryid":"6703862","serverid":"eos","formatid":"monotype","userid":"mrnyannyanz","username":"MrNyanNyanz","w":81,"l":"60","t":"0","gxe":57,"r":"1548.7532044988","rd":"30.976606393008","sigma":"0","rptime":"1439110800","rpr":1553.3033535269,"rprd":30.803868195949,"rpsigma":"0","acre":1283.6154502629,"lacre":1283.6154502629,"oldacre":"1253.406419699"},"p2rating":{"entryid":"7432721","serverid":"eos","formatid":"monotype","userid":"allianceedwins","username":"alliance - ed wins","w":"22","l":5,"t":"0","gxe":74.3,"r":"1676.9209256086","rd":"73.702044392138","sigma":"0","rptime":"1439110800","rpr":1703.2731773615,"rprd":65.744931179097,"rpsigma":"0","acre":1302.7070834376,"lacre":1302.7070834376,"oldacre":"1326.8743078887"},"endType":"normal"}