{"seed":[16991,38732,31309,56412],"turns":29,"p1":"LightOfAKnowing","p2":"Freelancer Photon","p1team":[{"name":"Vespiquen","species":"Vespiquen","item":"laxincense","ability":"Pressure","moves":["defendorder","infestation","mudslap","roost"],"nature":"Gentle","evs":{"hp":248,"atk":8,"def":0,"spa":0,"spd":252,"spe":0},"ivs":{"hp":31,"atk":31,"def":31,"spa":31,"spd":31,"spe":31}},{"name":"Heracross","species":"Heracross","item":"choicescarf","ability":"Moxie","moves":["closecombat","megahorn","knockoff","pursuit"],"nature":"Jolly","evs":{"hp":0,"atk":252,"def":0,"spa":0,"spd":4,"spe":252},"ivs":{"hp":31,"atk":31,"def":31,"spa":31,"spd":31,"spe":31}},{"name":"Forretress","species":"Forretress","item":"custapberry","ability":"Sturdy","moves":["stealthrock","rapidspin","explosion","spikes"],"nature":"Impish","evs":{"hp":248,"atk":8,"def":252,"spa":0,"spd":0,"spe":0},"ivs":{"hp":31,"atk":31,"def":31,"spa":31,"spd":31,"spe":31}},{"name":"Galvantula","species":"Galvantula","item":"focussash","ability":"Swarm","moves":["stickyweb","bugbuzz","voltswitch","suckerpunch"],"nature":"Hasty","evs":{"hp":0,"atk":4,"def":0,"spa":252,"spd":0,"spe":252},"ivs":{"hp":31,"atk":31,"def":31,"spa":31,"spd":31,"spe":31}},{"name":"Pinsir","species":"Pinsir","item":"pinsirite","ability":"Moxie","moves":["quickattack","xscissor","frustration","closecombat"],"nature":"Adamant","evs":{"hp":248,"atk":252,"def":0,"spa":0,"spd":8,"spe":0},"happiness":0,"ivs":{"hp":31,"atk":31,"def":31,"spa":31,"spd":31,"spe":31}},{"name":"Genesect","species":"Genesect","item":"choicescarf","ability":"Download","moves":["extremespeed","blazekick","uturn","ironhead"],"nature":"Hasty","evs":{"hp":0,"atk":252,"def":0,"spa":0,"spd":4,"spe":252},"shiny":true,"ivs":{"hp":31,"atk":31,"def":31,"spa":31,"spd":31,"spe":31}}],"p2team":[{"name":"Sceptile","species":"Sceptile","item":"choiceband","ability":"Unburden","moves":["leafblade","earthquake","outrage","thunderpunch"],"nature":"Jolly","evs":{"hp":0,"atk":252,"def":0,"spa":0,"spd":4,"spe":252},"ivs":{"hp":31,"atk":31,"def":31,"spa":31,"spd":31,"spe":31}},{"name":"Venusaur","species":"Venusaur","item":"venusaurite","ability":"Overgrow","moves":["curse","synthesis","earthquake","petalblizzard"],"nature":"Adamant","evs":{"hp":248,"atk":252,"def":0,"spa":0,"spd":8,"spe":0},"ivs":{"hp":31,"atk":31,"def":31,"spa":31,"spd":31,"spe":31}},{"name":"Ludicolo","species":"Ludicolo","item":"choicespecs","ability":"Own Tempo","moves":["energyball","hiddenpowerfire","surf","icebeam"],"nature":"Modest","evs":{"hp":0,"atk":0,"def":0,"spa":252,"spd":4,"spe":252},"ivs":{"hp":31,"atk":30,"def":31,"spa":30,"spd":31,"spe":30}},{"name":"Ferrothorn","species":"Ferrothorn","item":"rockyhelmet","ability":"Iron Barbs","moves":["leechseed","stealthrock","thunderwave","gyroball"],"nature":"Relaxed","evs":{"hp":252,"atk":0,"def":252,"spa":0,"spd":0,"spe":0},"ivs":{"hp":31,"atk":31,"def":31,"spa":31,"spd":31,"spe":0}},{"name":"Celebi","species":"Celebi","item":"lifeorb","ability":"Natural Cure","moves":["stealthrock","psychic","earthpower","gigadrain"],"nature":"Timid","evs":{"hp":0,"atk":0,"def":0,"spa":252,"spd":4,"spe":252},"ivs":{"hp":31,"atk":31,"def":31,"spa":31,"spd":31,"spe":31}},{"name":"Roserade","species":"Roserade","item":"choicescarf","ability":"Technician","moves":["sludgebomb","energyball","hiddenpowerice","shadowball"],"nature":"Modest","evs":{"hp":0,"atk":0,"def":0,"spa":252,"spd":0,"spe":252},"ivs":{"hp":31,"atk":30,"def":30,"spa":31,"spd":31,"spe":31}}],"log":["|player|p1|LightOfAKnowing|lightofaknowing.gif","|player|p2|Freelancer Photon|66","|gametype|singles","|gen|6","|tier|Monotype","|rated","|rule|Baton Pass Clause: Limit one Baton Passer, can't pass Spe and other stats simultaneously","|rule|Swagger Clause: Swagger is banned","|rule|Same Type Clause: Pokémon in a team must share a type","|clearpoke","|poke|p1|Vespiquen, F","|poke|p1|Heracross, M","|poke|p1|Forretress, M","|poke|p1|Galvantula, M","|poke|p1|Pinsir, F","|poke|p1|Genesect-*, shiny","|poke|p2|Sceptile, M","|poke|p2|Venusaur, M","|poke|p2|Ludicolo, F","|poke|p2|Ferrothorn, F","|poke|p2|Celebi","|poke|p2|Roserade, F","|rule|Sleep Clause Mod: Limit one foe put to sleep","|rule|Species Clause: Limit one of each Pokémon","|rule|OHKO Clause: OHKO moves are banned","|rule|Moody Clause: Moody is banned","|rule|Evasion Moves Clause: Evasion moves are banned","|rule|Endless Battle Clause: Forcing endless battles is banned","|rule|HP Percentage Mod: HP is shown in percentages","|teampreview","|","|start","|switch|p1a: Galvantula|Galvantula, M|281/281","|switch|p2a: Ferrothorn|Ferrothorn, F|352/352","|turn|1","|","|move|p1a: Galvantula|Sticky Web|p2a: Ferrothorn","|-sidestart|p2: Freelancer Photon|move: Sticky Web","|move|p2a: Ferrothorn|Stealth Rock|p1a: Galvantula","|-sidestart|p1: LightOfAKnowing|move: Stealth Rock","|","|turn|2","|","|move|p1a: Galvantula|Volt Switch|p2a: Ferrothorn","|-resisted|p2a: Ferrothorn","|-damage|p2a: Ferrothorn|308/352","|","|switch|p1a: Genesect|Genesect, shiny|283/283","|-damage|p1a: Genesect|248/283|[from] Stealth Rock","|-boost|p1a: Genesect|spa|1|[from] ability: Download","|move|p2a: Ferrothorn|Leech Seed|p1a: Genesect","|-start|p1a: Genesect|move: Leech Seed","|","|-damage|p1a: Genesect|213/283|[from] Leech Seed|[of] p2a: Ferrothorn","|-heal|p2a: Ferrothorn|343/352|[silent]","|turn|3","|","|switch|p2a: Celebi|Celebi|341/341","|-activate|p2a: Celebi|move: Sticky Web","|-unboost|p2a: Celebi|spe|1","|move|p1a: Genesect|Blaze Kick|p2a: Celebi","|-supereffective|p2a: Celebi","|-damage|p2a: Celebi|139/341","|","|-damage|p1a: Genesect|178/283|[from] Leech Seed|[of] p2a: Celebi","|-heal|p2a: Celebi|174/341|[silent]","|turn|4","|","|move|p1a: Genesect|Blaze Kick|p2a: Celebi","|-supereffective|p2a: Celebi","|-damage|p2a: Celebi|0 fnt","|faint|p2a: Celebi","|","|","|switch|p2a: Venusaur|Venusaur, M|363/363","|-activate|p2a: Venusaur|move: Sticky Web","|-unboost|p2a: Venusaur|spe|1","|turn|5","|","|switch|p1a: Forretress|Forretress, M|353/353","|-damage|p1a: Forretress|309/353|[from] Stealth Rock","|detailschange|p2a: Venusaur|Venusaur-Mega, M","|-mega|p2a: Venusaur|Venusaur|Venusaurite","|move|p2a: Venusaur|Curse|p2a: Venusaur","|-unboost|p2a: Venusaur|spe|1","|-boost|p2a: Venusaur|atk|1","|-boost|p2a: Venusaur|def|1","|","|turn|6","|","|move|p1a: Forretress|Stealth Rock|p2a: Venusaur","|-sidestart|p2: Freelancer Photon|move: Stealth Rock","|move|p2a: Venusaur|Earthquake|p1a: Forretress","|-damage|p1a: Forretress|216/353","|","|turn|7","|","|move|p1a: Forretress|Rapid Spin|p2a: Venusaur","|-damage|p2a: Venusaur|354/363","|-sideend|p1: LightOfAKnowing|Stealth Rock|[from] move: Rapid Spin|[of] p1a: Forretress","|move|p2a: Venusaur|Curse|p2a: Venusaur","|-unboost|p2a: Venusaur|spe|1","|-boost|p2a: Venusaur|atk|1","|-boost|p2a: Venusaur|def|1","|","|turn|8","|","|move|p1a: Forretress|Spikes|p2a: Venusaur","|-sidestart|p2: Freelancer Photon|Spikes","|move|p2a: Venusaur|Curse|p2a: Venusaur","|-unboost|p2a: Venusaur|spe|1","|-boost|p2a: Venusaur|atk|1","|-boost|p2a: Venusaur|def|1","|","|turn|9","|","|move|p1a: Forretress|Spikes|p2a: Venusaur","|-sidestart|p2: Freelancer Photon|Spikes","|move|p2a: Venusaur|Curse|p2a: Venusaur","|-unboost|p2a: Venusaur|spe|1","|-boost|p2a: Venusaur|atk|1","|-boost|p2a: Venusaur|def|1","|","|turn|10","|","|move|p1a: Forretress|Spikes|p2a: Venusaur","|-sidestart|p2: Freelancer Photon|Spikes","|move|p2a: Venusaur|Earthquake|p1a: Forretress","|-damage|p1a: Forretress|24/353","|","|turn|11","|-enditem|p1a: Forretress|Custap Berry|[eat]","|-activate|p1a: Forretress|Custap Berry","|","|move|p1a: Forretress|Explosion|p2a: Venusaur","|-damage|p2a: Venusaur|299/363","|faint|p1a: Forretress","|move|p2a: Venusaur|Curse|p2a: Venusaur","|-unboost|p2a: Venusaur|spe|1","|-boost|p2a: Venusaur|atk|1","|-boost|p2a: Venusaur|def|1","|","|","|switch|p1a: Galvantula|Galvantula, M|281/281","|turn|12","|","|move|p1a: Galvantula|Bug Buzz|p2a: Venusaur","|-damage|p2a: Venusaur|185/363","|move|p2a: Venusaur|Earthquake|p1a: Galvantula","|-enditem|p1a: Galvantula|Focus Sash","|-damage|p1a: Galvantula|1/281","|","|turn|13","|","|move|p1a: Galvantula|Bug Buzz|p2a: Venusaur","|-damage|p2a: Venusaur|26/363","|move|p2a: Venusaur|Synthesis|p2a: Venusaur","|-heal|p2a: Venusaur|207/363","|","|turn|14","|","|move|p1a: Galvantula|Bug Buzz|p2a: Venusaur","|-damage|p2a: Venusaur|29/363","|move|p2a: Venusaur|Synthesis|p2a: Venusaur","|-heal|p2a: Venusaur|210/363","|","|turn|15","|","|move|p1a: Galvantula|Bug Buzz|p2a: Venusaur","|-damage|p2a: Venusaur|32/363","|move|p2a: Venusaur|Synthesis|p2a: Venusaur","|-heal|p2a: Venusaur|213/363","|","|turn|16","|","|move|p1a: Galvantula|Bug Buzz|p2a: Venusaur","|-damage|p2a: Venusaur|44/363","|move|p2a: Venusaur|Synthesis|p2a: Venusaur","|-heal|p2a: Venusaur|225/363","|","|turn|17","|","|move|p1a: Galvantula|Bug Buzz|p2a: Venusaur","|-damage|p2a: Venusaur|63/363","|move|p2a: Venusaur|Synthesis|p2a: Venusaur","|-heal|p2a: Venusaur|244/363","|","|turn|18","|","|move|p1a: Galvantula|Bug Buzz|p2a: Venusaur","|-damage|p2a: Venusaur|67/363","|move|p2a: Venusaur|Synthesis|p2a: Venusaur","|-heal|p2a: Venusaur|248/363","|","|turn|19","|","|move|p1a: Galvantula|Bug Buzz|p2a: Venusaur","|-damage|p2a: Venusaur|80/363","|move|p2a: Venusaur|Synthesis|p2a: Venusaur","|-heal|p2a: Venusaur|261/363","|","|turn|20","|","|move|p1a: Galvantula|Bug Buzz|p2a: Venusaur","|-damage|p2a: Venusaur|104/363","|move|p2a: Venusaur|Synthesis|p2a: Venusaur","|-heal|p2a: Venusaur|285/363","|","|turn|21","|","|move|p1a: Galvantula|Bug Buzz|p2a: Venusaur","|-damage|p2a: Venusaur|123/363","|move|p2a: Venusaur|Earthquake|p1a: Galvantula","|-damage|p1a: Galvantula|0 fnt","|faint|p1a: Galvantula","|","|","|switch|p1a: Pinsir|Pinsir, F|333/333","|turn|22","|","|detailschange|p1a: Pinsir|Pinsir-Mega, F","|-mega|p1a: Pinsir|Pinsir|Pinsirite","|move|p1a: Pinsir|Frustration|p2a: Venusaur","|-supereffective|p2a: Venusaur","|-damage|p2a: Venusaur|0 fnt","|faint|p2a: Venusaur","|","|","|switch|p2a: Ferrothorn|Ferrothorn, F|343/352","|-damage|p2a: Ferrothorn|255/352|[from] Spikes","|-activate|p2a: Ferrothorn|move: Sticky Web","|-unboost|p2a: Ferrothorn|spe|1","|-damage|p2a: Ferrothorn|233/352|[from] Stealth Rock","|turn|23","|","|switch|p1a: Genesect|Genesect, shiny|178/283","|-boost|p1a: Genesect|spa|1|[from] ability: Download","|move|p2a: Ferrothorn|Thunder Wave|p1a: Genesect","|-status|p1a: Genesect|par","|","|turn|24","|","|cant|p1a: Genesect|par","|move|p2a: Ferrothorn|Leech Seed|p1a: Genesect","|-start|p1a: Genesect|move: Leech Seed","|","|-damage|p1a: Genesect|143/283 par|[from] Leech Seed|[of] p2a: Ferrothorn","|-heal|p2a: Ferrothorn|268/352|[silent]","|turn|25","|","|move|p1a: Genesect|Blaze Kick|p2a: Ferrothorn","|-supereffective|p2a: Ferrothorn","|-damage|p2a: Ferrothorn|48/352","|-damage|p1a: Genesect|108/283 par|[from] ability: Iron Barbs|[of] p2a: Ferrothorn","|-damage|p1a: Genesect|61/283 par|[from] item: Rocky Helmet|[of] p2a: Ferrothorn","|move|p2a: Ferrothorn|Stealth Rock|p1a: Genesect","|-sidestart|p1: LightOfAKnowing|move: Stealth Rock","|","|-damage|p1a: Genesect|26/283 par|[from] Leech Seed|[of] p2a: Ferrothorn","|-heal|p2a: Ferrothorn|83/352|[silent]","|turn|26","|","|move|p1a: Genesect|Blaze Kick|p2a: Ferrothorn","|-supereffective|p2a: Ferrothorn","|-damage|p2a: Ferrothorn|0 fnt","|-damage|p1a: Genesect|0 fnt|[from] ability: Iron Barbs|[of] p2a: Ferrothorn","|faint|p1a: Genesect","|faint|p2a: Ferrothorn","|","|","|switch|p1a: Heracross|Heracross, M|301/301","|switch|p2a: Ludicolo|Ludicolo, F|301/301","|-damage|p1a: Heracross|264/301|[from] Stealth Rock","|-damage|p2a: Ludicolo|264/301|[from] Stealth Rock","|-activate|p2a: Ludicolo|move: Sticky Web","|-unboost|p2a: Ludicolo|spe|1","|-damage|p2a: Ludicolo|189/301|[from] Spikes","|turn|27","|","|move|p1a: Heracross|Megahorn|p2a: Ludicolo","|-supereffective|p2a: Ludicolo","|-damage|p2a: Ludicolo|0 fnt","|faint|p2a: Ludicolo","|-boost|p1a: Heracross|atk|1|[from] ability: Moxie","|","|","|switch|p2a: Roserade|Roserade, F|261/261","|-damage|p2a: Roserade|196/261|[from] Spikes","|-activate|p2a: Roserade|move: Sticky Web","|-unboost|p2a: Roserade|spe|1","|-damage|p2a: Roserade|164/261|[from] Stealth Rock","|turn|28","|","|move|p1a: Heracross|Megahorn|p2a: Roserade","|-damage|p2a: Roserade|0 fnt","|faint|p2a: Roserade","|-boost|p1a: Heracross|atk|1|[from] ability: Moxie","|","|","|switch|p2a: Sceptile|Sceptile, M|281/281","|-activate|p2a: Sceptile|move: Sticky Web","|-unboost|p2a: Sceptile|spe|1","|-damage|p2a: Sceptile|211/281|[from] Spikes","|-damage|p2a: Sceptile|176/281|[from] Stealth Rock","|turn|29","|","|move|p1a: Heracross|Megahorn|p2a: Sceptile","|-supereffective|p2a: Sceptile","|-damage|p2a: Sceptile|0 fnt","|faint|p2a: Sceptile","|-boost|p1a: Heracross|atk|1|[from] ability: Moxie","|","|win|LightOfAKnowing"],"p1rating":{"entryid":"6481865","serverid":"eos","formatid":"monotype","userid":"lightofaknowing","username":"Light-Of-A-Knowing","w":132,"l":"169","t":"0","gxe":43.5,"r":"1428.1223767321","rd":"29.192619857657","sigma":"0","rptime":"1439197200","rpr":1450.3223812083,"rprd":28.139889173835,"rpsigma":"0","acre":1195.426421737,"lacre":1195.426421737,"oldacre":"1174.6305246338"},"p2rating":{"entryid":"7529200","serverid":"eos","formatid":"monotype","userid":"freelancerphoton","username":"Freelancer Photon","w":"7","l":4,"t":"0","gxe":55.7,"r":"1547.8391389454","rd":"112.13270210657","sigma":"0","rptime":"1439197200","rpr":1544.1812563899,"rprd":86.527988454261,"rpsigma":"0","acre":1094.848143512,"lacre":1094.848143512,"oldacre":"1115.6440406152"},"endType":"normal"}