{"seed":[64952,13458,45072,13496],"turns":26,"p1":"Kre8noyz","p2":"sovereign♕zoroark","p1team":[{"name":"Swampert","species":"Swampert","item":"focussash","ability":"Damp","moves":["earthquake","brickbreak","icepunch","counter"],"nature":"Impish","evs":{"hp":8,"atk":252,"def":0,"spa":0,"spd":0,"spe":248},"happiness":0,"ivs":{"hp":31,"atk":31,"def":31,"spa":31,"spd":31,"spe":31}},{"name":"Starmie","species":"Starmie","item":"leftovers","ability":"Natural Cure","moves":["rapidspin","signalbeam","psychic","reflecttype"],"nature":"Timid","evs":{"hp":0,"atk":0,"def":4,"spa":188,"spd":64,"spe":252},"ivs":{"hp":31,"atk":31,"def":31,"spa":31,"spd":31,"spe":31}},{"name":"Keldeo-Resolute","species":"Keldeo-Resolute","item":"leftovers","ability":"Justified","moves":["surf","secretsword","hiddenpowerflying","calmmind"],"nature":"Timid","evs":{"hp":0,"atk":4,"def":0,"spa":252,"spd":0,"spe":252},"ivs":{"hp":30,"atk":30,"def":30,"spa":30,"spd":30,"spe":31}},{"name":"Politoed","species":"Politoed","item":"leftovers","ability":"Drizzle","moves":["endeavor","hypnosis","perishsong","scald"],"nature":"","evs":{"hp":0,"atk":0,"def":252,"spa":0,"spd":252,"spe":4},"ivs":{"hp":31,"atk":31,"def":31,"spa":31,"spd":31,"spe":31}},{"name":"Lapras","species":"Lapras","item":"leftovers","ability":"Hydration","moves":["raindance","confuseray","freezedry","surf"],"nature":"Timid","evs":{"hp":0,"atk":0,"def":4,"spa":252,"spd":0,"spe":252},"ivs":{"hp":31,"atk":31,"def":31,"spa":31,"spd":31,"spe":31}},{"name":"Kingdra","species":"Kingdra","item":"lifeorb","ability":"Swift Swim","moves":["clearsmog","dragonpulse","scald","raindance"],"nature":"","evs":{"hp":4,"atk":0,"def":0,"spa":252,"spd":0,"spe":252},"ivs":{"hp":31,"atk":31,"def":31,"spa":31,"spd":31,"spe":31}}],"p2team":[{"name":"Mamoswine","species":"Mamoswine","item":"icicleplate","ability":"Thick Fat","moves":["hail","earthquake","icefang","ironhead"],"nature":"Adamant","evs":{"hp":0,"atk":252,"def":128,"spa":0,"spd":128,"spe":0},"shiny":true,"ivs":{"hp":31,"atk":31,"def":31,"spa":31,"spd":31,"spe":31}},{"name":"Weavile","species":"Weavile","item":"focussash","ability":"Pressure","moves":["fakeout","icepunch","swordsdance","brickbreak"],"nature":"Adamant","evs":{"hp":4,"atk":252,"def":0,"spa":0,"spd":0,"spe":252},"shiny":true,"ivs":{"hp":31,"atk":31,"def":31,"spa":31,"spd":31,"spe":31}},{"name":"Abomasnow","species":"Abomasnow","item":"abomasite","ability":"Snow Warning","moves":["protect","leechseed","earthquake","icepunch"],"nature":"Adamant","evs":{"hp":220,"atk":0,"def":144,"spa":0,"spd":144,"spe":0},"shiny":true,"ivs":{"hp":31,"atk":31,"def":31,"spa":31,"spd":31,"spe":31}},{"name":"Jynx","species":"Jynx","item":"leftovers","ability":"Dry Skin","moves":["icebeam","calmmind","lovelykiss","psyshock"],"nature":"Bold","evs":{"hp":196,"atk":0,"def":252,"spa":30,"spd":30,"spe":0},"shiny":true,"ivs":{"hp":31,"atk":31,"def":31,"spa":31,"spd":31,"spe":31}},{"name":"Glaceon","species":"Glaceon","item":"icyrock","ability":"Ice Body","moves":["hail","icebeam","signalbeam","shadowball"],"nature":"Timid","evs":{"hp":4,"atk":0,"def":0,"spa":252,"spd":0,"spe":252},"shiny":true,"ivs":{"hp":31,"atk":31,"def":31,"spa":31,"spd":31,"spe":31}},{"name":"Avalugg","species":"Avalugg","item":"custapberry","ability":"Sturdy","moves":["rapidspin","recover","hail","earthquake"],"nature":"Sassy","evs":{"hp":252,"atk":0,"def":0,"spa":252,"spd":0,"spe":4},"shiny":true,"ivs":{"hp":31,"atk":31,"def":31,"spa":31,"spd":31,"spe":31}}],"log":["|player|p1|Kre8noyz|163","|player|p2|sovereign♕zoroark|1","|gametype|singles","|gen|6","|tier|Monotype","|rated","|rule|Baton Pass Clause: Limit one Baton Passer, can't pass Spe and other stats simultaneously","|rule|Swagger Clause: Swagger is banned","|rule|Same Type Clause: Pokémon in a team must share a type","|clearpoke","|poke|p1|Swampert, M","|poke|p1|Starmie","|poke|p1|Keldeo-Resolute","|poke|p1|Politoed, F","|poke|p1|Lapras, M","|poke|p1|Kingdra, M","|poke|p2|Mamoswine, M, shiny","|poke|p2|Weavile, M, shiny","|poke|p2|Abomasnow, M, shiny","|poke|p2|Jynx, F, shiny","|poke|p2|Glaceon, F, shiny","|poke|p2|Avalugg, F, shiny","|rule|Sleep Clause Mod: Limit one foe put to sleep","|rule|Species Clause: Limit one of each Pokémon","|rule|OHKO Clause: OHKO moves are banned","|rule|Moody Clause: Moody is banned","|rule|Evasion Moves Clause: Evasion moves are banned","|rule|Endless Battle Clause: Forcing endless battles is banned","|rule|HP Percentage Mod: HP is shown in percentages","|teampreview","|","|start","|switch|p1a: Politoed|Politoed, F|321/321","|switch|p2a: Abomasnow|Abomasnow, M, shiny|376/376","|-weather|RainDance","|-weather|Hail","|turn|1","|","|detailschange|p2a: Abomasnow|Abomasnow-Mega, M, shiny","|-mega|p2a: Abomasnow|Abomasnow|Abomasite","|move|p1a: Politoed|Hypnosis|p2a: Abomasnow","|-status|p2a: Abomasnow|slp","|cant|p2a: Abomasnow|slp","|","|-weather|Hail|[upkeep]","|-damage|p1a: Politoed|301/321|[from] hail","|-heal|p1a: Politoed|321/321|[from] item: Leftovers","|turn|2","|","|switch|p1a: Lapras|Lapras, M|401/401","|cant|p2a: Abomasnow|slp","|","|-weather|Hail|[upkeep]","|turn|3","|","|move|p1a: Lapras|Confuse Ray|p2a: Abomasnow","|-start|p2a: Abomasnow|confusion","|cant|p2a: Abomasnow|slp","|","|-weather|Hail|[upkeep]","|turn|4","|","|move|p1a: Lapras|Rain Dance|p1a: Lapras","|-weather|RainDance","|-curestatus|p2a: Abomasnow|slp","|-activate|p2a: Abomasnow|confusion","|-damage|p2a: Abomasnow|340/376|[from] confusion","|","|-weather|RainDance|[upkeep]","|turn|5","|","|move|p1a: Lapras|Freeze-Dry|p2a: Abomasnow","|-damage|p2a: Abomasnow|261/376","|-end|p2a: Abomasnow|confusion","|move|p2a: Abomasnow|Earthquake|p1a: Lapras","|-damage|p1a: Lapras|279/401","|","|-weather|RainDance|[upkeep]","|-heal|p1a: Lapras|304/401|[from] item: Leftovers","|turn|6","|","|move|p1a: Lapras|Confuse Ray|p2a: Abomasnow","|-start|p2a: Abomasnow|confusion","|-activate|p2a: Abomasnow|confusion","|-damage|p2a: Abomasnow|225/376|[from] confusion","|","|-weather|RainDance|[upkeep]","|-heal|p1a: Lapras|329/401|[from] item: Leftovers","|turn|7","|","|switch|p1a: Keldeo-Resolute|Keldeo-Resolute|322/322","|-activate|p2a: Abomasnow|confusion","|move|p2a: Abomasnow|Earthquake|p1a: Keldeo-Resolute","|-damage|p1a: Keldeo-Resolute|203/322","|","|-weather|RainDance|[upkeep]","|-heal|p1a: Keldeo-Resolute|223/322|[from] item: Leftovers","|turn|8","|","|move|p1a: Keldeo-Resolute|Hidden Power|p2a: Abomasnow","|-supereffective|p2a: Abomasnow","|-damage|p2a: Abomasnow|107/376","|-activate|p2a: Abomasnow|confusion","|-damage|p2a: Abomasnow|72/376|[from] confusion","|","|-weather|none","|-heal|p1a: Keldeo-Resolute|243/322|[from] item: Leftovers","|turn|9","|","|-activate|p2a: Abomasnow|confusion","|-damage|p2a: Abomasnow|36/376|[from] confusion","|move|p1a: Keldeo-Resolute|Hidden Power|p2a: Abomasnow","|-supereffective|p2a: Abomasnow","|-damage|p2a: Abomasnow|0 fnt","|faint|p2a: Abomasnow","|","|-heal|p1a: Keldeo-Resolute|263/322|[from] item: Leftovers","|","|switch|p2a: Weavile|Weavile, M, shiny|282/282","|-ability|p2a: Weavile|Pressure","|turn|10","|","|switch|p1a: Politoed|Politoed, F|321/321","|-weather|RainDance","|move|p2a: Weavile|Fake Out|p1a: Politoed","|-damage|p1a: Politoed|274/321","|","|-weather|RainDance|[upkeep]","|-heal|p1a: Politoed|294/321|[from] item: Leftovers","|turn|11","|","|move|p2a: Weavile|Swords Dance|p2a: Weavile","|-boost|p2a: Weavile|atk|2","|move|p1a: Politoed|Scald|p2a: Weavile","|-damage|p2a: Weavile|129/282","|","|-weather|RainDance|[upkeep]","|-heal|p1a: Politoed|314/321|[from] item: Leftovers","|turn|12","|","|move|p2a: Weavile|Brick Break|p1a: Politoed","|-damage|p1a: Politoed|128/321","|move|p1a: Politoed|Scald|p2a: Weavile","|-damage|p2a: Weavile|0 fnt","|faint|p2a: Weavile","|","|-weather|RainDance|[upkeep]","|-heal|p1a: Politoed|148/321|[from] item: Leftovers","|","|switch|p2a: Mamoswine|Mamoswine, M, shiny|361/361","|turn|13","|","|move|p2a: Mamoswine|Earthquake|p1a: Politoed","|-damage|p1a: Politoed|0 fnt","|faint|p1a: Politoed","|","|-weather|RainDance|[upkeep]","|","|switch|p1a: Kingdra|Kingdra, M|292/292","|turn|14","|","|move|p1a: Kingdra|Scald|p2a: Mamoswine","|-supereffective|p2a: Mamoswine","|-damage|p2a: Mamoswine|0 fnt","|-damage|p1a: Kingdra|263/292|[from] item: Life Orb","|faint|p2a: Mamoswine","|","|-weather|none","|","|switch|p2a: Glaceon|Glaceon, F, shiny|272/272","|turn|15","|","|move|p1a: Kingdra|Rain Dance|p1a: Kingdra","|-weather|RainDance","|move|p2a: Glaceon|Ice Beam|p1a: Kingdra","|-damage|p1a: Kingdra|94/292","|-status|p1a: Kingdra|frz","|","|-weather|RainDance|[upkeep]","|turn|16","|","|-curestatus|p1a: Kingdra|frz|[from] move: Scald","|move|p1a: Kingdra|Scald|p2a: Glaceon","|-damage|p2a: Glaceon|50/272","|-status|p2a: Glaceon|brn","|-damage|p1a: Kingdra|65/292|[from] item: Life Orb","|move|p2a: Glaceon|Ice Beam|p1a: Kingdra","|-crit|p1a: Kingdra","|-damage|p1a: Kingdra|0 fnt","|faint|p1a: Kingdra","|","|-weather|RainDance|[upkeep]","|-damage|p2a: Glaceon|16/272 brn|[from] brn","|","|switch|p1a: Lapras|Lapras, M|329/401","|turn|17","|","|move|p2a: Glaceon|Signal Beam|p1a: Lapras","|-damage|p1a: Lapras|242/401","|move|p1a: Lapras|Surf|p2a: Glaceon","|-damage|p2a: Glaceon|0 fnt","|faint|p2a: Glaceon","|","|-weather|RainDance|[upkeep]","|-heal|p1a: Lapras|267/401|[from] item: Leftovers","|","|switch|p2a: Jynx|Jynx, F, shiny|320/320","|turn|18","|","|move|p1a: Lapras|Surf|p2a: Jynx","|-immune|p2a: Jynx|[msg]","|move|p2a: Jynx|Lovely Kiss|p1a: Lapras","|-status|p1a: Lapras|slp","|","|-weather|RainDance|[upkeep]","|-curestatus|p1a: Lapras|slp","|-heal|p1a: Lapras|292/401|[from] item: Leftovers","|turn|19","|","|move|p1a: Lapras|Confuse Ray|p2a: Jynx","|-start|p2a: Jynx|confusion","|-activate|p2a: Jynx|confusion","|move|p2a: Jynx|Lovely Kiss|p1a: Lapras","|-status|p1a: Lapras|slp","|","|-weather|none","|-heal|p1a: Lapras|317/401 slp|[from] item: Leftovers","|turn|20","|","|switch|p1a: Starmie|Starmie|261/261","|-activate|p2a: Jynx|confusion","|move|p2a: Jynx|Calm Mind|p2a: Jynx","|-boost|p2a: Jynx|spa|1","|-boost|p2a: Jynx|spd|1","|","|turn|21","|","|move|p1a: Starmie|Signal Beam|p2a: Jynx","|-supereffective|p2a: Jynx","|-damage|p2a: Jynx|224/320","|-activate|p2a: Jynx|confusion","|move|p2a: Jynx|Psyshock|p1a: Starmie","|-resisted|p1a: Starmie","|-damage|p1a: Starmie|165/261","|","|-heal|p1a: Starmie|181/261|[from] item: Leftovers","|-heal|p2a: Jynx|244/320|[from] item: Leftovers","|turn|22","|","|move|p1a: Starmie|Signal Beam|p2a: Jynx","|-supereffective|p2a: Jynx","|-damage|p2a: Jynx|150/320","|-end|p2a: Jynx|confusion","|move|p2a: Jynx|Ice Beam|p1a: Starmie","|-resisted|p1a: Starmie","|-damage|p1a: Starmie|79/261","|","|-heal|p1a: Starmie|95/261|[from] item: Leftovers","|-heal|p2a: Jynx|170/320|[from] item: Leftovers","|turn|23","|","|move|p1a: Starmie|Signal Beam|p2a: Jynx","|-supereffective|p2a: Jynx","|-damage|p2a: Jynx|72/320","|-start|p2a: Jynx|confusion","|-activate|p2a: Jynx|confusion","|move|p2a: Jynx|Ice Beam|p1a: Starmie","|-resisted|p1a: Starmie","|-damage|p1a: Starmie|2/261","|","|-heal|p1a: Starmie|18/261|[from] item: Leftovers","|-heal|p2a: Jynx|92/320|[from] item: Leftovers","|turn|24","|","|move|p1a: Starmie|Signal Beam|p2a: Jynx","|-supereffective|p2a: Jynx","|-damage|p2a: Jynx|0 fnt","|faint|p2a: Jynx","|","|-heal|p1a: Starmie|34/261|[from] item: Leftovers","|","|switch|p2a: Avalugg|Avalugg, F, shiny|394/394","|turn|25","|","|move|p1a: Starmie|Psychic|p2a: Avalugg","|-damage|p2a: Avalugg|171/394","|move|p2a: Avalugg|Earthquake|p1a: Starmie","|-damage|p1a: Starmie|0 fnt","|faint|p1a: Starmie","|","|","|switch|p1a: Keldeo-Resolute|Keldeo-Resolute|263/322","|turn|26","|","|move|p1a: Keldeo-Resolute|Secret Sword|p2a: Avalugg","|-crit|p2a: Avalugg","|-supereffective|p2a: Avalugg","|-damage|p2a: Avalugg|0 fnt","|faint|p2a: Avalugg","|","|win|Kre8noyz"],"p1rating":{"entryid":"6510480","serverid":"eos","formatid":"monotype","userid":"kre8noyz","username":"Kre8noyz","w":41,"l":"54","t":"0","gxe":44.1,"r":"1442.6224721064","rd":"41.854765497273","sigma":"0","rptime":"1439197200","rpr":1455.0469062388,"rprd":41.092890184781,"rpsigma":"0","acre":1140.8502889963,"lacre":1140.8502889963,"oldacre":"1121.3859759551"},"p2rating":{"entryid":"7523691","serverid":"eos","formatid":"monotype","userid":"sovereignzoroark","username":"sovereign♕zoroark","w":"3","l":15,"t":"0","gxe":26.5,"r":"1317.1241090314","rd":"81.121872698644","sigma":"0","rptime":"1439197200","rpr":1303.9240460241,"rprd":73.881329615425,"rpsigma":"0","acre":1030.3324982441,"lacre":1030.3324982441,"oldacre":"1043.1585303289"},"endType":"normal"}