{"seed":[47759,31027,17751,35010],"turns":19,"p1":"Guard Darkrai","p2":"BagelBeagle","p1team":[{"name":"Hitmonlee","species":"Hitmonlee","item":"normalgem","ability":"Unburden","moves":["fakeout","highjumpkick","poisonjab","stoneedge"],"nature":"Adamant","evs":{"hp":0,"atk":252,"def":0,"spa":0,"spd":4,"spe":252},"shiny":true,"ivs":{"hp":31,"atk":31,"def":31,"spa":31,"spd":31,"spe":31}},{"name":"Conkeldurr","species":"Conkeldurr","item":"brightpowder","ability":"Guts","moves":["icepunch","machpunch","drainpunch","bulkup"],"nature":"Adamant","evs":{"hp":248,"atk":252,"def":0,"spa":0,"spd":8,"spe":0},"shiny":true,"ivs":{"hp":31,"atk":31,"def":31,"spa":31,"spd":31,"spe":31}},{"name":"Gallade","species":"Gallade","item":"galladite","ability":"Justified","moves":["swordsdance","shadowsneak","drainpunch","psychocut"],"nature":"Adamant","evs":{"hp":248,"atk":252,"def":0,"spa":0,"spd":8,"spe":0},"shiny":true,"ivs":{"hp":31,"atk":31,"def":31,"spa":31,"spd":31,"spe":31}},{"name":"Breloom","species":"Breloom","item":"focussash","ability":"Technician","moves":["spore","machpunch","rocktomb","bulletseed"],"nature":"Jolly","evs":{"hp":0,"atk":252,"def":0,"spa":0,"spd":4,"spe":252},"shiny":true,"ivs":{"hp":31,"atk":31,"def":31,"spa":31,"spd":31,"spe":31}},{"name":"Terrakion","species":"Terrakion","item":"choicescarf","ability":"Justified","moves":["stoneedge","closecombat","ironhead","earthquake"],"nature":"Jolly","evs":{"hp":0,"atk":252,"def":0,"spa":0,"spd":4,"spe":252},"shiny":true,"ivs":{"hp":31,"atk":31,"def":31,"spa":31,"spd":31,"spe":31}},{"name":"Hawlucha","species":"Hawlucha","item":"powerherb","ability":"Unburden","moves":["skyattack","acrobatics","highjumpkick","swordsdance"],"nature":"Adamant","evs":{"hp":0,"atk":252,"def":0,"spa":0,"spd":4,"spe":252},"shiny":true,"ivs":{"hp":31,"atk":31,"def":31,"spa":31,"spd":31,"spe":31}}],"p2team":[{"name":"Omastar","species":"Omastar","item":"focussash","ability":"Swift Swim","moves":["ancientpower","icebeam","surf","shellsmash"],"nature":"Modest","evs":{"hp":0,"atk":0,"def":0,"spa":252,"spd":4,"spe":252},"ivs":{"hp":31,"atk":31,"def":31,"spa":31,"spd":31,"spe":31}},{"name":"DrySkin✬Dan","species":"rhyperior","item":"weaknesspolicy","ability":"Solid Rock","moves":["earthquake","megahorn","rockslide","outrage"],"nature":"Adamant","evs":{"hp":248,"atk":252,"def":0,"spa":0,"spd":8,"spe":0},"gender":"M","shiny":true,"ivs":{"hp":31,"atk":31,"def":31,"spa":31,"spd":31,"spe":31}},{"name":"Boo-Berry Huckle","species":"shuckle","item":"leftovers","ability":"Sturdy","moves":["encore","stickyweb","toxic","infestation"],"nature":"Careful","evs":{"hp":252,"atk":4,"def":0,"spa":0,"spd":252,"spe":0},"gender":"M","shiny":true,"ivs":{"hp":31,"atk":31,"def":31,"spa":31,"spd":31,"spe":31}},{"name":"Bubblegumsaurus","species":"aerodactyl","item":"aerodactylite","ability":"Rock Head","moves":["aerialace","firefang","earthquake","stoneedge"],"nature":"Jolly","evs":{"hp":0,"atk":252,"def":0,"spa":0,"spd":4,"spe":252},"shiny":true,"ivs":{"hp":31,"atk":31,"def":31,"spa":31,"spd":31,"spe":31}},{"name":"Classic Toast","species":"tyranitar","item":"leftovers","ability":"Sand Stream","moves":["crunch","rockslide","thunderwave","stealthrock"],"nature":"Adamant","evs":{"hp":252,"atk":252,"def":0,"spa":0,"spd":4,"spe":0},"gender":"M","shiny":true,"ivs":{"hp":31,"atk":31,"def":31,"spa":31,"spd":31,"spe":31}},{"name":"MySpace.com","species":"cradily","item":"leftovers","ability":"Storm Drain","moves":["energyball","earthpower","recover","toxic"],"nature":"Calm","evs":{"hp":252,"atk":0,"def":0,"spa":4,"spd":252,"spe":0},"gender":"M","shiny":true,"ivs":{"hp":31,"atk":31,"def":31,"spa":31,"spd":31,"spe":31}}],"log":["|player|p1|Guard Darkrai|guarddarkrai.png","|player|p2|BagelBeagle|107","|gametype|singles","|gen|6","|tier|Monotype","|rated","|rule|Baton Pass Clause: Limit one Baton Passer, can't pass Spe and other stats simultaneously","|rule|Swagger Clause: Swagger is banned","|rule|Same Type Clause: Pokémon in a team must share a type","|clearpoke","|poke|p1|Hitmonlee, M, shiny","|poke|p1|Conkeldurr, F, shiny","|poke|p1|Gallade, M, shiny","|poke|p1|Breloom, F, shiny","|poke|p1|Terrakion, shiny","|poke|p1|Hawlucha, F, shiny","|poke|p2|Omastar, F","|poke|p2|Rhyperior, M, shiny","|poke|p2|Shuckle, M, shiny","|poke|p2|Aerodactyl, F, shiny","|poke|p2|Tyranitar, M, shiny","|poke|p2|Cradily, M, shiny","|rule|Sleep Clause Mod: Limit one foe put to sleep","|rule|Species Clause: Limit one of each Pokémon","|rule|OHKO Clause: OHKO moves are banned","|rule|Moody Clause: Moody is banned","|rule|Evasion Moves Clause: Evasion moves are banned","|rule|Endless Battle Clause: Forcing endless battles is banned","|rule|HP Percentage Mod: HP is shown in percentages","|teampreview","|","|start","|switch|p1a: Hawlucha|Hawlucha, F, shiny|297/297","|switch|p2a: MySpace.com|Cradily, M, shiny|376/376","|turn|1","|","|move|p1a: Hawlucha|Sky Attack|p2a: MySpace.com|[still]","|-prepare|p1a: Hawlucha|Sky Attack|p2a: MySpace.com","|-enditem|p1a: Hawlucha|Power Herb","|-anim|p1a: Hawlucha|Sky Attack|p2a: MySpace.com","|-damage|p2a: MySpace.com|141/376","|move|p2a: MySpace.com|Toxic|p1a: Hawlucha","|-status|p1a: Hawlucha|tox","|","|-heal|p2a: MySpace.com|164/376|[from] item: Leftovers","|-damage|p1a: Hawlucha|279/297 tox|[from] psn","|turn|2","|","|switch|p2a: Boo-Berry Huckle|Shuckle, M, shiny|244/244","|move|p1a: Hawlucha|Acrobatics|p2a: Boo-Berry Huckle","|-damage|p2a: Boo-Berry Huckle|160/244","|","|-heal|p2a: Boo-Berry Huckle|175/244|[from] item: Leftovers","|-damage|p1a: Hawlucha|243/297 tox|[from] psn","|turn|3","|","|move|p1a: Hawlucha|Swords Dance|p1a: Hawlucha","|-boost|p1a: Hawlucha|atk|2","|move|p2a: Boo-Berry Huckle|Sticky Web|p1a: Hawlucha","|-sidestart|p1: Guard Darkrai|move: Sticky Web","|","|-heal|p2a: Boo-Berry Huckle|190/244|[from] item: Leftovers","|-damage|p1a: Hawlucha|189/297 tox|[from] psn","|turn|4","|","|move|p1a: Hawlucha|High Jump Kick|p2a: Boo-Berry Huckle","|-damage|p2a: Boo-Berry Huckle|10/244","|move|p2a: Boo-Berry Huckle|Encore|p1a: Hawlucha","|-start|p1a: Hawlucha|Encore","|","|-heal|p2a: Boo-Berry Huckle|25/244|[from] item: Leftovers","|-damage|p1a: Hawlucha|117/297 tox|[from] psn","|turn|5","|","|move|p1a: Hawlucha|High Jump Kick|p2a: Boo-Berry Huckle","|-damage|p2a: Boo-Berry Huckle|0 fnt","|faint|p2a: Boo-Berry Huckle","|","|-damage|p1a: Hawlucha|27/297 tox|[from] psn","|","|switch|p2a: Omastar|Omastar, F|281/281","|turn|6","|","|switch|p2a: MySpace.com|Cradily, M, shiny|164/376","|move|p1a: Hawlucha|High Jump Kick|p2a: MySpace.com|[miss]","|-miss|p1a: Hawlucha|p2a: MySpace.com","|-damage|p1a: Hawlucha|0 fnt|[from] highjumpkick","|faint|p1a: Hawlucha","|","|-heal|p2a: MySpace.com|187/376|[from] item: Leftovers","|","|switch|p1a: Hitmonlee|Hitmonlee, M, shiny|241/241","|-activate|p1a: Hitmonlee|move: Sticky Web","|-unboost|p1a: Hitmonlee|spe|1","|turn|7","|","|switch|p2a: Classic Toast|Tyranitar, M, shiny|404/404","|-weather|Sandstorm","|move|p1a: Hitmonlee|Fake Out|p2a: Classic Toast","|-enditem|p1a: Hitmonlee|Normal Gem|[from] gem|[move] Fake Out","|-resisted|p2a: Classic Toast","|-damage|p2a: Classic Toast|377/404","|","|-weather|Sandstorm|[upkeep]","|-damage|p1a: Hitmonlee|226/241|[from] sandstorm","|-heal|p2a: Classic Toast|402/404|[from] item: Leftovers","|turn|8","|","|move|p1a: Hitmonlee|High Jump Kick|p2a: Classic Toast|[miss]","|-miss|p1a: Hitmonlee|p2a: Classic Toast","|-damage|p1a: Hitmonlee|106/241|[from] highjumpkick","|move|p2a: Classic Toast|Thunder Wave|p1a: Hitmonlee","|-status|p1a: Hitmonlee|par","|","|-weather|Sandstorm|[upkeep]","|-damage|p1a: Hitmonlee|91/241 par|[from] sandstorm","|-heal|p2a: Classic Toast|404/404|[from] item: Leftovers","|turn|9","|","|switch|p2a: DrySkin✬Dan|Rhyperior, M, shiny|433/433","|move|p1a: Hitmonlee|High Jump Kick|p2a: DrySkin✬Dan","|-supereffective|p2a: DrySkin✬Dan","|-damage|p2a: DrySkin✬Dan|136/433","|-enditem|p2a: DrySkin✬Dan|Weakness Policy","|-boost|p2a: DrySkin✬Dan|atk|2|[from] item: Weakness Policy","|-boost|p2a: DrySkin✬Dan|spa|2|[from] item: Weakness Policy","|","|-weather|Sandstorm|[upkeep]","|-damage|p1a: Hitmonlee|76/241 par|[from] sandstorm","|turn|10","|","|move|p2a: DrySkin✬Dan|Outrage|p1a: Hitmonlee","|-damage|p1a: Hitmonlee|0 fnt","|faint|p1a: Hitmonlee","|","|-weather|Sandstorm|[upkeep]","|","|switch|p1a: Breloom|Breloom, F, shiny|261/261","|-activate|p1a: Breloom|move: Sticky Web","|-unboost|p1a: Breloom|spe|1","|turn|11","|","|move|p1a: Breloom|Mach Punch|p2a: DrySkin✬Dan","|-supereffective|p2a: DrySkin✬Dan","|-damage|p2a: DrySkin✬Dan|9/433","|move|p2a: DrySkin✬Dan|Outrage|p1a: Breloom|[from]lockedmove","|-crit|p1a: Breloom","|-enditem|p1a: Breloom|Focus Sash","|-damage|p1a: Breloom|1/261","|-start|p2a: DrySkin✬Dan|confusion|[fatigue]","|","|-weather|none","|turn|12","|","|move|p1a: Breloom|Mach Punch|p2a: DrySkin✬Dan","|-supereffective|p2a: DrySkin✬Dan","|-damage|p2a: DrySkin✬Dan|0 fnt","|faint|p2a: DrySkin✬Dan","|","|","|switch|p2a: Bubblegumsaurus|Aerodactyl, F, shiny|301/301","|turn|13","|","|detailschange|p2a: Bubblegumsaurus|Aerodactyl-Mega, F, shiny","|-mega|p2a: Bubblegumsaurus|Aerodactyl|Aerodactylite","|move|p1a: Breloom|Mach Punch|p2a: Bubblegumsaurus","|-damage|p2a: Bubblegumsaurus|178/301","|move|p2a: Bubblegumsaurus|Fire Fang|p1a: Breloom","|-supereffective|p1a: Breloom","|-damage|p1a: Breloom|0 fnt","|faint|p1a: Breloom","|","|","|switch|p1a: Conkeldurr|Conkeldurr, F, shiny|413/413","|-activate|p1a: Conkeldurr|move: Sticky Web","|-unboost|p1a: Conkeldurr|spe|1","|turn|14","|","|move|p2a: Bubblegumsaurus|Aerial Ace|p1a: Conkeldurr","|-supereffective|p1a: Conkeldurr","|-damage|p1a: Conkeldurr|129/413","|move|p1a: Conkeldurr|Ice Punch|p2a: Bubblegumsaurus","|-supereffective|p2a: Bubblegumsaurus","|-damage|p2a: Bubblegumsaurus|0 fnt","|faint|p2a: Bubblegumsaurus","|","|","|switch|p2a: Omastar|Omastar, F|281/281","|turn|15","|","|move|p2a: Omastar|Surf|p1a: Conkeldurr","|-damage|p1a: Conkeldurr|0 fnt","|faint|p1a: Conkeldurr","|","|","|switch|p1a: Gallade|Gallade, M, shiny|339/339","|-activate|p1a: Gallade|move: Sticky Web","|-unboost|p1a: Gallade|spe|1","|turn|16","|","|detailschange|p1a: Gallade|Gallade-Mega, M, shiny","|-mega|p1a: Gallade|Gallade|Galladite","|move|p2a: Omastar|Surf|p1a: Gallade","|-damage|p1a: Gallade|189/339","|move|p1a: Gallade|Drain Punch|p2a: Omastar","|-supereffective|p2a: Omastar","|-damage|p2a: Omastar|9/281","|-heal|p1a: Gallade|325/339|[from] drain|[of] p2a: Omastar","|","|turn|17","|","|move|p1a: Gallade|Shadow Sneak|p2a: Omastar","|-damage|p2a: Omastar|0 fnt","|faint|p2a: Omastar","|","|","|switch|p2a: Classic Toast|Tyranitar, M, shiny|404/404","|-weather|Sandstorm","|turn|18","|","|move|p1a: Gallade|Drain Punch|p2a: Classic Toast","|-supereffective|p2a: Classic Toast","|-damage|p2a: Classic Toast|0 fnt","|-heal|p1a: Gallade|339/339|[from] drain|[of] p2a: Classic Toast","|faint|p2a: Classic Toast","|","|-weather|Sandstorm|[upkeep]","|-damage|p1a: Gallade|318/339|[from] sandstorm","|","|switch|p2a: MySpace.com|Cradily, M, shiny|187/376","|turn|19","|","|move|p1a: Gallade|Drain Punch|p2a: MySpace.com","|-supereffective|p2a: MySpace.com","|-damage|p2a: MySpace.com|0 fnt","|-heal|p1a: Gallade|339/339|[from] drain|[of] p2a: MySpace.com","|faint|p2a: MySpace.com","|","|win|Guard Darkrai"],"p1rating":{"entryid":"6034648","serverid":"eos","formatid":"monotype","userid":"guarddarkrai","username":"Guard Darkrai","w":75,"l":"85","t":"0","gxe":47.5,"r":"1460.3782538835","rd":"33.881477505285","sigma":"0","rptime":"1439197200","rpr":1480.8938973568,"rprd":32.944123074117,"rpsigma":"0","acre":1217.4130509521,"lacre":1217.4130509521,"oldacre":"1202.3961902993"},"p2rating":{"entryid":"7518165","serverid":"eos","formatid":"monotype","userid":"bagelbeagle","username":"BagelBeagle","w":"10","l":18,"t":"0","gxe":38.5,"r":"1433.1656889509","rd":"69.791266122081","sigma":"0","rptime":"1439197200","rpr":1410.8689763552,"rprd":62.225513304497,"rpsigma":"0","acre":1044.4783908747,"lacre":1044.4783908747,"oldacre":"1055.4843386251"},"endType":"normal"}