{"seed":[32963,60666,17568,41651],"turns":40,"p1":"GTX♅Bzumzum","p2":"Silver-MNP","p1team":[{"name":"Elec","species":"manectric","item":"manectite","ability":"Lightning Rod","moves":["thunderbolt","hiddenpowergrass","voltswitch","overheat"],"nature":"Timid","evs":{"hp":0,"atk":0,"def":0,"spa":252,"spd":4,"spe":252},"gender":"M","ivs":{"hp":31,"atk":30,"def":31,"spa":30,"spd":31,"spe":31}},{"name":"Water-Safe","species":"rotomwash","item":"chestoberry","ability":"Levitate","moves":["hydropump","hex","willowisp","rest"],"nature":"Calm","evs":{"hp":248,"atk":0,"def":0,"spa":8,"spd":252,"spe":0},"shiny":true,"ivs":{"hp":31,"atk":31,"def":31,"spa":31,"spd":31,"spe":31}},{"name":"MY ZONE!!!","species":"magnezone","item":"choicespecs","ability":"Sturdy","moves":["hiddenpowerice","flashcannon","triattack","signalbeam"],"nature":"Modest","evs":{"hp":248,"atk":0,"def":0,"spa":252,"spd":8,"spe":0},"ivs":{"hp":31,"atk":30,"def":30,"spa":31,"spd":31,"spe":31},"shiny":true},{"name":"Lightning","species":"raichu","item":"safetygoggles","ability":"Static","moves":["grassknot","voltswitch","surf","focusblast"],"nature":"Timid","evs":{"hp":4,"atk":0,"def":0,"spa":252,"spd":0,"spe":252},"gender":"M","shiny":true,"ivs":{"hp":31,"atk":31,"def":31,"spa":31,"spd":31,"spe":31}},{"name":"Zapz","species":"zapdos","item":"leftovers","ability":"Pressure","moves":["heatwave","roost","extrasensory","defog"],"nature":"Modest","evs":{"hp":252,"atk":0,"def":0,"spa":252,"spd":4,"spe":0},"shiny":true,"ivs":{"hp":31,"atk":31,"def":31,"spa":31,"spd":31,"spe":31}},{"name":"Plugg-in Failure","species":"electivire","item":"choicescarf","ability":"Vital Spirit","moves":["crosschop","earthquake","icepunch","rockslide"],"nature":"Adamant","evs":{"hp":0,"atk":252,"def":0,"spa":0,"spd":4,"spe":252},"gender":"M","shiny":true,"ivs":{"hp":31,"atk":31,"def":31,"spa":31,"spd":31,"spe":31}}],"p2team":[{"name":"Night","species":"umbreon","item":"leftovers","ability":"Synchronize","moves":["foulplay","toxic","confuseray","moonlight"],"nature":"Calm","evs":{"hp":252,"atk":0,"def":4,"spa":0,"spd":252,"spe":0},"gender":"M","shiny":true,"ivs":{"hp":31,"atk":31,"def":31,"spa":31,"spd":31,"spe":31}},{"name":"Rose","species":"hydreigon","item":"focussash","ability":"Levitate","moves":["darkpulse","fireblast","dracometeor","thunderfang"],"nature":"Hasty","evs":{"hp":0,"atk":4,"def":0,"spa":252,"spd":0,"spe":252},"gender":"F","ivs":{"hp":31,"atk":31,"def":31,"spa":31,"spd":31,"spe":31}},{"name":"Seth","species":"weavile","item":"expertbelt","ability":"Pressure","moves":["nightslash","iceshard","icepunch","darkpulse"],"nature":"Hasty","evs":{"hp":0,"atk":4,"def":0,"spa":4,"spd":0,"spe":252},"gender":"M","ivs":{"hp":31,"atk":31,"def":31,"spa":31,"spd":31,"spe":31}},{"name":"Demon","species":"houndoom","item":"houndoominite","ability":"Unnerve","moves":["flamethrower","fireblast","darkpulse","crunch"],"nature":"Hasty","evs":{"hp":0,"atk":4,"def":0,"spa":252,"spd":0,"spe":252},"gender":"M","ivs":{"hp":31,"atk":31,"def":31,"spa":31,"spd":31,"spe":31}},{"name":"Sonya","species":"tyranitar","item":"smoothrock","ability":"Sand Stream","moves":["stealthrock","crunch","icebeam","stoneedge"],"nature":"Naughty","evs":{"hp":248,"atk":252,"def":0,"spa":8,"spd":0,"spe":0},"gender":"F","shiny":true,"ivs":{"hp":31,"atk":31,"def":31,"spa":31,"spd":31,"spe":31}},{"name":"Wednesday","species":"honchkrow","item":"quickclaw","ability":"Super Luck","moves":["suckerpunch","roost","bravebird","superpower"],"nature":"Adamant","evs":{"hp":248,"atk":252,"def":0,"spa":0,"spd":8,"spe":0},"gender":"F","shiny":true,"ivs":{"hp":31,"atk":31,"def":31,"spa":31,"spd":31,"spe":31}}],"log":["|player|p1|GTX♅Bzumzum|225","|player|p2|Silver-MNP|289","|gametype|singles","|gen|6","|tier|Monotype","|rated","|rule|Baton Pass Clause: Limit one Baton Passer, can't pass Spe and other stats simultaneously","|rule|Swagger Clause: Swagger is banned","|rule|Same Type Clause: Pokémon in a team must share a type","|clearpoke","|poke|p1|Manectric, M","|poke|p1|Rotom-Wash, shiny","|poke|p1|Magnezone, shiny","|poke|p1|Raichu, M, shiny","|poke|p1|Zapdos, shiny","|poke|p1|Electivire, M, shiny","|poke|p2|Umbreon, M, shiny","|poke|p2|Hydreigon, F","|poke|p2|Weavile, M","|poke|p2|Houndoom, M","|poke|p2|Tyranitar, F, shiny","|poke|p2|Honchkrow, F, shiny","|rule|Sleep Clause Mod: Limit one foe put to sleep","|rule|Species Clause: Limit one of each Pokémon","|rule|OHKO Clause: OHKO moves are banned","|rule|Moody Clause: Moody is banned","|rule|Evasion Moves Clause: Evasion moves are banned","|rule|Endless Battle Clause: Forcing endless battles is banned","|rule|HP Percentage Mod: HP is shown in percentages","|teampreview","|","|start","|switch|p1a: MY ZONE!!!|Magnezone, shiny|343/343","|switch|p2a: Sonya|Tyranitar, F, shiny|403/403","|-weather|Sandstorm","|turn|1","|","|move|p2a: Sonya|Stealth Rock|p1a: MY ZONE!!!","|-sidestart|p1: GTX♅Bzumzum|move: Stealth Rock","|move|p1a: MY ZONE!!!|Signal Beam|p2a: Sonya","|-supereffective|p2a: Sonya","|-damage|p2a: Sonya|175/403","|","|-weather|Sandstorm|[upkeep]","|turn|2","|","|switch|p1a: Zapz|Zapdos, shiny|384/384","|-damage|p1a: Zapz|288/384|[from] Stealth Rock","|-ability|p1a: Zapz|Pressure","|move|p2a: Sonya|Stone Edge|p1a: Zapz|[miss]","|-miss|p2a: Sonya|p1a: Zapz","|","|-weather|Sandstorm|[upkeep]","|-damage|p1a: Zapz|264/384|[from] sandstorm","|-heal|p1a: Zapz|288/384|[from] item: Leftovers","|turn|3","|","|move|p1a: Zapz|Roost|p1a: Zapz","|-heal|p1a: Zapz|384/384","|move|p2a: Sonya|Stone Edge|p1a: Zapz","|-damage|p1a: Zapz|173/384","|","|-weather|Sandstorm|[upkeep]","|-damage|p1a: Zapz|149/384|[from] sandstorm","|-heal|p1a: Zapz|173/384|[from] item: Leftovers","|turn|4","|","|move|p1a: Zapz|Defog|p2a: Sonya","|-unboost|p2a: Sonya|evasion|1","|-sideend|p1: GTX♅Bzumzum|Stealth Rock|[from] move: Defog|[of] p1a: Zapz","|move|p2a: Sonya|Stone Edge|p1a: Zapz|[miss]","|-miss|p2a: Sonya|p1a: Zapz","|","|-weather|Sandstorm|[upkeep]","|-damage|p1a: Zapz|149/384|[from] sandstorm","|-heal|p1a: Zapz|173/384|[from] item: Leftovers","|turn|5","|","|move|p1a: Zapz|Roost|p1a: Zapz","|-heal|p1a: Zapz|365/384","|move|p2a: Sonya|Stone Edge|p1a: Zapz|[miss]","|-miss|p2a: Sonya|p1a: Zapz","|","|-weather|Sandstorm|[upkeep]","|-damage|p1a: Zapz|341/384|[from] sandstorm","|-heal|p1a: Zapz|365/384|[from] item: Leftovers","|turn|6","|","|move|p1a: Zapz|Heat Wave|p2a: Sonya","|-resisted|p2a: Sonya","|-damage|p2a: Sonya|132/403","|move|p2a: Sonya|Crunch|p1a: Zapz","|-damage|p1a: Zapz|188/384","|","|-weather|Sandstorm|[upkeep]","|-damage|p1a: Zapz|164/384|[from] sandstorm","|-heal|p1a: Zapz|188/384|[from] item: Leftovers","|turn|7","|","|move|p1a: Zapz|Roost|p1a: Zapz","|-heal|p1a: Zapz|380/384","|move|p2a: Sonya|Crunch|p1a: Zapz","|-damage|p1a: Zapz|209/384","|","|-weather|Sandstorm|[upkeep]","|-damage|p1a: Zapz|185/384|[from] sandstorm","|-heal|p1a: Zapz|209/384|[from] item: Leftovers","|turn|8","|","|move|p1a: Zapz|Heat Wave|p2a: Sonya","|-resisted|p2a: Sonya","|-damage|p2a: Sonya|88/403","|move|p2a: Sonya|Ice Beam|p1a: Zapz","|-supereffective|p1a: Zapz","|-damage|p1a: Zapz|57/384","|","|-weather|none","|-heal|p1a: Zapz|81/384|[from] item: Leftovers","|turn|9","|","|move|p1a: Zapz|Roost|p1a: Zapz","|-heal|p1a: Zapz|273/384","|move|p2a: Sonya|Ice Beam|p1a: Zapz","|-crit|p1a: Zapz","|-damage|p1a: Zapz|155/384","|","|-heal|p1a: Zapz|179/384|[from] item: Leftovers","|turn|10","|","|move|p1a: Zapz|Heat Wave|p2a: Sonya","|-resisted|p2a: Sonya","|-damage|p2a: Sonya|26/403","|move|p2a: Sonya|Ice Beam|p1a: Zapz","|-supereffective|p1a: Zapz","|-damage|p1a: Zapz|25/384","|","|-heal|p1a: Zapz|49/384|[from] item: Leftovers","|turn|11","|","|move|p1a: Zapz|Roost|p1a: Zapz","|-heal|p1a: Zapz|241/384","|move|p2a: Sonya|Crunch|p1a: Zapz","|-damage|p1a: Zapz|72/384","|-unboost|p1a: Zapz|def|1","|","|-heal|p1a: Zapz|96/384|[from] item: Leftovers","|turn|12","|","|move|p1a: Zapz|Heat Wave|p2a: Sonya","|-resisted|p2a: Sonya","|-damage|p2a: Sonya|0 fnt","|faint|p2a: Sonya","|","|-heal|p1a: Zapz|120/384|[from] item: Leftovers","|","|switch|p2a: Rose|Hydreigon, F|325/325","|turn|13","|","|move|p2a: Rose|Dark Pulse|p1a: Zapz","|-damage|p1a: Zapz|0 fnt","|faint|p1a: Zapz","|","|","|switch|p1a: Plugg-in Failure|Electivire, M, shiny|291/291","|turn|14","|","|move|p1a: Plugg-in Failure|Ice Punch|p2a: Rose","|-supereffective|p2a: Rose","|-damage|p2a: Rose|75/325","|move|p2a: Rose|Fire Blast|p1a: Plugg-in Failure","|-damage|p1a: Plugg-in Failure|141/291","|","|turn|15","|","|switch|p2a: Seth|Weavile, M|281/281","|-ability|p2a: Seth|Pressure","|move|p1a: Plugg-in Failure|Ice Punch|p2a: Seth","|-resisted|p2a: Seth","|-damage|p2a: Seth|202/281","|","|turn|16","|","|switch|p1a: Water-Safe|Rotom-Wash, shiny|303/303","|move|p2a: Seth|Ice Shard|p1a: Water-Safe","|-resisted|p1a: Water-Safe","|-damage|p1a: Water-Safe|279/303","|","|turn|17","|","|switch|p2a: Rose|Hydreigon, F|75/325","|move|p1a: Water-Safe|Will-O-Wisp|p2a: Rose","|-status|p2a: Rose|brn","|","|-damage|p2a: Rose|35/325 brn|[from] brn","|turn|18","|","|move|p2a: Rose|Draco Meteor|p1a: Water-Safe","|-damage|p1a: Water-Safe|125/303","|-unboost|p2a: Rose|spa|2","|move|p1a: Water-Safe|Hex|p2a: Rose","|-resisted|p2a: Rose","|-damage|p2a: Rose|0 fnt","|faint|p2a: Rose","|","|","|switch|p2a: Wednesday|Honchkrow, F, shiny|403/403","|turn|19","|","|move|p1a: Water-Safe|Will-O-Wisp|p2a: Wednesday","|-status|p2a: Wednesday|brn","|move|p2a: Wednesday|Superpower|p1a: Water-Safe","|-damage|p1a: Water-Safe|57/303","|-unboost|p2a: Wednesday|atk|1","|-unboost|p2a: Wednesday|def|1","|","|-damage|p2a: Wednesday|353/403 brn|[from] brn","|turn|20","|","|move|p2a: Wednesday|Sucker Punch|p1a: Water-Safe","|-fail|p2a: Wednesday","|move|p1a: Water-Safe|Rest|p1a: Water-Safe","|-status|p1a: Water-Safe|slp","|-heal|p1a: Water-Safe|303/303 slp|[silent]","|-status|p1a: Water-Safe|slp|[from] move: Rest","|-enditem|p1a: Water-Safe|Chesto Berry|[eat]","|-curestatus|p1a: Water-Safe|slp","|","|-damage|p2a: Wednesday|303/403 brn|[from] brn","|turn|21","|","|move|p1a: Water-Safe|Hydro Pump|p2a: Wednesday|[miss]","|-miss|p1a: Water-Safe|p2a: Wednesday","|move|p2a: Wednesday|Superpower|p1a: Water-Safe","|-damage|p1a: Water-Safe|255/303","|-unboost|p2a: Wednesday|atk|1","|-unboost|p2a: Wednesday|def|1","|","|-damage|p2a: Wednesday|253/403 brn|[from] brn","|turn|22","|","|move|p1a: Water-Safe|Hydro Pump|p2a: Wednesday","|-damage|p2a: Wednesday|9/403 brn","|move|p2a: Wednesday|Brave Bird|p1a: Water-Safe","|-resisted|p1a: Water-Safe","|-damage|p1a: Water-Safe|226/303","|-damage|p2a: Wednesday|0 fnt|[from] recoil|[of] p1a: Water-Safe","|faint|p2a: Wednesday","|","|","|switch|p2a: Night|Umbreon, M, shiny|394/394","|turn|23","|","|move|p1a: Water-Safe|Hydro Pump|p2a: Night","|-damage|p2a: Night|318/394","|move|p2a: Night|Toxic|p1a: Water-Safe","|-status|p1a: Water-Safe|tox","|","|-heal|p2a: Night|342/394|[from] item: Leftovers","|-damage|p1a: Water-Safe|208/303 tox|[from] psn","|turn|24","|","|move|p1a: Water-Safe|Will-O-Wisp|p2a: Night","|-status|p2a: Night|brn","|move|p2a: Night|Confuse Ray|p1a: Water-Safe","|-start|p1a: Water-Safe|confusion","|","|-heal|p2a: Night|366/394 brn|[from] item: Leftovers","|-damage|p1a: Water-Safe|172/303 tox|[from] psn","|-damage|p2a: Night|317/394 brn|[from] brn","|turn|25","|","|-activate|p1a: Water-Safe|confusion","|move|p1a: Water-Safe|Hex|p2a: Night","|-resisted|p2a: Night","|-damage|p2a: Night|287/394 brn","|move|p2a: Night|Foul Play|p1a: Water-Safe","|-crit|p1a: Water-Safe","|-damage|p1a: Water-Safe|120/303 tox","|","|-heal|p2a: Night|311/394 brn|[from] item: Leftovers","|-damage|p1a: Water-Safe|66/303 tox|[from] psn","|-damage|p2a: Night|262/394 brn|[from] brn","|turn|26","|","|-activate|p1a: Water-Safe|confusion","|move|p1a: Water-Safe|Rest|p1a: Water-Safe","|-status|p1a: Water-Safe|slp","|-heal|p1a: Water-Safe|303/303 slp|[silent]","|-status|p1a: Water-Safe|slp|[from] move: Rest","|move|p2a: Night|Moonlight|p2a: Night","|-heal|p2a: Night|394/394 brn","|","|-damage|p2a: Night|345/394 brn|[from] brn","|turn|27","|","|cant|p1a: Water-Safe|slp","|move|p2a: Night|Foul Play|p1a: Water-Safe","|-damage|p1a: Water-Safe|271/303 slp","|","|-heal|p2a: Night|369/394 brn|[from] item: Leftovers","|-damage|p2a: Night|320/394 brn|[from] brn","|turn|28","|","|cant|p1a: Water-Safe|slp","|move|p2a: Night|Foul Play|p1a: Water-Safe","|-damage|p1a: Water-Safe|237/303 slp","|","|-heal|p2a: Night|344/394 brn|[from] item: Leftovers","|-damage|p2a: Night|295/394 brn|[from] brn","|turn|29","|","|switch|p2a: Seth|Weavile, M|202/281","|-ability|p2a: Seth|Pressure","|-curestatus|p1a: Water-Safe|slp","|-activate|p1a: Water-Safe|confusion","|move|p1a: Water-Safe|Hydro Pump|p2a: Seth","|-damage|p2a: Seth|33/281","|","|turn|30","|","|move|p2a: Seth|Ice Shard|p1a: Water-Safe","|-resisted|p1a: Water-Safe","|-damage|p1a: Water-Safe|210/303","|-activate|p1a: Water-Safe|confusion","|move|p1a: Water-Safe|Hex|p2a: Seth","|-resisted|p2a: Seth","|-damage|p2a: Seth|1/281","|","|turn|31","|","|move|p2a: Seth|Dark Pulse|p1a: Water-Safe","|-damage|p1a: Water-Safe|174/303","|-end|p1a: Water-Safe|confusion","|move|p1a: Water-Safe|Hex|p2a: Seth","|-resisted|p2a: Seth","|-damage|p2a: Seth|0 fnt","|faint|p2a: Seth","|","|","|switch|p2a: Night|Umbreon, M, shiny|295/394 brn","|turn|32","|","|move|p1a: Water-Safe|Hydro Pump|p2a: Night","|-damage|p2a: Night|208/394 brn","|move|p2a: Night|Confuse Ray|p1a: Water-Safe","|-start|p1a: Water-Safe|confusion","|","|-heal|p2a: Night|232/394 brn|[from] item: Leftovers","|-damage|p2a: Night|183/394 brn|[from] brn","|turn|33","|","|switch|p1a: MY ZONE!!!|Magnezone, shiny|343/343","|move|p2a: Night|Moonlight|p2a: Night","|-heal|p2a: Night|380/394 brn","|","|-heal|p2a: Night|394/394 brn|[from] item: Leftovers","|-damage|p2a: Night|345/394 brn|[from] brn","|turn|34","|","|move|p2a: Night|Toxic|p1a: MY ZONE!!!","|-immune|p1a: MY ZONE!!!|[msg]","|move|p1a: MY ZONE!!!|Signal Beam|p2a: Night","|-supereffective|p2a: Night","|-damage|p2a: Night|179/394 brn","|","|-heal|p2a: Night|203/394 brn|[from] item: Leftovers","|-damage|p2a: Night|154/394 brn|[from] brn","|turn|35","|","|move|p2a: Night|Moonlight|p2a: Night","|-heal|p2a: Night|351/394 brn","|move|p1a: MY ZONE!!!|Signal Beam|p2a: Night","|-supereffective|p2a: Night","|-damage|p2a: Night|159/394 brn","|","|-heal|p2a: Night|183/394 brn|[from] item: Leftovers","|-damage|p2a: Night|134/394 brn|[from] brn","|turn|36","|","|move|p2a: Night|Confuse Ray|p1a: MY ZONE!!!","|-start|p1a: MY ZONE!!!|confusion","|-activate|p1a: MY ZONE!!!|confusion","|move|p1a: MY ZONE!!!|Signal Beam|p2a: Night","|-supereffective|p2a: Night","|-damage|p2a: Night|0 fnt","|faint|p2a: Night","|","|","|switch|p2a: Demon|Houndoom, M|291/291","|-ability|p2a: Demon|Unnerve|p1: GTX♅Bzumzum","|turn|37","|","|switch|p1a: Water-Safe|Rotom-Wash, shiny|174/303","|move|p2a: Demon|Fire Blast|p1a: Water-Safe","|-resisted|p1a: Water-Safe","|-damage|p1a: Water-Safe|109/303","|","|turn|38","|","|detailschange|p2a: Demon|Houndoom-Mega, M","|-mega|p2a: Demon|Houndoom|Houndoominite","|move|p2a: Demon|Crunch|p1a: Water-Safe","|-damage|p1a: Water-Safe|25/303","|move|p1a: Water-Safe|Hydro Pump|p2a: Demon","|-supereffective|p2a: Demon","|-damage|p2a: Demon|1/291","|","|turn|39","|","|move|p2a: Demon|Crunch|p1a: Water-Safe","|-damage|p1a: Water-Safe|0 fnt","|faint|p1a: Water-Safe","|","|","|switch|p1a: Lightning|Raichu, M, shiny|262/262","|turn|40","|","|move|p2a: Demon|Flamethrower|p1a: Lightning","|-damage|p1a: Lightning|52/262","|move|p1a: Lightning|Grass Knot|p2a: Demon","|-resisted|p2a: Demon","|-damage|p2a: Demon|0 fnt","|faint|p2a: Demon","|","|win|GTX♅Bzumzum"],"p1rating":{"entryid":"6857825","serverid":"eos","formatid":"monotype","userid":"gtxbzumzum","username":"GTX♅Bzumzum","w":29,"l":"106","t":"0","gxe":22.4,"r":"1258.1816725107","rd":"35.793534537741","sigma":"0","rptime":"1439197200","rpr":1264.9038413906,"rprd":34.839146995349,"rpsigma":"0","acre":1087.8067603255,"lacre":1087.8067603255,"oldacre":"1061.296449645"},"p2rating":{"entryid":"7303911","serverid":"eos","formatid":"monotype","userid":"silvermnp","username":"Silver-MNP","w":"1","l":5,"t":"0","gxe":32.4,"r":1395.3607116707,"rd":104.56841968122,"sigma":"0","rptime":1439197200,"rpr":1355.4837254364,"rprd":100.76271369701,"rpsigma":"0","acre":1002.311909191,"lacre":1002.311909191,"oldacre":"1012.5357962191"},"endType":"normal"}