{"seed":[40774,60717,34165,18038],"turns":33,"p1":"RealDeal360","p2":"jzbnaruto","p1team":[{"name":"Smeargle","species":"Smeargle","item":"focussash","ability":"Own Tempo","moves":["spore","swordsdance","cottonguard","batonpass"],"nature":"Brave","evs":{"hp":0,"atk":252,"def":0,"spa":0,"spd":4,"spe":252},"ivs":{"hp":31,"atk":31,"def":31,"spa":31,"spd":31,"spe":31}},{"name":"Snorlax","species":"Snorlax","item":"leftovers","ability":"Thick Fat","moves":["bodyslam","heavyslam","firepunch","zenheadbutt"],"nature":"Adamant","evs":{"hp":248,"atk":252,"def":0,"spa":0,"spd":8,"spe":0},"ivs":{"hp":31,"atk":31,"def":31,"spa":31,"spd":31,"spe":31}},{"name":"Staraptor","species":"Staraptor","item":"lifeorb","ability":"Reckless","moves":["bravebird","closecombat","roost","hiddenpowerice"],"nature":"Naive","evs":{"hp":0,"atk":252,"def":0,"spa":4,"spd":0,"spe":252},"ivs":{"hp":31,"atk":30,"def":30,"spa":31,"spd":31,"spe":31}},{"name":"Meloetta","species":"Meloetta","item":"leftovers","ability":"Serene Grace","moves":["dazzlinggleam","calmmind","psyshock","thunderbolt"],"nature":"Modest","evs":{"hp":252,"atk":0,"def":0,"spa":252,"spd":4,"spe":0},"ivs":{"hp":31,"atk":31,"def":31,"spa":31,"spd":31,"spe":31}},{"name":"Ditto","species":"Ditto","item":"choicescarf","ability":"Imposter","moves":["transform"],"nature":"Bold","evs":{"hp":248,"atk":0,"def":252,"spa":0,"spd":8,"spe":0},"ivs":{"hp":31,"atk":31,"def":31,"spa":31,"spd":31,"spe":31}},{"name":"Pidgeot","species":"Pidgeot","item":"pidgeotite","ability":"Keen Eye","moves":["hurricane","defog","heatwave","uturn"],"nature":"Timid","evs":{"hp":0,"atk":0,"def":0,"spa":252,"spd":4,"spe":252},"ivs":{"hp":31,"atk":31,"def":31,"spa":31,"spd":31,"spe":31}}],"p2team":[{"name":"Diancie","species":"Diancie","item":"diancite","ability":"Clear Body","moves":["stealthrock","diamondstorm","toxic","healbell"],"nature":"Impish","evs":{"hp":248,"atk":0,"def":252,"spa":0,"spd":8,"spe":0},"ivs":{"hp":31,"atk":31,"def":31,"spa":31,"spd":31,"spe":31}},{"name":"Whimsicott","species":"Whimsicott","item":"leftovers","ability":"Prankster","moves":["encore","stunspore","gigadrain","leechseed"],"nature":"Bold","evs":{"hp":248,"atk":0,"def":252,"spa":0,"spd":8,"spe":0},"ivs":{"hp":31,"atk":31,"def":31,"spa":31,"spd":31,"spe":31}},{"name":"Gardevoir","species":"Gardevoir","item":"choicescarf","ability":"Trace","moves":["psyshock","willowisp","moonblast","trick"],"nature":"Timid","evs":{"hp":0,"atk":0,"def":0,"spa":252,"spd":4,"spe":252},"ivs":{"hp":31,"atk":30,"def":31,"spa":30,"spd":31,"spe":30}},{"name":"Azumarill","species":"Azumarill","item":"assaultvest","ability":"Huge Power","moves":["aquajet","poweruppunch","playrough","knockoff"],"nature":"Adamant","evs":{"hp":248,"atk":252,"def":0,"spa":0,"spd":8,"spe":0},"ivs":{"hp":31,"atk":31,"def":31,"spa":31,"spd":31,"spe":31}},{"name":"Togekiss","species":"Togekiss","item":"leftovers","ability":"Serene Grace","moves":["thunderwave","airslash","roost","defog"],"nature":"Calm","evs":{"hp":252,"atk":0,"def":0,"spa":4,"spd":252,"spe":0},"ivs":{"hp":31,"atk":31,"def":31,"spa":31,"spd":31,"spe":31}},{"name":"Clefable","species":"Clefable","item":"leftovers","ability":"Magic Guard","moves":["calmmind","moonblast","softboiled","flamethrower"],"nature":"Bold","evs":{"hp":252,"atk":0,"def":172,"spa":0,"spd":84,"spe":0},"ivs":{"hp":31,"atk":31,"def":31,"spa":31,"spd":31,"spe":31}}],"log":["|player|p1|RealDeal360|153","|player|p2|jzbnaruto|154","|gametype|singles","|gen|6","|tier|Monotype","|rated","|rule|Baton Pass Clause: Limit one Baton Passer, can't pass Spe and other stats simultaneously","|rule|Swagger Clause: Swagger is banned","|rule|Same Type Clause: Pokémon in a team must share a type","|clearpoke","|poke|p1|Smeargle, F","|poke|p1|Snorlax, F","|poke|p1|Staraptor, M","|poke|p1|Meloetta","|poke|p1|Ditto","|poke|p1|Pidgeot, F","|poke|p2|Diancie","|poke|p2|Whimsicott, F","|poke|p2|Gardevoir, F","|poke|p2|Azumarill, F","|poke|p2|Togekiss, F","|poke|p2|Clefable, F","|rule|Sleep Clause Mod: Limit one foe put to sleep","|rule|Species Clause: Limit one of each Pokémon","|rule|OHKO Clause: OHKO moves are banned","|rule|Moody Clause: Moody is banned","|rule|Evasion Moves Clause: Evasion moves are banned","|rule|Endless Battle Clause: Forcing endless battles is banned","|rule|HP Percentage Mod: HP is shown in percentages","|teampreview","|","|start","|switch|p1a: Ditto|Ditto|299/299","|switch|p2a: Whimsicott|Whimsicott, F|323/323","|-transform|p1a: Ditto|p2a: Whimsicott","|turn|1","|","|move|p2a: Whimsicott|Stun Spore|p1a: Ditto|[miss]","|-miss|p2a: Whimsicott|p1a: Ditto","|move|p1a: Ditto|Giga Drain|p2a: Whimsicott","|-crit|p2a: Whimsicott","|-resisted|p2a: Whimsicott","|-damage|p2a: Whimsicott|258/323","|","|-heal|p2a: Whimsicott|278/323|[from] item: Leftovers","|turn|2","|","|move|p2a: Whimsicott|Stun Spore|p1a: Ditto","|-immune|p1a: Ditto|[msg]","|move|p1a: Ditto|Giga Drain|p2a: Whimsicott","|-resisted|p2a: Whimsicott","|-damage|p2a: Whimsicott|230/323","|","|-heal|p2a: Whimsicott|250/323|[from] item: Leftovers","|turn|3","|","|move|p1a: Ditto|Giga Drain|p2a: Whimsicott","|-resisted|p2a: Whimsicott","|-damage|p2a: Whimsicott|206/323","|move|p2a: Whimsicott|Giga Drain|p1a: Ditto","|-resisted|p1a: Ditto","|-damage|p1a: Ditto|255/299","|-heal|p2a: Whimsicott|228/323|[from] drain|[of] p1a: Ditto","|","|-heal|p2a: Whimsicott|248/323|[from] item: Leftovers","|turn|4","|","|move|p1a: Ditto|Giga Drain|p2a: Whimsicott","|-resisted|p2a: Whimsicott","|-damage|p2a: Whimsicott|206/323","|-heal|p1a: Ditto|276/299|[from] drain|[of] p2a: Whimsicott","|move|p2a: Whimsicott|Giga Drain|p1a: Ditto","|-resisted|p1a: Ditto","|-damage|p1a: Ditto|234/299","|-heal|p2a: Whimsicott|227/323|[from] drain|[of] p1a: Ditto","|","|-heal|p2a: Whimsicott|247/323|[from] item: Leftovers","|turn|5","|","|move|p2a: Whimsicott|Leech Seed|p1a: Ditto","|-immune|p1a: Ditto|[msg]","|move|p1a: Ditto|Giga Drain|p2a: Whimsicott","|-crit|p2a: Whimsicott","|-resisted|p2a: Whimsicott","|-damage|p2a: Whimsicott|175/323","|-heal|p1a: Ditto|270/299|[from] drain|[of] p2a: Whimsicott","|","|-heal|p2a: Whimsicott|195/323|[from] item: Leftovers","|turn|6","|","|move|p2a: Whimsicott|Stun Spore|p1a: Ditto","|-immune|p1a: Ditto|[msg]","|-activate|p1a: Ditto|move: Struggle","|move|p1a: Ditto|Struggle|p2a: Whimsicott","|-damage|p2a: Whimsicott|175/323","|-damage|p1a: Ditto|196/299|[from] recoil","|","|-heal|p2a: Whimsicott|195/323|[from] item: Leftovers","|turn|7","|","|-activate|p1a: Ditto|move: Struggle","|move|p1a: Ditto|Struggle|p2a: Whimsicott","|-damage|p2a: Whimsicott|173/323","|-damage|p1a: Ditto|122/299|[from] recoil","|move|p2a: Whimsicott|Giga Drain|p1a: Ditto","|-resisted|p1a: Ditto","|-damage|p1a: Ditto|74/299","|-heal|p2a: Whimsicott|197/323|[from] drain|[of] p1a: Ditto","|","|-heal|p2a: Whimsicott|217/323|[from] item: Leftovers","|turn|8","|","|-activate|p1a: Ditto|move: Struggle","|move|p1a: Ditto|Struggle|p2a: Whimsicott","|-damage|p2a: Whimsicott|195/323","|-damage|p1a: Ditto|0 fnt|[from] recoil","|faint|p1a: Ditto","|move|p2a: Whimsicott|Giga Drain|p1: Ditto|[notarget]","|-notarget","|","|-heal|p2a: Whimsicott|215/323|[from] item: Leftovers","|","|switch|p1a: Pidgeot|Pidgeot, F|307/307","|turn|9","|","|switch|p2a: Azumarill|Azumarill, F|403/403","|detailschange|p1a: Pidgeot|Pidgeot-Mega, F","|-mega|p1a: Pidgeot|Pidgeot|Pidgeotite","|move|p1a: Pidgeot|Hurricane|p2a: Azumarill","|-damage|p2a: Azumarill|247/403","|-start|p2a: Azumarill|confusion","|","|turn|10","|","|switch|p2a: Togekiss|Togekiss, F|374/374","|move|p1a: Pidgeot|Hurricane|p2a: Togekiss","|-damage|p2a: Togekiss|241/374","|","|-heal|p2a: Togekiss|264/374|[from] item: Leftovers","|turn|11","|","|move|p1a: Pidgeot|Hurricane|p2a: Togekiss","|-damage|p2a: Togekiss|120/374","|move|p2a: Togekiss|Thunder Wave|p1a: Pidgeot","|-status|p1a: Pidgeot|par","|","|-heal|p2a: Togekiss|143/374|[from] item: Leftovers","|turn|12","|","|move|p2a: Togekiss|Roost|p2a: Togekiss","|-heal|p2a: Togekiss|330/374","|move|p1a: Pidgeot|Hurricane|p2a: Togekiss","|-damage|p2a: Togekiss|188/374","|","|-heal|p2a: Togekiss|211/374|[from] item: Leftovers","|turn|13","|","|move|p2a: Togekiss|Air Slash|p1a: Pidgeot","|-damage|p1a: Pidgeot|187/307 par","|cant|p1a: Pidgeot|flinch","|","|-heal|p2a: Togekiss|234/374|[from] item: Leftovers","|turn|14","|","|move|p2a: Togekiss|Air Slash|p1a: Pidgeot","|-damage|p1a: Pidgeot|67/307 par","|move|p1a: Pidgeot|Heat Wave|p2a: Togekiss","|-damage|p2a: Togekiss|157/374","|","|-heal|p2a: Togekiss|180/374|[from] item: Leftovers","|turn|15","|","|move|p2a: Togekiss|Roost|p2a: Togekiss","|-heal|p2a: Togekiss|367/374","|cant|p1a: Pidgeot|par","|","|-heal|p2a: Togekiss|374/374|[from] item: Leftovers","|turn|16","|","|move|p2a: Togekiss|Air Slash|p1a: Pidgeot","|-damage|p1a: Pidgeot|0 fnt","|faint|p1a: Pidgeot","|","|","|switch|p1a: Meloetta|Meloetta|404/404","|turn|17","|","|move|p1a: Meloetta|Calm Mind|p1a: Meloetta","|-boost|p1a: Meloetta|spa|1","|-boost|p1a: Meloetta|spd|1","|move|p2a: Togekiss|Thunder Wave|p1a: Meloetta","|-status|p1a: Meloetta|par","|","|turn|18","|","|move|p2a: Togekiss|Air Slash|p1a: Meloetta","|-damage|p1a: Meloetta|343/404 par","|cant|p1a: Meloetta|par","|","|-heal|p1a: Meloetta|368/404 par|[from] item: Leftovers","|turn|19","|","|move|p2a: Togekiss|Air Slash|p1a: Meloetta","|-damage|p1a: Meloetta|313/404 par","|cant|p1a: Meloetta|flinch","|","|-heal|p1a: Meloetta|338/404 par|[from] item: Leftovers","|turn|20","|","|switch|p2a: Whimsicott|Whimsicott, F|215/323","|cant|p1a: Meloetta|par","|","|-heal|p2a: Whimsicott|235/323|[from] item: Leftovers","|-heal|p1a: Meloetta|363/404 par|[from] item: Leftovers","|turn|21","|","|move|p2a: Whimsicott|Leech Seed|p1a: Meloetta","|-start|p1a: Meloetta|move: Leech Seed","|cant|p1a: Meloetta|par","|","|-heal|p2a: Whimsicott|255/323|[from] item: Leftovers","|-heal|p1a: Meloetta|388/404 par|[from] item: Leftovers","|-damage|p1a: Meloetta|338/404 par|[from] Leech Seed|[of] p2a: Whimsicott","|-heal|p2a: Whimsicott|305/323|[silent]","|turn|22","|","|move|p2a: Whimsicott|Giga Drain|p1a: Meloetta","|-damage|p1a: Meloetta|302/404 par","|-heal|p2a: Whimsicott|323/323|[from] drain|[of] p1a: Meloetta","|move|p1a: Meloetta|Psyshock|p2a: Whimsicott","|-damage|p2a: Whimsicott|131/323","|","|-heal|p2a: Whimsicott|151/323|[from] item: Leftovers","|-heal|p1a: Meloetta|327/404 par|[from] item: Leftovers","|-damage|p1a: Meloetta|277/404 par|[from] Leech Seed|[of] p2a: Whimsicott","|-heal|p2a: Whimsicott|201/323|[silent]","|turn|23","|","|move|p2a: Whimsicott|Giga Drain|p1a: Meloetta","|-damage|p1a: Meloetta|237/404 par","|-heal|p2a: Whimsicott|221/323|[from] drain|[of] p1a: Meloetta","|move|p1a: Meloetta|Psyshock|p2a: Whimsicott","|-damage|p2a: Whimsicott|35/323","|","|-heal|p2a: Whimsicott|55/323|[from] item: Leftovers","|-heal|p1a: Meloetta|262/404 par|[from] item: Leftovers","|-damage|p1a: Meloetta|212/404 par|[from] Leech Seed|[of] p2a: Whimsicott","|-heal|p2a: Whimsicott|105/323|[silent]","|turn|24","|","|switch|p2a: Diancie|Diancie|303/303","|cant|p1a: Meloetta|par","|","|-heal|p1a: Meloetta|237/404 par|[from] item: Leftovers","|-damage|p1a: Meloetta|187/404 par|[from] Leech Seed|[of] p2a: Diancie","|turn|25","|","|detailschange|p2a: Diancie|Diancie-Mega","|-mega|p2a: Diancie|Diancie|Diancite","|move|p2a: Diancie|Stealth Rock|p1a: Meloetta","|-sidestart|p1: RealDeal360|move: Stealth Rock","|move|p1a: Meloetta|Psyshock|p2a: Diancie","|-damage|p2a: Diancie|156/303","|","|-heal|p1a: Meloetta|212/404 par|[from] item: Leftovers","|-damage|p1a: Meloetta|162/404 par|[from] Leech Seed|[of] p2a: Diancie","|-heal|p2a: Diancie|206/303|[silent]","|turn|26","|","|move|p2a: Diancie|Diamond Storm|p1a: Meloetta","|-damage|p1a: Meloetta|0 fnt","|-boost|p2a: Diancie|def|1","|faint|p1a: Meloetta","|","|","|switch|p1a: Smeargle|Smeargle, F|251/251","|-damage|p1a: Smeargle|220/251|[from] Stealth Rock","|turn|27","|","|move|p2a: Diancie|Diamond Storm|p1a: Smeargle","|-damage|p1a: Smeargle|0 fnt","|-boost|p2a: Diancie|def|1","|faint|p1a: Smeargle","|","|","|switch|p1a: Staraptor|Staraptor, M|311/311","|-damage|p1a: Staraptor|234/311|[from] Stealth Rock","|turn|28","|","|move|p1a: Staraptor|Hidden Power|p2a: Diancie","|-damage|p2a: Diancie|175/303","|-damage|p1a: Staraptor|203/311|[from] item: Life Orb","|move|p2a: Diancie|Diamond Storm|p1a: Staraptor","|-supereffective|p1a: Staraptor","|-damage|p1a: Staraptor|0 fnt","|-boost|p2a: Diancie|def|1","|faint|p1a: Staraptor","|","|","|switch|p1a: Snorlax|Snorlax, F|523/523","|-damage|p1a: Snorlax|458/523|[from] Stealth Rock","|turn|29","|","|move|p2a: Diancie|Toxic|p1a: Snorlax","|-status|p1a: Snorlax|tox","|move|p1a: Snorlax|Heavy Slam|p2a: Diancie","|-supereffective|p2a: Diancie","|-damage|p2a: Diancie|23/303","|","|-heal|p1a: Snorlax|490/523 tox|[from] item: Leftovers","|-damage|p1a: Snorlax|458/523 tox|[from] psn","|turn|30","|","|switch|p2a: Azumarill|Azumarill, F|247/403","|move|p1a: Snorlax|Heavy Slam|p2a: Azumarill","|-damage|p2a: Azumarill|93/403","|","|-heal|p1a: Snorlax|490/523 tox|[from] item: Leftovers","|-damage|p1a: Snorlax|426/523 tox|[from] psn","|turn|31","|","|switch|p2a: Togekiss|Togekiss, F|374/374","|move|p1a: Snorlax|Heavy Slam|p2a: Togekiss","|-supereffective|p2a: Togekiss","|-damage|p2a: Togekiss|72/374","|","|-heal|p2a: Togekiss|95/374|[from] item: Leftovers","|-heal|p1a: Snorlax|458/523 tox|[from] item: Leftovers","|-damage|p1a: Snorlax|362/523 tox|[from] psn","|turn|32","|","|move|p2a: Togekiss|Roost|p2a: Togekiss","|-heal|p2a: Togekiss|282/374","|move|p1a: Snorlax|Heavy Slam|p2a: Togekiss","|-crit|p2a: Togekiss","|-supereffective|p2a: Togekiss","|-damage|p2a: Togekiss|0 fnt","|faint|p2a: Togekiss","|","|-heal|p1a: Snorlax|394/523 tox|[from] item: Leftovers","|-damage|p1a: Snorlax|266/523 tox|[from] psn","|","|switch|p2a: Gardevoir|Gardevoir, F|277/277","|-ability|p2a: Gardevoir|Thick Fat|[from] ability: Trace|[of] p1a: Snorlax","|turn|33","|","|move|p2a: Gardevoir|Moonblast|p1a: Snorlax","|-damage|p1a: Snorlax|112/523 tox","|-unboost|p1a: Snorlax|spa|1","|move|p1a: Snorlax|Heavy Slam|p2a: Gardevoir","|-supereffective|p2a: Gardevoir","|-damage|p2a: Gardevoir|0 fnt","|faint|p2a: Gardevoir","|","|-heal|p1a: Snorlax|144/523 tox|[from] item: Leftovers","|-damage|p1a: Snorlax|0 fnt|[from] psn","|faint|p1a: Snorlax","|","|win|jzbnaruto"],"p1rating":{"entryid":"7525131","serverid":"eos","formatid":"monotype","userid":"realdeal360","username":"RealDeal360","w":"5","l":14,"t":"0","gxe":35.2,"r":"1400.1370891078","rd":"89.923703517826","sigma":"0","rptime":"1439197200","rpr":1383.119453507,"rprd":72.167462769269,"rpsigma":"0","acre":1015.2280054047,"lacre":1015.2280054047,"oldacre":"1027.552117875"},"p2rating":{"entryid":"6532987","serverid":"eos","formatid":"monotype","userid":"jzbnaruto","username":"Jzbnaruto","w":3,"l":"0","t":"0","gxe":61.6,"r":"1572.7216264439","rd":124.08178847615,"sigma":"0","rptime":1439197200,"rpr":1594.3511430578,"rprd":118.59605213888,"rpsigma":"0","acre":1097.6905483733,"lacre":1097.6905483733,"oldacre":"1072.2617795174"},"endType":"normal"}