{"seed":[55982,19946,43171,12412],"turns":22,"p1":"Guard Darkrai","p2":"xnailz","p1team":[{"name":"Cloyster","species":"Cloyster","item":"focussash","ability":"Skill Link","moves":["shellsmash","iceshard","iciclespear","rockblast"],"nature":"Adamant","evs":{"hp":0,"atk":252,"def":0,"spa":0,"spd":4,"spe":252},"ivs":{"hp":31,"atk":31,"def":31,"spa":31,"spd":31,"spe":31}},{"name":"Kyurem-Black","species":"Kyurem-Black","item":"powerherb","ability":"Teravolt","moves":["freezeshock","dragonclaw","fusionbolt","roost"],"nature":"Adamant","evs":{"hp":248,"atk":252,"def":0,"spa":0,"spd":8,"spe":0},"ivs":{"hp":31,"atk":31,"def":31,"spa":31,"spd":31,"spe":31}},{"name":"Abomasnow","species":"Abomasnow","item":"abomasite","ability":"Snow Warning","moves":["blizzard","iceshard","focusblast","gigadrain"],"nature":"Mild","evs":{"hp":248,"atk":8,"def":0,"spa":252,"spd":0,"spe":0},"ivs":{"hp":31,"atk":31,"def":31,"spa":31,"spd":31,"spe":31}},{"name":"Froslass","species":"Froslass","item":"focussash","ability":"Cursed Body","moves":["destinybond","icebeam","shadowball","taunt"],"nature":"Timid","evs":{"hp":0,"atk":0,"def":0,"spa":252,"spd":4,"spe":252},"ivs":{"hp":31,"atk":31,"def":31,"spa":31,"spd":31,"spe":31}},{"name":"Weavile","species":"Weavile","item":"lifeorb","ability":"Pressure","moves":["knockoff","iceshard","iciclecrash","lowkick"],"nature":"Jolly","evs":{"hp":0,"atk":252,"def":0,"spa":0,"spd":4,"spe":252},"ivs":{"hp":31,"atk":31,"def":31,"spa":31,"spd":31,"spe":31}},{"name":"Piloswine","species":"Piloswine","item":"eviolite","ability":"Thick Fat","moves":["stealthrock","iceshard","earthquake","amnesia"],"nature":"Adamant","evs":{"hp":248,"atk":8,"def":252,"spa":0,"spd":0,"spe":0},"ivs":{"hp":31,"atk":31,"def":31,"spa":31,"spd":31,"spe":31}}],"p2team":[{"name":"Charizard","species":"Charizard","item":"charizarditey","ability":"Blaze","moves":["solarbeam","flamethrower","dragonpulse","defog"],"nature":"Timid","evs":{"hp":0,"atk":0,"def":0,"spa":252,"spd":4,"spe":252},"ivs":{"hp":31,"atk":0,"def":31,"spa":31,"spd":31,"spe":31}},{"name":"Infernape","species":"Infernape","item":"focussash","ability":"Iron Fist","moves":["closecombat","overheat","machpunch","stealthrock"],"nature":"Naive","evs":{"hp":0,"atk":252,"def":4,"spa":0,"spd":0,"spe":252},"ivs":{"hp":31,"atk":30,"def":30,"spa":31,"spd":31,"spe":31}},{"name":"Victini","species":"Victini","item":"choicescarf","ability":"Victory Star","moves":["vcreate","boltstrike","uturn","zenheadbutt"],"nature":"Naive","evs":{"hp":0,"atk":252,"def":0,"spa":4,"spd":0,"spe":252},"ivs":{"hp":31,"atk":31,"def":31,"spa":31,"spd":31,"spe":31}},{"name":"Arcanine","species":"Arcanine","item":"leftovers","ability":"Intimidate","moves":["willowisp","extremespeed","morningsun","ironhead"],"nature":"Impish","evs":{"hp":240,"atk":0,"def":252,"spa":0,"spd":0,"spe":16},"ivs":{"hp":31,"atk":30,"def":30,"spa":31,"spd":31,"spe":31}},{"name":"Rotom-Heat","species":"Rotom-Heat","item":"leftovers","ability":"Levitate","moves":["thunderwave","overheat","hiddenpowerice","voltswitch"],"nature":"Modest","evs":{"hp":248,"atk":0,"def":0,"spa":8,"spd":252,"spe":0},"ivs":{"hp":31,"atk":30,"def":30,"spa":31,"spd":31,"spe":31}},{"name":"Chandelure","species":"Chandelure","item":"lifeorb","ability":"Infiltrator","moves":["flamethrower","energyball","trickroom","shadowball"],"nature":"Quiet","evs":{"hp":248,"atk":0,"def":8,"spa":252,"spd":0,"spe":0},"ivs":{"hp":31,"atk":30,"def":30,"spa":31,"spd":31,"spe":31}}],"log":["|player|p1|Guard Darkrai|guarddarkrai.png","|player|p2|xnailz|160","|gametype|singles","|gen|6","|tier|Monotype","|rated","|rule|Baton Pass Clause: Limit one Baton Passer, can't pass Spe and other stats simultaneously","|rule|Swagger Clause: Swagger is banned","|rule|Same Type Clause: Pokémon in a team must share a type","|clearpoke","|poke|p1|Cloyster, F","|poke|p1|Kyurem-Black","|poke|p1|Abomasnow, M","|poke|p1|Froslass, F","|poke|p1|Weavile, M","|poke|p1|Piloswine, M","|poke|p2|Charizard, F","|poke|p2|Infernape, F","|poke|p2|Victini","|poke|p2|Arcanine, M","|poke|p2|Rotom-Heat","|poke|p2|Chandelure, M","|rule|Sleep Clause Mod: Limit one foe put to sleep","|rule|Species Clause: Limit one of each Pokémon","|rule|OHKO Clause: OHKO moves are banned","|rule|Moody Clause: Moody is banned","|rule|Evasion Moves Clause: Evasion moves are banned","|rule|Endless Battle Clause: Forcing endless battles is banned","|rule|HP Percentage Mod: HP is shown in percentages","|teampreview","|","|start","|switch|p1a: Cloyster|Cloyster, F|241/241","|switch|p2a: Charizard|Charizard, F|297/297","|turn|1","|","|detailschange|p2a: Charizard|Charizard-Mega-Y, F","|-mega|p2a: Charizard|Charizard|Charizardite Y","|-weather|SunnyDay","|move|p2a: Charizard|Solar Beam|p1a: Cloyster|[still]","|-prepare|p2a: Charizard|Solar Beam|p1a: Cloyster","|-anim|p2a: Charizard|Solar Beam|p1a: Cloyster","|-supereffective|p1a: Cloyster","|-enditem|p1a: Cloyster|Focus Sash","|-damage|p1a: Cloyster|1/241","|move|p1a: Cloyster|Shell Smash|p1a: Cloyster","|-unboost|p1a: Cloyster|def|1","|-unboost|p1a: Cloyster|spd|1","|-boost|p1a: Cloyster|atk|2","|-boost|p1a: Cloyster|spa|2","|-boost|p1a: Cloyster|spe|2","|","|-weather|SunnyDay|[upkeep]","|turn|2","|","|switch|p2a: Arcanine|Arcanine, M|381/381","|-ability|p2a: Arcanine|Intimidate","|-unboost|p1a: Cloyster|atk|1","|move|p1a: Cloyster|Rock Blast|p2a: Arcanine","|-supereffective|p2a: Arcanine","|-damage|p2a: Arcanine|319/381","|-supereffective|p2a: Arcanine","|-damage|p2a: Arcanine|255/381","|-supereffective|p2a: Arcanine","|-damage|p2a: Arcanine|191/381","|-supereffective|p2a: Arcanine","|-damage|p2a: Arcanine|129/381","|-supereffective|p2a: Arcanine","|-damage|p2a: Arcanine|59/381","|-hitcount|p2a: Arcanine|5","|","|-weather|SunnyDay|[upkeep]","|-heal|p2a: Arcanine|82/381|[from] item: Leftovers","|turn|3","|","|move|p2a: Arcanine|Extreme Speed|p1a: Cloyster","|-damage|p1a: Cloyster|0 fnt","|faint|p1a: Cloyster","|","|-weather|SunnyDay|[upkeep]","|-heal|p2a: Arcanine|105/381|[from] item: Leftovers","|","|switch|p1a: Abomasnow|Abomasnow, M|383/383","|-weather|Hail","|turn|4","|","|switch|p1a: Piloswine|Piloswine, M|403/403","|move|p2a: Arcanine|Iron Head|p1a: Piloswine","|-supereffective|p1a: Piloswine","|-damage|p1a: Piloswine|325/403","|","|-weather|Hail|[upkeep]","|-damage|p2a: Arcanine|82/381|[from] hail","|-heal|p2a: Arcanine|105/381|[from] item: Leftovers","|turn|5","|","|move|p2a: Arcanine|Will-O-Wisp|p1a: Piloswine","|-status|p1a: Piloswine|brn","|move|p1a: Piloswine|Earthquake|p2a: Arcanine","|-supereffective|p2a: Arcanine","|-damage|p2a: Arcanine|0 fnt","|faint|p2a: Arcanine","|","|-weather|Hail|[upkeep]","|-damage|p1a: Piloswine|275/403 brn|[from] brn","|","|switch|p2a: Charizard|Charizard-Mega-Y, F|297/297","|-weather|SunnyDay","|turn|6","|","|move|p2a: Charizard|Flamethrower|p1a: Piloswine","|-supereffective|p1a: Piloswine","|-damage|p1a: Piloswine|0 fnt","|faint|p1a: Piloswine","|","|-weather|SunnyDay|[upkeep]","|","|switch|p1a: Abomasnow|Abomasnow, M|383/383","|-weather|Hail","|turn|7","|","|switch|p1a: Kyurem-Black|Kyurem-Black|453/453","|-ability|p1a: Kyurem-Black|Teravolt","|move|p2a: Charizard|Flamethrower|p1a: Kyurem-Black","|-damage|p1a: Kyurem-Black|267/453","|","|-weather|Hail|[upkeep]","|-damage|p2a: Charizard|279/297|[from] hail","|turn|8","|","|switch|p2a: Rotom-Heat|Rotom-Heat|303/303","|move|p1a: Kyurem-Black|Fusion Bolt|p2a: Rotom-Heat","|-resisted|p2a: Rotom-Heat","|-damage|p2a: Rotom-Heat|224/303","|","|-weather|Hail|[upkeep]","|-damage|p2a: Rotom-Heat|206/303|[from] hail","|-heal|p2a: Rotom-Heat|224/303|[from] item: Leftovers","|turn|9","|","|move|p1a: Kyurem-Black|Roost|p1a: Kyurem-Black","|-heal|p1a: Kyurem-Black|453/453","|move|p2a: Rotom-Heat|Volt Switch|p1a: Kyurem-Black","|-resisted|p1a: Kyurem-Black","|-damage|p1a: Kyurem-Black|399/453","|","|switch|p2a: Charizard|Charizard-Mega-Y, F|279/297","|-weather|SunnyDay","|","|-weather|SunnyDay|[upkeep]","|turn|10","|","|switch|p2a: Rotom-Heat|Rotom-Heat|224/303","|move|p1a: Kyurem-Black|Fusion Bolt|p2a: Rotom-Heat","|-resisted|p2a: Rotom-Heat","|-damage|p2a: Rotom-Heat|147/303","|","|-weather|SunnyDay|[upkeep]","|-heal|p2a: Rotom-Heat|165/303|[from] item: Leftovers","|turn|11","|","|move|p1a: Kyurem-Black|Dragon Claw|p2a: Rotom-Heat","|-damage|p2a: Rotom-Heat|0 fnt","|faint|p2a: Rotom-Heat","|","|-weather|SunnyDay|[upkeep]","|","|switch|p2a: Infernape|Infernape, F|293/293","|turn|12","|","|switch|p1a: Froslass|Froslass, F|281/281","|move|p2a: Infernape|Close Combat|p1a: Froslass","|-immune|p1a: Froslass|[msg]","|","|-weather|SunnyDay|[upkeep]","|turn|13","|","|move|p1a: Froslass|Shadow Ball|p2a: Infernape","|-crit|p2a: Infernape","|-damage|p2a: Infernape|67/293","|move|p2a: Infernape|Stealth Rock|p1a: Froslass","|-sidestart|p1: Guard Darkrai|move: Stealth Rock","|","|-weather|none","|turn|14","|","|switch|p2a: Charizard|Charizard-Mega-Y, F|279/297","|-weather|SunnyDay","|move|p1a: Froslass|Shadow Ball|p2a: Charizard","|-damage|p2a: Charizard|192/297","|","|-weather|SunnyDay|[upkeep]","|turn|15","|","|move|p1a: Froslass|Ice Beam|p2a: Charizard","|-damage|p2a: Charizard|86/297","|move|p2a: Charizard|Flamethrower|p1a: Froslass","|-supereffective|p1a: Froslass","|-enditem|p1a: Froslass|Focus Sash","|-damage|p1a: Froslass|1/281","|-start|p2a: Charizard|Disable|Flamethrower","|","|-weather|SunnyDay|[upkeep]","|turn|16","|","|switch|p2a: Chandelure|Chandelure, M|323/323","|move|p1a: Froslass|Shadow Ball|p2a: Chandelure","|-supereffective|p2a: Chandelure","|-damage|p2a: Chandelure|81/323","|","|-weather|SunnyDay|[upkeep]","|turn|17","|","|move|p1a: Froslass|Shadow Ball|p2a: Chandelure","|-supereffective|p2a: Chandelure","|-damage|p2a: Chandelure|0 fnt","|faint|p2a: Chandelure","|","|-weather|SunnyDay|[upkeep]","|","|switch|p2a: Victini|Victini|341/341","|turn|18","|","|move|p2a: Victini|U-turn|p1a: Froslass","|-resisted|p1a: Froslass","|-damage|p1a: Froslass|0 fnt","|faint|p1a: Froslass","|","|switch|p2a: Infernape|Infernape, F|67/293","|","|-weather|none","|","|switch|p1a: Weavile|Weavile, M|281/281","|-damage|p1a: Weavile|211/281|[from] Stealth Rock","|-ability|p1a: Weavile|Pressure","|turn|19","|","|move|p2a: Infernape|Mach Punch|p1a: Weavile","|-supereffective|p1a: Weavile","|-damage|p1a: Weavile|0 fnt","|faint|p1a: Weavile","|","|","|switch|p1a: Kyurem-Black|Kyurem-Black|399/453","|-damage|p1a: Kyurem-Black|286/453|[from] Stealth Rock","|-ability|p1a: Kyurem-Black|Teravolt","|turn|20","|","|move|p2a: Infernape|Close Combat|p1a: Kyurem-Black","|-supereffective|p1a: Kyurem-Black","|-damage|p1a: Kyurem-Black|0 fnt","|-unboost|p2a: Infernape|def|1","|-unboost|p2a: Infernape|spd|1","|faint|p1a: Kyurem-Black","|","|","|switch|p1a: Abomasnow|Abomasnow, M|383/383","|-damage|p1a: Abomasnow|288/383|[from] Stealth Rock","|-weather|Hail","|turn|21","|","|detailschange|p1a: Abomasnow|Abomasnow-Mega, M","|-mega|p1a: Abomasnow|Abomasnow|Abomasite","|move|p2a: Infernape|Mach Punch|p1a: Abomasnow","|-crit|p1a: Abomasnow","|-supereffective|p1a: Abomasnow","|-damage|p1a: Abomasnow|48/383","|move|p1a: Abomasnow|Ice Shard|p2a: Infernape","|-resisted|p2a: Infernape","|-damage|p2a: Infernape|11/293","|","|-weather|Hail|[upkeep]","|-damage|p2a: Infernape|0 fnt|[from] hail","|faint|p2a: Infernape","|","|switch|p2a: Victini|Victini|341/341","|turn|22","|","|move|p1a: Abomasnow|Ice Shard|p2a: Victini","|-resisted|p2a: Victini","|-damage|p2a: Victini|309/341","|move|p2a: Victini|U-turn|p1a: Abomasnow","|-supereffective|p1a: Abomasnow","|-damage|p1a: Abomasnow|0 fnt","|faint|p1a: Abomasnow","|","|win|xnailz"],"p1rating":{"entryid":"6034648","serverid":"eos","formatid":"monotype","userid":"guarddarkrai","username":"Guard Darkrai","w":"91","l":102,"t":"0","gxe":47.7,"r":"1460.3782538835","rd":"33.881477505285","sigma":"0","rptime":"1439197200","rpr":1482.3762628975,"rprd":29.499160087413,"rpsigma":"0","acre":1111.6474791348,"lacre":1111.6474791348,"oldacre":"1128.1424141671"},"p2rating":{"entryid":"6782407","serverid":"eos","formatid":"monotype","userid":"xnailz","username":"xNailz","w":30,"l":"11","t":"0","gxe":70.7,"r":"1661.1893111722","rd":"61.864896018782","sigma":"0","rptime":"1439197200","rpr":1667.5588329032,"rprd":59.008276737306,"rpsigma":"0","acre":1267.7412912134,"lacre":1267.7412912134,"oldacre":"1251.2463561811"},"endType":"normal"}