{"seed":[31048,5259,30588,44982],"turns":21,"p1":"Entropy Banette","p2":"Crystal Blade64","p1team":[{"name":"Manectric","species":"Manectric","item":"manectite","ability":"Lightning Rod","moves":["thunderbolt","overheat","voltswitch","hiddenpowerice"],"nature":"Hasty","evs":{"hp":0,"atk":4,"def":0,"spa":252,"spd":0,"spe":252},"ivs":{"hp":31,"atk":30,"def":30,"spa":31,"spd":31,"spe":31}},{"name":"Thundurus","species":"Thundurus","item":"lifeorb","ability":"Prankster","moves":["wildcharge","knockoff","uturn","superpower"],"nature":"Jolly","evs":{"hp":0,"atk":252,"def":0,"spa":0,"spd":4,"spe":252},"ivs":{"hp":31,"atk":31,"def":31,"spa":31,"spd":31,"spe":31}},{"name":"Rotom-Wash","species":"Rotom-Wash","item":"choicescarf","ability":"Levitate","moves":["trick","hydropump","voltswitch","willowisp"],"nature":"Timid","evs":{"hp":0,"atk":0,"def":0,"spa":252,"spd":4,"spe":252},"ivs":{"hp":31,"atk":31,"def":31,"spa":31,"spd":31,"spe":31}},{"name":"Magnezone","species":"Magnezone","item":"leftovers","ability":"Magnet Pull","moves":["voltswitch","thunderbolt","hiddenpowerfire","flashcannon"],"nature":"Modest","evs":{"hp":252,"atk":0,"def":0,"spa":252,"spd":4,"spe":0},"ivs":{"hp":31,"atk":30,"def":31,"spa":30,"spd":31,"spe":30}},{"name":"Zebstrika","species":"Zebstrika","item":"lifeorb","ability":"Lightning Rod","moves":["thunderbolt","overheat","voltswitch","hiddenpowerice"],"nature":"Timid","evs":{"hp":0,"atk":0,"def":0,"spa":252,"spd":4,"spe":252},"ivs":{"hp":31,"atk":30,"def":30,"spa":31,"spd":31,"spe":31}},{"name":"Zapdos","species":"Zapdos","item":"leftovers","ability":"Pressure","moves":["heatwave","voltswitch","defog","roost"],"nature":"Modest","evs":{"hp":252,"atk":0,"def":0,"spa":252,"spd":4,"spe":0},"ivs":{"hp":31,"atk":31,"def":31,"spa":31,"spd":31,"spe":31}}],"p2team":[{"name":"Darmanitan","species":"Darmanitan","item":"lifeorb","ability":"Sheer Force","moves":["flareblitz","earthquake","rockslide","superpower"],"nature":"Jolly","evs":{"hp":4,"atk":252,"def":0,"spa":0,"spd":0,"spe":252},"ivs":{"hp":31,"atk":31,"def":31,"spa":31,"spd":31,"spe":31}},{"name":"Arcanine","species":"Arcanine","item":"leftovers","ability":"Intimidate","moves":["extremespeed","morningsun","willowisp","protect"],"nature":"Careful","evs":{"hp":252,"atk":4,"def":0,"spa":0,"spd":252,"spe":0},"ivs":{"hp":31,"atk":31,"def":31,"spa":31,"spd":31,"spe":31}},{"name":"Rotom-Heat","species":"Rotom-Heat","item":"lightclay","ability":"Levitate","moves":["lightscreen","reflect","painsplit","voltswitch"],"nature":"Calm","evs":{"hp":248,"atk":0,"def":0,"spa":8,"spd":252,"spe":0},"ivs":{"hp":31,"atk":31,"def":31,"spa":31,"spd":31,"spe":31}},{"name":"Combusken","species":"Combusken","item":"eviolite","ability":"Speed Boost","moves":["substitute","protect","batonpass","willowisp"],"nature":"Timid","evs":{"hp":248,"atk":0,"def":0,"spa":0,"spd":8,"spe":252},"ivs":{"hp":31,"atk":31,"def":31,"spa":31,"spd":31,"spe":31}},{"name":"Infernape","species":"Infernape","item":"focussash","ability":"Blaze","moves":["machpunch","taunt","stealthrock","overheat"],"nature":"Hasty","evs":{"hp":248,"atk":8,"def":0,"spa":0,"spd":0,"spe":252},"ivs":{"hp":31,"atk":31,"def":31,"spa":31,"spd":31,"spe":31}},{"name":"Charizard","species":"Charizard","item":"charizarditex","ability":"Blaze","moves":["dragondance","flareblitz","roost","outrage"],"nature":"Adamant","evs":{"hp":0,"atk":252,"def":0,"spa":0,"spd":4,"spe":252},"ivs":{"hp":31,"atk":31,"def":31,"spa":31,"spd":31,"spe":31}}],"log":["|player|p1|Entropy Banette|144","|player|p2|Crystal Blade64|165","|gametype|singles","|gen|6","|tier|Monotype","|rated","|rule|Baton Pass Clause: Limit one Baton Passer, can't pass Spe and other stats simultaneously","|rule|Swagger Clause: Swagger is banned","|rule|Same Type Clause: Pokémon in a team must share a type","|clearpoke","|poke|p1|Manectric, M","|poke|p1|Thundurus, M","|poke|p1|Rotom-Wash","|poke|p1|Magnezone","|poke|p1|Zebstrika, F","|poke|p1|Zapdos","|poke|p2|Darmanitan, F","|poke|p2|Arcanine, F","|poke|p2|Rotom-Heat","|poke|p2|Combusken, F","|poke|p2|Infernape, F","|poke|p2|Charizard, F","|rule|Sleep Clause Mod: Limit one foe put to sleep","|rule|Species Clause: Limit one of each Pokémon","|rule|OHKO Clause: OHKO moves are banned","|rule|Moody Clause: Moody is banned","|rule|Evasion Moves Clause: Evasion moves are banned","|rule|Endless Battle Clause: Forcing endless battles is banned","|rule|HP Percentage Mod: HP is shown in percentages","|teampreview","|","|start","|switch|p1a: Rotom-Wash|Rotom-Wash|241/241","|switch|p2a: Infernape|Infernape, F|355/355","|turn|1","|","|move|p1a: Rotom-Wash|Hydro Pump|p2a: Infernape","|-supereffective|p2a: Infernape","|-enditem|p2a: Infernape|Focus Sash","|-damage|p2a: Infernape|1/355","|move|p2a: Infernape|Stealth Rock|p1a: Rotom-Wash","|-sidestart|p1: Entropy Banette|move: Stealth Rock","|","|turn|2","|","|move|p2a: Infernape|Mach Punch|p1a: Rotom-Wash","|-damage|p1a: Rotom-Wash|193/241","|move|p1a: Rotom-Wash|Hydro Pump|p2a: Infernape","|-supereffective|p2a: Infernape","|-damage|p2a: Infernape|0 fnt","|faint|p2a: Infernape","|","|","|switch|p2a: Combusken|Combusken, F|323/323","|turn|3","|","|move|p2a: Combusken|Protect|p2a: Combusken","|-singleturn|p2a: Combusken|Protect","|move|p1a: Rotom-Wash|Hydro Pump|p2a: Combusken","|-activate|p2a: Combusken|Protect","|","|-boost|p2a: Combusken|spe|1|[from] ability: Speed Boost","|turn|4","|","|move|p2a: Combusken|Protect|p2a: Combusken","|-fail|p2a: Combusken","|move|p1a: Rotom-Wash|Hydro Pump|p2a: Combusken|[miss]","|-miss|p1a: Rotom-Wash|p2a: Combusken","|","|-boost|p2a: Combusken|spe|1|[from] ability: Speed Boost","|turn|5","|","|switch|p1a: Zapdos|Zapdos|384/384","|-damage|p1a: Zapdos|288/384|[from] Stealth Rock","|-ability|p1a: Zapdos|Pressure","|move|p2a: Combusken|Protect|p2a: Combusken","|-fail|p2a: Combusken","|","|-heal|p1a: Zapdos|312/384|[from] item: Leftovers","|-boost|p2a: Combusken|spe|1|[from] ability: Speed Boost","|turn|6","|","|move|p2a: Combusken|Substitute|p2a: Combusken","|-start|p2a: Combusken|Substitute","|-damage|p2a: Combusken|243/323","|move|p1a: Zapdos|Defog|p2a: Combusken","|-sideend|p1: Entropy Banette|Stealth Rock|[from] move: Defog|[of] p1a: Zapdos","|","|-heal|p1a: Zapdos|336/384|[from] item: Leftovers","|-boost|p2a: Combusken|spe|1|[from] ability: Speed Boost","|turn|7","|","|move|p2a: Combusken|Will-O-Wisp|p1a: Zapdos","|-status|p1a: Zapdos|brn","|move|p1a: Zapdos|Volt Switch|p2a: Combusken","|-end|p2a: Combusken|Substitute","|","|switch|p1a: Magnezone|Magnezone|344/344","|","|-boost|p2a: Combusken|spe|1|[from] ability: Speed Boost","|turn|8","|","|move|p2a: Combusken|Substitute|p2a: Combusken","|-start|p2a: Combusken|Substitute","|-damage|p2a: Combusken|163/323","|move|p1a: Magnezone|Volt Switch|p2a: Combusken","|-end|p2a: Combusken|Substitute","|","|switch|p1a: Manectric|Manectric, M|281/281","|","|-boost|p2a: Combusken|spe|1|[from] ability: Speed Boost","|turn|9","|","|detailschange|p1a: Manectric|Manectric-Mega, M","|-mega|p1a: Manectric|Manectric|Manectite","|-ability|p1a: Manectric|Intimidate","|-unboost|p2a: Combusken|atk|1","|move|p2a: Combusken|Substitute|p2a: Combusken","|-start|p2a: Combusken|Substitute","|-damage|p2a: Combusken|83/323","|move|p1a: Manectric|Thunderbolt|p2a: Combusken","|-crit|p2a: Combusken","|-end|p2a: Combusken|Substitute","|","|turn|10","|","|move|p2a: Combusken|Baton Pass|p2a: Combusken","|","|switch|p2a: Darmanitan|Darmanitan, F|352/352","|move|p1a: Manectric|Volt Switch|p2a: Darmanitan","|-damage|p2a: Darmanitan|162/352","|","|switch|p1a: Rotom-Wash|Rotom-Wash|193/241","|","|turn|11","|","|move|p2a: Darmanitan|Superpower|p1a: Rotom-Wash","|-damage|p1a: Rotom-Wash|70/241","|-unboost|p2a: Darmanitan|atk|1","|-unboost|p2a: Darmanitan|def|1","|-damage|p2a: Darmanitan|127/352|[from] item: Life Orb","|move|p1a: Rotom-Wash|Volt Switch|p2a: Darmanitan","|-damage|p2a: Darmanitan|0 fnt","|faint|p2a: Darmanitan","|","|switch|p1a: Zebstrika|Zebstrika, F|291/291","|","|","|switch|p2a: Charizard|Charizard, F|297/297","|turn|12","|","|detailschange|p2a: Charizard|Charizard-Mega-X, F","|-mega|p2a: Charizard|Charizard|Charizardite X","|move|p1a: Zebstrika|Volt Switch|p2a: Charizard","|-resisted|p2a: Charizard","|-damage|p2a: Charizard|233/297","|-damage|p1a: Zebstrika|262/291|[from] item: Life Orb","|","|switch|p1a: Magnezone|Magnezone|344/344","|move|p2a: Charizard|Dragon Dance|p2a: Charizard","|-boost|p2a: Charizard|atk|1","|-boost|p2a: Charizard|spe|1","|","|turn|13","|","|move|p2a: Charizard|Flare Blitz|p1a: Magnezone","|-supereffective|p1a: Magnezone","|-damage|p1a: Magnezone|0 fnt","|-damage|p2a: Charizard|119/297|[from] recoil|[of] p1a: Magnezone","|faint|p1a: Magnezone","|","|","|switch|p1a: Thundurus|Thundurus, M|299/299","|turn|14","|","|move|p2a: Charizard|Outrage|p1a: Thundurus","|-damage|p1a: Thundurus|0 fnt","|faint|p1a: Thundurus","|","|","|switch|p1a: Manectric|Manectric-Mega, M|281/281","|-ability|p1a: Manectric|Intimidate","|-unboost|p2a: Charizard|atk|1","|turn|15","|","|move|p2a: Charizard|Outrage|p1a: Manectric|[from]lockedmove","|-damage|p1a: Manectric|0 fnt","|-start|p2a: Charizard|confusion|[fatigue]","|faint|p1a: Manectric","|","|","|switch|p1a: Zebstrika|Zebstrika, F|262/291","|turn|16","|","|switch|p2a: Rotom-Heat|Rotom-Heat|303/303","|move|p1a: Zebstrika|Thunderbolt|p2a: Rotom-Heat","|-resisted|p2a: Rotom-Heat","|-damage|p2a: Rotom-Heat|250/303","|-damage|p1a: Zebstrika|233/291|[from] item: Life Orb","|","|turn|17","|","|move|p1a: Zebstrika|Volt Switch|p2a: Rotom-Heat","|-resisted|p2a: Rotom-Heat","|-damage|p2a: Rotom-Heat|211/303","|-damage|p1a: Zebstrika|204/291|[from] item: Life Orb","|","|switch|p1a: Rotom-Wash|Rotom-Wash|70/241","|move|p2a: Rotom-Heat|Light Screen|p2a: Rotom-Heat","|-sidestart|p2: Crystal Blade64|move: Light Screen","|","|turn|18","|","|move|p1a: Rotom-Wash|Trick|p2a: Rotom-Heat","|-activate|p1a: Rotom-Wash|move: Trick|[of] p2a: Rotom-Heat","|-item|p2a: Rotom-Heat|Choice Scarf|[from] move: Trick","|-item|p1a: Rotom-Wash|Light Clay|[from] move: Trick","|move|p2a: Rotom-Heat|Volt Switch|p1a: Rotom-Wash","|-damage|p1a: Rotom-Wash|0 fnt","|faint|p1a: Rotom-Wash","|","|switch|p2a: Combusken|Combusken, F|83/323","|","|","|switch|p1a: Zapdos|Zapdos|336/384 brn","|-ability|p1a: Zapdos|Pressure","|turn|19","|","|move|p2a: Combusken|Protect|p2a: Combusken","|-singleturn|p2a: Combusken|Protect","|move|p1a: Zapdos|Roost|p1a: Zapdos","|-heal|p1a: Zapdos|384/384 brn","|","|-damage|p1a: Zapdos|336/384 brn|[from] brn","|-boost|p2a: Combusken|spe|1|[from] ability: Speed Boost","|turn|20","|","|move|p2a: Combusken|Substitute|p2a: Combusken","|-start|p2a: Combusken|Substitute","|-damage|p2a: Combusken|3/323","|move|p1a: Zapdos|Volt Switch|p2a: Combusken","|-activate|p2a: Combusken|Substitute|[damage]","|","|switch|p1a: Zebstrika|Zebstrika, F|204/291","|","|-boost|p2a: Combusken|spe|1|[from] ability: Speed Boost","|turn|21","|","|win|Crystal Blade64"],"p1rating":{"entryid":"7527407","serverid":"eos","formatid":"monotype","userid":"entropybanette","username":"Entropy Banette","w":"5","l":18,"t":"0","gxe":29.2,"r":"1400.7324649166","rd":"111.51861011339","sigma":"0","rptime":"1439197200","rpr":1330.7814365307,"rprd":66.941945182266,"rpsigma":"0","acre":1027.9459005445,"lacre":1027.9459005445,"oldacre":"1035.834489561"},"p2rating":{"entryid":"6391332","serverid":"eos","formatid":"monotype","userid":"crystalblade64","username":"Crystal Blade64","w":25,"l":"21","t":"0","gxe":53.9,"r":"1520.5247760868","rd":"60.193430858841","sigma":"0","rptime":"1439197200","rpr":1529.7811854944,"rprd":51.962272905636,"rpsigma":"0","acre":1233.5054348373,"lacre":1233.5054348373,"oldacre":"1220.6786055168"},"endType":"forfeit"}