{"seed":[61234,44691,11620,8081],"turns":30,"p1":"Traine✘ Sebastian","p2":"Multistripe멀티 줄무늬","p1team":[{"name":"Honeydew","species":"swampert","item":"swampertite","ability":"Damp","moves":["rest","curse","earthquake","icepunch"],"nature":"Careful","evs":{"hp":248,"atk":8,"def":0,"spa":0,"spd":252,"spe":0},"gender":"M","ivs":{"hp":31,"atk":31,"def":31,"spa":31,"spd":31,"spe":31}},{"name":"Politoed","species":"Politoed","item":"leftovers","ability":"Drizzle","moves":["scald","toxic","protect","icebeam"],"nature":"Bold","evs":{"hp":252,"atk":0,"def":252,"spa":4,"spd":0,"spe":0},"gender":"F","shiny":true,"ivs":{"hp":31,"atk":31,"def":31,"spa":31,"spd":31,"spe":31}},{"name":"Tentacruel","species":"Tentacruel","item":"blacksludge","ability":"Clear Body","moves":["scald","toxicspikes","rapidspin","sludgebomb"],"nature":"Timid","evs":{"hp":0,"atk":0,"def":0,"spa":252,"spd":4,"spe":252},"gender":"M","ivs":{"hp":31,"atk":31,"def":31,"spa":31,"spd":31,"spe":31}},{"name":"Keldeo-Resolute","species":"Keldeo-Resolute","item":"expertbelt","ability":"Justified","moves":["secretsword","scald","icywind","hydropump"],"nature":"Timid","evs":{"hp":0,"atk":0,"def":0,"spa":252,"spd":4,"spe":252},"ivs":{"hp":31,"atk":31,"def":31,"spa":31,"spd":31,"spe":31}},{"name":"Water Doge","species":"suicune","item":"leftovers","ability":"Pressure","moves":["calmmind","rest","scald","sleeptalk"],"nature":"Bold","evs":{"hp":252,"atk":0,"def":252,"spa":0,"spd":4,"spe":0},"shiny":true,"ivs":{"hp":31,"atk":31,"def":31,"spa":31,"spd":31,"spe":31}},{"name":"Starmie","species":"Starmie","item":"choicespecs","ability":"Analytic","moves":["psychic","thunderbolt","icebeam","dazzlinggleam"],"nature":"Timid","evs":{"hp":0,"atk":0,"def":0,"spa":252,"spd":4,"spe":252},"shiny":true,"ivs":{"hp":31,"atk":31,"def":31,"spa":31,"spd":31,"spe":31}}],"p2team":[{"name":"ラティオス","species":"latios","item":"choicescarf","ability":"Levitate","moves":["shadowball","dragonpulse","psyshock","icebeam"],"nature":"Timid","evs":{"hp":0,"atk":0,"def":4,"spa":252,"spd":0,"spe":252},"ivs":{"hp":31,"atk":0,"def":31,"spa":31,"spd":31,"spe":31}},{"name":"キュレム","species":"kyuremblack","item":"lifeorb","ability":"Teravolt","moves":["icebeam","outrage","fusionbolt","ironhead"],"nature":"Naive","evs":{"hp":0,"atk":100,"def":0,"spa":180,"spd":0,"spe":228},"shiny":true,"ivs":{"hp":31,"atk":31,"def":31,"spa":31,"spd":31,"spe":31}},{"name":"ボーマンダ","species":"salamence","item":"choicescarf","ability":"Moxie","moves":["outrage","aerialace","steelwing","earthquake"],"nature":"Jolly","evs":{"hp":0,"atk":252,"def":4,"spa":0,"spd":0,"spe":252},"ivs":{"hp":31,"atk":31,"def":31,"spa":31,"spd":31,"spe":31}},{"name":"サザンドラ","species":"hydreigon","item":"choicespecs","ability":"Levitate","moves":["darkpulse","flamethrower","dracometeor","flashcannon"],"nature":"Modest","evs":{"hp":0,"atk":0,"def":4,"spa":252,"spd":0,"spe":252},"shiny":true,"ivs":{"hp":31,"atk":31,"def":31,"spa":31,"spd":31,"spe":31}},{"name":"ガブリアス","species":"garchomp","item":"rockyhelmet","ability":"Rough Skin","moves":["stealthrock","earthquake","dragontail","endure"],"nature":"Impish","evs":{"hp":252,"atk":0,"def":232,"spa":0,"spd":24,"spe":0},"ivs":{"hp":31,"atk":31,"def":31,"spa":31,"spd":31,"spe":31}},{"name":"ラティアス","species":"latias","item":"latiasite","ability":"Levitate","moves":["calmmind","recover","psyshock","dragonbreath"],"nature":"Bold","evs":{"hp":252,"atk":0,"def":224,"spa":0,"spd":0,"spe":32},"ivs":{"hp":31,"atk":0,"def":31,"spa":31,"spd":31,"spe":31}}],"log":["|player|p1|Traine✘ Sebastian|161","|player|p2|Multistripe멀티 줄무늬|alliancewutang.png","|gametype|singles","|gen|6","|tier|Monotype","|rated","|rule|Baton Pass Clause: Limit one Baton Passer, can't pass Spe and other stats simultaneously","|rule|Swagger Clause: Swagger is banned","|rule|Same Type Clause: Pokémon in a team must share a type","|clearpoke","|poke|p1|Swampert, M","|poke|p1|Politoed, F, shiny","|poke|p1|Tentacruel, M","|poke|p1|Keldeo-Resolute","|poke|p1|Suicune, shiny","|poke|p1|Starmie, shiny","|poke|p2|Latios, M","|poke|p2|Kyurem-Black, shiny","|poke|p2|Salamence, M","|poke|p2|Hydreigon, M, shiny","|poke|p2|Garchomp, M","|poke|p2|Latias, F","|rule|Sleep Clause Mod: Limit one foe put to sleep","|rule|Species Clause: Limit one of each Pokémon","|rule|OHKO Clause: OHKO moves are banned","|rule|Moody Clause: Moody is banned","|rule|Evasion Moves Clause: Evasion moves are banned","|rule|Endless Battle Clause: Forcing endless battles is banned","|rule|HP Percentage Mod: HP is shown in percentages","|teampreview","|","|start","|switch|p1a: Politoed|Politoed, F, shiny|384/384","|switch|p2a: キュレム|Kyurem-Black, shiny|391/391","|-ability|p2a: キュレム|Teravolt","|-weather|RainDance","|turn|1","|","|move|p1a: Politoed|Protect|p1a: Politoed","|-singleturn|p1a: Politoed|Protect","|move|p2a: キュレム|Fusion Bolt|p1a: Politoed","|-activate|p1a: Politoed|Protect","|","|-weather|RainDance|[upkeep]","|turn|2","|","|switch|p1a: Honeydew|Swampert, M|403/403","|move|p2a: キュレム|Ice Beam|p1a: Honeydew","|-damage|p1a: Honeydew|250/403","|-damage|p2a: キュレム|352/391|[from] item: Life Orb","|","|-weather|RainDance|[upkeep]","|turn|3","|","|switch|p2a: ガブリアス|Garchomp, M|420/420","|detailschange|p1a: Honeydew|Swampert-Mega, M","|-mega|p1a: Honeydew|Swampert|Swampertite","|move|p1a: Honeydew|Earthquake|p2a: ガブリアス","|-damage|p2a: ガブリアス|296/420","|","|-weather|RainDance|[upkeep]","|turn|4","|","|move|p1a: Honeydew|Ice Punch|p2a: ガブリアス","|-supereffective|p2a: ガブリアス","|-damage|p2a: ガブリアス|60/420","|-damage|p1a: Honeydew|200/403|[from] ability: Rough Skin|[of] p2a: ガブリアス","|-damage|p1a: Honeydew|133/403|[from] item: Rocky Helmet|[of] p2a: ガブリアス","|move|p2a: ガブリアス|Stealth Rock|p1a: Honeydew","|-sidestart|p1: Traine✘ Sebastian|move: Stealth Rock","|","|-weather|RainDance|[upkeep]","|turn|5","|","|move|p2a: ガブリアス|Endure|p2a: ガブリアス","|-singleturn|p2a: ガブリアス|move: Endure","|move|p1a: Honeydew|Earthquake|p2a: ガブリアス","|-crit|p2a: ガブリアス","|-activate|p2a: ガブリアス|move: Endure","|-damage|p2a: ガブリアス|1/420","|","|-weather|none","|turn|6","|","|switch|p2a: ラティオス|Latios, M|301/301","|move|p1a: Honeydew|Rest|p1a: Honeydew","|-status|p1a: Honeydew|slp","|-heal|p1a: Honeydew|403/403 slp|[silent]","|-status|p1a: Honeydew|slp|[from] move: Rest","|","|turn|7","|","|switch|p1a: Water Doge|Suicune, shiny|404/404","|-damage|p1a: Water Doge|354/404|[from] Stealth Rock","|-ability|p1a: Water Doge|Pressure","|move|p2a: ラティオス|Psyshock|p1a: Water Doge","|-damage|p1a: Water Doge|257/404","|","|-heal|p1a: Water Doge|282/404|[from] item: Leftovers","|turn|8","|","|switch|p2a: キュレム|Kyurem-Black, shiny|352/391","|-ability|p2a: キュレム|Teravolt","|move|p1a: Water Doge|Scald|p2a: キュレム","|-crit|p2a: キュレム","|-resisted|p2a: キュレム","|-damage|p2a: キュレム|268/391","|","|-heal|p1a: Water Doge|307/404|[from] item: Leftovers","|turn|9","|","|switch|p1a: Honeydew|Swampert-Mega, M|403/403 slp","|-damage|p1a: Honeydew|378/403 slp|[from] Stealth Rock","|move|p2a: キュレム|Fusion Bolt|p1a: Honeydew","|-immune|p1a: Honeydew|[msg]","|","|turn|10","|","|switch|p2a: ガブリアス|Garchomp, M|1/420","|cant|p1a: Honeydew|slp","|","|turn|11","|","|move|p2a: ガブリアス|Earthquake|p1a: Honeydew","|-crit|p1a: Honeydew","|-damage|p1a: Honeydew|179/403 slp","|cant|p1a: Honeydew|slp","|","|turn|12","|","|move|p2a: ガブリアス|Earthquake|p1a: Honeydew","|-damage|p1a: Honeydew|53/403 slp","|-curestatus|p1a: Honeydew|slp","|move|p1a: Honeydew|Curse|p1a: Honeydew","|-unboost|p1a: Honeydew|spe|1","|-boost|p1a: Honeydew|atk|1","|-boost|p1a: Honeydew|def|1","|","|turn|13","|","|move|p2a: ガブリアス|Earthquake|p1a: Honeydew","|-damage|p1a: Honeydew|0 fnt","|faint|p1a: Honeydew","|","|","|switch|p1a: Tentacruel|Tentacruel, M|301/301","|-damage|p1a: Tentacruel|264/301|[from] Stealth Rock","|turn|14","|","|move|p1a: Tentacruel|Rapid Spin|p2a: ガブリアス","|-damage|p2a: ガブリアス|0 fnt","|-damage|p1a: Tentacruel|227/301|[from] ability: Rough Skin|[of] p2a: ガブリアス","|-damage|p1a: Tentacruel|177/301|[from] item: Rocky Helmet|[of] p2a: ガブリアス","|-sideend|p1: Traine✘ Sebastian|Stealth Rock|[from] move: Rapid Spin|[of] p1a: Tentacruel","|faint|p2a: ガブリアス","|","|-heal|p1a: Tentacruel|195/301|[from] item: Black Sludge","|","|switch|p2a: キュレム|Kyurem-Black, shiny|268/391","|-ability|p2a: キュレム|Teravolt","|turn|15","|","|move|p1a: Tentacruel|Toxic Spikes|p2a: キュレム","|-sidestart|p2: Multistripe멀티 줄무늬|move: Toxic Spikes","|move|p2a: キュレム|Fusion Bolt|p1a: Tentacruel","|-supereffective|p1a: Tentacruel","|-damage|p1a: Tentacruel|0 fnt","|-damage|p2a: キュレム|229/391|[from] item: Life Orb","|faint|p1a: Tentacruel","|","|","|switch|p1a: Keldeo-Resolute|Keldeo-Resolute|323/323","|turn|16","|","|switch|p2a: ラティオス|Latios, M|301/301","|move|p1a: Keldeo-Resolute|Secret Sword|p2a: ラティオス","|-resisted|p2a: ラティオス","|-damage|p2a: ラティオス|217/301","|","|turn|17","|","|switch|p1a: Politoed|Politoed, F, shiny|384/384","|-weather|RainDance","|move|p2a: ラティオス|Dragon Pulse|p1a: Politoed","|-damage|p1a: Politoed|231/384","|","|-weather|RainDance|[upkeep]","|-heal|p1a: Politoed|255/384|[from] item: Leftovers","|turn|18","|","|move|p2a: ラティオス|Dragon Pulse|p1a: Politoed","|-damage|p1a: Politoed|113/384","|move|p1a: Politoed|Ice Beam|p2a: ラティオス","|-supereffective|p2a: ラティオス","|-damage|p2a: ラティオス|91/301","|","|-weather|RainDance|[upkeep]","|-heal|p1a: Politoed|137/384|[from] item: Leftovers","|turn|19","|","|move|p1a: Politoed|Protect|p1a: Politoed","|-singleturn|p1a: Politoed|Protect","|move|p2a: ラティオス|Dragon Pulse|p1a: Politoed","|-activate|p1a: Politoed|Protect","|","|-weather|RainDance|[upkeep]","|-heal|p1a: Politoed|161/384|[from] item: Leftovers","|turn|20","|","|move|p2a: ラティオス|Dragon Pulse|p1a: Politoed","|-damage|p1a: Politoed|2/384","|move|p1a: Politoed|Ice Beam|p2a: ラティオス","|-supereffective|p2a: ラティオス","|-damage|p2a: ラティオス|0 fnt","|faint|p2a: ラティオス","|","|-weather|RainDance|[upkeep]","|-heal|p1a: Politoed|26/384|[from] item: Leftovers","|","|switch|p2a: ボーマンダ|Salamence, M|331/331","|turn|21","|","|move|p2a: ボーマンダ|Aerial Ace|p1a: Politoed","|-damage|p1a: Politoed|0 fnt","|faint|p1a: Politoed","|-boost|p2a: ボーマンダ|atk|1|[from] ability: Moxie","|","|-weather|none","|","|switch|p1a: Starmie|Starmie, shiny|261/261","|turn|22","|","|move|p2a: ボーマンダ|Aerial Ace|p1a: Starmie","|-damage|p1a: Starmie|77/261","|move|p1a: Starmie|Ice Beam|p2a: ボーマンダ","|-supereffective|p2a: ボーマンダ","|-damage|p2a: ボーマンダ|0 fnt","|faint|p2a: ボーマンダ","|","|","|switch|p2a: サザンドラ|Hydreigon, M, shiny|325/325","|turn|23","|","|move|p1a: Starmie|Ice Beam|p2a: サザンドラ","|-supereffective|p2a: サザンドラ","|-damage|p2a: サザンドラ|9/325","|move|p2a: サザンドラ|Draco Meteor|p1a: Starmie","|-damage|p1a: Starmie|0 fnt","|-unboost|p2a: サザンドラ|spa|2","|faint|p1a: Starmie","|","|","|switch|p1a: Water Doge|Suicune, shiny|307/404","|-ability|p1a: Water Doge|Pressure","|turn|24","|","|move|p2a: サザンドラ|Draco Meteor|p1a: Water Doge","|-damage|p1a: Water Doge|135/404","|-unboost|p2a: サザンドラ|spa|2","|move|p1a: Water Doge|Calm Mind|p1a: Water Doge","|-boost|p1a: Water Doge|spa|1","|-boost|p1a: Water Doge|spd|1","|","|-heal|p1a: Water Doge|160/404|[from] item: Leftovers","|turn|25","|","|switch|p2a: キュレム|Kyurem-Black, shiny|229/391","|-status|p2a: キュレム|psn","|-ability|p2a: キュレム|Teravolt","|move|p1a: Water Doge|Rest|p1a: Water Doge","|-status|p1a: Water Doge|slp","|-heal|p1a: Water Doge|404/404 slp|[silent]","|-status|p1a: Water Doge|slp|[from] move: Rest","|","|-damage|p2a: キュレム|181/391 psn|[from] psn","|turn|26","|","|move|p2a: キュレム|Fusion Bolt|p1a: Water Doge","|-supereffective|p1a: Water Doge","|-damage|p1a: Water Doge|196/404 slp","|-damage|p2a: キュレム|142/391 psn|[from] item: Life Orb","|cant|p1a: Water Doge|slp","|move|p1a: Water Doge|Sleep Talk|p1a: Water Doge","|move|p1a: Water Doge|Scald|p2a: キュレム|[from]Sleep Talk","|-resisted|p2a: キュレム","|-damage|p2a: キュレム|69/391 psn","|","|-heal|p1a: Water Doge|221/404 slp|[from] item: Leftovers","|-damage|p2a: キュレム|21/391 psn|[from] psn","|turn|27","|","|move|p2a: キュレム|Fusion Bolt|p1a: Water Doge","|-supereffective|p1a: Water Doge","|-damage|p1a: Water Doge|0 fnt","|-damage|p2a: キュレム|0 fnt|[from] item: Life Orb","|faint|p1a: Water Doge","|faint|p2a: キュレム","|","|","|switch|p1a: Keldeo-Resolute|Keldeo-Resolute|323/323","|switch|p2a: ラティアス|Latias, F|364/364","|turn|28","|","|detailschange|p2a: ラティアス|Latias-Mega, F","|-mega|p2a: ラティアス|Latias|Latiasite","|move|p1a: Keldeo-Resolute|Icy Wind|p2a: ラティアス","|-supereffective|p2a: ラティアス","|-damage|p2a: ラティアス|242/364","|-unboost|p2a: ラティアス|spe|1","|move|p2a: ラティアス|Calm Mind|p2a: ラティアス","|-boost|p2a: ラティアス|spa|1","|-boost|p2a: ラティアス|spd|1","|","|turn|29","|","|move|p1a: Keldeo-Resolute|Secret Sword|p2a: ラティアス","|-resisted|p2a: ラティアス","|-damage|p2a: ラティアス|191/364","|move|p2a: ラティアス|Recover|p2a: ラティアス","|-heal|p2a: ラティアス|364/364","|","|turn|30","|","|move|p1a: Keldeo-Resolute|Icy Wind|p2a: ラティアス","|-supereffective|p2a: ラティアス","|-damage|p2a: ラティアス|287/364","|-unboost|p2a: ラティアス|spe|1","|move|p2a: ラティアス|Psyshock|p1a: Keldeo-Resolute","|-supereffective|p1a: Keldeo-Resolute","|-damage|p1a: Keldeo-Resolute|0 fnt","|faint|p1a: Keldeo-Resolute","|","|win|Multistripe멀티 줄무늬"],"p1rating":{"entryid":"7497648","serverid":"eos","formatid":"monotype","userid":"trainesebastian","username":"Traine✘ Sebastian","w":"5","l":2,"t":"0","gxe":58.2,"r":"1586.0748834996","rd":"99.150231573095","sigma":"0","rptime":"1439197200","rpr":1564.4274408057,"rprd":95.662057703806,"rpsigma":"0","acre":1103.4755139259,"lacre":1103.4755139259,"oldacre":"1122.8809783161"},"p2rating":{"entryid":"7509737","serverid":"eos","formatid":"monotype","userid":"multistripe","username":"Multistripe멀티 줄무늬","w":10,"l":"2","t":"0","gxe":69.1,"r":"1640.0465529628","rd":"84.797878975281","sigma":"0","rptime":"1439197200","rpr":1656.0365484284,"rprd":82.635144207392,"rpsigma":"0","acre":1221.3743727985,"lacre":1221.3743727985,"oldacre":"1201.9689084083"},"endType":"normal"}