{"seed":[14357,11639,19130,62247],"turns":27,"p1":"alliance - ed wins","p2":"Freelancer Photon","p1team":[{"name":"Generic Fairy V2.1","species":"diancie","item":"leftovers","ability":"Clear Body","moves":["stealthrock","trickroom","diamondstorm","explosion"],"nature":"Brave","evs":{"hp":248,"atk":252,"def":8,"spa":0,"spd":0,"spe":0},"ivs":{"hp":31,"atk":31,"def":31,"spa":31,"spd":31,"spe":0}},{"name":"Anon Twink","species":"sylveon","item":"choicespecs","ability":"Pixilate","moves":["hypervoice","hiddenpowerfire","psyshock","shadowball"],"nature":"Quiet","evs":{"hp":248,"atk":0,"def":8,"spa":252,"spd":0,"spe":0},"gender":"M","ivs":{"hp":31,"atk":0,"def":31,"spa":30,"spd":31,"spe":0}},{"name":"Urine Trouble","species":"azumarill","item":"lifeorb","ability":"Huge Power","moves":["playrough","waterfall","superpower","aquajet"],"nature":"Brave","evs":{"hp":248,"atk":252,"def":0,"spa":0,"spd":8,"spe":0},"gender":"M","ivs":{"hp":31,"atk":31,"def":31,"spa":31,"spd":31,"spe":0},"shiny":true},{"name":"Gardevoir-Senpai","species":"gardevoir","item":"gardevoirite","ability":"Trace","moves":["hypervoice","focusblast","trickroom","healingwish"],"nature":"Quiet","evs":{"hp":248,"atk":0,"def":8,"spa":252,"spd":0,"spe":0},"gender":"M","ivs":{"hp":31,"atk":0,"def":31,"spa":31,"spd":31,"spe":0},"shiny":true},{"name":"Janitors Fren","species":"klefki","item":"lightclay","ability":"Prankster","moves":["reflect","lightscreen","foulplay","spikes"],"nature":"Bold","evs":{"hp":248,"atk":0,"def":252,"spa":0,"spd":8,"spe":0},"ivs":{"hp":31,"atk":0,"def":31,"spa":31,"spd":31,"spe":31}},{"name":"'Murica","species":"togekiss","item":"choicescarf","ability":"Serene Grace","moves":["airslash","fireblast","dazzlinggleam","trick"],"nature":"Timid","evs":{"hp":0,"atk":0,"def":0,"spa":252,"spd":4,"spe":252},"ivs":{"hp":31,"atk":0,"def":31,"spa":31,"spd":31,"spe":31}}],"p2team":[{"name":"Sceptile","species":"Sceptile","item":"choiceband","ability":"Unburden","moves":["leafblade","earthquake","outrage","thunderpunch"],"nature":"Jolly","evs":{"hp":0,"atk":252,"def":0,"spa":0,"spd":4,"spe":252},"ivs":{"hp":31,"atk":31,"def":31,"spa":31,"spd":31,"spe":31}},{"name":"Venusaur","species":"Venusaur","item":"venusaurite","ability":"Overgrow","moves":["curse","synthesis","earthquake","petalblizzard"],"nature":"Adamant","evs":{"hp":248,"atk":252,"def":0,"spa":0,"spd":8,"spe":0},"ivs":{"hp":31,"atk":31,"def":31,"spa":31,"spd":31,"spe":31}},{"name":"Ludicolo","species":"Ludicolo","item":"choicespecs","ability":"Own Tempo","moves":["energyball","hiddenpowerfire","surf","icebeam"],"nature":"Modest","evs":{"hp":0,"atk":0,"def":0,"spa":252,"spd":4,"spe":252},"ivs":{"hp":31,"atk":30,"def":31,"spa":30,"spd":31,"spe":30}},{"name":"Ferrothorn","species":"Ferrothorn","item":"rockyhelmet","ability":"Iron Barbs","moves":["leechseed","stealthrock","thunderwave","gyroball"],"nature":"Relaxed","evs":{"hp":252,"atk":0,"def":252,"spa":0,"spd":0,"spe":0},"ivs":{"hp":31,"atk":31,"def":31,"spa":31,"spd":31,"spe":0}},{"name":"Celebi","species":"Celebi","item":"lifeorb","ability":"Natural Cure","moves":["stealthrock","psychic","dazzlinggleam","gigadrain"],"nature":"Timid","evs":{"hp":0,"atk":0,"def":0,"spa":252,"spd":4,"spe":252},"ivs":{"hp":31,"atk":31,"def":31,"spa":31,"spd":31,"spe":31}},{"name":"Roserade","species":"Roserade","item":"choicescarf","ability":"Technician","moves":["sludgebomb","energyball","hiddenpowerice","shadowball"],"nature":"Modest","evs":{"hp":0,"atk":0,"def":0,"spa":252,"spd":0,"spe":252},"ivs":{"hp":31,"atk":30,"def":30,"spa":31,"spd":31,"spe":31}}],"log":["|player|p1|alliance - ed wins|allianceedwins.gif","|player|p2|Freelancer Photon|66","|gametype|singles","|gen|6","|tier|Monotype","|rated","|rule|Baton Pass Clause: Limit one Baton Passer, can't pass Spe and other stats simultaneously","|rule|Swagger Clause: Swagger is banned","|rule|Same Type Clause: Pokémon in a team must share a type","|clearpoke","|poke|p1|Diancie","|poke|p1|Sylveon, M","|poke|p1|Azumarill, M, shiny","|poke|p1|Gardevoir, M, shiny","|poke|p1|Klefki, M","|poke|p1|Togekiss, M","|poke|p2|Sceptile, M","|poke|p2|Venusaur, F","|poke|p2|Ludicolo, M","|poke|p2|Ferrothorn, F","|poke|p2|Celebi","|poke|p2|Roserade, F","|rule|Sleep Clause Mod: Limit one foe put to sleep","|rule|Species Clause: Limit one of each Pokémon","|rule|OHKO Clause: OHKO moves are banned","|rule|Moody Clause: Moody is banned","|rule|Evasion Moves Clause: Evasion moves are banned","|rule|Endless Battle Clause: Forcing endless battles is banned","|rule|HP Percentage Mod: HP is shown in percentages","|teampreview","|","|start","|switch|p1a: 'Murica|Togekiss, M|311/311","|switch|p2a: Ludicolo|Ludicolo, M|301/301","|turn|1","|","|switch|p2a: Ferrothorn|Ferrothorn, F|352/352","|move|p1a: 'Murica|Air Slash|p2a: Ferrothorn","|-damage|p2a: Ferrothorn|249/352","|","|turn|2","|","|switch|p1a: Urine Trouble|Azumarill, M, shiny|403/403","|move|p2a: Ferrothorn|Thunder Wave|p1a: Urine Trouble","|-status|p1a: Urine Trouble|par","|","|turn|3","|","|move|p2a: Ferrothorn|Leech Seed|p1a: Urine Trouble","|-start|p1a: Urine Trouble|move: Leech Seed","|cant|p1a: Urine Trouble|par","|","|-damage|p1a: Urine Trouble|353/403 par|[from] Leech Seed|[of] p2a: Ferrothorn","|-heal|p2a: Ferrothorn|299/352|[silent]","|turn|4","|","|move|p2a: Ferrothorn|Stealth Rock|p1a: Urine Trouble","|-sidestart|p1: alliance - ed wins|move: Stealth Rock","|move|p1a: Urine Trouble|Superpower|p2a: Ferrothorn","|-supereffective|p2a: Ferrothorn","|-damage|p2a: Ferrothorn|16/352","|-damage|p1a: Urine Trouble|303/403 par|[from] ability: Iron Barbs|[of] p2a: Ferrothorn","|-damage|p1a: Urine Trouble|236/403 par|[from] item: Rocky Helmet|[of] p2a: Ferrothorn","|-unboost|p1a: Urine Trouble|atk|1","|-unboost|p1a: Urine Trouble|def|1","|-damage|p1a: Urine Trouble|196/403 par|[from] item: Life Orb","|","|-damage|p1a: Urine Trouble|146/403 par|[from] Leech Seed|[of] p2a: Ferrothorn","|-heal|p2a: Ferrothorn|66/352|[silent]","|turn|5","|","|switch|p1a: Anon Twink|Sylveon, M|393/393","|-damage|p1a: Anon Twink|344/393|[from] Stealth Rock","|move|p2a: Ferrothorn|Gyro Ball|p1a: Anon Twink","|-supereffective|p1a: Anon Twink","|-damage|p1a: Anon Twink|138/393","|","|turn|6","|","|move|p1a: Anon Twink|Hyper Voice|p2a: Ferrothorn","|-resisted|p2a: Ferrothorn","|-damage|p2a: Ferrothorn|0 fnt","|faint|p2a: Ferrothorn","|","|","|switch|p2a: Roserade|Roserade, F|261/261","|turn|7","|","|switch|p1a: Janitors Fren|Klefki, M|317/317","|-damage|p1a: Janitors Fren|298/317|[from] Stealth Rock","|move|p2a: Roserade|Sludge Bomb|p1a: Janitors Fren","|-immune|p1a: Janitors Fren|[msg]","|","|turn|8","|","|switch|p2a: Ludicolo|Ludicolo, M|301/301","|switch|p1a: Anon Twink|Sylveon, M|138/393","|-damage|p1a: Anon Twink|89/393|[from] Stealth Rock","|","|turn|9","|","|move|p2a: Ludicolo|Surf|p1a: Anon Twink","|-damage|p1a: Anon Twink|0 fnt","|faint|p1a: Anon Twink","|","|","|switch|p1a: 'Murica|Togekiss, M|311/311","|-damage|p1a: 'Murica|234/311|[from] Stealth Rock","|turn|10","|","|move|p1a: 'Murica|Air Slash|p2a: Ludicolo","|-supereffective|p2a: Ludicolo","|-damage|p2a: Ludicolo|29/301","|move|p2a: Ludicolo|Surf|p1a: 'Murica","|-damage|p1a: 'Murica|62/311","|","|turn|11","|","|move|p1a: 'Murica|Air Slash|p2a: Ludicolo","|-supereffective|p2a: Ludicolo","|-damage|p2a: Ludicolo|0 fnt","|faint|p2a: Ludicolo","|","|","|switch|p2a: Roserade|Roserade, F|261/261","|turn|12","|","|switch|p1a: Janitors Fren|Klefki, M|298/317","|-damage|p1a: Janitors Fren|279/317|[from] Stealth Rock","|move|p2a: Roserade|Sludge Bomb|p1a: Janitors Fren","|-immune|p1a: Janitors Fren|[msg]","|","|turn|13","|","|switch|p2a: Venusaur|Venusaur, F|363/363","|move|p1a: Janitors Fren|Spikes|p2a: Venusaur","|-sidestart|p2: Freelancer Photon|Spikes","|","|turn|14","|","|detailschange|p2a: Venusaur|Venusaur-Mega, F","|-mega|p2a: Venusaur|Venusaur|Venusaurite","|move|p1a: Janitors Fren|Light Screen|p1a: Janitors Fren","|-sidestart|p1: alliance - ed wins|move: Light Screen","|move|p2a: Venusaur|Curse|p2a: Venusaur","|-unboost|p2a: Venusaur|spe|1","|-boost|p2a: Venusaur|atk|1","|-boost|p2a: Venusaur|def|1","|","|turn|15","|","|move|p1a: Janitors Fren|Reflect|p1a: Janitors Fren","|-sidestart|p1: alliance - ed wins|Reflect","|move|p2a: Venusaur|Earthquake|p1a: Janitors Fren","|-supereffective|p1a: Janitors Fren","|-damage|p1a: Janitors Fren|151/317","|","|turn|16","|","|switch|p1a: Gardevoir-Senpai|Gardevoir, M, shiny|339/339","|-damage|p1a: Gardevoir-Senpai|297/339|[from] Stealth Rock","|-ability|p1a: Gardevoir-Senpai|Thick Fat|[from] ability: Trace|[of] p2a: Venusaur","|move|p2a: Venusaur|Petal Blizzard|p1a: Gardevoir-Senpai","|-damage|p1a: Gardevoir-Senpai|142/339","|","|turn|17","|","|move|p1a: Gardevoir-Senpai|Healing Wish|p1a: Gardevoir-Senpai","|faint|p1a: Gardevoir-Senpai","|move|p2a: Venusaur|Petal Blizzard|p1: Gardevoir-Senpai|[notarget]","|-notarget","|","|","|switch|p1a: 'Murica|Togekiss, M|62/311","|-heal|p1a: 'Murica|311/311|[from] move: Healing Wish","|-damage|p1a: 'Murica|234/311|[from] Stealth Rock","|turn|18","|","|move|p1a: 'Murica|Air Slash|p2a: Venusaur|[miss]","|-miss|p1a: 'Murica|p2a: Venusaur","|move|p2a: Venusaur|Petal Blizzard|p1a: 'Murica","|-resisted|p1a: 'Murica","|-damage|p1a: 'Murica|179/311","|","|turn|19","|","|move|p1a: 'Murica|Air Slash|p2a: Venusaur","|-supereffective|p2a: Venusaur","|-damage|p2a: Venusaur|141/363","|move|p2a: Venusaur|Petal Blizzard|p1a: 'Murica","|-resisted|p1a: 'Murica","|-damage|p1a: 'Murica|126/311","|","|turn|20","|","|move|p1a: 'Murica|Air Slash|p2a: Venusaur","|-crit|p2a: Venusaur","|-supereffective|p2a: Venusaur","|-damage|p2a: Venusaur|0 fnt","|faint|p2a: Venusaur","|","|","|switch|p2a: Roserade|Roserade, F|261/261","|-damage|p2a: Roserade|229/261|[from] Spikes","|turn|21","|","|switch|p1a: Generic Fairy V2.1|Diancie|303/303","|-damage|p1a: Generic Fairy V2.1|266/303|[from] Stealth Rock","|move|p2a: Roserade|Sludge Bomb|p1a: Generic Fairy V2.1","|-damage|p1a: Generic Fairy V2.1|209/303","|-status|p1a: Generic Fairy V2.1|psn","|","|-heal|p1a: Generic Fairy V2.1|227/303 psn|[from] item: Leftovers","|-damage|p1a: Generic Fairy V2.1|190/303 psn|[from] psn","|-sideend|p1: alliance - ed wins|move: Light Screen","|turn|22","|","|switch|p2a: Celebi|Celebi|341/341","|-damage|p2a: Celebi|299/341|[from] Spikes","|move|p1a: Generic Fairy V2.1|Trick Room|p1a: Generic Fairy V2.1","|-fieldstart|move: Trick Room|[of] p1a: Generic Fairy V2.1","|","|-heal|p1a: Generic Fairy V2.1|208/303 psn|[from] item: Leftovers","|-damage|p1a: Generic Fairy V2.1|171/303 psn|[from] psn","|-sideend|p1: alliance - ed wins|Reflect","|turn|23","|","|move|p1a: Generic Fairy V2.1|Explosion|p2a: Celebi","|-damage|p2a: Celebi|9/341","|faint|p1a: Generic Fairy V2.1","|move|p2a: Celebi|Giga Drain|p1: Generic Fairy V2.1|[notarget]","|-notarget","|","|","|switch|p1a: Urine Trouble|Azumarill, M, shiny|146/403 par","|-damage|p1a: Urine Trouble|96/403 par|[from] Stealth Rock","|turn|24","|","|move|p1a: Urine Trouble|Aqua Jet|p2a: Celebi","|-resisted|p2a: Celebi","|-damage|p2a: Celebi|0 fnt","|-damage|p1a: Urine Trouble|56/403 par|[from] item: Life Orb","|faint|p2a: Celebi","|","|","|switch|p2a: Sceptile|Sceptile, M|281/281","|-damage|p2a: Sceptile|246/281|[from] Spikes","|turn|25","|","|move|p1a: Urine Trouble|Play Rough|p2a: Sceptile","|-damage|p2a: Sceptile|0 fnt","|-damage|p1a: Urine Trouble|16/403 par|[from] item: Life Orb","|faint|p2a: Sceptile","|","|","|switch|p2a: Roserade|Roserade, F|229/261","|-damage|p2a: Roserade|197/261|[from] Spikes","|turn|26","|","|move|p1a: Urine Trouble|Play Rough|p2a: Roserade","|-resisted|p2a: Roserade","|-damage|p2a: Roserade|14/261","|-damage|p1a: Urine Trouble|0 fnt|[from] item: Life Orb","|faint|p1a: Urine Trouble","|move|p2a: Roserade|Shadow Ball|p1: Urine Trouble|[notarget]","|-notarget","|","|-fieldend|move: Trick Room","|","|switch|p1a: Janitors Fren|Klefki, M|151/317","|-damage|p1a: Janitors Fren|132/317|[from] Stealth Rock","|turn|27","|","|move|p2a: Roserade|Shadow Ball|p1a: Janitors Fren","|-damage|p1a: Janitors Fren|13/317","|move|p1a: Janitors Fren|Foul Play|p2a: Roserade","|-damage|p2a: Roserade|0 fnt","|faint|p2a: Roserade","|","|win|alliance - ed wins"],"p1rating":{"entryid":"7432721","serverid":"eos","formatid":"monotype","userid":"allianceedwins","username":"alliance - ed wins","w":22,"l":"4","t":"0","gxe":76.1,"r":"1676.9209256086","rd":"73.702044392138","sigma":"0","rptime":"1439110800","rpr":1721.3882349319,"rprd":66.791185368619,"rpsigma":"0","acre":1326.8743078887,"lacre":1326.8743078887,"oldacre":"1319.0484210742"},"p2rating":{"entryid":"7529200","serverid":"eos","formatid":"monotype","userid":"freelancerphoton","username":"Freelancer Photon","w":"2","l":1,"t":"0","gxe":56,"r":"1500","rd":"130","sigma":"0","rptime":"1439110800","rpr":1547.8391389454,"rprd":112.13270210657,"rpsigma":"0","acre":1065.2346424367,"lacre":1065.2346424367,"oldacre":"1073.4592119293"},"endType":"normal"}