{"seed":[48794,9923,64008,65494],"turns":62,"p1":"SailorStarshine","p2":"Intern Twizz","p1team":[{"name":"Klefki","species":"Klefki","item":"choicescarf","ability":"Prankster","moves":["thunderwave","calmmind","switcheroo","drainingkiss"],"nature":"Bold","evs":{"hp":252,"atk":0,"def":252,"spa":4,"spd":0,"spe":0},"ivs":{"hp":31,"atk":31,"def":31,"spa":31,"spd":31,"spe":31}},{"name":"Togekiss","species":"Togekiss","item":"babiriberry","ability":"Serene Grace","moves":["flamethrower","airslash","roost","nastyplot"],"nature":"Calm","evs":{"hp":248,"atk":0,"def":0,"spa":8,"spd":252,"spe":0},"ivs":{"hp":31,"atk":31,"def":31,"spa":31,"spd":31,"spe":31}},{"name":"Gardevoir","species":"Gardevoir","item":"assaultvest","ability":"Trace","moves":["psychic","moonblast","focusblast","energyball"],"nature":"Modest","evs":{"hp":248,"atk":0,"def":0,"spa":252,"spd":8,"spe":0},"ivs":{"hp":31,"atk":31,"def":31,"spa":31,"spd":31,"spe":31}},{"name":"Azumarill","species":"Azumarill","item":"sitrusberry","ability":"Huge Power","moves":["playrough","aquatail","superpower","icepunch"],"nature":"Adamant","evs":{"hp":248,"atk":252,"def":0,"spa":0,"spd":8,"spe":0},"ivs":{"hp":31,"atk":31,"def":31,"spa":31,"spd":31,"spe":31}},{"name":"Whimsicott","species":"Whimsicott","item":"leftovers","ability":"Prankster","moves":["stunspore","encore","leechseed","uturn"],"nature":"Bold","evs":{"hp":252,"atk":0,"def":128,"spa":0,"spd":128,"spe":0},"ivs":{"hp":31,"atk":31,"def":31,"spa":31,"spd":31,"spe":31}},{"name":"Diancie","species":"Diancie","item":"diancite","ability":"Clear Body","moves":["moonblast","diamondstorm","earthpower","protect"],"nature":"","evs":{"hp":252,"atk":0,"def":0,"spa":252,"spd":4,"spe":0},"ivs":{"hp":31,"atk":31,"def":31,"spa":31,"spd":31,"spe":31}}],"p2team":[{"name":"Magnezone","species":"Magnezone","item":"leftovers","ability":"Sturdy","moves":["flashcannon","thunderbolt","protect","hiddenpowerice"],"nature":"Modest","evs":{"hp":76,"atk":0,"def":180,"spa":252,"spd":0,"spe":0},"ivs":{"hp":31,"atk":30,"def":30,"spa":31,"spd":31,"spe":31}},{"name":"Zapdos","species":"Zapdos","item":"leftovers","ability":"Pressure","moves":["discharge","heatwave","toxic","roost"],"nature":"Bold","evs":{"hp":4,"atk":0,"def":252,"spa":56,"spd":196,"spe":0},"ivs":{"hp":31,"atk":31,"def":31,"spa":31,"spd":31,"spe":31}},{"name":"Ampharos","species":"Ampharos","item":"ampharosite","ability":"Static","moves":["cottonguard","rest","sleeptalk","dragonpulse"],"nature":"Bold","evs":{"hp":0,"atk":0,"def":252,"spa":136,"spd":120,"spe":0},"ivs":{"hp":31,"atk":31,"def":31,"spa":31,"spd":31,"spe":31}},{"name":"Raikou","species":"Raikou","item":"leftovers","ability":"Pressure","moves":["calmmind","substitute","thunderbolt","extrasensory"],"nature":"Timid","evs":{"hp":0,"atk":0,"def":0,"spa":252,"spd":4,"spe":252},"ivs":{"hp":31,"atk":31,"def":31,"spa":31,"spd":31,"spe":31}},{"name":"Rotom-Wash","species":"Rotom-Wash","item":"choicescarf","ability":"Levitate","moves":["voltswitch","hydropump","willowisp","trick"],"nature":"Timid","evs":{"hp":0,"atk":0,"def":0,"spa":252,"spd":4,"spe":252},"ivs":{"hp":31,"atk":31,"def":31,"spa":31,"spd":31,"spe":31}},{"name":"Condom","species":"eelektross","item":"assaultvest","ability":"Levitate","moves":["gigadrain","thunderbolt","drainpunch","knockoff"],"nature":"Quiet","evs":{"hp":3,"atk":136,"def":0,"spa":108,"spd":252,"spe":0},"ivs":{"hp":31,"atk":31,"def":31,"spa":31,"spd":31,"spe":31}}],"log":["|player|p1|SailorStarshine|101","|player|p2|Intern Twizz|122","|gametype|singles","|gen|6","|tier|Monotype","|rated","|rule|Baton Pass Clause: Limit one Baton Passer, can't pass Spe and other stats simultaneously","|rule|Swagger Clause: Swagger is banned","|rule|Same Type Clause: Pokémon in a team must share a type","|clearpoke","|poke|p1|Klefki, F","|poke|p1|Togekiss, M","|poke|p1|Gardevoir, M","|poke|p1|Azumarill, M","|poke|p1|Whimsicott, M","|poke|p1|Diancie","|poke|p2|Magnezone","|poke|p2|Zapdos","|poke|p2|Ampharos, M","|poke|p2|Raikou","|poke|p2|Rotom-Wash","|poke|p2|Eelektross, M","|rule|Sleep Clause Mod: Limit one foe put to sleep","|rule|Species Clause: Limit one of each Pokémon","|rule|OHKO Clause: OHKO moves are banned","|rule|Moody Clause: Moody is banned","|rule|Evasion Moves Clause: Evasion moves are banned","|rule|Endless Battle Clause: Forcing endless battles is banned","|rule|HP Percentage Mod: HP is shown in percentages","|teampreview","|","|start","|switch|p1a: Gardevoir|Gardevoir, M|339/339","|switch|p2a: Rotom-Wash|Rotom-Wash|241/241","|-ability|p1a: Gardevoir|Levitate|[from] ability: Trace|[of] p2a: Rotom-Wash","|turn|1","|","|move|p2a: Rotom-Wash|Volt Switch|p1a: Gardevoir","|-damage|p1a: Gardevoir|275/339","|","|switch|p2a: Condom|Eelektross, M|311/311","|move|p1a: Gardevoir|Energy Ball|p2a: Condom","|-damage|p2a: Condom|243/311","|-unboost|p2a: Condom|spd|1","|","|turn|2","|","|switch|p2a: Magnezone|Magnezone|300/300","|move|p1a: Gardevoir|Moonblast|p2a: Magnezone","|-resisted|p2a: Magnezone","|-damage|p2a: Magnezone|207/300","|","|-heal|p2a: Magnezone|225/300|[from] item: Leftovers","|turn|3","|","|move|p2a: Magnezone|Protect|p2a: Magnezone","|-singleturn|p2a: Magnezone|Protect","|move|p1a: Gardevoir|Focus Blast|p2a: Magnezone","|-activate|p2a: Magnezone|Protect","|","|-heal|p2a: Magnezone|243/300|[from] item: Leftovers","|turn|4","|","|switch|p2a: Condom|Eelektross, M|243/311","|move|p1a: Gardevoir|Focus Blast|p2a: Condom","|-damage|p2a: Condom|150/311","|-unboost|p2a: Condom|spd|1","|","|turn|5","|","|move|p1a: Gardevoir|Moonblast|p2a: Condom","|-damage|p2a: Condom|0 fnt","|faint|p2a: Condom","|","|","|switch|p2a: Raikou|Raikou|321/321","|-ability|p2a: Raikou|Pressure","|turn|6","|","|move|p2a: Raikou|Calm Mind|p2a: Raikou","|-boost|p2a: Raikou|spa|1","|-boost|p2a: Raikou|spd|1","|move|p1a: Gardevoir|Moonblast|p2a: Raikou","|-damage|p2a: Raikou|198/321","|-unboost|p2a: Raikou|spa|1","|","|-heal|p2a: Raikou|218/321|[from] item: Leftovers","|turn|7","|","|switch|p1a: Whimsicott|Whimsicott, M|324/324","|move|p2a: Raikou|Calm Mind|p2a: Raikou","|-boost|p2a: Raikou|spa|1","|-boost|p2a: Raikou|spd|1","|","|-heal|p2a: Raikou|238/321|[from] item: Leftovers","|turn|8","|","|switch|p2a: Rotom-Wash|Rotom-Wash|241/241","|move|p1a: Whimsicott|Encore|p2a: Rotom-Wash","|-fail|p2a: Rotom-Wash","|","|turn|9","|","|move|p1a: Whimsicott|Leech Seed|p2a: Rotom-Wash","|-start|p2a: Rotom-Wash|move: Leech Seed","|move|p2a: Rotom-Wash|Volt Switch|p1a: Whimsicott","|-resisted|p1a: Whimsicott","|-damage|p1a: Whimsicott|268/324","|","|switch|p2a: Zapdos|Zapdos|322/322","|-ability|p2a: Zapdos|Pressure","|","|-heal|p1a: Whimsicott|288/324|[from] item: Leftovers","|turn|10","|","|move|p1a: Whimsicott|U-turn|p2a: Zapdos","|-resisted|p2a: Zapdos","|-damage|p2a: Zapdos|307/322","|","|switch|p1a: Klefki|Klefki, F|318/318","|move|p2a: Zapdos|Heat Wave|p1a: Klefki","|-supereffective|p1a: Klefki","|-damage|p1a: Klefki|92/318","|","|-heal|p2a: Zapdos|322/322|[from] item: Leftovers","|turn|11","|","|move|p1a: Klefki|Switcheroo|p2a: Zapdos","|-activate|p1a: Klefki|move: Trick|[of] p2a: Zapdos","|-item|p2a: Zapdos|Choice Scarf|[from] Trick","|-item|p1a: Klefki|Leftovers|[from] Trick","|move|p2a: Zapdos|Heat Wave|p1a: Klefki","|-crit|p1a: Klefki","|-supereffective|p1a: Klefki","|-damage|p1a: Klefki|0 fnt","|faint|p1a: Klefki","|","|","|switch|p1a: Diancie|Diancie|304/304","|turn|12","|","|switch|p2a: Magnezone|Magnezone|243/300","|detailschange|p1a: Diancie|Diancie-Mega","|-mega|p1a: Diancie|Diancie|Diancite","|move|p1a: Diancie|Diamond Storm|p2a: Magnezone","|-resisted|p2a: Magnezone","|-damage|p2a: Magnezone|171/300","|","|-heal|p2a: Magnezone|189/300|[from] item: Leftovers","|turn|13","|","|switch|p1a: Gardevoir|Gardevoir, M|275/339","|-ability|p1a: Gardevoir|Sturdy|[from] ability: Trace|[of] p2a: Magnezone","|move|p2a: Magnezone|Protect|p2a: Magnezone","|-fail|p2a: Magnezone","|","|-heal|p2a: Magnezone|207/300|[from] item: Leftovers","|turn|14","|","|switch|p2a: Zapdos|Zapdos|322/322","|-ability|p2a: Zapdos|Pressure","|move|p1a: Gardevoir|Moonblast|p2a: Zapdos","|-damage|p2a: Zapdos|147/322","|-unboost|p2a: Zapdos|spa|1","|","|turn|15","|","|move|p2a: Zapdos|Roost|p2a: Zapdos","|-heal|p2a: Zapdos|308/322","|move|p1a: Gardevoir|Moonblast|p2a: Zapdos","|-damage|p2a: Zapdos|142/322","|","|turn|16","|","|move|p2a: Zapdos|Roost|p2a: Zapdos","|-heal|p2a: Zapdos|303/322","|move|p1a: Gardevoir|Moonblast|p2a: Zapdos","|-damage|p2a: Zapdos|155/322","|-unboost|p2a: Zapdos|spa|1","|","|turn|17","|","|move|p2a: Zapdos|Roost|p2a: Zapdos","|-heal|p2a: Zapdos|316/322","|move|p1a: Gardevoir|Moonblast|p2a: Zapdos","|-damage|p2a: Zapdos|156/322","|","|turn|18","|","|move|p2a: Zapdos|Roost|p2a: Zapdos","|-heal|p2a: Zapdos|317/322","|move|p1a: Gardevoir|Moonblast|p2a: Zapdos","|-damage|p2a: Zapdos|155/322","|","|turn|19","|","|move|p2a: Zapdos|Roost|p2a: Zapdos","|-heal|p2a: Zapdos|316/322","|move|p1a: Gardevoir|Moonblast|p2a: Zapdos","|-damage|p2a: Zapdos|165/322","|","|turn|20","|","|switch|p1a: Diancie|Diancie-Mega|304/304","|move|p2a: Zapdos|Roost|p2a: Zapdos","|-heal|p2a: Zapdos|322/322","|","|turn|21","|","|switch|p2a: Magnezone|Magnezone|207/300","|move|p1a: Diancie|Diamond Storm|p2a: Magnezone","|-resisted|p2a: Magnezone","|-damage|p2a: Magnezone|140/300","|-boost|p1a: Diancie|def|1","|","|-heal|p2a: Magnezone|158/300|[from] item: Leftovers","|turn|22","|","|move|p2a: Magnezone|Protect|p2a: Magnezone","|-singleturn|p2a: Magnezone|Protect","|move|p1a: Diancie|Earth Power|p2a: Magnezone","|-activate|p2a: Magnezone|Protect","|","|-heal|p2a: Magnezone|176/300|[from] item: Leftovers","|turn|23","|","|switch|p2a: Rotom-Wash|Rotom-Wash|241/241","|move|p1a: Diancie|Diamond Storm|p2a: Rotom-Wash","|-miss|p1a: Diancie|p2a: Rotom-Wash","|","|turn|24","|","|move|p1a: Diancie|Protect|p1a: Diancie","|-singleturn|p1a: Diancie|Protect","|move|p2a: Rotom-Wash|Volt Switch|p1a: Diancie","|-activate|p1a: Diancie|Protect","|","|turn|25","|","|switch|p2a: Magnezone|Magnezone|176/300","|move|p1a: Diancie|Diamond Storm|p2a: Magnezone","|-resisted|p2a: Magnezone","|-damage|p2a: Magnezone|107/300","|","|-heal|p2a: Magnezone|125/300|[from] item: Leftovers","|turn|26","|","|move|p2a: Magnezone|Protect|p2a: Magnezone","|-singleturn|p2a: Magnezone|Protect","|move|p1a: Diancie|Earth Power|p2a: Magnezone","|-activate|p2a: Magnezone|Protect","|","|-heal|p2a: Magnezone|143/300|[from] item: Leftovers","|turn|27","|","|move|p1a: Diancie|Diamond Storm|p2a: Magnezone","|-resisted|p2a: Magnezone","|-damage|p2a: Magnezone|79/300","|-boost|p1a: Diancie|def|1","|move|p2a: Magnezone|Flash Cannon|p1a: Diancie","|-supereffective|p1a: Diancie","|-damage|p1a: Diancie|0 fnt","|faint|p1a: Diancie","|","|-heal|p2a: Magnezone|97/300|[from] item: Leftovers","|","|switch|p1a: Togekiss|Togekiss, M|373/373","|turn|28","|","|move|p1a: Togekiss|Flamethrower|p2a: Magnezone","|-supereffective|p2a: Magnezone","|-damage|p2a: Magnezone|0 fnt","|faint|p2a: Magnezone","|","|","|switch|p2a: Rotom-Wash|Rotom-Wash|241/241","|turn|29","|","|move|p2a: Rotom-Wash|Volt Switch|p1a: Togekiss","|-supereffective|p1a: Togekiss","|-damage|p1a: Togekiss|235/373","|","|switch|p2a: Ampharos|Ampharos, M|321/321","|move|p1a: Togekiss|Roost|p1a: Togekiss","|-heal|p1a: Togekiss|373/373","|","|turn|30","|","|detailschange|p2a: Ampharos|Ampharos-Mega, M","|-mega|p2a: Ampharos|Ampharos|Ampharosite","|-ability|p2a: Ampharos|Mold Breaker","|move|p1a: Togekiss|Nasty Plot|p1a: Togekiss","|-boost|p1a: Togekiss|spa|2","|move|p2a: Ampharos|Dragon Pulse|p1a: Togekiss","|-immune|p1a: Togekiss|[msg]","|","|turn|31","|","|switch|p2a: Raikou|Raikou|238/321","|-ability|p2a: Raikou|Pressure","|move|p1a: Togekiss|Air Slash|p2a: Raikou","|-resisted|p2a: Raikou","|-damage|p2a: Raikou|130/321","|","|-heal|p2a: Raikou|150/321|[from] item: Leftovers","|turn|32","|","|switch|p1a: Whimsicott|Whimsicott, M|288/324","|move|p2a: Raikou|Calm Mind|p2a: Raikou","|-boost|p2a: Raikou|spa|1","|-boost|p2a: Raikou|spd|1","|","|-heal|p2a: Raikou|170/321|[from] item: Leftovers","|-heal|p1a: Whimsicott|308/324|[from] item: Leftovers","|turn|33","|","|switch|p2a: Rotom-Wash|Rotom-Wash|241/241","|move|p1a: Whimsicott|Encore|p2a: Rotom-Wash","|-fail|p2a: Rotom-Wash","|","|-heal|p1a: Whimsicott|324/324|[from] item: Leftovers","|turn|34","|","|move|p1a: Whimsicott|Leech Seed|p2a: Rotom-Wash","|-start|p2a: Rotom-Wash|move: Leech Seed","|move|p2a: Rotom-Wash|Volt Switch|p1a: Whimsicott","|-resisted|p1a: Whimsicott","|-damage|p1a: Whimsicott|261/324","|","|switch|p2a: Ampharos|Ampharos-Mega, M|321/321","|-ability|p2a: Ampharos|Mold Breaker","|","|-heal|p1a: Whimsicott|281/324|[from] item: Leftovers","|turn|35","|","|move|p1a: Whimsicott|Leech Seed|p2a: Ampharos","|-start|p2a: Ampharos|move: Leech Seed","|move|p2a: Ampharos|Dragon Pulse|p1a: Whimsicott","|-immune|p1a: Whimsicott|[msg]","|","|-heal|p1a: Whimsicott|301/324|[from] item: Leftovers","|-damage|p2a: Ampharos|281/321|[from] Leech Seed|[of] p1a: Whimsicott","|-heal|p1a: Whimsicott|324/324|[silent]","|turn|36","|","|move|p1a: Whimsicott|Leech Seed|p2a: Ampharos","|-fail|p2a: Ampharos","|move|p2a: Ampharos|Dragon Pulse|p1a: Whimsicott","|-immune|p1a: Whimsicott|[msg]","|","|-damage|p2a: Ampharos|241/321|[from] Leech Seed|[of] p1a: Whimsicott","|turn|37","|","|switch|p1a: Togekiss|Togekiss, M|373/373","|move|p2a: Ampharos|Dragon Pulse|p1a: Togekiss","|-immune|p1a: Togekiss|[msg]","|","|-damage|p2a: Ampharos|201/321|[from] Leech Seed|[of] p1a: Togekiss","|turn|38","|","|switch|p2a: Raikou|Raikou|170/321","|-ability|p2a: Raikou|Pressure","|move|p1a: Togekiss|Nasty Plot|p1a: Togekiss","|-boost|p1a: Togekiss|spa|2","|","|-heal|p2a: Raikou|190/321|[from] item: Leftovers","|turn|39","|","|move|p2a: Raikou|Calm Mind|p2a: Raikou","|-boost|p2a: Raikou|spa|1","|-boost|p2a: Raikou|spd|1","|move|p1a: Togekiss|Air Slash|p2a: Raikou","|-crit|p2a: Raikou","|-resisted|p2a: Raikou","|-damage|p2a: Raikou|30/321","|","|-heal|p2a: Raikou|50/321|[from] item: Leftovers","|turn|40","|","|move|p2a: Raikou|Thunderbolt|p1a: Togekiss","|-supereffective|p1a: Togekiss","|-damage|p1a: Togekiss|73/373","|move|p1a: Togekiss|Air Slash|p2a: Raikou","|-resisted|p2a: Raikou","|-damage|p2a: Raikou|0 fnt","|faint|p2a: Raikou","|","|","|switch|p2a: Zapdos|Zapdos|322/322","|-ability|p2a: Zapdos|Pressure","|turn|41","|","|move|p2a: Zapdos|Discharge|p1a: Togekiss","|-supereffective|p1a: Togekiss","|-damage|p1a: Togekiss|0 fnt","|faint|p1a: Togekiss","|","|","|switch|p1a: Whimsicott|Whimsicott, M|324/324","|turn|42","|","|switch|p2a: Rotom-Wash|Rotom-Wash|241/241","|move|p1a: Whimsicott|Leech Seed|p2a: Rotom-Wash","|-start|p2a: Rotom-Wash|move: Leech Seed","|","|-damage|p2a: Rotom-Wash|211/241|[from] Leech Seed|[of] p1a: Whimsicott","|turn|43","|","|move|p2a: Rotom-Wash|Volt Switch|p1a: Whimsicott","|-resisted|p1a: Whimsicott","|-damage|p1a: Whimsicott|264/324","|","|switch|p2a: Zapdos|Zapdos|322/322","|-ability|p2a: Zapdos|Pressure","|move|p1a: Whimsicott|U-turn|p2a: Zapdos","|-resisted|p2a: Zapdos","|-damage|p2a: Zapdos|308/322","|","|switch|p1a: Gardevoir|Gardevoir, M|275/339","|-ability|p1a: Gardevoir|Pressure|[from] ability: Trace|[of] p2a: Zapdos","|-ability|p1a: Gardevoir|Pressure","|","|turn|44","|","|move|p2a: Zapdos|Toxic|p1a: Gardevoir","|-status|p1a: Gardevoir|tox","|move|p1a: Gardevoir|Psychic|p2a: Zapdos","|-damage|p2a: Zapdos|148/322","|","|-damage|p1a: Gardevoir|254/339 tox|[from] psn","|turn|45","|","|switch|p2a: Ampharos|Ampharos-Mega, M|201/321","|-ability|p2a: Ampharos|Mold Breaker","|move|p1a: Gardevoir|Moonblast|p2a: Ampharos","|-supereffective|p2a: Ampharos","|-damage|p2a: Ampharos|0 fnt","|faint|p2a: Ampharos","|","|-damage|p1a: Gardevoir|212/339 tox|[from] psn","|","|switch|p2a: Rotom-Wash|Rotom-Wash|211/241","|turn|46","|","|move|p2a: Rotom-Wash|Volt Switch|p1a: Gardevoir","|-damage|p1a: Gardevoir|148/339 tox","|","|switch|p2a: Zapdos|Zapdos|148/322","|-ability|p2a: Zapdos|Pressure","|move|p1a: Gardevoir|Energy Ball|p2a: Zapdos","|-resisted|p2a: Zapdos","|-damage|p2a: Zapdos|95/322","|","|-damage|p1a: Gardevoir|85/339 tox|[from] psn","|turn|47","|","|move|p2a: Zapdos|Roost|p2a: Zapdos","|-heal|p2a: Zapdos|256/322","|move|p1a: Gardevoir|Moonblast|p2a: Zapdos","|-damage|p2a: Zapdos|100/322","|-unboost|p2a: Zapdos|spa|1","|","|-damage|p1a: Gardevoir|1/339 tox|[from] psn","|turn|48","|","|move|p2a: Zapdos|Roost|p2a: Zapdos","|-heal|p2a: Zapdos|261/322","|move|p1a: Gardevoir|Psychic|p2a: Zapdos","|-damage|p2a: Zapdos|105/322","|","|-damage|p1a: Gardevoir|0 fnt|[from] psn","|faint|p1a: Gardevoir","|","|switch|p1a: Azumarill|Azumarill, M|403/403","|turn|49","|","|switch|p2a: Rotom-Wash|Rotom-Wash|211/241","|move|p1a: Azumarill|Play Rough|p2a: Rotom-Wash|[miss]","|-miss|p1a: Azumarill|p2a: Rotom-Wash","|","|turn|50","|","|move|p2a: Rotom-Wash|Will-O-Wisp|p1a: Azumarill","|-status|p1a: Azumarill|brn","|move|p1a: Azumarill|Play Rough|p2a: Rotom-Wash","|-damage|p2a: Rotom-Wash|119/241","|","|-damage|p1a: Azumarill|353/403 brn|[from] brn","|turn|51","|","|switch|p2a: Zapdos|Zapdos|105/322","|-ability|p2a: Zapdos|Pressure","|move|p1a: Azumarill|Play Rough|p2a: Zapdos","|-damage|p2a: Zapdos|33/322","|","|-damage|p1a: Azumarill|303/403 brn|[from] brn","|turn|52","|","|move|p2a: Zapdos|Roost|p2a: Zapdos","|-heal|p2a: Zapdos|194/322","|move|p1a: Azumarill|Play Rough|p2a: Zapdos","|-damage|p2a: Zapdos|119/322","|-unboost|p2a: Zapdos|atk|1","|","|-damage|p1a: Azumarill|253/403 brn|[from] brn","|turn|53","|","|switch|p1a: Whimsicott|Whimsicott, M|264/324","|move|p2a: Zapdos|Roost|p2a: Zapdos","|-heal|p2a: Zapdos|280/322","|","|-heal|p1a: Whimsicott|284/324|[from] item: Leftovers","|turn|54","|","|switch|p2a: Rotom-Wash|Rotom-Wash|119/241","|move|p1a: Whimsicott|Encore|p2a: Rotom-Wash","|-fail|p2a: Rotom-Wash","|","|-heal|p1a: Whimsicott|304/324|[from] item: Leftovers","|turn|55","|","|move|p1a: Whimsicott|Leech Seed|p2a: Rotom-Wash","|-start|p2a: Rotom-Wash|move: Leech Seed","|move|p2a: Rotom-Wash|Will-O-Wisp|p1a: Whimsicott|[miss]","|-miss|p2a: Rotom-Wash|p1a: Whimsicott","|","|-heal|p1a: Whimsicott|324/324|[from] item: Leftovers","|-damage|p2a: Rotom-Wash|89/241|[from] Leech Seed|[of] p1a: Whimsicott","|turn|56","|","|switch|p2a: Zapdos|Zapdos|280/322","|-ability|p2a: Zapdos|Pressure","|move|p1a: Whimsicott|U-turn|p2a: Zapdos","|-resisted|p2a: Zapdos","|-damage|p2a: Zapdos|266/322","|","|switch|p1a: Azumarill|Azumarill, M|253/403 brn","|","|-damage|p1a: Azumarill|203/403 brn|[from] brn","|turn|57","|","|move|p2a: Zapdos|Discharge|p1a: Azumarill","|-supereffective|p1a: Azumarill","|-damage|p1a: Azumarill|0 fnt","|faint|p1a: Azumarill","|","|","|switch|p1a: Whimsicott|Whimsicott, M|324/324","|turn|58","|","|switch|p2a: Rotom-Wash|Rotom-Wash|89/241","|move|p1a: Whimsicott|Leech Seed|p2a: Rotom-Wash","|-start|p2a: Rotom-Wash|move: Leech Seed","|","|-damage|p2a: Rotom-Wash|59/241|[from] Leech Seed|[of] p1a: Whimsicott","|turn|59","|","|move|p2a: Rotom-Wash|Will-O-Wisp|p1a: Whimsicott","|-status|p1a: Whimsicott|brn","|move|p1a: Whimsicott|U-turn|p2a: Rotom-Wash","|-damage|p2a: Rotom-Wash|42/241","|","|-damage|p2a: Rotom-Wash|12/241|[from] Leech Seed|[of] p1a: Whimsicott","|-damage|p1a: Whimsicott|284/324 brn|[from] brn","|turn|60","|","|move|p2a: Rotom-Wash|Will-O-Wisp|p1a: Whimsicott","|-fail|p1a: Whimsicott|brn","|move|p1a: Whimsicott|U-turn|p2a: Rotom-Wash","|-damage|p2a: Rotom-Wash|0 fnt","|faint|p2a: Rotom-Wash","|","|-heal|p1a: Whimsicott|304/324 brn|[from] item: Leftovers","|-damage|p1a: Whimsicott|264/324 brn|[from] brn","|","|switch|p2a: Zapdos|Zapdos|266/322","|-ability|p2a: Zapdos|Pressure","|turn|61","|","|move|p2a: Zapdos|Heat Wave|p1a: Whimsicott","|-supereffective|p1a: Whimsicott","|-damage|p1a: Whimsicott|58/324 brn","|move|p1a: Whimsicott|U-turn|p2a: Zapdos","|-resisted|p2a: Zapdos","|-damage|p2a: Zapdos|259/322","|","|-heal|p1a: Whimsicott|78/324 brn|[from] item: Leftovers","|-damage|p1a: Whimsicott|38/324 brn|[from] brn","|turn|62","|","|move|p2a: Zapdos|Heat Wave|p1a: Whimsicott","|-supereffective|p1a: Whimsicott","|-damage|p1a: Whimsicott|0 fnt","|faint|p1a: Whimsicott","|","|win|Intern Twizz"],"p1rating":{"entryid":"7452383","serverid":"eos","formatid":"monotype","userid":"sailorstarshine","username":"SailorStarshine","w":"8","l":6,"t":"0","gxe":55.3,"r":"1482.7234913852","rd":"96.172586501384","sigma":"0","rptime":"1439197200","rpr":1541.2479006711,"rprd":79.083912438365,"rpsigma":"0","acre":1129.5298205804,"lacre":1129.5298205804,"oldacre":"1155.8337380039"},"p2rating":{"entryid":"7448162","serverid":"eos","formatid":"monotype","userid":"interntwizz","username":"Intern Twizz","w":18,"l":"17","t":"0","gxe":52.1,"r":"1508.7910353778","rd":"58.277186659641","sigma":"0","rptime":"1439197200","rpr":1516.3411561412,"rprd":56.227437774254,"rpsigma":"0","acre":1164.0001042855,"lacre":1164.0001042855,"oldacre":"1137.696186862"},"endType":"normal"}