{"seed":[55015,46681,676,44796],"turns":24,"p1":"RealDeal360","p2":"Seven Swell","p1team":[{"name":"Genesect","species":"Genesect","item":"choicescarf","ability":"Download","moves":["energyball","icebeam","uturn","ironhead"],"nature":"Hasty","evs":{"hp":0,"atk":4,"def":0,"spa":252,"spd":0,"spe":252},"ivs":{"hp":31,"atk":31,"def":31,"spa":31,"spd":31,"spe":31}},{"name":"Pinsir","species":"Pinsir","item":"pinsirite","ability":"Moxie","moves":["feint","earthquake","frustration","swordsdance"],"nature":"Jolly","evs":{"hp":252,"atk":0,"def":0,"spa":0,"spd":4,"spe":252},"happiness":0,"ivs":{"hp":31,"atk":31,"def":31,"spa":31,"spd":31,"spe":31}},{"name":"Shuckle","species":"Shuckle","item":"mentalherb","ability":"Sturdy","moves":["stealthrock","stickyweb","toxic","encore"],"nature":"Calm","evs":{"hp":248,"atk":0,"def":8,"spa":0,"spd":252,"spe":0},"ivs":{"hp":31,"atk":31,"def":31,"spa":31,"spd":31,"spe":31}},{"name":"Volcarona","species":"Volcarona","item":"lumberry","ability":"Flame Body","moves":["quiverdance","roost","hiddenpowerground","fierydance"],"nature":"Bold","evs":{"hp":248,"atk":0,"def":208,"spa":0,"spd":0,"spe":52},"ivs":{"hp":31,"atk":0,"def":31,"spa":30,"spd":30,"spe":31}},{"name":"Scizor","species":"Scizor","item":"leftovers","ability":"Technician","moves":["bulletpunch","uturn","roost","defog"],"nature":"Impish","evs":{"hp":248,"atk":8,"def":0,"spa":0,"spd":0,"spe":252},"ivs":{"hp":31,"atk":31,"def":31,"spa":31,"spd":31,"spe":31}},{"name":"Heracross","species":"Heracross","item":"choicescarf","ability":"Moxie","moves":["closecombat","earthquake","megahorn","stoneedge"],"nature":"Jolly","evs":{"hp":0,"atk":252,"def":0,"spa":0,"spd":4,"spe":252},"ivs":{"hp":31,"atk":31,"def":31,"spa":31,"spd":31,"spe":31}}],"p2team":[{"name":"Mew","species":"Mew","item":"leftovers","ability":"Synchronize","moves":["roost","toxic","healbell","aurasphere"],"nature":"Calm","evs":{"hp":252,"atk":0,"def":0,"spa":4,"spd":252,"spe":0},"ivs":{"hp":31,"atk":31,"def":31,"spa":31,"spd":31,"spe":31}},{"name":"Slowbro","species":"Slowbro","item":"rockyhelmet","ability":"Regenerator","moves":["scald","yawn","flamethrower","slackoff"],"nature":"Bold","evs":{"hp":252,"atk":0,"def":252,"spa":4,"spd":0,"spe":0},"ivs":{"hp":31,"atk":31,"def":31,"spa":31,"spd":31,"spe":31}},{"name":"Deoxys-Speed","species":"Deoxys-Speed","item":"focussash","ability":"Pressure","moves":["stealthrock","thunderbolt","thunderwave","icebeam"],"nature":"Timid","evs":{"hp":252,"atk":0,"def":0,"spa":44,"spd":0,"spe":212},"ivs":{"hp":31,"atk":31,"def":31,"spa":31,"spd":31,"spe":31}},{"name":"Gardevoir","species":"Gardevoir","item":"gardevoirite","ability":"Trace","moves":["hypervoice","psyshock","destinybond","thunderbolt"],"nature":"Timid","evs":{"hp":0,"atk":0,"def":4,"spa":252,"spd":0,"spe":252},"ivs":{"hp":31,"atk":0,"def":31,"spa":31,"spd":31,"spe":31}},{"name":"Latias","species":"Latias","item":"leftovers","ability":"Levitate","moves":["dracometeor","psyshock","roost","defog"],"nature":"Timid","evs":{"hp":252,"atk":0,"def":0,"spa":4,"spd":0,"spe":252},"ivs":{"hp":31,"atk":31,"def":31,"spa":31,"spd":31,"spe":31}},{"name":"Hoopa-Unbound","species":"Hoopa-Unbound","item":"focussash","ability":"Magician","moves":["hyperspacefury","drainpunch","firepunch","gunkshot"],"nature":"Adamant","evs":{"hp":0,"atk":252,"def":0,"spa":0,"spd":4,"spe":252},"ivs":{"hp":31,"atk":31,"def":31,"spa":31,"spd":31,"spe":31}}],"log":["|player|p1|RealDeal360|153","|player|p2|Seven Swell|sevenswell.png","|gametype|singles","|gen|6","|tier|Monotype","|rated","|rule|Baton Pass Clause: Limit one Baton Passer, can't pass Spe and other stats simultaneously","|rule|Swagger Clause: Swagger is banned","|rule|Same Type Clause: Pokémon in a team must share a type","|clearpoke","|poke|p1|Genesect-*","|poke|p1|Pinsir, M","|poke|p1|Shuckle, F","|poke|p1|Volcarona, M","|poke|p1|Scizor, M","|poke|p1|Heracross, F","|poke|p2|Mew","|poke|p2|Slowbro, M","|poke|p2|Deoxys-Speed","|poke|p2|Gardevoir, M","|poke|p2|Latias, F","|poke|p2|Hoopa-Unbound","|rule|Sleep Clause Mod: Limit one foe put to sleep","|rule|Species Clause: Limit one of each Pokémon","|rule|OHKO Clause: OHKO moves are banned","|rule|Moody Clause: Moody is banned","|rule|Evasion Moves Clause: Evasion moves are banned","|rule|Endless Battle Clause: Forcing endless battles is banned","|rule|HP Percentage Mod: HP is shown in percentages","|teampreview","|","|start","|switch|p1a: Shuckle|Shuckle, F|243/243","|switch|p2a: Deoxys-Speed|Deoxys-Speed|304/304","|-ability|p2a: Deoxys-Speed|Pressure","|turn|1","|","|switch|p2a: Mew|Mew|404/404","|move|p1a: Shuckle|Encore|p2a: Mew","|-fail|p2a: Mew","|","|turn|2","|","|move|p2a: Mew|Toxic|p1a: Shuckle","|-status|p1a: Shuckle|tox","|move|p1a: Shuckle|Stealth Rock|p2a: Mew","|-sidestart|p2: Seven Swell|move: Stealth Rock","|","|-damage|p1a: Shuckle|228/243 tox|[from] psn","|turn|3","|","|switch|p2a: Latias|Latias, F|364/364","|-damage|p2a: Latias|319/364|[from] Stealth Rock","|move|p1a: Shuckle|Sticky Web|p2a: Latias","|-sidestart|p2: Seven Swell|move: Sticky Web","|","|-heal|p2a: Latias|341/364|[from] item: Leftovers","|-damage|p1a: Shuckle|198/243 tox|[from] psn","|turn|4","|","|move|p2a: Latias|Defog|p1a: Shuckle","|-unboost|p1a: Shuckle|evasion|1","|-sideend|p2: Seven Swell|Stealth Rock|[from] move: Defog|[of] p2a: Latias","|-sideend|p2: Seven Swell|Sticky Web|[from] move: Defog|[of] p2a: Latias","|move|p1a: Shuckle|Toxic|p2a: Latias","|-status|p2a: Latias|tox","|","|-heal|p2a: Latias|363/364 tox|[from] item: Leftovers","|-damage|p2a: Latias|341/364 tox|[from] psn","|-damage|p1a: Shuckle|153/243 tox|[from] psn","|turn|5","|","|move|p2a: Latias|Psyshock|p1a: Shuckle","|-damage|p1a: Shuckle|105/243 tox","|move|p1a: Shuckle|Sticky Web|p2a: Latias","|-sidestart|p2: Seven Swell|move: Sticky Web","|","|-heal|p2a: Latias|363/364 tox|[from] item: Leftovers","|-damage|p2a: Latias|319/364 tox|[from] psn","|-damage|p1a: Shuckle|45/243 tox|[from] psn","|turn|6","|","|move|p2a: Latias|Defog|p1a: Shuckle","|-unboost|p1a: Shuckle|evasion|1","|-sideend|p2: Seven Swell|Sticky Web|[from] move: Defog|[of] p2a: Latias","|move|p1a: Shuckle|Encore|p2a: Latias","|-start|p2a: Latias|Encore","|","|-heal|p2a: Latias|341/364 tox|[from] item: Leftovers","|-damage|p2a: Latias|275/364 tox|[from] psn","|-damage|p1a: Shuckle|0 fnt|[from] psn","|faint|p1a: Shuckle","|","|switch|p1a: Heracross|Heracross, F|301/301","|turn|7","|","|switch|p2a: Slowbro|Slowbro, M|394/394","|move|p1a: Heracross|Megahorn|p2a: Slowbro","|-supereffective|p2a: Slowbro","|-damage|p2a: Slowbro|100/394","|-damage|p1a: Heracross|251/301|[from] item: Rocky Helmet|[of] p2a: Slowbro","|","|turn|8","|","|move|p1a: Heracross|Megahorn|p2a: Slowbro","|-supereffective|p2a: Slowbro","|-damage|p2a: Slowbro|0 fnt","|-damage|p1a: Heracross|201/301|[from] item: Rocky Helmet|[of] p2a: Slowbro","|faint|p2a: Slowbro","|-boost|p1a: Heracross|atk|1|[from] ability: Moxie","|","|","|switch|p2a: Deoxys-Speed|Deoxys-Speed|304/304","|-ability|p2a: Deoxys-Speed|Pressure","|turn|9","|","|move|p2a: Deoxys-Speed|Thunder Wave|p1a: Heracross","|-status|p1a: Heracross|par","|move|p1a: Heracross|Megahorn|p2a: Deoxys-Speed","|-supereffective|p2a: Deoxys-Speed","|-enditem|p2a: Deoxys-Speed|Focus Sash","|-damage|p2a: Deoxys-Speed|1/304","|","|turn|10","|","|move|p2a: Deoxys-Speed|Stealth Rock|p1a: Heracross","|-sidestart|p1: RealDeal360|move: Stealth Rock","|move|p1a: Heracross|Megahorn|p2a: Deoxys-Speed","|-supereffective|p2a: Deoxys-Speed","|-damage|p2a: Deoxys-Speed|0 fnt","|faint|p2a: Deoxys-Speed","|-boost|p1a: Heracross|atk|1|[from] ability: Moxie","|","|","|switch|p2a: Gardevoir|Gardevoir, M|277/277","|-ability|p2a: Gardevoir|Moxie|[from] ability: Trace|[of] p1a: Heracross","|turn|11","|","|detailschange|p2a: Gardevoir|Gardevoir-Mega, M","|-mega|p2a: Gardevoir|Gardevoir|Gardevoirite","|move|p2a: Gardevoir|Hyper Voice|p1a: Heracross","|-supereffective|p1a: Heracross","|-damage|p1a: Heracross|0 fnt","|faint|p1a: Heracross","|","|","|switch|p1a: Scizor|Scizor, M|343/343","|-damage|p1a: Scizor|301/343|[from] Stealth Rock","|turn|12","|","|switch|p2a: Latias|Latias, F|275/364 tox","|move|p1a: Scizor|Defog|p2a: Latias","|-unboost|p2a: Latias|evasion|1","|-sideend|p1: RealDeal360|Stealth Rock|[from] move: Defog|[of] p1a: Scizor","|","|-heal|p2a: Latias|297/364 tox|[from] item: Leftovers","|-heal|p1a: Scizor|322/343|[from] item: Leftovers","|-damage|p2a: Latias|275/364 tox|[from] psn","|turn|13","|","|move|p1a: Scizor|Bullet Punch|p2a: Latias","|-damage|p2a: Latias|170/364 tox","|move|p2a: Latias|Psyshock|p1a: Scizor","|-resisted|p1a: Scizor","|-damage|p1a: Scizor|273/343","|","|-heal|p2a: Latias|192/364 tox|[from] item: Leftovers","|-heal|p1a: Scizor|294/343|[from] item: Leftovers","|-damage|p2a: Latias|148/364 tox|[from] psn","|turn|14","|","|move|p1a: Scizor|Bullet Punch|p2a: Latias","|-damage|p2a: Latias|45/364 tox","|move|p2a: Latias|Draco Meteor|p1a: Scizor","|-resisted|p1a: Scizor","|-damage|p1a: Scizor|198/343","|-unboost|p2a: Latias|spa|2","|","|-heal|p2a: Latias|67/364 tox|[from] item: Leftovers","|-heal|p1a: Scizor|219/343|[from] item: Leftovers","|-damage|p2a: Latias|1/364 tox|[from] psn","|turn|15","|","|move|p1a: Scizor|Bullet Punch|p2a: Latias","|-damage|p2a: Latias|0 fnt","|faint|p2a: Latias","|","|-heal|p1a: Scizor|240/343|[from] item: Leftovers","|","|switch|p2a: Hoopa-Unbound|Hoopa-Unbound|301/301","|turn|16","|","|move|p2a: Hoopa-Unbound|Fire Punch|p1a: Scizor","|-supereffective|p1a: Scizor","|-damage|p1a: Scizor|0 fnt","|faint|p1a: Scizor","|","|","|switch|p1a: Volcarona|Volcarona, M|373/373","|turn|17","|","|move|p2a: Hoopa-Unbound|Hyperspace Fury|p1a: Volcarona","|-damage|p1a: Volcarona|147/373","|-unboost|p2a: Hoopa-Unbound|def|1","|move|p1a: Volcarona|Quiver Dance|p1a: Volcarona","|-boost|p1a: Volcarona|spa|1","|-boost|p1a: Volcarona|spd|1","|-boost|p1a: Volcarona|spe|1","|","|turn|18","|","|move|p1a: Volcarona|Fiery Dance|p2a: Hoopa-Unbound","|-damage|p2a: Hoopa-Unbound|156/301","|-boost|p1a: Volcarona|spa|1","|move|p2a: Hoopa-Unbound|Hyperspace Fury|p1a: Volcarona","|-damage|p1a: Volcarona|0 fnt","|-unboost|p2a: Hoopa-Unbound|def|1","|faint|p1a: Volcarona","|","|","|switch|p1a: Genesect|Genesect|283/283","|-boost|p1a: Genesect|atk|1|[from] ability: Download","|turn|19","|","|move|p1a: Genesect|Ice Beam|p2a: Hoopa-Unbound","|-damage|p2a: Hoopa-Unbound|74/301","|move|p2a: Hoopa-Unbound|Fire Punch|p1a: Genesect","|-supereffective|p1a: Genesect","|-damage|p1a: Genesect|0 fnt","|faint|p1a: Genesect","|","|","|switch|p1a: Pinsir|Pinsir, M|334/334","|turn|20","|","|detailschange|p1a: Pinsir|Pinsir-Mega, M","|-mega|p1a: Pinsir|Pinsir|Pinsirite","|move|p1a: Pinsir|Frustration|p2a: Hoopa-Unbound","|-damage|p2a: Hoopa-Unbound|0 fnt","|faint|p2a: Hoopa-Unbound","|","|","|switch|p2a: Gardevoir|Gardevoir-Mega, M|277/277","|turn|21","|","|move|p1a: Pinsir|Swords Dance|p1a: Pinsir","|-boost|p1a: Pinsir|atk|2","|move|p2a: Gardevoir|Destiny Bond|p2a: Gardevoir","|-singlemove|p2a: Gardevoir|Destiny Bond","|","|turn|22","|","|move|p1a: Pinsir|Swords Dance|p1a: Pinsir","|-boost|p1a: Pinsir|atk|2","|move|p2a: Gardevoir|Thunderbolt|p1a: Pinsir","|-supereffective|p1a: Pinsir","|-damage|p1a: Pinsir|52/334","|","|turn|23","|","|move|p1a: Pinsir|Frustration|p2a: Gardevoir","|-damage|p2a: Gardevoir|0 fnt","|faint|p2a: Gardevoir","|","|","|switch|p2a: Mew|Mew|404/404","|turn|24","|","|move|p1a: Pinsir|Frustration|p2a: Mew","|-damage|p2a: Mew|0 fnt","|faint|p2a: Mew","|","|win|RealDeal360"],"p1rating":{"entryid":"7525131","serverid":"eos","formatid":"monotype","userid":"realdeal360","username":"RealDeal360","w":6,"l":"14","t":"0","gxe":38,"r":"1400.1370891078","rd":"89.923703517826","sigma":"0","rptime":"1439197200","rpr":1406.0750541136,"rprd":71.140033995151,"rpsigma":"0","acre":1078.0104207653,"lacre":1078.0104207653,"oldacre":"1015.2280054047"},"p2rating":{"entryid":"7267988","serverid":"eos","formatid":"monotype","userid":"sevenswell","username":"Seven Swell","w":"42","l":26,"t":"0","gxe":64.1,"r":"1621.4833802968","rd":"44.971596831651","sigma":"0","rptime":"1439197200","rpr":1609.7515081711,"rprd":44.101826270736,"rpsigma":"0","acre":1251.9227614425,"lacre":1251.9227614425,"oldacre":"1293.5382228075"},"endType":"normal"}