{"seed":[33638,10619,63806,44558],"turns":35,"p1":"Crystal Blade64","p2":"AI Articuno","p1team":[{"name":"Darmanitan","species":"Darmanitan","item":"lifeorb","ability":"Sheer Force","moves":["flareblitz","earthquake","rockslide","superpower"],"nature":"Jolly","evs":{"hp":4,"atk":252,"def":0,"spa":0,"spd":0,"spe":252},"ivs":{"hp":31,"atk":31,"def":31,"spa":31,"spd":31,"spe":31}},{"name":"Arcanine","species":"Arcanine","item":"leftovers","ability":"Intimidate","moves":["extremespeed","morningsun","willowisp","protect"],"nature":"Careful","evs":{"hp":252,"atk":4,"def":0,"spa":0,"spd":252,"spe":0},"ivs":{"hp":31,"atk":31,"def":31,"spa":31,"spd":31,"spe":31}},{"name":"Rotom-Heat","species":"Rotom-Heat","item":"lightclay","ability":"Levitate","moves":["lightscreen","reflect","painsplit","voltswitch"],"nature":"Calm","evs":{"hp":248,"atk":0,"def":0,"spa":8,"spd":252,"spe":0},"ivs":{"hp":31,"atk":31,"def":31,"spa":31,"spd":31,"spe":31}},{"name":"Combusken","species":"Combusken","item":"eviolite","ability":"Speed Boost","moves":["substitute","protect","batonpass","willowisp"],"nature":"Timid","evs":{"hp":248,"atk":0,"def":0,"spa":0,"spd":8,"spe":252},"ivs":{"hp":31,"atk":31,"def":31,"spa":31,"spd":31,"spe":31}},{"name":"Infernape","species":"Infernape","item":"focussash","ability":"Blaze","moves":["machpunch","taunt","stealthrock","overheat"],"nature":"Hasty","evs":{"hp":248,"atk":8,"def":0,"spa":0,"spd":0,"spe":252},"ivs":{"hp":31,"atk":31,"def":31,"spa":31,"spd":31,"spe":31}},{"name":"Charizard","species":"Charizard","item":"charizarditex","ability":"Blaze","moves":["dragondance","flareblitz","roost","outrage"],"nature":"Adamant","evs":{"hp":0,"atk":252,"def":0,"spa":0,"spd":4,"spe":252},"ivs":{"hp":31,"atk":31,"def":31,"spa":31,"spd":31,"spe":31}}],"p2team":[{"name":"Bronzong","species":"Bronzong","item":"lightclay","ability":"Levitate","moves":["reflect","lightscreen","safeguard","psychic"],"nature":"Calm","evs":{"hp":248,"atk":0,"def":0,"spa":8,"spd":252,"spe":0},"ivs":{"hp":31,"atk":31,"def":31,"spa":31,"spd":31,"spe":31}},{"name":"Heatran","species":"Heatran","item":"airballoon","ability":"Flash Fire","moves":["fireblast","ancientpower","earthpower","hiddenpowerice"],"nature":"Modest","evs":{"hp":248,"atk":0,"def":0,"spa":252,"spd":8,"spe":0},"ivs":{"hp":31,"atk":30,"def":30,"spa":31,"spd":31,"spe":31}},{"name":"Ferrothorn","species":"Ferrothorn","item":"rockyhelmet","ability":"Iron Barbs","moves":["leechseed","thunderwave","powerwhip","gyroball"],"nature":"Relaxed","evs":{"hp":248,"atk":8,"def":252,"spa":0,"spd":0,"spe":0},"ivs":{"hp":31,"atk":31,"def":31,"spa":31,"spd":31,"spe":0}},{"name":"Scizor","species":"Scizor","item":"scizorite","ability":"Technician","moves":["swordsdance","bulletpunch","knockoff","roost"],"nature":"Adamant","evs":{"hp":248,"atk":252,"def":0,"spa":0,"spd":8,"spe":0},"ivs":{"hp":31,"atk":31,"def":31,"spa":31,"spd":31,"spe":31}},{"name":"Excadrill","species":"Excadrill","item":"choicescarf","ability":"Mold Breaker","moves":["rockslide","earthquake","shadowclaw","aerialace"],"nature":"Jolly","evs":{"hp":0,"atk":252,"def":0,"spa":0,"spd":4,"spe":252},"ivs":{"hp":31,"atk":31,"def":31,"spa":31,"spd":31,"spe":31}},{"name":"Skarmory","species":"Skarmory","item":"leftovers","ability":"Sturdy","moves":["spikes","stealthrock","roost","whirlwind"],"nature":"Bold","evs":{"hp":252,"atk":0,"def":232,"spa":0,"spd":0,"spe":24},"ivs":{"hp":31,"atk":31,"def":31,"spa":31,"spd":31,"spe":31}}],"log":["|player|p1|Crystal Blade64|165","|player|p2|AI Articuno|268","|gametype|singles","|gen|6","|tier|Monotype","|rated","|rule|Baton Pass Clause: Limit one Baton Passer, can't pass Spe and other stats simultaneously","|rule|Swagger Clause: Swagger is banned","|rule|Same Type Clause: Pokémon in a team must share a type","|clearpoke","|poke|p1|Darmanitan, M","|poke|p1|Arcanine, F","|poke|p1|Rotom-Heat","|poke|p1|Combusken, M","|poke|p1|Infernape, F","|poke|p1|Charizard, F","|poke|p2|Bronzong","|poke|p2|Heatran, M","|poke|p2|Ferrothorn, M","|poke|p2|Scizor, M","|poke|p2|Excadrill, F","|poke|p2|Skarmory, M","|rule|Sleep Clause Mod: Limit one foe put to sleep","|rule|Species Clause: Limit one of each Pokémon","|rule|OHKO Clause: OHKO moves are banned","|rule|Moody Clause: Moody is banned","|rule|Evasion Moves Clause: Evasion moves are banned","|rule|Endless Battle Clause: Forcing endless battles is banned","|rule|HP Percentage Mod: HP is shown in percentages","|teampreview","|","|start","|switch|p1a: Infernape|Infernape, F|355/355","|switch|p2a: Skarmory|Skarmory, M|334/334","|turn|1","|","|move|p1a: Infernape|Taunt|p2a: Skarmory","|-start|p2a: Skarmory|move: Taunt","|cant|p2a: Skarmory|move: Taunt|Stealth Rock","|","|turn|2","|","|switch|p2a: Excadrill|Excadrill, F|361/361","|-ability|p2a: Excadrill|Mold Breaker","|move|p1a: Infernape|Stealth Rock|p2a: Excadrill","|-sidestart|p2: AI Articuno|move: Stealth Rock","|","|turn|3","|","|move|p2a: Excadrill|Earthquake|p1a: Infernape","|-supereffective|p1a: Infernape","|-enditem|p1a: Infernape|Focus Sash","|-damage|p1a: Infernape|1/355","|move|p1a: Infernape|Overheat|p2a: Excadrill","|-supereffective|p2a: Excadrill","|-damage|p2a: Excadrill|0 fnt","|-unboost|p1a: Infernape|spa|2","|faint|p2a: Excadrill","|","|","|switch|p2a: Scizor|Scizor, M|343/343","|-damage|p2a: Scizor|301/343|[from] Stealth Rock","|turn|4","|","|detailschange|p2a: Scizor|Scizor-Mega, M","|-mega|p2a: Scizor|Scizor|Scizorite","|move|p1a: Infernape|Mach Punch|p2a: Scizor","|-damage|p2a: Scizor|261/343","|move|p2a: Scizor|Bullet Punch|p1a: Infernape","|-resisted|p1a: Infernape","|-damage|p1a: Infernape|0 fnt","|faint|p1a: Infernape","|","|","|switch|p1a: Charizard|Charizard, F|297/297","|turn|5","|","|switch|p2a: Heatran|Heatran, M|385/385","|-damage|p2a: Heatran|337/385|[from] Stealth Rock","|-item|p2a: Heatran|Air Balloon","|detailschange|p1a: Charizard|Charizard-Mega-X, F","|-mega|p1a: Charizard|Charizard|Charizardite X","|move|p1a: Charizard|Dragon Dance|p1a: Charizard","|-boost|p1a: Charizard|atk|1","|-boost|p1a: Charizard|spe|1","|","|turn|6","|","|switch|p1a: Rotom-Heat|Rotom-Heat|303/303","|move|p2a: Heatran|Earth Power|p1a: Rotom-Heat","|-immune|p1a: Rotom-Heat|[msg]","|","|turn|7","|","|switch|p2a: Ferrothorn|Ferrothorn, M|351/351","|-damage|p2a: Ferrothorn|330/351|[from] Stealth Rock","|move|p1a: Rotom-Heat|Light Screen|p1a: Rotom-Heat","|-sidestart|p1: Crystal Blade64|move: Light Screen","|","|turn|8","|","|move|p1a: Rotom-Heat|Reflect|p1a: Rotom-Heat","|-sidestart|p1: Crystal Blade64|Reflect","|move|p2a: Ferrothorn|Leech Seed|p1a: Rotom-Heat","|-start|p1a: Rotom-Heat|move: Leech Seed","|","|-damage|p1a: Rotom-Heat|266/303|[from] Leech Seed|[of] p2a: Ferrothorn","|-heal|p2a: Ferrothorn|351/351|[silent]","|turn|9","|","|move|p1a: Rotom-Heat|Volt Switch|p2a: Ferrothorn","|-resisted|p2a: Ferrothorn","|-damage|p2a: Ferrothorn|312/351","|","|switch|p1a: Arcanine|Arcanine, F|384/384","|-ability|p1a: Arcanine|Intimidate","|-unboost|p2a: Ferrothorn|atk|1","|move|p2a: Ferrothorn|Gyro Ball|p1a: Arcanine","|-resisted|p1a: Arcanine","|-damage|p1a: Arcanine|351/384","|","|-heal|p1a: Arcanine|375/384|[from] item: Leftovers","|turn|10","|","|move|p1a: Arcanine|Will-O-Wisp|p2a: Ferrothorn|[miss]","|-miss|p1a: Arcanine|p2a: Ferrothorn","|move|p2a: Ferrothorn|Leech Seed|p1a: Arcanine","|-start|p1a: Arcanine|move: Leech Seed","|","|-heal|p1a: Arcanine|384/384|[from] item: Leftovers","|-damage|p1a: Arcanine|336/384|[from] Leech Seed|[of] p2a: Ferrothorn","|-heal|p2a: Ferrothorn|351/351|[silent]","|turn|11","|","|switch|p2a: Heatran|Heatran, M|337/385","|-damage|p2a: Heatran|289/385|[from] Stealth Rock","|-item|p2a: Heatran|Air Balloon","|move|p1a: Arcanine|Will-O-Wisp|p2a: Heatran","|-start|p2a: Heatran|ability: Flash Fire","|","|-heal|p1a: Arcanine|360/384|[from] item: Leftovers","|-damage|p1a: Arcanine|312/384|[from] Leech Seed|[of] p2a: Heatran","|-heal|p2a: Heatran|337/385|[silent]","|turn|12","|","|switch|p1a: Rotom-Heat|Rotom-Heat|266/303","|-end|p2a: Heatran|ability: Flash Fire|[silent]","|switch|p2a: Bronzong|Bronzong|337/337","|-damage|p2a: Bronzong|316/337|[from] Stealth Rock","|","|turn|13","|","|move|p1a: Rotom-Heat|Volt Switch|p2a: Bronzong","|-damage|p2a: Bronzong|258/337","|","|switch|p1a: Arcanine|Arcanine, F|312/384","|-ability|p1a: Arcanine|Intimidate","|-unboost|p2a: Bronzong|atk|1","|move|p2a: Bronzong|Light Screen|p2a: Bronzong","|-sidestart|p2: AI Articuno|move: Light Screen","|","|-heal|p1a: Arcanine|336/384|[from] item: Leftovers","|turn|14","|","|move|p1a: Arcanine|Will-O-Wisp|p2a: Bronzong","|-status|p2a: Bronzong|brn","|move|p2a: Bronzong|Safeguard|p2a: Bronzong","|-sidestart|p2: AI Articuno|Safeguard","|","|-heal|p1a: Arcanine|360/384|[from] item: Leftovers","|-damage|p2a: Bronzong|216/337 brn|[from] brn","|-sideend|p1: Crystal Blade64|move: Light Screen","|turn|15","|","|move|p1a: Arcanine|Protect|p1a: Arcanine","|-singleturn|p1a: Arcanine|Protect","|move|p2a: Bronzong|Reflect|p2a: Bronzong","|-sidestart|p2: AI Articuno|Reflect","|","|-heal|p1a: Arcanine|384/384|[from] item: Leftovers","|-damage|p2a: Bronzong|174/337 brn|[from] brn","|-sideend|p1: Crystal Blade64|Reflect","|turn|16","|","|switch|p1a: Combusken|Combusken, M|323/323","|move|p2a: Bronzong|Psychic|p1a: Combusken","|-supereffective|p1a: Combusken","|-damage|p1a: Combusken|147/323","|","|-damage|p2a: Bronzong|132/337 brn|[from] brn","|turn|17","|","|move|p1a: Combusken|Protect|p1a: Combusken","|-singleturn|p1a: Combusken|Protect","|move|p2a: Bronzong|Psychic|p1a: Combusken","|-activate|p1a: Combusken|Protect","|","|-damage|p2a: Bronzong|90/337 brn|[from] brn","|-boost|p1a: Combusken|spe|1|[from] ability: Speed Boost","|turn|18","|","|move|p1a: Combusken|Substitute|p1a: Combusken","|-start|p1a: Combusken|Substitute","|-damage|p1a: Combusken|67/323","|move|p2a: Bronzong|Psychic|p1a: Combusken","|-supereffective|p1a: Combusken","|-end|p1a: Combusken|Substitute","|","|-damage|p2a: Bronzong|48/337 brn|[from] brn","|-sideend|p2: AI Articuno|Safeguard","|-boost|p1a: Combusken|spe|1|[from] ability: Speed Boost","|turn|19","|","|move|p1a: Combusken|Protect|p1a: Combusken","|-singleturn|p1a: Combusken|Protect","|move|p2a: Bronzong|Psychic|p1a: Combusken","|-activate|p1a: Combusken|Protect","|","|-damage|p2a: Bronzong|6/337 brn|[from] brn","|-boost|p1a: Combusken|spe|1|[from] ability: Speed Boost","|turn|20","|","|move|p1a: Combusken|Baton Pass|p1a: Combusken","|","|switch|p1a: Darmanitan|Darmanitan, M|352/352","|move|p2a: Bronzong|Psychic|p1a: Darmanitan","|-damage|p1a: Darmanitan|213/352","|","|-damage|p2a: Bronzong|0 fnt|[from] brn","|-sideend|p2: AI Articuno|move: Light Screen","|faint|p2a: Bronzong","|","|switch|p2a: Heatran|Heatran, M|337/385","|-damage|p2a: Heatran|289/385|[from] Stealth Rock","|-item|p2a: Heatran|Air Balloon","|turn|21","|","|move|p1a: Darmanitan|Superpower|p2a: Heatran","|-supereffective|p2a: Heatran","|-damage|p2a: Heatran|97/385","|-enditem|p2a: Heatran|Air Balloon","|-unboost|p1a: Darmanitan|atk|1","|-unboost|p1a: Darmanitan|def|1","|-damage|p1a: Darmanitan|178/352|[from] item: Life Orb","|move|p2a: Heatran|Earth Power|p1a: Darmanitan","|-supereffective|p1a: Darmanitan","|-damage|p1a: Darmanitan|0 fnt","|faint|p1a: Darmanitan","|","|","|switch|p1a: Charizard|Charizard-Mega-X, F|297/297","|turn|22","|","|switch|p2a: Skarmory|Skarmory, M|334/334","|-damage|p2a: Skarmory|293/334|[from] Stealth Rock","|move|p1a: Charizard|Dragon Dance|p1a: Charizard","|-boost|p1a: Charizard|atk|1","|-boost|p1a: Charizard|spe|1","|","|-heal|p2a: Skarmory|313/334|[from] item: Leftovers","|-sideend|p2: AI Articuno|Reflect","|turn|23","|","|switch|p2a: Heatran|Heatran, M|97/385","|-damage|p2a: Heatran|49/385|[from] Stealth Rock","|move|p1a: Charizard|Dragon Dance|p1a: Charizard","|-boost|p1a: Charizard|atk|1","|-boost|p1a: Charizard|spe|1","|","|turn|24","|","|move|p1a: Charizard|Outrage|p2a: Heatran","|-crit|p2a: Heatran","|-resisted|p2a: Heatran","|-damage|p2a: Heatran|0 fnt","|faint|p2a: Heatran","|","|","|switch|p2a: Ferrothorn|Ferrothorn, M|351/351","|-damage|p2a: Ferrothorn|330/351|[from] Stealth Rock","|turn|25","|","|move|p1a: Charizard|Outrage|p2a: Ferrothorn|[from]lockedmove","|-resisted|p2a: Ferrothorn","|-damage|p2a: Ferrothorn|138/351","|-damage|p1a: Charizard|260/297|[from] ability: Iron Barbs|[of] p2a: Ferrothorn","|-damage|p1a: Charizard|211/297|[from] item: Rocky Helmet|[of] p2a: Ferrothorn","|-start|p1a: Charizard|confusion|[fatigue]","|move|p2a: Ferrothorn|Thunder Wave|p1a: Charizard","|-status|p1a: Charizard|par","|","|turn|26","|","|switch|p1a: Arcanine|Arcanine, F|384/384","|-ability|p1a: Arcanine|Intimidate","|-unboost|p2a: Ferrothorn|atk|1","|move|p2a: Ferrothorn|Leech Seed|p1a: Arcanine","|-start|p1a: Arcanine|move: Leech Seed","|","|-damage|p1a: Arcanine|336/384|[from] Leech Seed|[of] p2a: Ferrothorn","|-heal|p2a: Ferrothorn|186/351|[silent]","|turn|27","|","|switch|p1a: Combusken|Combusken, M|67/323","|move|p2a: Ferrothorn|Thunder Wave|p1a: Combusken","|-status|p1a: Combusken|par","|","|turn|28","|","|move|p1a: Combusken|Protect|p1a: Combusken","|-singleturn|p1a: Combusken|Protect","|move|p2a: Ferrothorn|Leech Seed|p1a: Combusken","|-activate|p1a: Combusken|Protect","|","|-boost|p1a: Combusken|spe|1|[from] ability: Speed Boost","|turn|29","|","|move|p1a: Combusken|Will-O-Wisp|p2a: Ferrothorn","|-status|p2a: Ferrothorn|brn","|move|p2a: Ferrothorn|Leech Seed|p1a: Combusken","|-start|p1a: Combusken|move: Leech Seed","|","|-damage|p1a: Combusken|27/323 par|[from] Leech Seed|[of] p2a: Ferrothorn","|-heal|p2a: Ferrothorn|226/351 brn|[silent]","|-damage|p2a: Ferrothorn|183/351 brn|[from] brn","|-boost|p1a: Combusken|spe|1|[from] ability: Speed Boost","|turn|30","|","|move|p1a: Combusken|Protect|p1a: Combusken","|-singleturn|p1a: Combusken|Protect","|move|p2a: Ferrothorn|Gyro Ball|p1a: Combusken","|-activate|p1a: Combusken|Protect","|","|-damage|p1a: Combusken|0 fnt|[from] Leech Seed|[of] p2a: Ferrothorn","|-heal|p2a: Ferrothorn|210/351 brn|[silent]","|-damage|p2a: Ferrothorn|167/351 brn|[from] brn","|faint|p1a: Combusken","|","|switch|p1a: Arcanine|Arcanine, F|336/384","|-ability|p1a: Arcanine|Intimidate","|-unboost|p2a: Ferrothorn|atk|1","|turn|31","|","|move|p1a: Arcanine|Protect|p1a: Arcanine","|-singleturn|p1a: Arcanine|Protect","|move|p2a: Ferrothorn|Thunder Wave|p1a: Arcanine","|-activate|p1a: Arcanine|Protect","|","|-heal|p1a: Arcanine|360/384|[from] item: Leftovers","|-damage|p2a: Ferrothorn|124/351 brn|[from] brn","|turn|32","|","|switch|p1a: Charizard|Charizard-Mega-X, F|211/297 par","|move|p2a: Ferrothorn|Leech Seed|p1a: Charizard","|-start|p1a: Charizard|move: Leech Seed","|","|-damage|p1a: Charizard|174/297 par|[from] Leech Seed|[of] p2a: Ferrothorn","|-heal|p2a: Ferrothorn|161/351 brn|[silent]","|-damage|p2a: Ferrothorn|118/351 brn|[from] brn","|turn|33","|","|switch|p1a: Rotom-Heat|Rotom-Heat|266/303","|switch|p2a: Skarmory|Skarmory, M|313/334","|-damage|p2a: Skarmory|272/334|[from] Stealth Rock","|","|-heal|p2a: Skarmory|292/334|[from] item: Leftovers","|turn|34","|","|move|p1a: Rotom-Heat|Volt Switch|p2a: Skarmory","|-supereffective|p2a: Skarmory","|-damage|p2a: Skarmory|50/334","|","|switch|p1a: Arcanine|Arcanine, F|360/384","|-ability|p1a: Arcanine|Intimidate","|-unboost|p2a: Skarmory|atk|1","|move|p2a: Skarmory|Stealth Rock|p1a: Arcanine","|-sidestart|p1: Crystal Blade64|move: Stealth Rock","|","|-heal|p1a: Arcanine|384/384|[from] item: Leftovers","|-heal|p2a: Skarmory|70/334|[from] item: Leftovers","|turn|35","|","|win|Crystal Blade64"],"p1rating":{"entryid":"6391332","serverid":"eos","formatid":"monotype","userid":"crystalblade64","username":"Crystal Blade64","w":24,"l":"21","t":"0","gxe":53.3,"r":"1520.5247760868","rd":"60.193430858841","sigma":"0","rptime":"1439197200","rpr":1524.8330232003,"rprd":52.434140337826,"rpsigma":"0","acre":1220.6786055168,"lacre":1220.6786055168,"oldacre":"1209.1395326155"},"p2rating":{"entryid":7546633,"formatid":"monotype","userid":"aiarticuno","username":"AI Articuno","r":1500,"rd":130,"sigma":0,"rpr":1460.3313483387,"rprd":122.04447910913,"rpsigma":0,"rptime":1439197200,"w":0,"l":1,"t":0,"gxe":45,"acre":1000,"lacre":1000,"oldacre":1000},"endType":"forfeit"}