{"seed":[21530,9232,12675,8625],"turns":31,"p1":"V JZB - ⓕⓞⓡⓐⓢⓔⓒ","p2":"Crystal Blade64","p1team":[{"name":"Abomasnow","species":"Abomasnow","item":"abomasite","ability":"Snow Warning","moves":["iceshard","blizzard","focusblast","energyball"],"nature":"Calm","evs":{"hp":100,"atk":0,"def":0,"spa":156,"spd":252,"spe":0},"shiny":true,"ivs":{"hp":31,"atk":31,"def":31,"spa":31,"spd":31,"spe":31}},{"name":"Cloyster","species":"Cloyster","item":"focussash","ability":"Skill Link","moves":["iceshard","iciclespear","rockblast","shellsmash"],"nature":"Jolly","evs":{"hp":4,"atk":252,"def":0,"spa":0,"spd":0,"spe":252},"ivs":{"hp":31,"atk":31,"def":31,"spa":31,"spd":31,"spe":31}},{"name":"Kyurem-Black","species":"Kyurem-Black","item":"choicescarf","ability":"Teravolt","moves":["outrage","fusionbolt","ironhead","icebeam"],"nature":"Naive","evs":{"hp":0,"atk":252,"def":0,"spa":4,"spd":0,"spe":252},"ivs":{"hp":31,"atk":31,"def":31,"spa":31,"spd":31,"spe":31}},{"name":"Avalugg","species":"Avalugg","item":"leftovers","ability":"Ice Body","moves":["rapidspin","mirrorcoat","avalanche","gyroball"],"nature":"Sassy","evs":{"hp":252,"atk":4,"def":0,"spa":0,"spd":252,"spe":0},"ivs":{"hp":31,"atk":31,"def":31,"spa":31,"spd":31,"spe":0}},{"name":"Froslass","species":"Froslass","item":"focussash","ability":"Cursed Body","moves":["thunderbolt","destinybond","thunderwave","icebeam"],"nature":"Timid","evs":{"hp":0,"atk":0,"def":0,"spa":252,"spd":4,"spe":252},"shiny":true,"ivs":{"hp":31,"atk":31,"def":31,"spa":31,"spd":31,"spe":31}},{"name":"Articuno","species":"Articuno","item":"leftovers","ability":"Pressure","moves":["healbell","freezedry","toxic","roost"],"nature":"Calm","evs":{"hp":252,"atk":0,"def":0,"spa":4,"spd":252,"spe":0},"ivs":{"hp":31,"atk":31,"def":31,"spa":31,"spd":31,"spe":31}}],"p2team":[{"name":"Darmanitan","species":"Darmanitan","item":"lifeorb","ability":"Sheer Force","moves":["flareblitz","earthquake","rockslide","superpower"],"nature":"Jolly","evs":{"hp":4,"atk":252,"def":0,"spa":0,"spd":0,"spe":252},"ivs":{"hp":31,"atk":31,"def":31,"spa":31,"spd":31,"spe":31}},{"name":"Arcanine","species":"Arcanine","item":"leftovers","ability":"Intimidate","moves":["extremespeed","morningsun","willowisp","protect"],"nature":"Careful","evs":{"hp":252,"atk":4,"def":0,"spa":0,"spd":252,"spe":0},"ivs":{"hp":31,"atk":31,"def":31,"spa":31,"spd":31,"spe":31}},{"name":"Rotom-Heat","species":"Rotom-Heat","item":"lightclay","ability":"Levitate","moves":["lightscreen","reflect","painsplit","voltswitch"],"nature":"Calm","evs":{"hp":248,"atk":0,"def":0,"spa":8,"spd":252,"spe":0},"ivs":{"hp":31,"atk":31,"def":31,"spa":31,"spd":31,"spe":31}},{"name":"Combusken","species":"Combusken","item":"eviolite","ability":"Speed Boost","moves":["substitute","protect","batonpass","willowisp"],"nature":"Timid","evs":{"hp":248,"atk":0,"def":0,"spa":0,"spd":8,"spe":252},"ivs":{"hp":31,"atk":31,"def":31,"spa":31,"spd":31,"spe":31}},{"name":"Infernape","species":"Infernape","item":"focussash","ability":"Blaze","moves":["machpunch","taunt","stealthrock","overheat"],"nature":"Hasty","evs":{"hp":248,"atk":8,"def":0,"spa":0,"spd":0,"spe":252},"ivs":{"hp":31,"atk":31,"def":31,"spa":31,"spd":31,"spe":31}},{"name":"Charizard","species":"Charizard","item":"charizarditex","ability":"Blaze","moves":["dragondance","flareblitz","roost","outrage"],"nature":"Adamant","evs":{"hp":0,"atk":252,"def":0,"spa":0,"spd":4,"spe":252},"ivs":{"hp":31,"atk":31,"def":31,"spa":31,"spd":31,"spe":31}}],"log":["|player|p1|V JZB - ⓕⓞⓡⓐⓢⓔⓒ|154","|player|p2|Crystal Blade64|165","|gametype|singles","|gen|6","|tier|Monotype","|rated","|rule|Baton Pass Clause: Limit one Baton Passer, can't pass Spe and other stats simultaneously","|rule|Swagger Clause: Swagger is banned","|rule|Same Type Clause: Pokémon in a team must share a type","|clearpoke","|poke|p1|Abomasnow, F, shiny","|poke|p1|Cloyster, M","|poke|p1|Kyurem-Black","|poke|p1|Avalugg, F","|poke|p1|Froslass, F, shiny","|poke|p1|Articuno","|poke|p2|Darmanitan, F","|poke|p2|Arcanine, F","|poke|p2|Rotom-Heat","|poke|p2|Combusken, M","|poke|p2|Infernape, M","|poke|p2|Charizard, F","|rule|Sleep Clause Mod: Limit one foe put to sleep","|rule|Species Clause: Limit one of each Pokémon","|rule|OHKO Clause: OHKO moves are banned","|rule|Moody Clause: Moody is banned","|rule|Evasion Moves Clause: Evasion moves are banned","|rule|Endless Battle Clause: Forcing endless battles is banned","|rule|HP Percentage Mod: HP is shown in percentages","|teampreview","|","|start","|switch|p1a: Abomasnow|Abomasnow, F, shiny|346/346","|switch|p2a: Infernape|Infernape, M|355/355","|-weather|Hail","|turn|1","|","|switch|p1a: Froslass|Froslass, F, shiny|281/281","|move|p2a: Infernape|Overheat|p1a: Froslass","|-supereffective|p1a: Froslass","|-enditem|p1a: Froslass|Focus Sash","|-damage|p1a: Froslass|1/281","|-start|p2a: Infernape|Disable|Overheat","|-unboost|p2a: Infernape|spa|2","|","|-weather|Hail|[upkeep]","|-damage|p2a: Infernape|333/355|[from] hail","|turn|2","|","|move|p1a: Froslass|Destiny Bond|p1a: Froslass","|-singlemove|p1a: Froslass|Destiny Bond","|move|p2a: Infernape|Stealth Rock|p1a: Froslass","|-sidestart|p1: V JZB - ⓕⓞⓡⓐⓢⓔⓒ|move: Stealth Rock","|","|-weather|Hail|[upkeep]","|-damage|p2a: Infernape|311/355|[from] hail","|turn|3","|","|move|p1a: Froslass|Thunder Wave|p2a: Infernape","|-status|p2a: Infernape|par","|move|p2a: Infernape|Taunt|p1a: Froslass","|-start|p1a: Froslass|move: Taunt","|","|-weather|Hail|[upkeep]","|-damage|p2a: Infernape|289/355 par|[from] hail","|turn|4","|","|move|p1a: Froslass|Thunderbolt|p2a: Infernape","|-damage|p2a: Infernape|181/355 par","|move|p2a: Infernape|Taunt|p1a: Froslass","|-fail|p1a: Froslass","|","|-weather|Hail|[upkeep]","|-damage|p2a: Infernape|159/355 par|[from] hail","|turn|5","|","|switch|p2a: Rotom-Heat|Rotom-Heat|303/303","|move|p1a: Froslass|Thunderbolt|p2a: Rotom-Heat","|-resisted|p2a: Rotom-Heat","|-damage|p2a: Rotom-Heat|279/303","|","|-weather|none","|turn|6","|","|move|p1a: Froslass|Ice Beam|p2a: Rotom-Heat","|-resisted|p2a: Rotom-Heat","|-damage|p2a: Rotom-Heat|240/303","|move|p2a: Rotom-Heat|Light Screen|p2a: Rotom-Heat","|-sidestart|p2: Crystal Blade64|move: Light Screen","|","|-end|p1a: Froslass|move: Taunt","|turn|7","|","|move|p1a: Froslass|Destiny Bond|p1a: Froslass","|-singlemove|p1a: Froslass|Destiny Bond","|move|p2a: Rotom-Heat|Reflect|p2a: Rotom-Heat","|-sidestart|p2: Crystal Blade64|Reflect","|","|turn|8","|","|switch|p2a: Combusken|Combusken, M|323/323","|move|p1a: Froslass|Thunderbolt|p2a: Combusken","|-damage|p2a: Combusken|283/323","|","|turn|9","|","|move|p1a: Froslass|Thunder Wave|p2a: Combusken","|-status|p2a: Combusken|par","|cant|p2a: Combusken|par","|","|-boost|p2a: Combusken|spe|1|[from] ability: Speed Boost","|turn|10","|","|switch|p1a: Avalugg|Avalugg, F|394/394","|-damage|p1a: Avalugg|296/394|[from] Stealth Rock","|cant|p2a: Combusken|par","|","|-heal|p1a: Avalugg|320/394|[from] item: Leftovers","|-boost|p2a: Combusken|spe|1|[from] ability: Speed Boost","|turn|11","|","|cant|p2a: Combusken|par","|move|p1a: Avalugg|Rapid Spin|p2a: Combusken","|-damage|p2a: Combusken|274/323 par","|-sideend|p1: V JZB - ⓕⓞⓡⓐⓢⓔⓒ|Stealth Rock|[from] move: Rapid Spin|[of] p1a: Avalugg","|","|-heal|p1a: Avalugg|344/394|[from] item: Leftovers","|-boost|p2a: Combusken|spe|1|[from] ability: Speed Boost","|turn|12","|","|switch|p1a: Froslass|Froslass, F, shiny|1/281","|move|p2a: Combusken|Will-O-Wisp|p1a: Froslass","|-status|p1a: Froslass|brn","|","|-damage|p1a: Froslass|0 fnt|[from] brn","|-boost|p2a: Combusken|spe|1|[from] ability: Speed Boost","|faint|p1a: Froslass","|","|switch|p1a: Kyurem-Black|Kyurem-Black|391/391","|-ability|p1a: Kyurem-Black|Teravolt","|turn|13","|","|move|p1a: Kyurem-Black|Outrage|p2a: Combusken","|-damage|p2a: Combusken|134/323 par","|move|p2a: Combusken|Substitute|p2a: Combusken","|-start|p2a: Combusken|Substitute","|-damage|p2a: Combusken|54/323 par","|","|-sideend|p2: Crystal Blade64|move: Light Screen","|-boost|p2a: Combusken|spe|1|[from] ability: Speed Boost","|turn|14","|","|move|p1a: Kyurem-Black|Outrage|p2a: Combusken|[from]lockedmove","|-end|p2a: Combusken|Substitute","|move|p2a: Combusken|Baton Pass|p2a: Combusken","|","|switch|p2a: Darmanitan|Darmanitan, F|352/352","|","|-sideend|p2: Crystal Blade64|Reflect","|turn|15","|","|move|p2a: Darmanitan|Rock Slide|p1a: Kyurem-Black","|-supereffective|p1a: Kyurem-Black","|-damage|p1a: Kyurem-Black|50/391","|move|p1a: Kyurem-Black|Outrage|p2a: Darmanitan|[from]lockedmove","|-damage|p2a: Darmanitan|0 fnt","|-start|p1a: Kyurem-Black|confusion|[fatigue]","|faint|p2a: Darmanitan","|","|","|switch|p2a: Infernape|Infernape, M|159/355 par","|turn|16","|","|switch|p1a: Avalugg|Avalugg, F|344/394","|move|p2a: Infernape|Mach Punch|p1a: Avalugg","|-supereffective|p1a: Avalugg","|-damage|p1a: Avalugg|282/394","|","|-heal|p1a: Avalugg|306/394|[from] item: Leftovers","|turn|17","|","|move|p2a: Infernape|Overheat|p1a: Avalugg","|-supereffective|p1a: Avalugg","|-damage|p1a: Avalugg|0 fnt","|-unboost|p2a: Infernape|spa|2","|faint|p1a: Avalugg","|","|","|switch|p1a: Kyurem-Black|Kyurem-Black|50/391","|-ability|p1a: Kyurem-Black|Teravolt","|turn|18","|","|switch|p1a: Abomasnow|Abomasnow, F, shiny|346/346","|-weather|Hail","|move|p2a: Infernape|Mach Punch|p1a: Abomasnow","|-supereffective|p1a: Abomasnow","|-damage|p1a: Abomasnow|226/346","|","|-weather|Hail|[upkeep]","|-damage|p2a: Infernape|137/355 par|[from] hail","|turn|19","|","|detailschange|p1a: Abomasnow|Abomasnow-Mega, F, shiny","|-mega|p1a: Abomasnow|Abomasnow|Abomasite","|move|p1a: Abomasnow|Blizzard|p2a: Infernape","|-resisted|p2a: Infernape","|-damage|p2a: Infernape|11/355 par","|move|p2a: Infernape|Overheat|p1a: Abomasnow","|-supereffective|p1a: Abomasnow","|-damage|p1a: Abomasnow|0 fnt","|-unboost|p2a: Infernape|spa|2","|faint|p1a: Abomasnow","|","|-weather|Hail|[upkeep]","|-damage|p2a: Infernape|0 fnt|[from] hail","|faint|p2a: Infernape","|","|switch|p1a: Cloyster|Cloyster, M|242/242","|switch|p2a: Rotom-Heat|Rotom-Heat|240/303","|turn|20","|","|move|p1a: Cloyster|Rock Blast|p2a: Rotom-Heat","|-supereffective|p2a: Rotom-Heat","|-damage|p2a: Rotom-Heat|196/303","|-crit|p2a: Rotom-Heat","|-supereffective|p2a: Rotom-Heat","|-damage|p2a: Rotom-Heat|130/303","|-crit|p2a: Rotom-Heat","|-supereffective|p2a: Rotom-Heat","|-damage|p2a: Rotom-Heat|64/303","|-supereffective|p2a: Rotom-Heat","|-damage|p2a: Rotom-Heat|18/303","|-supereffective|p2a: Rotom-Heat","|-damage|p2a: Rotom-Heat|0 fnt","|-hitcount|p2a: Rotom-Heat|5","|faint|p2a: Rotom-Heat","|","|-weather|Hail|[upkeep]","|","|switch|p2a: Arcanine|Arcanine, F|384/384","|-ability|p2a: Arcanine|Intimidate","|-unboost|p1a: Cloyster|atk|1","|turn|21","|","|switch|p1a: Kyurem-Black|Kyurem-Black|50/391","|-ability|p1a: Kyurem-Black|Teravolt","|move|p2a: Arcanine|Will-O-Wisp|p1a: Kyurem-Black","|-status|p1a: Kyurem-Black|brn","|","|-weather|Hail|[upkeep]","|-damage|p2a: Arcanine|360/384|[from] hail","|-heal|p2a: Arcanine|384/384|[from] item: Leftovers","|-damage|p1a: Kyurem-Black|2/391 brn|[from] brn","|turn|22","|","|move|p2a: Arcanine|Protect|p2a: Arcanine","|-singleturn|p2a: Arcanine|Protect","|move|p1a: Kyurem-Black|Outrage|p2a: Arcanine","|-activate|p2a: Arcanine|Protect","|","|-weather|none","|-damage|p1a: Kyurem-Black|0 fnt|[from] brn","|faint|p1a: Kyurem-Black","|","|switch|p1a: Cloyster|Cloyster, M|242/242","|turn|23","|","|switch|p2a: Combusken|Combusken, M|54/323 par","|move|p1a: Cloyster|Rock Blast|p2a: Combusken","|-damage|p2a: Combusken|28/323 par","|-damage|p2a: Combusken|4/323 par","|-crit|p2a: Combusken","|-damage|p2a: Combusken|0 fnt","|-hitcount|p2a: Combusken|3","|faint|p2a: Combusken","|","|","|switch|p2a: Arcanine|Arcanine, F|384/384","|-ability|p2a: Arcanine|Intimidate","|-unboost|p1a: Cloyster|atk|1","|turn|24","|","|switch|p1a: Articuno|Articuno|384/384","|-ability|p1a: Articuno|Pressure","|move|p2a: Arcanine|Will-O-Wisp|p1a: Articuno|[miss]","|-miss|p2a: Arcanine|p1a: Articuno","|","|turn|25","|","|move|p2a: Arcanine|Will-O-Wisp|p1a: Articuno","|-status|p1a: Articuno|brn","|move|p1a: Articuno|Toxic|p2a: Arcanine","|-status|p2a: Arcanine|tox","|","|-damage|p2a: Arcanine|360/384 tox|[from] psn","|-damage|p1a: Articuno|336/384 brn|[from] brn","|turn|26","|","|switch|p2a: Charizard|Charizard, F|297/297","|move|p1a: Articuno|Heal Bell|p1a: Articuno","|-cureteam|p1a: Articuno|[from] move: HealBell","|","|-heal|p1a: Articuno|360/384|[from] item: Leftovers","|turn|27","|","|detailschange|p2a: Charizard|Charizard-Mega-X, F","|-mega|p2a: Charizard|Charizard|Charizardite X","|move|p2a: Charizard|Dragon Dance|p2a: Charizard","|-boost|p2a: Charizard|atk|1","|-boost|p2a: Charizard|spe|1","|move|p1a: Articuno|Freeze-Dry|p2a: Charizard","|-damage|p2a: Charizard|207/297","|","|-heal|p1a: Articuno|384/384|[from] item: Leftovers","|turn|28","|","|move|p2a: Charizard|Flare Blitz|p1a: Articuno","|-supereffective|p1a: Articuno","|-damage|p1a: Articuno|0 fnt","|-damage|p2a: Charizard|80/297|[from] recoil|[of] p1a: Articuno","|faint|p1a: Articuno","|","|","|switch|p1a: Cloyster|Cloyster, M|242/242","|turn|29","|","|move|p2a: Charizard|Outrage|p1a: Cloyster","|-enditem|p1a: Cloyster|Focus Sash","|-damage|p1a: Cloyster|1/242","|move|p1a: Cloyster|Shell Smash|p1a: Cloyster","|-unboost|p1a: Cloyster|def|1","|-unboost|p1a: Cloyster|spd|1","|-boost|p1a: Cloyster|atk|2","|-boost|p1a: Cloyster|spa|2","|-boost|p1a: Cloyster|spe|2","|","|turn|30","|","|move|p1a: Cloyster|Rock Blast|p2a: Charizard","|-supereffective|p2a: Charizard","|-damage|p2a: Charizard|0 fnt","|-hitcount|p2a: Charizard|1","|faint|p2a: Charizard","|","|","|switch|p2a: Arcanine|Arcanine, F|360/384 tox","|-ability|p2a: Arcanine|Intimidate","|-unboost|p1a: Cloyster|atk|1","|turn|31","|","|move|p2a: Arcanine|Extreme Speed|p1a: Cloyster","|-damage|p1a: Cloyster|0 fnt","|faint|p1a: Cloyster","|","|win|Crystal Blade64"],"p1rating":{"entryid":7547388,"formatid":"monotype","userid":"vjzb","username":"V JZB - ⓕⓞⓡⓐⓢⓔⓒ","r":1500,"rd":130,"sigma":0,"rpr":1460.3313483387,"rprd":122.04447910913,"rpsigma":0,"rptime":1439197200,"w":0,"l":1,"t":0,"gxe":45,"acre":1000,"lacre":1000,"oldacre":1000},"p2rating":{"entryid":"6391332","serverid":"eos","formatid":"monotype","userid":"crystalblade64","username":"Crystal Blade64","w":26,"l":"21","t":"0","gxe":54.8,"r":"1520.5247760868","rd":"60.193430858841","sigma":"0","rptime":"1439197200","rpr":1536.2731548091,"rprd":51.474105647063,"rpsigma":"0","acre":1243.8467301123,"lacre":1243.8467301123,"oldacre":"1233.5054348373"},"endType":"normal"}