{"seed":[14441,38107,13237,62486],"turns":32,"p1":"Alliance-Mental1st","p2":"Rustic Espeon","p1team":[{"name":"Jirachi","species":"Jirachi","item":"choicescarf","ability":"Serene Grace","moves":["ironhead","trick","healingwish","uturn"],"nature":"Jolly","evs":{"hp":0,"atk":252,"def":0,"spa":0,"spd":4,"spe":252},"ivs":{"hp":31,"atk":31,"def":31,"spa":31,"spd":31,"spe":31}},{"name":"Victini","species":"Victini","item":"choicescarf","ability":"Victory Star","moves":["vcreate","boltstrike","zenheadbutt","blueflare"],"nature":"Adamant","evs":{"hp":0,"atk":252,"def":0,"spa":0,"spd":4,"spe":252},"ivs":{"hp":31,"atk":31,"def":31,"spa":31,"spd":31,"spe":31}},{"name":"Mew","species":"Mew","item":"leftovers","ability":"Synchronize","moves":["roost","stealthrock","defog","willowisp"],"nature":"Calm","evs":{"hp":252,"atk":0,"def":4,"spa":0,"spd":144,"spe":108},"ivs":{"hp":31,"atk":31,"def":31,"spa":31,"spd":31,"spe":31}},{"name":"Gardevoir","species":"Gardevoir","item":"gardevoirite","ability":"Trace","moves":["hypervoice","psyshock","focusblast","substitute"],"nature":"Timid","evs":{"hp":0,"atk":0,"def":0,"spa":252,"spd":4,"spe":252},"ivs":{"hp":31,"atk":31,"def":31,"spa":31,"spd":31,"spe":31}},{"name":"Meloetta","species":"Meloetta","item":"assaultvest","ability":"Serene Grace","moves":["focusblast","psyshock","energyball","shadowball"],"nature":"Modest","evs":{"hp":248,"atk":0,"def":0,"spa":252,"spd":8,"spe":0},"ivs":{"hp":31,"atk":31,"def":31,"spa":31,"spd":31,"spe":31}},{"name":"Slowbro","species":"Slowbro","item":"rockyhelmet","ability":"Regenerator","moves":["slackoff","scald","fireblast","thunderwave"],"nature":"Bold","evs":{"hp":248,"atk":0,"def":252,"spa":8,"spd":0,"spe":0},"ivs":{"hp":31,"atk":31,"def":31,"spa":31,"spd":31,"spe":31}}],"p2team":[{"name":"Torkoal","species":"Torkoal","item":"leftovers","ability":"White Smoke","moves":["rapidspin","lavaplume","stealthrock","yawn"],"nature":"Bold","evs":{"hp":252,"atk":0,"def":252,"spa":4,"spd":0,"spe":0},"ivs":{"hp":31,"atk":31,"def":31,"spa":31,"spd":31,"spe":31}},{"name":"Entei","species":"Entei","item":"choiceband","ability":"Pressure","moves":["stoneedge","sacredfire","extremespeed","ironhead"],"nature":"Adamant","evs":{"hp":4,"atk":252,"def":0,"spa":0,"spd":0,"spe":252},"shiny":true,"ivs":{"hp":31,"atk":31,"def":31,"spa":31,"spd":31,"spe":31}},{"name":"Victini","species":"Victini","item":"choicescarf","ability":"Victory Star","moves":["boltstrike","blueflare","vcreate","uturn"],"nature":"Hasty","evs":{"hp":0,"atk":252,"def":0,"spa":4,"spd":0,"spe":252},"ivs":{"hp":31,"atk":31,"def":31,"spa":31,"spd":31,"spe":31}},{"name":"Charizard","species":"Charizard","item":"charizarditex","ability":"Blaze","moves":["dragondance","firepunch","earthquake","dragonclaw"],"nature":"Adamant","evs":{"hp":0,"atk":252,"def":0,"spa":0,"spd":4,"spe":252},"ivs":{"hp":31,"atk":31,"def":31,"spa":31,"spd":31,"spe":31}},{"name":"Ninetales","species":"Ninetales","item":"choicespecs","ability":"Drought","moves":["overheat","solarbeam","psyshock","hiddenpowerice"],"nature":"Timid","evs":{"hp":0,"atk":0,"def":0,"spa":252,"spd":4,"spe":252},"ivs":{"hp":31,"atk":30,"def":30,"spa":31,"spd":31,"spe":31}},{"name":"Arcanine","species":"Arcanine","item":"rockyhelmet","ability":"Intimidate","moves":["flareblitz","extremespeed","wildcharge","closecombat"],"nature":"Lonely","evs":{"hp":248,"atk":252,"def":0,"spa":8,"spd":0,"spe":0},"ivs":{"hp":31,"atk":31,"def":31,"spa":31,"spd":31,"spe":31}}],"log":["|player|p1|Alliance-Mental1st|184","|player|p2|Rustic Espeon|70","|gametype|singles","|gen|6","|tier|Monotype","|rated","|rule|Baton Pass Clause: Limit one Baton Passer, can't pass Spe and other stats simultaneously","|rule|Swagger Clause: Swagger is banned","|rule|Same Type Clause: Pokémon in a team must share a type","|clearpoke","|poke|p1|Jirachi","|poke|p1|Victini","|poke|p1|Mew","|poke|p1|Gardevoir, F","|poke|p1|Meloetta","|poke|p1|Slowbro, F","|poke|p2|Torkoal, F","|poke|p2|Entei, shiny","|poke|p2|Victini","|poke|p2|Charizard, M","|poke|p2|Ninetales, F","|poke|p2|Arcanine, M","|rule|Sleep Clause Mod: Limit one foe put to sleep","|rule|Species Clause: Limit one of each Pokémon","|rule|OHKO Clause: OHKO moves are banned","|rule|Moody Clause: Moody is banned","|rule|Evasion Moves Clause: Evasion moves are banned","|rule|Endless Battle Clause: Forcing endless battles is banned","|rule|HP Percentage Mod: HP is shown in percentages","|teampreview","|","|start","|switch|p1a: Mew|Mew|404/404","|switch|p2a: Ninetales|Ninetales, F|287/287","|-weather|SunnyDay","|turn|1","|","|move|p2a: Ninetales|Overheat|p1a: Mew","|-damage|p1a: Mew|91/404","|-unboost|p2a: Ninetales|spa|2","|move|p1a: Mew|Stealth Rock|p2a: Ninetales","|-sidestart|p2: Rustic Espeon|move: Stealth Rock","|","|-weather|SunnyDay|[upkeep]","|-heal|p1a: Mew|116/404|[from] item: Leftovers","|turn|2","|","|switch|p1a: Meloetta|Meloetta|403/403","|move|p2a: Ninetales|Overheat|p1a: Meloetta","|-damage|p1a: Meloetta|309/403","|-unboost|p2a: Ninetales|spa|2","|","|-weather|SunnyDay|[upkeep]","|turn|3","|","|switch|p2a: Arcanine|Arcanine, M|383/383","|-damage|p2a: Arcanine|288/383|[from] Stealth Rock","|-ability|p2a: Arcanine|Intimidate","|-unboost|p1a: Meloetta|atk|1","|move|p1a: Meloetta|Psyshock|p2a: Arcanine","|-damage|p2a: Arcanine|71/383","|","|-weather|SunnyDay|[upkeep]","|turn|4","|","|move|p2a: Arcanine|Flare Blitz|p1a: Meloetta","|-damage|p1a: Meloetta|0 fnt","|-damage|p2a: Arcanine|0 fnt|[from] recoil|[of] p1a: Meloetta","|faint|p1a: Meloetta","|faint|p2a: Arcanine","|","|-weather|SunnyDay|[upkeep]","|","|switch|p1a: Victini|Victini|341/341","|switch|p2a: Torkoal|Torkoal, F|344/344","|-damage|p2a: Torkoal|258/344|[from] Stealth Rock","|turn|5","|","|switch|p1a: Mew|Mew|116/404","|move|p2a: Torkoal|Rapid Spin|p1a: Mew","|-damage|p1a: Mew|102/404","|-sideend|p2: Rustic Espeon|Stealth Rock|[from] move: Rapid Spin|[of] p2a: Torkoal","|","|-weather|none","|-heal|p1a: Mew|127/404|[from] item: Leftovers","|-heal|p2a: Torkoal|279/344|[from] item: Leftovers","|turn|6","|","|move|p1a: Mew|Roost|p1a: Mew","|-heal|p1a: Mew|329/404","|move|p2a: Torkoal|Yawn|p1a: Mew","|-start|p1a: Mew|move: Yawn|[of] p2a: Torkoal","|","|-heal|p1a: Mew|354/404|[from] item: Leftovers","|-heal|p2a: Torkoal|300/344|[from] item: Leftovers","|turn|7","|","|switch|p1a: Gardevoir|Gardevoir, F|277/277","|-ability|p1a: Gardevoir|White Smoke|[from] ability: Trace|[of] p2a: Torkoal","|move|p2a: Torkoal|Stealth Rock|p1a: Gardevoir","|-sidestart|p1: Alliance-Mental1st|move: Stealth Rock","|","|-heal|p2a: Torkoal|321/344|[from] item: Leftovers","|turn|8","|","|detailschange|p1a: Gardevoir|Gardevoir-Mega, F","|-mega|p1a: Gardevoir|Gardevoir|Gardevoirite","|move|p1a: Gardevoir|Focus Blast|p2a: Torkoal","|-damage|p2a: Torkoal|97/344","|move|p2a: Torkoal|Yawn|p1a: Gardevoir","|-start|p1a: Gardevoir|move: Yawn|[of] p2a: Torkoal","|","|-heal|p2a: Torkoal|118/344|[from] item: Leftovers","|turn|9","|","|switch|p1a: Victini|Victini|341/341","|-damage|p1a: Victini|256/341|[from] Stealth Rock","|move|p2a: Torkoal|Rapid Spin|p1a: Victini","|-damage|p1a: Victini|242/341","|","|-heal|p2a: Torkoal|139/344|[from] item: Leftovers","|turn|10","|","|switch|p2a: Entei|Entei, shiny|372/372","|-ability|p2a: Entei|Pressure","|move|p1a: Victini|Bolt Strike|p2a: Entei","|-damage|p2a: Entei|218/372","|","|turn|11","|","|switch|p1a: Slowbro|Slowbro, F|393/393","|-damage|p1a: Slowbro|344/393|[from] Stealth Rock","|move|p2a: Entei|Sacred Fire|p1a: Slowbro","|-resisted|p1a: Slowbro","|-damage|p1a: Slowbro|254/393","|","|turn|12","|","|switch|p2a: Ninetales|Ninetales, F|287/287","|-weather|SunnyDay","|move|p1a: Slowbro|Thunder Wave|p2a: Ninetales","|-status|p2a: Ninetales|par","|","|-weather|SunnyDay|[upkeep]","|turn|13","|","|switch|p1a: Mew|Mew|354/404","|-damage|p1a: Mew|304/404|[from] Stealth Rock","|cant|p2a: Ninetales|par","|","|-weather|SunnyDay|[upkeep]","|-heal|p1a: Mew|329/404|[from] item: Leftovers","|turn|14","|","|switch|p2a: Torkoal|Torkoal, F|139/344","|move|p1a: Mew|Defog|p2a: Torkoal","|-fail|p2a: Torkoal|unboost|[from] ability: White Smoke|[of] p2a: Torkoal","|-sideend|p1: Alliance-Mental1st|Stealth Rock|[from] move: Defog|[of] p1a: Mew","|","|-weather|SunnyDay|[upkeep]","|-heal|p1a: Mew|354/404|[from] item: Leftovers","|-heal|p2a: Torkoal|160/344|[from] item: Leftovers","|turn|15","|","|move|p1a: Mew|Defog|p2a: Torkoal","|-fail|p2a: Torkoal|unboost|[from] ability: White Smoke|[of] p2a: Torkoal","|move|p2a: Torkoal|Stealth Rock|p1a: Mew","|-sidestart|p1: Alliance-Mental1st|move: Stealth Rock","|","|-weather|SunnyDay|[upkeep]","|-heal|p1a: Mew|379/404|[from] item: Leftovers","|-heal|p2a: Torkoal|181/344|[from] item: Leftovers","|turn|16","|","|move|p1a: Mew|Defog|p2a: Torkoal","|-fail|p2a: Torkoal|unboost|[from] ability: White Smoke|[of] p2a: Torkoal","|-sideend|p1: Alliance-Mental1st|Stealth Rock|[from] move: Defog|[of] p1a: Mew","|move|p2a: Torkoal|Yawn|p1a: Mew","|-start|p1a: Mew|move: Yawn|[of] p2a: Torkoal","|","|-weather|none","|-heal|p1a: Mew|404/404|[from] item: Leftovers","|-heal|p2a: Torkoal|202/344|[from] item: Leftovers","|turn|17","|","|switch|p1a: Gardevoir|Gardevoir-Mega, F|277/277","|move|p2a: Torkoal|Stealth Rock|p1a: Gardevoir","|-sidestart|p1: Alliance-Mental1st|move: Stealth Rock","|","|-heal|p2a: Torkoal|223/344|[from] item: Leftovers","|turn|18","|","|switch|p2a: Ninetales|Ninetales, F|287/287 par","|-weather|SunnyDay","|move|p1a: Gardevoir|Focus Blast|p2a: Ninetales","|-damage|p2a: Ninetales|116/287 par","|","|-weather|SunnyDay|[upkeep]","|turn|19","|","|move|p1a: Gardevoir|Hyper Voice|p2a: Ninetales","|-resisted|p2a: Ninetales","|-damage|p2a: Ninetales|0 fnt","|faint|p2a: Ninetales","|","|-weather|SunnyDay|[upkeep]","|","|switch|p2a: Charizard|Charizard, M|297/297","|turn|20","|","|detailschange|p2a: Charizard|Charizard-Mega-X, M","|-mega|p2a: Charizard|Charizard|Charizardite X","|move|p1a: Gardevoir|Psyshock|p2a: Charizard","|-damage|p2a: Charizard|134/297","|move|p2a: Charizard|Dragon Dance|p2a: Charizard","|-boost|p2a: Charizard|atk|1","|-boost|p2a: Charizard|spe|1","|","|-weather|SunnyDay|[upkeep]","|turn|21","|","|switch|p1a: Slowbro|Slowbro, F|385/393","|-damage|p1a: Slowbro|336/393|[from] Stealth Rock","|move|p2a: Charizard|Fire Punch|p1a: Slowbro","|-resisted|p1a: Slowbro","|-damage|p1a: Slowbro|202/393","|-damage|p2a: Charizard|85/297|[from] item: Rocky Helmet|[of] p1a: Slowbro","|-status|p1a: Slowbro|brn","|","|-weather|SunnyDay|[upkeep]","|-damage|p1a: Slowbro|153/393 brn|[from] brn","|turn|22","|","|move|p2a: Charizard|Earthquake|p1a: Slowbro","|-damage|p1a: Slowbro|28/393 brn","|move|p1a: Slowbro|Thunder Wave|p2a: Charizard","|-status|p2a: Charizard|par","|","|-weather|none","|-damage|p1a: Slowbro|0 fnt|[from] brn","|faint|p1a: Slowbro","|","|switch|p1a: Mew|Mew|404/404","|-damage|p1a: Mew|354/404|[from] Stealth Rock","|turn|23","|","|move|p1a: Mew|Defog|p2a: Charizard","|-unboost|p2a: Charizard|evasion|1","|-sideend|p1: Alliance-Mental1st|Stealth Rock|[from] move: Defog|[of] p1a: Mew","|move|p2a: Charizard|Dragon Claw|p1a: Mew","|-damage|p1a: Mew|72/404","|","|-heal|p1a: Mew|97/404|[from] item: Leftovers","|turn|24","|","|move|p1a: Mew|Stealth Rock|p2a: Charizard","|-sidestart|p2: Rustic Espeon|move: Stealth Rock","|move|p2a: Charizard|Dragon Claw|p1a: Mew","|-damage|p1a: Mew|0 fnt","|faint|p1a: Mew","|","|","|switch|p1a: Gardevoir|Gardevoir-Mega, F|277/277","|turn|25","|","|move|p1a: Gardevoir|Hyper Voice|p2a: Charizard","|-damage|p2a: Charizard|0 fnt","|faint|p2a: Charizard","|","|","|switch|p2a: Victini|Victini|341/341","|-damage|p2a: Victini|256/341|[from] Stealth Rock","|turn|26","|","|switch|p1a: Jirachi|Jirachi|341/341","|move|p2a: Victini|U-turn|p1a: Jirachi","|-crit|p1a: Jirachi","|-damage|p1a: Jirachi|227/341","|","|switch|p2a: Entei|Entei, shiny|218/372","|-damage|p2a: Entei|125/372|[from] Stealth Rock","|-ability|p2a: Entei|Pressure","|","|turn|27","|","|move|p1a: Jirachi|Healing Wish|p1a: Jirachi","|faint|p1a: Jirachi","|move|p2a: Entei|Sacred Fire|p1: Jirachi|[notarget]","|-notarget","|","|","|switch|p1a: Victini|Victini|242/341","|-heal|p1a: Victini|341/341|[from] move: Healing Wish","|turn|28","|","|move|p1a: Victini|Bolt Strike|p2a: Entei","|-damage|p2a: Entei|0 fnt","|faint|p2a: Entei","|","|","|switch|p2a: Torkoal|Torkoal, F|223/344","|-damage|p2a: Torkoal|137/344|[from] Stealth Rock","|turn|29","|","|move|p1a: Victini|Bolt Strike|p2a: Torkoal","|-damage|p2a: Torkoal|49/344","|move|p2a: Torkoal|Rapid Spin|p1a: Victini","|-damage|p1a: Victini|327/341","|-sideend|p2: Rustic Espeon|Stealth Rock|[from] move: Rapid Spin|[of] p2a: Torkoal","|","|-heal|p2a: Torkoal|70/344|[from] item: Leftovers","|turn|30","|","|move|p1a: Victini|Bolt Strike|p2a: Torkoal","|-damage|p2a: Torkoal|0 fnt","|faint|p2a: Torkoal","|","|","|switch|p2a: Victini|Victini|256/341","|turn|31","|","|move|p2a: Victini|Bolt Strike|p1a: Victini","|-damage|p1a: Victini|201/341","|move|p1a: Victini|Bolt Strike|p2a: Victini","|-damage|p2a: Victini|109/341","|","|turn|32","|","|move|p2a: Victini|Bolt Strike|p1a: Victini","|-damage|p1a: Victini|64/341","|move|p1a: Victini|Bolt Strike|p2a: Victini","|-damage|p2a: Victini|0 fnt","|faint|p2a: Victini","|","|win|Alliance-Mental1st"],"p1rating":{"entryid":"7411242","serverid":"eos","formatid":"monotype","userid":"alliancemental1st","username":"Alliance-Mental1st","w":2,"l":"4","t":"0","gxe":44.3,"r":"1465.4000509893","rd":"110.2195420227","sigma":"0","rptime":"1439197200","rpr":1455.4171816922,"rprd":98.358154588697,"rpsigma":"0","acre":1065.061800603,"lacre":1065.061800603,"oldacre":"1004.430163302"},"p2rating":{"entryid":"7202561","serverid":"eos","formatid":"monotype","userid":"rusticespeon","username":"Rustic Espeon","w":"20","l":11,"t":"0","gxe":61.4,"r":"1593.4517282071","rd":"62.734310823458","sigma":"0","rptime":"1439197200","rpr":1588.5577399696,"rprd":61.027282551865,"rpsigma":"0","acre":1176.4869183799,"lacre":1176.4869183799,"oldacre":"1215.0218772961"},"endType":"normal"}