{"seed":[979,65229,26557,168],"turns":27,"p1":"Carnie ϟ TBOT","p2":"sovereign♕zoroark","p1team":[{"name":"Lapras","species":"Lapras","item":"leftovers","ability":"Water Absorb","moves":["dragondance","iceshard","healbell","waterfall"],"nature":"Adamant","evs":{"hp":0,"atk":252,"def":0,"spa":0,"spd":4,"spe":252},"ivs":{"hp":31,"atk":31,"def":31,"spa":31,"spd":31,"spe":31}},{"name":"Abomasnow","species":"Abomasnow","item":"focussash","ability":"Snow Warning","moves":["blizzard","gigadrain","hiddenpowerfire","iceshard"],"nature":"Mild","evs":{"hp":0,"atk":4,"def":0,"spa":252,"spd":0,"spe":252},"gender":"F","ivs":{"hp":31,"atk":30,"def":31,"spa":30,"spd":31,"spe":30},"shiny":true},{"name":"Kyurem-Black","species":"Kyurem-Black","item":"choicescarf","ability":"Teravolt","moves":["earthpower","fusionbolt","ironhead","outrage"],"nature":"Naive","evs":{"hp":0,"atk":252,"def":0,"spa":4,"spd":0,"spe":252},"shiny":true,"ivs":{"hp":31,"atk":31,"def":31,"spa":31,"spd":31,"spe":31}},{"name":"Mamoswine","species":"Mamoswine","item":"focussash","ability":"Snow Cloak","moves":["stealthrock","earthquake","iceshard","knockoff"],"nature":"Adamant","evs":{"hp":4,"atk":252,"def":0,"spa":0,"spd":0,"spe":252},"gender":"F","ivs":{"hp":31,"atk":31,"def":31,"spa":31,"spd":31,"spe":31}},{"name":"Glaceon","species":"Glaceon","item":"choicespecs","ability":"Snow Cloak","moves":["icebeam","hiddenpowerground","shadowball","blizzard"],"nature":"Modest","evs":{"hp":0,"atk":0,"def":0,"spa":252,"spd":4,"spe":252},"gender":"F","ivs":{"hp":31,"atk":31,"def":31,"spa":30,"spd":30,"spe":31},"shiny":true},{"name":"Avalugg","species":"Avalugg","item":"leftovers","ability":"Sturdy","moves":["rapidspin","recover","superpower","mirrorcoat"],"nature":"Impish","evs":{"hp":252,"atk":4,"def":252,"spa":0,"spd":0,"spe":0},"gender":"F","ivs":{"hp":31,"atk":31,"def":31,"spa":31,"spd":31,"spe":31}}],"p2team":[{"name":"Abomasnow","species":"Abomasnow","item":"abomasite","ability":"Snow Warning","moves":["blizzard","gigadrain","hiddenpowerfire","iceshard"],"nature":"Lax","evs":{"hp":0,"atk":0,"def":4,"spa":252,"spd":252,"spe":0},"ivs":{"hp":31,"atk":30,"def":31,"spa":30,"spd":31,"spe":30},"shiny":true},{"name":"Froslass","species":"Froslass","item":"leftovers","ability":"Snow Cloak","moves":["substitute","thunderbolt","icebeam","destinybond"],"nature":"Timid","evs":{"hp":4,"atk":0,"def":0,"spa":252,"spd":0,"spe":252},"ivs":{"hp":31,"atk":31,"def":31,"spa":31,"spd":31,"spe":31}},{"name":"Kyurem-Black","species":"Kyurem-Black","item":"choicescarf","ability":"Teravolt","moves":["outrage","fusionbolt","stoneedge","facade"],"nature":"Jolly","evs":{"hp":4,"atk":252,"def":0,"spa":0,"spd":0,"spe":252},"shiny":true,"ivs":{"hp":31,"atk":31,"def":31,"spa":31,"spd":31,"spe":31}},{"name":"Mamoswine","species":"Mamoswine","item":"lifeorb","ability":"Snow Cloak","moves":["stealthrock","earthquake","iceshard","stoneedge"],"nature":"Adamant","evs":{"hp":4,"atk":252,"def":0,"spa":0,"spd":0,"spe":252},"ivs":{"hp":31,"atk":31,"def":31,"spa":31,"spd":31,"spe":31}},{"name":"Walrein","species":"Walrein","item":"choicespecs","ability":"Thick Fat","moves":["surf","icebeam","signalbeam","hiddenpowerfire"],"nature":"Modest","evs":{"hp":252,"atk":0,"def":0,"spa":252,"spd":0,"spe":4},"ivs":{"hp":31,"atk":30,"def":31,"spa":30,"spd":31,"spe":30}},{"name":"Cloyster","species":"Cloyster","item":"focussash","ability":"Skill Link","moves":["shellsmash","iciclespear","rockblast","razorshell"],"nature":"Adamant","evs":{"hp":24,"atk":252,"def":0,"spa":0,"spd":0,"spe":232},"ivs":{"hp":31,"atk":31,"def":31,"spa":31,"spd":31,"spe":31}}],"log":["|player|p1|Carnie ϟ TBOT|25","|player|p2|sovereign♕zoroark|1","|gametype|singles","|gen|6","|tier|Monotype","|rated","|rule|Baton Pass Clause: Limit one Baton Passer, can't pass Spe and other stats simultaneously","|rule|Swagger Clause: Swagger is banned","|rule|Same Type Clause: Pokémon in a team must share a type","|clearpoke","|poke|p1|Lapras, F","|poke|p1|Abomasnow, F, shiny","|poke|p1|Kyurem-Black, shiny","|poke|p1|Mamoswine, F","|poke|p1|Glaceon, F, shiny","|poke|p1|Avalugg, F","|poke|p2|Abomasnow, F, shiny","|poke|p2|Froslass, F","|poke|p2|Kyurem-Black, shiny","|poke|p2|Mamoswine, M","|poke|p2|Walrein, F","|poke|p2|Cloyster, M","|rule|Sleep Clause Mod: Limit one foe put to sleep","|rule|Species Clause: Limit one of each Pokémon","|rule|OHKO Clause: OHKO moves are banned","|rule|Moody Clause: Moody is banned","|rule|Evasion Moves Clause: Evasion moves are banned","|rule|Endless Battle Clause: Forcing endless battles is banned","|rule|HP Percentage Mod: HP is shown in percentages","|teampreview","|","|start","|switch|p1a: Mamoswine|Mamoswine, F|362/362","|switch|p2a: Abomasnow|Abomasnow, F, shiny|321/321","|-weather|Hail","|turn|1","|","|detailschange|p2a: Abomasnow|Abomasnow-Mega, F, shiny","|-mega|p2a: Abomasnow|Abomasnow|Abomasite","|move|p1a: Mamoswine|Stealth Rock|p2a: Abomasnow","|-sidestart|p2: sovereign♕zoroark|move: Stealth Rock","|move|p2a: Abomasnow|Hidden Power|p1a: Mamoswine","|-supereffective|p1a: Mamoswine","|-damage|p1a: Mamoswine|138/362","|","|-weather|Hail|[upkeep]","|turn|2","|","|switch|p1a: Lapras|Lapras, F|401/401","|move|p2a: Abomasnow|Hidden Power|p1a: Lapras","|-damage|p1a: Lapras|323/401","|","|-weather|Hail|[upkeep]","|-heal|p1a: Lapras|348/401|[from] item: Leftovers","|turn|3","|","|switch|p1a: Mamoswine|Mamoswine, F|138/362","|move|p2a: Abomasnow|Giga Drain|p1a: Mamoswine|[miss]","|-miss|p2a: Abomasnow|p1a: Mamoswine","|","|-weather|Hail|[upkeep]","|turn|4","|","|move|p1a: Mamoswine|Ice Shard|p2a: Abomasnow","|-damage|p2a: Abomasnow|257/321","|move|p2a: Abomasnow|Hidden Power|p1a: Mamoswine","|-supereffective|p1a: Mamoswine","|-damage|p1a: Mamoswine|0 fnt","|faint|p1a: Mamoswine","|","|-weather|Hail|[upkeep]","|","|switch|p1a: Kyurem-Black|Kyurem-Black, shiny|391/391","|-ability|p1a: Kyurem-Black|Teravolt","|turn|5","|","|move|p2a: Abomasnow|Ice Shard|p1a: Kyurem-Black","|-crit|p1a: Kyurem-Black","|-damage|p1a: Kyurem-Black|297/391","|move|p1a: Kyurem-Black|Iron Head|p2a: Abomasnow","|-supereffective|p2a: Abomasnow","|-damage|p2a: Abomasnow|63/321","|","|-weather|none","|turn|6","|","|move|p2a: Abomasnow|Ice Shard|p1a: Kyurem-Black","|-damage|p1a: Kyurem-Black|233/391","|move|p1a: Kyurem-Black|Iron Head|p2a: Abomasnow","|-supereffective|p2a: Abomasnow","|-damage|p2a: Abomasnow|0 fnt","|faint|p2a: Abomasnow","|","|","|switch|p2a: Kyurem-Black|Kyurem-Black, shiny|392/392","|-damage|p2a: Kyurem-Black|294/392|[from] Stealth Rock","|-ability|p2a: Kyurem-Black|Teravolt","|turn|7","|","|switch|p1a: Avalugg|Avalugg, F|394/394","|move|p2a: Kyurem-Black|Outrage|p1a: Avalugg","|-damage|p1a: Avalugg|265/394","|","|-heal|p1a: Avalugg|289/394|[from] item: Leftovers","|turn|8","|","|move|p2a: Kyurem-Black|Outrage|p1a: Avalugg|[from]lockedmove","|-damage|p1a: Avalugg|168/394","|-start|p2a: Kyurem-Black|confusion|[fatigue]","|move|p1a: Avalugg|Recover|p1a: Avalugg","|-heal|p1a: Avalugg|365/394","|","|-heal|p1a: Avalugg|389/394|[from] item: Leftovers","|turn|9","|","|-activate|p2a: Kyurem-Black|confusion","|-damage|p2a: Kyurem-Black|238/392|[from] confusion","|move|p1a: Avalugg|Recover|p1a: Avalugg","|-heal|p1a: Avalugg|394/394","|","|turn|10","|","|switch|p2a: Cloyster|Cloyster, M|247/247","|-damage|p2a: Cloyster|186/247|[from] Stealth Rock","|move|p1a: Avalugg|Recover|p1a: Avalugg","|-fail|p1a: Avalugg","|","|turn|11","|","|switch|p1a: Kyurem-Black|Kyurem-Black, shiny|233/391","|-ability|p1a: Kyurem-Black|Teravolt","|move|p2a: Cloyster|Rock Blast|p1a: Kyurem-Black","|-supereffective|p1a: Kyurem-Black","|-damage|p1a: Kyurem-Black|175/391","|-supereffective|p1a: Kyurem-Black","|-damage|p1a: Kyurem-Black|117/391","|-supereffective|p1a: Kyurem-Black","|-damage|p1a: Kyurem-Black|63/391","|-supereffective|p1a: Kyurem-Black","|-damage|p1a: Kyurem-Black|11/391","|-supereffective|p1a: Kyurem-Black","|-damage|p1a: Kyurem-Black|0 fnt","|-hitcount|p1a: Kyurem-Black|5","|faint|p1a: Kyurem-Black","|","|","|switch|p1a: Avalugg|Avalugg, F|394/394","|turn|12","|","|move|p2a: Cloyster|Rock Blast|p1a: Avalugg","|-supereffective|p1a: Avalugg","|-damage|p1a: Avalugg|372/394","|-supereffective|p1a: Avalugg","|-damage|p1a: Avalugg|346/394","|-supereffective|p1a: Avalugg","|-damage|p1a: Avalugg|320/394","|-supereffective|p1a: Avalugg","|-damage|p1a: Avalugg|296/394","|-supereffective|p1a: Avalugg","|-damage|p1a: Avalugg|268/394","|-hitcount|p1a: Avalugg|5","|move|p1a: Avalugg|Superpower|p2a: Cloyster","|-supereffective|p2a: Cloyster","|-damage|p2a: Cloyster|54/247","|-unboost|p1a: Avalugg|atk|1","|-unboost|p1a: Avalugg|def|1","|","|-heal|p1a: Avalugg|292/394|[from] item: Leftovers","|turn|13","|","|move|p2a: Cloyster|Rock Blast|p1a: Avalugg","|-supereffective|p1a: Avalugg","|-damage|p1a: Avalugg|252/394","|-supereffective|p1a: Avalugg","|-damage|p1a: Avalugg|212/394","|-supereffective|p1a: Avalugg","|-damage|p1a: Avalugg|172/394","|-supereffective|p1a: Avalugg","|-damage|p1a: Avalugg|136/394","|-supereffective|p1a: Avalugg","|-damage|p1a: Avalugg|98/394","|-hitcount|p1a: Avalugg|5","|move|p1a: Avalugg|Superpower|p2a: Cloyster","|-supereffective|p2a: Cloyster","|-damage|p2a: Cloyster|0 fnt","|-unboost|p1a: Avalugg|atk|1","|-unboost|p1a: Avalugg|def|1","|faint|p2a: Cloyster","|","|-heal|p1a: Avalugg|122/394|[from] item: Leftovers","|","|switch|p2a: Walrein|Walrein, F|424/424","|-damage|p2a: Walrein|318/424|[from] Stealth Rock","|turn|14","|","|switch|p1a: Lapras|Lapras, F|348/401","|move|p2a: Walrein|Hidden Power|p1a: Lapras","|-damage|p1a: Lapras|247/401","|","|-heal|p1a: Lapras|272/401|[from] item: Leftovers","|turn|15","|","|move|p1a: Lapras|Dragon Dance|p1a: Lapras","|-boost|p1a: Lapras|atk|1","|-boost|p1a: Lapras|spe|1","|move|p2a: Walrein|Hidden Power|p1a: Lapras","|-damage|p1a: Lapras|176/401","|","|-heal|p1a: Lapras|201/401|[from] item: Leftovers","|turn|16","|","|move|p1a: Lapras|Dragon Dance|p1a: Lapras","|-boost|p1a: Lapras|atk|1","|-boost|p1a: Lapras|spe|1","|move|p2a: Walrein|Hidden Power|p1a: Lapras","|-damage|p1a: Lapras|97/401","|","|-heal|p1a: Lapras|122/401|[from] item: Leftovers","|turn|17","|","|move|p1a: Lapras|Waterfall|p2a: Walrein","|-resisted|p2a: Walrein","|-damage|p2a: Walrein|189/424","|move|p2a: Walrein|Hidden Power|p1a: Lapras","|-damage|p1a: Lapras|20/401","|","|-heal|p1a: Lapras|45/401|[from] item: Leftovers","|turn|18","|","|move|p1a: Lapras|Waterfall|p2a: Walrein","|-resisted|p2a: Walrein","|-damage|p2a: Walrein|54/424","|move|p2a: Walrein|Hidden Power|p1a: Lapras","|-damage|p1a: Lapras|0 fnt","|faint|p1a: Lapras","|","|","|switch|p1a: Abomasnow|Abomasnow, F, shiny|321/321","|-weather|Hail","|turn|19","|","|move|p1a: Abomasnow|Giga Drain|p2a: Walrein","|-supereffective|p2a: Walrein","|-damage|p2a: Walrein|0 fnt","|faint|p2a: Walrein","|","|-weather|Hail|[upkeep]","|","|switch|p2a: Mamoswine|Mamoswine, M|362/362","|-damage|p2a: Mamoswine|317/362|[from] Stealth Rock","|turn|20","|","|move|p2a: Mamoswine|Earthquake|p1a: Abomasnow","|-resisted|p1a: Abomasnow","|-damage|p1a: Abomasnow|153/321","|-damage|p2a: Mamoswine|281/362|[from] item: Life Orb","|move|p1a: Abomasnow|Giga Drain|p2a: Mamoswine","|-crit|p2a: Mamoswine","|-supereffective|p2a: Mamoswine","|-damage|p2a: Mamoswine|0 fnt","|-heal|p1a: Abomasnow|294/321|[from] drain|[of] p2a: Mamoswine","|faint|p2a: Mamoswine","|","|-weather|Hail|[upkeep]","|","|switch|p2a: Kyurem-Black|Kyurem-Black, shiny|238/392","|-damage|p2a: Kyurem-Black|140/392|[from] Stealth Rock","|-ability|p2a: Kyurem-Black|Teravolt","|turn|21","|","|switch|p1a: Avalugg|Avalugg, F|122/394","|move|p2a: Kyurem-Black|Outrage|p1a: Avalugg","|-damage|p1a: Avalugg|0 fnt","|faint|p1a: Avalugg","|","|-weather|Hail|[upkeep]","|","|switch|p1a: Glaceon|Glaceon, F, shiny|271/271","|turn|22","|","|move|p2a: Kyurem-Black|Outrage|p1a: Glaceon|[from]lockedmove","|-damage|p1a: Glaceon|34/271","|-start|p2a: Kyurem-Black|confusion|[fatigue]","|move|p1a: Glaceon|Blizzard|p2a: Kyurem-Black","|-crit|p2a: Kyurem-Black","|-damage|p2a: Kyurem-Black|0 fnt","|faint|p2a: Kyurem-Black","|","|-weather|Hail|[upkeep]","|","|switch|p2a: Froslass|Froslass, F|282/282","|-damage|p2a: Froslass|212/282|[from] Stealth Rock","|turn|23","|","|move|p2a: Froslass|Substitute|p2a: Froslass","|-start|p2a: Froslass|Substitute","|-damage|p2a: Froslass|142/282","|move|p1a: Glaceon|Blizzard|p2a: Froslass","|-resisted|p2a: Froslass","|-end|p2a: Froslass|Substitute","|","|-weather|none","|-heal|p2a: Froslass|159/282|[from] item: Leftovers","|turn|24","|","|switch|p1a: Abomasnow|Abomasnow, F, shiny|294/321","|-weather|Hail","|move|p2a: Froslass|Thunderbolt|p1a: Abomasnow","|-resisted|p1a: Abomasnow","|-damage|p1a: Abomasnow|248/321","|","|-weather|Hail|[upkeep]","|-heal|p2a: Froslass|176/282|[from] item: Leftovers","|turn|25","|","|move|p2a: Froslass|Substitute|p2a: Froslass","|-start|p2a: Froslass|Substitute","|-damage|p2a: Froslass|106/282","|move|p1a: Abomasnow|Blizzard|p2a: Froslass","|-resisted|p2a: Froslass","|-end|p2a: Froslass|Substitute","|","|-weather|Hail|[upkeep]","|-heal|p2a: Froslass|123/282|[from] item: Leftovers","|turn|26","|","|move|p2a: Froslass|Destiny Bond|p2a: Froslass","|-singlemove|p2a: Froslass|Destiny Bond","|move|p1a: Abomasnow|Blizzard|p2a: Froslass","|-resisted|p2a: Froslass","|-damage|p2a: Froslass|9/282","|","|-weather|Hail|[upkeep]","|-heal|p2a: Froslass|26/282|[from] item: Leftovers","|turn|27","|","|move|p1a: Abomasnow|Ice Shard|p2a: Froslass","|-resisted|p2a: Froslass","|-damage|p2a: Froslass|0 fnt","|faint|p2a: Froslass","|-activate|p2a: Froslass|Destiny Bond","|faint|p1a: Abomasnow","|","|win|Carnie ϟ TBOT"],"p1rating":{"entryid":"6578599","serverid":"eos","formatid":"monotype","userid":"carnietbot","username":"Carnie ϟ TBOT","w":7,"l":"9","t":"1","gxe":47.2,"r":"1477.8064315132","rd":"83.57625831353","sigma":"0","rptime":"1439197200","rpr":1478.6635751092,"rprd":80.141799088565,"rpsigma":"0","acre":1083.9024751168,"lacre":1083.9024751168,"oldacre":"1051.5544009998"},"p2rating":{"entryid":"7523691","serverid":"eos","formatid":"monotype","userid":"sovereignzoroark","username":"sovereign♕zoroark","w":"8","l":26,"t":"0","gxe":26.8,"r":"1317.1241090314","rd":"81.121872698644","sigma":"0","rptime":"1439197200","rpr":1308.5474240753,"rprd":59.099434930104,"rpsigma":"0","acre":1034.5197590823,"lacre":1034.5197590823,"oldacre":"1052.4290988277"},"endType":"normal"}