{"seed":[1557,10569,58715,12285],"turns":34,"p1":"Crystal Blade64","p2":"GTX♅Bzumzum","p1team":[{"name":"Darmanitan","species":"Darmanitan","item":"lifeorb","ability":"Sheer Force","moves":["flareblitz","earthquake","rockslide","superpower"],"nature":"Jolly","evs":{"hp":4,"atk":252,"def":0,"spa":0,"spd":0,"spe":252},"ivs":{"hp":31,"atk":31,"def":31,"spa":31,"spd":31,"spe":31}},{"name":"Arcanine","species":"Arcanine","item":"leftovers","ability":"Intimidate","moves":["extremespeed","morningsun","willowisp","protect"],"nature":"Careful","evs":{"hp":252,"atk":4,"def":0,"spa":0,"spd":252,"spe":0},"ivs":{"hp":31,"atk":31,"def":31,"spa":31,"spd":31,"spe":31}},{"name":"Rotom-Heat","species":"Rotom-Heat","item":"lightclay","ability":"Levitate","moves":["lightscreen","reflect","painsplit","voltswitch"],"nature":"Calm","evs":{"hp":248,"atk":0,"def":0,"spa":8,"spd":252,"spe":0},"ivs":{"hp":31,"atk":31,"def":31,"spa":31,"spd":31,"spe":31}},{"name":"Combusken","species":"Combusken","item":"eviolite","ability":"Speed Boost","moves":["substitute","protect","batonpass","willowisp"],"nature":"Timid","evs":{"hp":248,"atk":0,"def":0,"spa":0,"spd":8,"spe":252},"ivs":{"hp":31,"atk":31,"def":31,"spa":31,"spd":31,"spe":31}},{"name":"Infernape","species":"Infernape","item":"focussash","ability":"Blaze","moves":["machpunch","taunt","stealthrock","overheat"],"nature":"Hasty","evs":{"hp":248,"atk":8,"def":0,"spa":0,"spd":0,"spe":252},"ivs":{"hp":31,"atk":31,"def":31,"spa":31,"spd":31,"spe":31}},{"name":"Charizard","species":"Charizard","item":"charizarditex","ability":"Blaze","moves":["dragondance","flareblitz","roost","outrage"],"nature":"Adamant","evs":{"hp":0,"atk":252,"def":0,"spa":0,"spd":4,"spe":252},"ivs":{"hp":31,"atk":31,"def":31,"spa":31,"spd":31,"spe":31}}],"p2team":[{"name":"Elec","species":"manectric","item":"manectite","ability":"Lightning Rod","moves":["thunderbolt","hiddenpowergrass","voltswitch","overheat"],"nature":"Timid","evs":{"hp":0,"atk":0,"def":0,"spa":252,"spd":4,"spe":252},"gender":"M","ivs":{"hp":31,"atk":30,"def":31,"spa":30,"spd":31,"spe":31}},{"name":"Water-Safe","species":"rotomwash","item":"chestoberry","ability":"Levitate","moves":["hydropump","hex","willowisp","rest"],"nature":"Calm","evs":{"hp":248,"atk":0,"def":0,"spa":8,"spd":252,"spe":0},"shiny":true,"ivs":{"hp":31,"atk":31,"def":31,"spa":31,"spd":31,"spe":31}},{"name":"MY ZONE!!!","species":"magnezone","item":"choicespecs","ability":"Sturdy","moves":["hiddenpowerice","flashcannon","triattack","signalbeam"],"nature":"Modest","evs":{"hp":248,"atk":0,"def":0,"spa":252,"spd":8,"spe":0},"ivs":{"hp":31,"atk":30,"def":30,"spa":31,"spd":31,"spe":31},"shiny":true},{"name":"Lightning","species":"raichu","item":"safetygoggles","ability":"Static","moves":["grassknot","voltswitch","surf","focusblast"],"nature":"Timid","evs":{"hp":4,"atk":0,"def":0,"spa":252,"spd":0,"spe":252},"gender":"M","shiny":true,"ivs":{"hp":31,"atk":31,"def":31,"spa":31,"spd":31,"spe":31}},{"name":"Zapz","species":"zapdos","item":"leftovers","ability":"Pressure","moves":["heatwave","roost","extrasensory","defog"],"nature":"Modest","evs":{"hp":252,"atk":0,"def":0,"spa":252,"spd":4,"spe":0},"shiny":true,"ivs":{"hp":31,"atk":31,"def":31,"spa":31,"spd":31,"spe":31}},{"name":"Plugg-in Failure","species":"electivire","item":"choicescarf","ability":"Vital Spirit","moves":["crosschop","earthquake","icepunch","rockslide"],"nature":"Adamant","evs":{"hp":0,"atk":252,"def":0,"spa":0,"spd":4,"spe":252},"gender":"M","shiny":true,"ivs":{"hp":31,"atk":31,"def":31,"spa":31,"spd":31,"spe":31}}],"log":["|player|p1|Crystal Blade64|165","|player|p2|GTX♅Bzumzum|225","|gametype|singles","|gen|6","|tier|Monotype","|rated","|rule|Baton Pass Clause: Limit one Baton Passer, can't pass Spe and other stats simultaneously","|rule|Swagger Clause: Swagger is banned","|rule|Same Type Clause: Pokémon in a team must share a type","|clearpoke","|poke|p1|Darmanitan, F","|poke|p1|Arcanine, M","|poke|p1|Rotom-Heat","|poke|p1|Combusken, F","|poke|p1|Infernape, M","|poke|p1|Charizard, F","|poke|p2|Manectric, M","|poke|p2|Rotom-Wash, shiny","|poke|p2|Magnezone, shiny","|poke|p2|Raichu, M, shiny","|poke|p2|Zapdos, shiny","|poke|p2|Electivire, M, shiny","|rule|Sleep Clause Mod: Limit one foe put to sleep","|rule|Species Clause: Limit one of each Pokémon","|rule|OHKO Clause: OHKO moves are banned","|rule|Moody Clause: Moody is banned","|rule|Evasion Moves Clause: Evasion moves are banned","|rule|Endless Battle Clause: Forcing endless battles is banned","|rule|HP Percentage Mod: HP is shown in percentages","|teampreview","|","|start","|switch|p1a: Infernape|Infernape, M|355/355","|switch|p2a: Lightning|Raichu, M, shiny|262/262","|turn|1","|","|move|p2a: Lightning|Surf|p1a: Infernape","|-supereffective|p1a: Infernape","|-damage|p1a: Infernape|121/355","|move|p1a: Infernape|Stealth Rock|p2a: Lightning","|-sidestart|p2: GTX♅Bzumzum|move: Stealth Rock","|","|turn|2","|","|move|p1a: Infernape|Mach Punch|p2a: Lightning","|-damage|p2a: Lightning|189/262","|move|p2a: Lightning|Surf|p1a: Infernape","|-supereffective|p1a: Infernape","|-damage|p1a: Infernape|0 fnt","|faint|p1a: Infernape","|","|","|switch|p1a: Rotom-Heat|Rotom-Heat|303/303","|turn|3","|","|move|p2a: Lightning|Surf|p1a: Rotom-Heat","|-supereffective|p1a: Rotom-Heat","|-damage|p1a: Rotom-Heat|185/303","|move|p1a: Rotom-Heat|Light Screen|p1a: Rotom-Heat","|-sidestart|p1: Crystal Blade64|move: Light Screen","|","|turn|4","|","|switch|p1a: Combusken|Combusken, F|323/323","|move|p2a: Lightning|Volt Switch|p1a: Combusken","|-damage|p1a: Combusken|272/323","|","|switch|p2a: Zapz|Zapdos, shiny|384/384","|-damage|p2a: Zapz|288/384|[from] Stealth Rock","|-ability|p2a: Zapz|Pressure","|","|-heal|p2a: Zapz|312/384|[from] item: Leftovers","|turn|5","|","|move|p2a: Zapz|Extrasensory|p1a: Combusken","|-crit|p1a: Combusken","|-supereffective|p1a: Combusken","|-damage|p1a: Combusken|0 fnt","|faint|p1a: Combusken","|","|-heal|p2a: Zapz|336/384|[from] item: Leftovers","|","|switch|p1a: Darmanitan|Darmanitan, F|352/352","|turn|6","|","|move|p1a: Darmanitan|Rock Slide|p2a: Zapz","|-supereffective|p2a: Zapz","|-damage|p2a: Zapz|0 fnt","|faint|p2a: Zapz","|","|","|switch|p2a: Water-Safe|Rotom-Wash, shiny|303/303","|-damage|p2a: Water-Safe|266/303|[from] Stealth Rock","|turn|7","|","|move|p1a: Darmanitan|Superpower|p2a: Water-Safe","|-damage|p2a: Water-Safe|97/303","|-unboost|p1a: Darmanitan|atk|1","|-unboost|p1a: Darmanitan|def|1","|-damage|p1a: Darmanitan|317/352|[from] item: Life Orb","|move|p2a: Water-Safe|Hydro Pump|p1a: Darmanitan|[miss]","|-miss|p2a: Water-Safe|p1a: Darmanitan","|","|turn|8","|","|switch|p2a: Lightning|Raichu, M, shiny|189/262","|-damage|p2a: Lightning|157/262|[from] Stealth Rock","|move|p1a: Darmanitan|Superpower|p2a: Lightning","|-damage|p2a: Lightning|0 fnt","|-unboost|p1a: Darmanitan|atk|1","|-unboost|p1a: Darmanitan|def|1","|-damage|p1a: Darmanitan|282/352|[from] item: Life Orb","|faint|p2a: Lightning","|","|","|switch|p2a: Plugg-in Failure|Electivire, M, shiny|291/291","|-damage|p2a: Plugg-in Failure|255/291|[from] Stealth Rock","|turn|9","|","|switch|p1a: Rotom-Heat|Rotom-Heat|185/303","|move|p2a: Plugg-in Failure|Rock Slide|p1a: Rotom-Heat","|-supereffective|p1a: Rotom-Heat","|-damage|p1a: Rotom-Heat|0 fnt","|faint|p1a: Rotom-Heat","|","|","|switch|p1a: Arcanine|Arcanine, M|384/384","|-ability|p1a: Arcanine|Intimidate","|-unboost|p2a: Plugg-in Failure|atk|1","|turn|10","|","|switch|p2a: Water-Safe|Rotom-Wash, shiny|97/303","|-damage|p2a: Water-Safe|60/303|[from] Stealth Rock","|move|p1a: Arcanine|Will-O-Wisp|p2a: Water-Safe|[miss]","|-miss|p1a: Arcanine|p2a: Water-Safe","|","|-sideend|p1: Crystal Blade64|move: Light Screen","|turn|11","|","|move|p1a: Arcanine|Extreme Speed|p2a: Water-Safe","|-damage|p2a: Water-Safe|0 fnt","|faint|p2a: Water-Safe","|","|","|switch|p2a: Plugg-in Failure|Electivire, M, shiny|255/291","|-damage|p2a: Plugg-in Failure|219/291|[from] Stealth Rock","|turn|12","|","|move|p1a: Arcanine|Protect|p1a: Arcanine","|-singleturn|p1a: Arcanine|Protect","|move|p2a: Plugg-in Failure|Rock Slide|p1a: Arcanine","|-activate|p1a: Arcanine|Protect","|","|turn|13","|","|switch|p1a: Darmanitan|Darmanitan, F|282/352","|move|p2a: Plugg-in Failure|Rock Slide|p1a: Darmanitan","|-supereffective|p1a: Darmanitan","|-damage|p1a: Darmanitan|0 fnt","|faint|p1a: Darmanitan","|","|","|switch|p1a: Arcanine|Arcanine, M|384/384","|-ability|p1a: Arcanine|Intimidate","|-unboost|p2a: Plugg-in Failure|atk|1","|turn|14","|","|switch|p2a: MY ZONE!!!|Magnezone, shiny|343/343","|-damage|p2a: MY ZONE!!!|322/343|[from] Stealth Rock","|move|p1a: Arcanine|Will-O-Wisp|p2a: MY ZONE!!!","|-status|p2a: MY ZONE!!!|brn","|","|-damage|p2a: MY ZONE!!!|280/343 brn|[from] brn","|turn|15","|","|move|p1a: Arcanine|Protect|p1a: Arcanine","|-singleturn|p1a: Arcanine|Protect","|move|p2a: MY ZONE!!!|Tri Attack|p1a: Arcanine","|-activate|p1a: Arcanine|Protect","|","|-damage|p2a: MY ZONE!!!|238/343 brn|[from] brn","|turn|16","|","|switch|p1a: Charizard|Charizard, F|297/297","|move|p2a: MY ZONE!!!|Tri Attack|p1a: Charizard","|-damage|p1a: Charizard|130/297","|","|-damage|p2a: MY ZONE!!!|196/343 brn|[from] brn","|turn|17","|","|detailschange|p1a: Charizard|Charizard-Mega-X, F","|-mega|p1a: Charizard|Charizard|Charizardite X","|move|p1a: Charizard|Roost|p1a: Charizard","|-heal|p1a: Charizard|279/297","|move|p2a: MY ZONE!!!|Tri Attack|p1a: Charizard","|-damage|p1a: Charizard|88/297","|","|-damage|p2a: MY ZONE!!!|154/343 brn|[from] brn","|turn|18","|","|move|p1a: Charizard|Roost|p1a: Charizard","|-heal|p1a: Charizard|237/297","|move|p2a: MY ZONE!!!|Tri Attack|p1a: Charizard","|-damage|p1a: Charizard|72/297","|","|-damage|p2a: MY ZONE!!!|112/343 brn|[from] brn","|turn|19","|","|move|p1a: Charizard|Roost|p1a: Charizard","|-heal|p1a: Charizard|221/297","|move|p2a: MY ZONE!!!|Tri Attack|p1a: Charizard","|-damage|p1a: Charizard|52/297","|","|-damage|p2a: MY ZONE!!!|70/343 brn|[from] brn","|turn|20","|","|move|p1a: Charizard|Flare Blitz|p2a: MY ZONE!!!","|-supereffective|p2a: MY ZONE!!!","|-damage|p2a: MY ZONE!!!|0 fnt","|-damage|p1a: Charizard|29/297|[from] recoil|[of] p2a: MY ZONE!!!","|faint|p2a: MY ZONE!!!","|","|","|switch|p2a: Plugg-in Failure|Electivire, M, shiny|219/291","|-damage|p2a: Plugg-in Failure|183/291|[from] Stealth Rock","|turn|21","|","|switch|p1a: Arcanine|Arcanine, M|384/384","|-ability|p1a: Arcanine|Intimidate","|-unboost|p2a: Plugg-in Failure|atk|1","|move|p2a: Plugg-in Failure|Earthquake|p1a: Arcanine","|-supereffective|p1a: Arcanine","|-damage|p1a: Arcanine|170/384","|","|-heal|p1a: Arcanine|194/384|[from] item: Leftovers","|turn|22","|","|move|p1a: Arcanine|Protect|p1a: Arcanine","|-singleturn|p1a: Arcanine|Protect","|move|p2a: Plugg-in Failure|Earthquake|p1a: Arcanine","|-activate|p1a: Arcanine|Protect","|","|-heal|p1a: Arcanine|218/384|[from] item: Leftovers","|turn|23","|","|move|p2a: Plugg-in Failure|Earthquake|p1a: Arcanine","|-supereffective|p1a: Arcanine","|-damage|p1a: Arcanine|30/384","|move|p1a: Arcanine|Morning Sun|p1a: Arcanine","|-heal|p1a: Arcanine|222/384","|","|-heal|p1a: Arcanine|246/384|[from] item: Leftovers","|turn|24","|","|switch|p2a: Elec|Manectric, M|281/281","|-damage|p2a: Elec|246/281|[from] Stealth Rock","|move|p1a: Arcanine|Protect|p1a: Arcanine","|-fail|p1a: Arcanine","|","|-heal|p1a: Arcanine|270/384|[from] item: Leftovers","|turn|25","|","|detailschange|p2a: Elec|Manectric-Mega, M","|-mega|p2a: Elec|Manectric|Manectite","|-ability|p2a: Elec|Intimidate","|-unboost|p1a: Arcanine|atk|1","|move|p2a: Elec|Volt Switch|p1a: Arcanine","|-damage|p1a: Arcanine|161/384","|","|switch|p2a: Plugg-in Failure|Electivire, M, shiny|183/291","|-damage|p2a: Plugg-in Failure|147/291|[from] Stealth Rock","|move|p1a: Arcanine|Will-O-Wisp|p2a: Plugg-in Failure","|-status|p2a: Plugg-in Failure|brn","|","|-heal|p1a: Arcanine|185/384|[from] item: Leftovers","|-damage|p2a: Plugg-in Failure|111/291 brn|[from] brn","|turn|26","|","|move|p1a: Arcanine|Protect|p1a: Arcanine","|-singleturn|p1a: Arcanine|Protect","|move|p2a: Plugg-in Failure|Earthquake|p1a: Arcanine","|-activate|p1a: Arcanine|Protect","|","|-heal|p1a: Arcanine|209/384|[from] item: Leftovers","|-damage|p2a: Plugg-in Failure|75/291 brn|[from] brn","|turn|27","|","|switch|p1a: Charizard|Charizard-Mega-X, F|29/297","|move|p2a: Plugg-in Failure|Earthquake|p1a: Charizard","|-supereffective|p1a: Charizard","|-damage|p1a: Charizard|0 fnt","|faint|p1a: Charizard","|","|-damage|p2a: Plugg-in Failure|39/291 brn|[from] brn","|","|switch|p1a: Arcanine|Arcanine, M|209/384","|-ability|p1a: Arcanine|Intimidate","|-unboost|p2a: Plugg-in Failure|atk|1","|turn|28","|","|move|p1a: Arcanine|Protect|p1a: Arcanine","|-singleturn|p1a: Arcanine|Protect","|move|p2a: Plugg-in Failure|Earthquake|p1a: Arcanine","|-activate|p1a: Arcanine|Protect","|","|-heal|p1a: Arcanine|233/384|[from] item: Leftovers","|-damage|p2a: Plugg-in Failure|3/291 brn|[from] brn","|turn|29","|","|move|p1a: Arcanine|Extreme Speed|p2a: Plugg-in Failure","|-crit|p2a: Plugg-in Failure","|-damage|p2a: Plugg-in Failure|0 fnt","|faint|p2a: Plugg-in Failure","|","|-heal|p1a: Arcanine|257/384|[from] item: Leftovers","|","|switch|p2a: Elec|Manectric-Mega, M|246/281","|-damage|p2a: Elec|211/281|[from] Stealth Rock","|-ability|p2a: Elec|Intimidate","|-unboost|p1a: Arcanine|atk|1","|turn|30","|","|move|p2a: Elec|Thunderbolt|p1a: Arcanine","|-damage|p1a: Arcanine|110/384","|move|p1a: Arcanine|Will-O-Wisp|p2a: Elec","|-status|p2a: Elec|brn","|","|-heal|p1a: Arcanine|134/384|[from] item: Leftovers","|-damage|p2a: Elec|176/281 brn|[from] brn","|turn|31","|","|move|p1a: Arcanine|Protect|p1a: Arcanine","|-singleturn|p1a: Arcanine|Protect","|move|p2a: Elec|Thunderbolt|p1a: Arcanine","|-activate|p1a: Arcanine|Protect","|","|-heal|p1a: Arcanine|158/384|[from] item: Leftovers","|-damage|p2a: Elec|141/281 brn|[from] brn","|turn|32","|","|move|p2a: Elec|Thunderbolt|p1a: Arcanine","|-damage|p1a: Arcanine|13/384","|move|p1a: Arcanine|Morning Sun|p1a: Arcanine","|-heal|p1a: Arcanine|205/384","|","|-heal|p1a: Arcanine|229/384|[from] item: Leftovers","|-damage|p2a: Elec|106/281 brn|[from] brn","|turn|33","|","|move|p1a: Arcanine|Protect|p1a: Arcanine","|-singleturn|p1a: Arcanine|Protect","|move|p2a: Elec|Thunderbolt|p1a: Arcanine","|-activate|p1a: Arcanine|Protect","|","|-heal|p1a: Arcanine|253/384|[from] item: Leftovers","|-damage|p2a: Elec|71/281 brn|[from] brn","|turn|34","|","|move|p1a: Arcanine|Extreme Speed|p2a: Elec","|-crit|p2a: Elec","|-damage|p2a: Elec|0 fnt","|faint|p2a: Elec","|","|win|Crystal Blade64"],"p1rating":{"entryid":"6391332","serverid":"eos","formatid":"monotype","userid":"crystalblade64","username":"Crystal Blade64","w":23,"l":"21","t":"0","gxe":52.3,"r":"1520.5247760868","rd":"60.193430858841","sigma":"0","rptime":"1439197200","rpr":1517.8654073054,"rprd":52.950411765452,"rpsigma":"0","acre":1209.1395326155,"lacre":1209.1395326155,"oldacre":"1192.2194122906"},"p2rating":{"entryid":"6857825","serverid":"eos","formatid":"monotype","userid":"gtxbzumzum","username":"GTX♅Bzumzum","w":"28","l":106,"t":"0","gxe":21.9,"r":"1258.1816725107","rd":"35.793534537741","sigma":"0","rptime":"1439197200","rpr":1260.2692968403,"rprd":34.970369604252,"rpsigma":"0","acre":1061.296449645,"lacre":1061.296449645,"oldacre":"1075.755222672"},"endType":"normal"}