{"seed":[43080,60222,33641,11104],"turns":30,"p1":"SL~Pixie","p2":"xnailz","p1team":[{"name":"Reuniclus","species":"Reuniclus","item":"leftovers","ability":"Magic Guard","moves":["calmmind","recover","shadowball","psychic"],"nature":"Bold","evs":{"hp":252,"atk":0,"def":252,"spa":4,"spd":0,"spe":0},"ivs":{"hp":31,"atk":31,"def":31,"spa":31,"spd":31,"spe":31}},{"name":"Gothitelle","species":"Gothitelle","item":"choicescarf","ability":"Shadow Tag","moves":["calmmind","trick","psychic","shadowball"],"nature":"Modest","evs":{"hp":252,"atk":0,"def":0,"spa":252,"spd":4,"spe":0},"ivs":{"hp":31,"atk":31,"def":31,"spa":31,"spd":31,"spe":31}},{"name":"Slowking","species":"Slowking","item":"leftovers","ability":"Regenerator","moves":["calmmind","scald","slackoff","flamethrower"],"nature":"Bold","evs":{"hp":252,"atk":0,"def":252,"spa":4,"spd":0,"spe":0},"ivs":{"hp":31,"atk":31,"def":31,"spa":31,"spd":31,"spe":31}},{"name":"Wobbuffet","species":"Wobbuffet","item":"","ability":"Shadow Tag","moves":["encore","counter","mirrorcoat","safeguard"],"nature":"Calm","evs":{"hp":248,"atk":0,"def":8,"spa":0,"spd":252,"spe":0},"ivs":{"hp":31,"atk":31,"def":31,"spa":31,"spd":31,"spe":31}},{"name":"Lunatone","species":"Lunatone","item":"focussash","ability":"Levitate","moves":["stealthrock","moonlight","toxic","painsplit"],"nature":"Calm","evs":{"hp":248,"atk":0,"def":8,"spa":0,"spd":252,"spe":0},"ivs":{"hp":31,"atk":31,"def":31,"spa":31,"spd":31,"spe":31}},{"name":"Malamar","species":"Malamar","item":"choicescarf","ability":"Contrary","moves":["psychocut","superpower","knockoff","rockslide"],"nature":"Jolly","evs":{"hp":0,"atk":252,"def":0,"spa":0,"spd":4,"spe":252},"ivs":{"hp":31,"atk":31,"def":31,"spa":31,"spd":31,"spe":31}}],"p2team":[{"name":"Charizard","species":"Charizard","item":"charizarditey","ability":"Blaze","moves":["solarbeam","flamethrower","dragonpulse","defog"],"nature":"Timid","evs":{"hp":0,"atk":0,"def":0,"spa":252,"spd":4,"spe":252},"ivs":{"hp":31,"atk":0,"def":31,"spa":31,"spd":31,"spe":31}},{"name":"Infernape","species":"Infernape","item":"focussash","ability":"Iron Fist","moves":["closecombat","overheat","machpunch","stealthrock"],"nature":"Naive","evs":{"hp":0,"atk":252,"def":4,"spa":0,"spd":0,"spe":252},"ivs":{"hp":31,"atk":30,"def":30,"spa":31,"spd":31,"spe":31}},{"name":"Victini","species":"Victini","item":"choicescarf","ability":"Victory Star","moves":["vcreate","boltstrike","uturn","zenheadbutt"],"nature":"Naive","evs":{"hp":0,"atk":252,"def":0,"spa":4,"spd":0,"spe":252},"ivs":{"hp":31,"atk":31,"def":31,"spa":31,"spd":31,"spe":31}},{"name":"Arcanine","species":"Arcanine","item":"leftovers","ability":"Intimidate","moves":["willowisp","extremespeed","morningsun","ironhead"],"nature":"Impish","evs":{"hp":240,"atk":0,"def":252,"spa":0,"spd":0,"spe":16},"ivs":{"hp":31,"atk":30,"def":30,"spa":31,"spd":31,"spe":31}},{"name":"Rotom-Heat","species":"Rotom-Heat","item":"leftovers","ability":"Levitate","moves":["thunderwave","overheat","hiddenpowerice","voltswitch"],"nature":"Modest","evs":{"hp":248,"atk":0,"def":0,"spa":8,"spd":252,"spe":0},"ivs":{"hp":31,"atk":30,"def":30,"spa":31,"spd":31,"spe":31}},{"name":"Chandelure","species":"Chandelure","item":"lifeorb","ability":"Infiltrator","moves":["flamethrower","energyball","trickroom","shadowball"],"nature":"Quiet","evs":{"hp":248,"atk":0,"def":8,"spa":252,"spd":0,"spe":0},"ivs":{"hp":31,"atk":30,"def":30,"spa":31,"spd":31,"spe":31}}],"log":["|player|p1|SL~Pixie|34","|player|p2|xnailz|160","|gametype|singles","|gen|6","|tier|Monotype","|rated","|rule|Baton Pass Clause: Limit one Baton Passer, can't pass Spe and other stats simultaneously","|rule|Swagger Clause: Swagger is banned","|rule|Same Type Clause: Pokémon in a team must share a type","|clearpoke","|poke|p1|Reuniclus, M","|poke|p1|Gothitelle, F","|poke|p1|Slowking, M","|poke|p1|Wobbuffet, F","|poke|p1|Lunatone","|poke|p1|Malamar, M","|poke|p2|Charizard, M","|poke|p2|Infernape, M","|poke|p2|Victini","|poke|p2|Arcanine, F","|poke|p2|Rotom-Heat","|poke|p2|Chandelure, F","|rule|Sleep Clause Mod: Limit one foe put to sleep","|rule|Species Clause: Limit one of each Pokémon","|rule|OHKO Clause: OHKO moves are banned","|rule|Moody Clause: Moody is banned","|rule|Evasion Moves Clause: Evasion moves are banned","|rule|Endless Battle Clause: Forcing endless battles is banned","|rule|HP Percentage Mod: HP is shown in percentages","|teampreview","|","|start","|switch|p1a: Lunatone|Lunatone|343/343","|switch|p2a: Infernape|Infernape, M|293/293","|turn|1","|","|move|p2a: Infernape|Stealth Rock|p1a: Lunatone","|-sidestart|p1: SL~Pixie|move: Stealth Rock","|move|p1a: Lunatone|Stealth Rock|p2a: Infernape","|-sidestart|p2: xnailz|move: Stealth Rock","|","|turn|2","|","|move|p2a: Infernape|Close Combat|p1a: Lunatone","|-damage|p1a: Lunatone|81/343","|-unboost|p2a: Infernape|def|1","|-unboost|p2a: Infernape|spd|1","|move|p1a: Lunatone|Toxic|p2a: Infernape","|-status|p2a: Infernape|tox","|","|-damage|p2a: Infernape|275/293 tox|[from] psn","|turn|3","|","|move|p2a: Infernape|Close Combat|p1a: Lunatone","|-damage|p1a: Lunatone|0 fnt","|-unboost|p2a: Infernape|def|1","|-unboost|p2a: Infernape|spd|1","|faint|p1a: Lunatone","|","|-damage|p2a: Infernape|239/293 tox|[from] psn","|","|switch|p1a: Slowking|Slowking, M|394/394","|-damage|p1a: Slowking|345/394|[from] Stealth Rock","|turn|4","|","|move|p2a: Infernape|Close Combat|p1a: Slowking","|-resisted|p1a: Slowking","|-damage|p1a: Slowking|273/394","|-unboost|p2a: Infernape|def|1","|-unboost|p2a: Infernape|spd|1","|move|p1a: Slowking|Calm Mind|p1a: Slowking","|-boost|p1a: Slowking|spa|1","|-boost|p1a: Slowking|spd|1","|","|-heal|p1a: Slowking|297/394|[from] item: Leftovers","|-damage|p2a: Infernape|185/293 tox|[from] psn","|turn|5","|","|move|p2a: Infernape|Close Combat|p1a: Slowking","|-resisted|p1a: Slowking","|-damage|p1a: Slowking|219/394","|-unboost|p2a: Infernape|def|1","|-unboost|p2a: Infernape|spd|1","|move|p1a: Slowking|Scald|p2a: Infernape","|-supereffective|p2a: Infernape","|-damage|p2a: Infernape|0 fnt","|faint|p2a: Infernape","|","|-heal|p1a: Slowking|243/394|[from] item: Leftovers","|","|switch|p2a: Charizard|Charizard, M|297/297","|-damage|p2a: Charizard|149/297|[from] Stealth Rock","|turn|6","|","|detailschange|p2a: Charizard|Charizard-Mega-Y, M","|-mega|p2a: Charizard|Charizard|Charizardite Y","|-weather|SunnyDay","|move|p2a: Charizard|Defog|p1a: Slowking","|-unboost|p1a: Slowking|evasion|1","|-sideend|p1: SL~Pixie|Stealth Rock|[from] move: Defog|[of] p1a: Slowking","|-sideend|p2: xnailz|Stealth Rock|[from] move: Defog|[of] p2a: Charizard","|move|p1a: Slowking|Scald|p2a: Charizard","|-supereffective|p2a: Charizard","|-damage|p2a: Charizard|11/297","|","|-weather|SunnyDay|[upkeep]","|-heal|p1a: Slowking|267/394|[from] item: Leftovers","|turn|7","|","|switch|p2a: Rotom-Heat|Rotom-Heat|303/303","|move|p1a: Slowking|Slack Off|p1a: Slowking","|-heal|p1a: Slowking|394/394","|","|-weather|SunnyDay|[upkeep]","|turn|8","|","|move|p2a: Rotom-Heat|Volt Switch|p1a: Slowking","|-supereffective|p1a: Slowking","|-damage|p1a: Slowking|286/394","|","|switch|p2a: Victini|Victini|341/341","|move|p1a: Slowking|Calm Mind|p1a: Slowking","|-boost|p1a: Slowking|spa|1","|-boost|p1a: Slowking|spd|1","|","|-weather|SunnyDay|[upkeep]","|-heal|p1a: Slowking|310/394|[from] item: Leftovers","|turn|9","|","|move|p2a: Victini|Bolt Strike|p1a: Slowking","|-supereffective|p1a: Slowking","|-damage|p1a: Slowking|98/394","|-status|p1a: Slowking|par","|move|p1a: Slowking|Slack Off|p1a: Slowking","|-heal|p1a: Slowking|295/394 par","|","|-weather|SunnyDay|[upkeep]","|-heal|p1a: Slowking|319/394 par|[from] item: Leftovers","|turn|10","|","|switch|p2a: Rotom-Heat|Rotom-Heat|303/303","|move|p1a: Slowking|Scald|p2a: Rotom-Heat","|-supereffective|p2a: Rotom-Heat","|-damage|p2a: Rotom-Heat|157/303","|","|-weather|none","|-heal|p2a: Rotom-Heat|175/303|[from] item: Leftovers","|-heal|p1a: Slowking|343/394 par|[from] item: Leftovers","|turn|11","|","|move|p2a: Rotom-Heat|Volt Switch|p1a: Slowking","|-supereffective|p1a: Slowking","|-damage|p1a: Slowking|251/394 par","|","|switch|p2a: Charizard|Charizard-Mega-Y, M|11/297","|-weather|SunnyDay","|move|p1a: Slowking|Calm Mind|p1a: Slowking","|-boost|p1a: Slowking|spa|1","|-boost|p1a: Slowking|spd|1","|","|-weather|SunnyDay|[upkeep]","|-heal|p1a: Slowking|275/394 par|[from] item: Leftovers","|turn|12","|","|move|p2a: Charizard|Solar Beam|p1a: Slowking|[still]","|-prepare|p2a: Charizard|Solar Beam|p1a: Slowking","|-anim|p2a: Charizard|Solar Beam|p1a: Slowking","|-supereffective|p1a: Slowking","|-damage|p1a: Slowking|161/394 par","|move|p1a: Slowking|Slack Off|p1a: Slowking","|-heal|p1a: Slowking|358/394 par","|","|-weather|SunnyDay|[upkeep]","|-heal|p1a: Slowking|382/394 par|[from] item: Leftovers","|turn|13","|","|move|p2a: Charizard|Solar Beam|p1a: Slowking|[still]","|-prepare|p2a: Charizard|Solar Beam|p1a: Slowking","|-anim|p2a: Charizard|Solar Beam|p1a: Slowking","|-supereffective|p1a: Slowking","|-damage|p1a: Slowking|254/394 par","|move|p1a: Slowking|Scald|p2a: Charizard","|-supereffective|p2a: Charizard","|-damage|p2a: Charizard|0 fnt","|faint|p2a: Charizard","|","|-weather|SunnyDay|[upkeep]","|-heal|p1a: Slowking|278/394 par|[from] item: Leftovers","|","|switch|p2a: Victini|Victini|341/341","|turn|14","|","|move|p2a: Victini|Bolt Strike|p1a: Slowking","|-supereffective|p1a: Slowking","|-damage|p1a: Slowking|60/394 par","|cant|p1a: Slowking|par","|","|-weather|SunnyDay|[upkeep]","|-heal|p1a: Slowking|84/394 par|[from] item: Leftovers","|turn|15","|","|move|p2a: Victini|Bolt Strike|p1a: Slowking","|-supereffective|p1a: Slowking","|-damage|p1a: Slowking|0 fnt","|faint|p1a: Slowking","|","|-weather|none","|","|switch|p1a: Wobbuffet|Wobbuffet, F|583/583","|turn|16","|","|move|p2a: Victini|Bolt Strike|p1a: Wobbuffet","|-damage|p1a: Wobbuffet|376/583","|-status|p1a: Wobbuffet|par","|move|p1a: Wobbuffet|Encore|p2a: Victini","|-start|p2a: Victini|Encore","|","|turn|17","|","|move|p2a: Victini|Bolt Strike|p1a: Wobbuffet","|-damage|p1a: Wobbuffet|188/583 par","|move|p1a: Wobbuffet|Counter|p2a: Victini","|-damage|p2a: Victini|0 fnt","|faint|p2a: Victini","|","|","|switch|p2a: Rotom-Heat|Rotom-Heat|175/303","|turn|18","|","|move|p2a: Rotom-Heat|Overheat|p1a: Wobbuffet","|-damage|p1a: Wobbuffet|7/583 par","|-unboost|p2a: Rotom-Heat|spa|2","|move|p1a: Wobbuffet|Mirror Coat|p2a: Rotom-Heat","|-damage|p2a: Rotom-Heat|0 fnt","|faint|p2a: Rotom-Heat","|","|","|switch|p2a: Arcanine|Arcanine, F|381/381","|-ability|p2a: Arcanine|Intimidate","|-unboost|p1a: Wobbuffet|atk|1","|turn|19","|","|move|p2a: Arcanine|Extreme Speed|p1a: Wobbuffet","|-damage|p1a: Wobbuffet|0 fnt","|faint|p1a: Wobbuffet","|","|","|switch|p1a: Malamar|Malamar, M|313/313","|turn|20","|","|move|p1a: Malamar|Knock Off|p2a: Arcanine","|-damage|p2a: Arcanine|257/381","|-enditem|p2a: Arcanine|Leftovers|[from] move: Knock Off|[of] p1a: Malamar","|move|p2a: Arcanine|Will-O-Wisp|p1a: Malamar","|-status|p1a: Malamar|brn","|","|-damage|p1a: Malamar|274/313 brn|[from] brn","|turn|21","|","|switch|p1a: Gothitelle|Gothitelle, F|344/344","|move|p2a: Arcanine|Iron Head|p1a: Gothitelle","|-damage|p1a: Gothitelle|279/344","|","|turn|22","|","|move|p2a: Arcanine|Extreme Speed|p1a: Gothitelle","|-damage|p1a: Gothitelle|206/344","|move|p1a: Gothitelle|Trick|p2a: Arcanine","|-activate|p1a: Gothitelle|move: Trick|[of] p2a: Arcanine","|-item|p2a: Arcanine|Choice Scarf|[from] move: Trick","|","|turn|23","|","|move|p2a: Arcanine|Iron Head|p1a: Gothitelle","|-damage|p1a: Gothitelle|136/344","|move|p1a: Gothitelle|Psychic|p2a: Arcanine","|-damage|p2a: Arcanine|76/381","|-unboost|p2a: Arcanine|spd|1","|","|turn|24","|","|move|p2a: Arcanine|Iron Head|p1a: Gothitelle","|-damage|p1a: Gothitelle|69/344","|cant|p1a: Gothitelle|flinch","|","|turn|25","|","|move|p2a: Arcanine|Iron Head|p1a: Gothitelle","|-damage|p1a: Gothitelle|3/344","|move|p1a: Gothitelle|Shadow Ball|p2a: Arcanine","|-damage|p2a: Arcanine|0 fnt","|faint|p2a: Arcanine","|","|","|switch|p2a: Chandelure|Chandelure, F|323/323","|turn|26","|","|move|p1a: Gothitelle|Shadow Ball|p2a: Chandelure","|-supereffective|p2a: Chandelure","|-damage|p2a: Chandelure|149/323","|-unboost|p2a: Chandelure|spd|1","|move|p2a: Chandelure|Trick Room|p2a: Chandelure","|-fieldstart|move: Trick Room|[of] p2a: Chandelure","|","|turn|27","|","|move|p1a: Gothitelle|Trick|p2a: Chandelure","|-activate|p1a: Gothitelle|move: Trick|[of] p2a: Chandelure","|-item|p1a: Gothitelle|Life Orb|[from] move: Trick","|move|p2a: Chandelure|Shadow Ball|p1a: Gothitelle","|-supereffective|p1a: Gothitelle","|-damage|p1a: Gothitelle|0 fnt","|faint|p1a: Gothitelle","|","|","|switch|p1a: Malamar|Malamar, M|274/313 brn","|turn|28","|","|move|p2a: Chandelure|Flamethrower|p1a: Malamar","|-damage|p1a: Malamar|40/313 brn","|move|p1a: Malamar|Knock Off|p2a: Chandelure","|-supereffective|p2a: Chandelure","|-damage|p2a: Chandelure|53/323","|","|-damage|p1a: Malamar|1/313 brn|[from] brn","|turn|29","|","|move|p2a: Chandelure|Flamethrower|p1a: Malamar","|-damage|p1a: Malamar|0 fnt","|faint|p1a: Malamar","|","|","|switch|p1a: Reuniclus|Reuniclus, M|424/424","|turn|30","|","|move|p1a: Reuniclus|Shadow Ball|p2a: Chandelure","|-supereffective|p2a: Chandelure","|-damage|p2a: Chandelure|0 fnt","|faint|p2a: Chandelure","|","|win|SL~Pixie"],"p1rating":{"entryid":"7506194","serverid":"eos","formatid":"monotype","userid":"slpixie","username":"SL~Pixie","w":5,"l":"3","t":"0","gxe":55.7,"r":"1535.2389392667","rd":"112.2448737714","sigma":"0","rptime":"1439197200","rpr":1544.2904398973,"rprd":92.940871689649,"rpsigma":"0","acre":1120.0453620464,"lacre":1120.0453620464,"oldacre":"1075.6703313977"},"p2rating":{"entryid":"6782407","serverid":"eos","formatid":"monotype","userid":"xnailz","username":"xNailz","w":"29","l":11,"t":"0","gxe":70.1,"r":"1661.1893111722","rd":"61.864896018782","sigma":"0","rptime":"1439197200","rpr":1662.7972223258,"rprd":59.632961084491,"rpsigma":"0","acre":1251.2463561811,"lacre":1251.2463561811,"oldacre":"1289.9687663836"},"endType":"normal"}