{"seed":[55399,44546,47384,64156],"turns":23,"p1":"BagelBeagle","p2":"Carnie Marx","p1team":[{"name":"Mr Rogers","species":"archeops","item":"","ability":"Defeatist","moves":["acrobatics","earthquake","stoneedge","crunch"],"nature":"Jolly","evs":{"hp":0,"atk":252,"def":0,"spa":0,"spd":4,"spe":252},"shiny":true,"ivs":{"hp":31,"atk":31,"def":31,"spa":31,"spd":31,"spe":31}},{"name":"DrySkin✬Dan","species":"rhyperior","item":"weaknesspolicy","ability":"Solid Rock","moves":["earthquake","megahorn","rockslide","outrage"],"nature":"Adamant","evs":{"hp":248,"atk":252,"def":0,"spa":0,"spd":8,"spe":0},"gender":"M","shiny":true,"ivs":{"hp":31,"atk":31,"def":31,"spa":31,"spd":31,"spe":31}},{"name":"Boo-Berry Huckle","species":"shuckle","item":"leftovers","ability":"Sturdy","moves":["encore","stickyweb","toxic","infestation"],"nature":"Careful","evs":{"hp":252,"atk":4,"def":0,"spa":0,"spd":252,"spe":0},"gender":"M","shiny":true,"ivs":{"hp":31,"atk":31,"def":31,"spa":31,"spd":31,"spe":31}},{"name":"Bubblegumsaurus","species":"aerodactyl","item":"aerodactylite","ability":"Rock Head","moves":["aerialace","firefang","earthquake","stoneedge"],"nature":"Jolly","evs":{"hp":0,"atk":252,"def":0,"spa":0,"spd":4,"spe":252},"shiny":true,"ivs":{"hp":31,"atk":31,"def":31,"spa":31,"spd":31,"spe":31}},{"name":"Classic Toast","species":"tyranitar","item":"leftovers","ability":"Sand Stream","moves":["crunch","rockslide","thunderwave","stealthrock"],"nature":"Adamant","evs":{"hp":252,"atk":252,"def":0,"spa":0,"spd":4,"spe":0},"gender":"M","shiny":true,"ivs":{"hp":31,"atk":31,"def":31,"spa":31,"spd":31,"spe":31}},{"name":"MySpace.com","species":"cradily","item":"leftovers","ability":"Storm Drain","moves":["energyball","earthpower","recover","toxic"],"nature":"Calm","evs":{"hp":252,"atk":0,"def":0,"spa":4,"spd":252,"spe":0},"gender":"M","shiny":true,"ivs":{"hp":31,"atk":31,"def":31,"spa":31,"spd":31,"spe":31}}],"p2team":[{"name":"Sharpedo","species":"Sharpedo","item":"focussash","ability":"Speed Boost","moves":["crunch","waterfall","earthquake","destinybond"],"nature":"Adamant","evs":{"hp":0,"atk":252,"def":0,"spa":0,"spd":4,"spe":252},"ivs":{"hp":31,"atk":31,"def":31,"spa":31,"spd":31,"spe":31}},{"name":"Clawitzer","species":"Clawitzer","item":"choicescarf","ability":"Mega Launcher","moves":["dragonpulse","darkpulse","waterpulse","icebeam"],"nature":"Timid","evs":{"hp":0,"atk":0,"def":0,"spa":252,"spd":4,"spe":252},"ivs":{"hp":31,"atk":31,"def":31,"spa":31,"spd":31,"spe":31}},{"name":"Ludicolo","species":"Ludicolo","item":"choicespecs","ability":"Swift Swim","moves":["gigadrain","icebeam","surf","energyball"],"nature":"Modest","evs":{"hp":0,"atk":0,"def":0,"spa":252,"spd":4,"spe":252},"ivs":{"hp":31,"atk":31,"def":31,"spa":31,"spd":31,"spe":31}},{"name":"Quagsire","species":"Quagsire","item":"leftovers","ability":"Unaware","moves":["protect","icepunch","waterfall","toxic"],"nature":"Impish","evs":{"hp":252,"atk":4,"def":252,"spa":0,"spd":0,"spe":0},"ivs":{"hp":31,"atk":31,"def":31,"spa":31,"spd":31,"spe":31}},{"name":"Rotom-Wash","species":"Rotom-Wash","item":"leftovers","ability":"Levitate","moves":["discharge","thunderwave","charge","painsplit"],"nature":"Calm","evs":{"hp":252,"atk":0,"def":0,"spa":4,"spd":252,"spe":0},"ivs":{"hp":31,"atk":31,"def":31,"spa":31,"spd":31,"spe":31}},{"name":"Politoed","species":"Politoed","item":"leftovers","ability":"Drizzle","moves":["scald","icebeam","psychic","toxic"],"nature":"Bold","evs":{"hp":252,"atk":0,"def":252,"spa":4,"spd":0,"spe":0},"ivs":{"hp":31,"atk":31,"def":31,"spa":31,"spd":31,"spe":31}}],"log":["|player|p1|BagelBeagle|107","|player|p2|Carnie Marx|238","|gametype|singles","|gen|6","|tier|Monotype","|rated","|rule|Baton Pass Clause: Limit one Baton Passer, can't pass Spe and other stats simultaneously","|rule|Swagger Clause: Swagger is banned","|rule|Same Type Clause: Pokémon in a team must share a type","|clearpoke","|poke|p1|Archeops, M, shiny","|poke|p1|Rhyperior, M, shiny","|poke|p1|Shuckle, M, shiny","|poke|p1|Aerodactyl, M, shiny","|poke|p1|Tyranitar, M, shiny","|poke|p1|Cradily, M, shiny","|poke|p2|Sharpedo, F","|poke|p2|Clawitzer, M","|poke|p2|Ludicolo, M","|poke|p2|Quagsire, F","|poke|p2|Rotom-Wash","|poke|p2|Politoed, M","|rule|Sleep Clause Mod: Limit one foe put to sleep","|rule|Species Clause: Limit one of each Pokémon","|rule|OHKO Clause: OHKO moves are banned","|rule|Moody Clause: Moody is banned","|rule|Evasion Moves Clause: Evasion moves are banned","|rule|Endless Battle Clause: Forcing endless battles is banned","|rule|HP Percentage Mod: HP is shown in percentages","|teampreview","|","|start","|switch|p1a: Boo-Berry Huckle|Shuckle, M, shiny|244/244","|switch|p2a: Rotom-Wash|Rotom-Wash|304/304","|turn|1","|","|move|p2a: Rotom-Wash|Thunder Wave|p1a: Boo-Berry Huckle","|-status|p1a: Boo-Berry Huckle|par","|move|p1a: Boo-Berry Huckle|Toxic|p2a: Rotom-Wash","|-status|p2a: Rotom-Wash|tox","|","|-damage|p2a: Rotom-Wash|285/304 tox|[from] psn","|turn|2","|","|move|p2a: Rotom-Wash|Charge|p2a: Rotom-Wash","|-boost|p2a: Rotom-Wash|spd|1","|-activate|p2a: Rotom-Wash|move: Charge","|move|p1a: Boo-Berry Huckle|Sticky Web|p2a: Rotom-Wash","|-sidestart|p2: Carnie Marx|move: Sticky Web","|","|-heal|p2a: Rotom-Wash|304/304 tox|[from] item: Leftovers","|-damage|p2a: Rotom-Wash|266/304 tox|[from] psn","|turn|3","|","|move|p2a: Rotom-Wash|Discharge|p1a: Boo-Berry Huckle","|-damage|p1a: Boo-Berry Huckle|166/244 par","|move|p1a: Boo-Berry Huckle|Encore|p2a: Rotom-Wash","|-start|p2a: Rotom-Wash|Encore","|","|-heal|p2a: Rotom-Wash|285/304 tox|[from] item: Leftovers","|-heal|p1a: Boo-Berry Huckle|181/244 par|[from] item: Leftovers","|-damage|p2a: Rotom-Wash|228/304 tox|[from] psn","|turn|4","|","|switch|p2a: Politoed|Politoed, M|384/384","|-activate|p2a: Politoed|move: Sticky Web","|-unboost|p2a: Politoed|spe|1","|-weather|RainDance","|switch|p1a: DrySkin✬Dan|Rhyperior, M, shiny|433/433","|","|-weather|RainDance|[upkeep]","|turn|5","|","|switch|p1a: Classic Toast|Tyranitar, M, shiny|404/404","|-weather|Sandstorm","|move|p2a: Politoed|Ice Beam|p1a: Classic Toast","|-damage|p1a: Classic Toast|360/404","|","|-weather|Sandstorm|[upkeep]","|-damage|p2a: Politoed|360/384|[from] sandstorm","|-heal|p1a: Classic Toast|385/404|[from] item: Leftovers","|-heal|p2a: Politoed|384/384|[from] item: Leftovers","|turn|6","|","|move|p1a: Classic Toast|Thunder Wave|p2a: Politoed","|-status|p2a: Politoed|par","|move|p2a: Politoed|Scald|p1a: Classic Toast","|-supereffective|p1a: Classic Toast","|-damage|p1a: Classic Toast|269/404","|","|-weather|Sandstorm|[upkeep]","|-damage|p2a: Politoed|360/384 par|[from] sandstorm","|-heal|p1a: Classic Toast|294/404|[from] item: Leftovers","|-heal|p2a: Politoed|384/384 par|[from] item: Leftovers","|turn|7","|","|switch|p1a: MySpace.com|Cradily, M, shiny|376/376","|move|p2a: Politoed|Scald|p1a: MySpace.com","|-boost|p1a: MySpace.com|spa|1|[from] ability: Storm Drain","|","|-weather|Sandstorm|[upkeep]","|-damage|p2a: Politoed|360/384 par|[from] sandstorm","|-heal|p2a: Politoed|384/384 par|[from] item: Leftovers","|turn|8","|","|switch|p2a: Rotom-Wash|Rotom-Wash|228/304 tox","|move|p1a: MySpace.com|Energy Ball|p2a: Rotom-Wash","|-supereffective|p2a: Rotom-Wash","|-damage|p2a: Rotom-Wash|36/304 tox","|","|-weather|Sandstorm|[upkeep]","|-damage|p2a: Rotom-Wash|17/304 tox|[from] sandstorm","|-heal|p2a: Rotom-Wash|36/304 tox|[from] item: Leftovers","|-damage|p2a: Rotom-Wash|17/304 tox|[from] psn","|turn|9","|","|move|p2a: Rotom-Wash|Pain Split|p1a: MySpace.com","|-sethp|p1a: MySpace.com|196/376|p2a: Rotom-Wash|196/304 tox|[from] move: Pain Split","|move|p1a: MySpace.com|Energy Ball|p2a: Rotom-Wash","|-supereffective|p2a: Rotom-Wash","|-damage|p2a: Rotom-Wash|4/304 tox","|","|-weather|none","|-heal|p2a: Rotom-Wash|23/304 tox|[from] item: Leftovers","|-heal|p1a: MySpace.com|219/376|[from] item: Leftovers","|-damage|p2a: Rotom-Wash|0 fnt|[from] psn","|faint|p2a: Rotom-Wash","|","|switch|p2a: Sharpedo|Sharpedo, F|281/281","|-activate|p2a: Sharpedo|move: Sticky Web","|-unboost|p2a: Sharpedo|spe|1","|turn|10","|","|switch|p1a: Classic Toast|Tyranitar, M, shiny|294/404","|-weather|Sandstorm","|move|p2a: Sharpedo|Earthquake|p1a: Classic Toast","|-supereffective|p1a: Classic Toast","|-damage|p1a: Classic Toast|76/404","|","|-weather|Sandstorm|[upkeep]","|-damage|p2a: Sharpedo|264/281|[from] sandstorm","|-heal|p1a: Classic Toast|101/404|[from] item: Leftovers","|-boost|p2a: Sharpedo|spe|1|[from] ability: Speed Boost","|turn|11","|","|move|p2a: Sharpedo|Earthquake|p1a: Classic Toast","|-supereffective|p1a: Classic Toast","|-damage|p1a: Classic Toast|0 fnt","|faint|p1a: Classic Toast","|","|-weather|Sandstorm|[upkeep]","|-damage|p2a: Sharpedo|247/281|[from] sandstorm","|-boost|p2a: Sharpedo|spe|1|[from] ability: Speed Boost","|","|switch|p1a: DrySkin✬Dan|Rhyperior, M, shiny|433/433","|turn|12","|","|move|p2a: Sharpedo|Waterfall|p1a: DrySkin✬Dan","|-supereffective|p1a: DrySkin✬Dan","|-damage|p1a: DrySkin✬Dan|100/433","|-enditem|p1a: DrySkin✬Dan|Weakness Policy","|-boost|p1a: DrySkin✬Dan|atk|2|[from] item: Weakness Policy","|-boost|p1a: DrySkin✬Dan|spa|2|[from] item: Weakness Policy","|move|p1a: DrySkin✬Dan|Megahorn|p2a: Sharpedo","|-supereffective|p2a: Sharpedo","|-damage|p2a: Sharpedo|0 fnt","|faint|p2a: Sharpedo","|","|-weather|Sandstorm|[upkeep]","|","|switch|p2a: Clawitzer|Clawitzer, M|283/283","|-activate|p2a: Clawitzer|move: Sticky Web","|-unboost|p2a: Clawitzer|spe|1","|turn|13","|","|move|p2a: Clawitzer|Ice Beam|p1a: DrySkin✬Dan","|-supereffective|p1a: DrySkin✬Dan","|-damage|p1a: DrySkin✬Dan|0 fnt","|faint|p1a: DrySkin✬Dan","|","|-weather|Sandstorm|[upkeep]","|-damage|p2a: Clawitzer|266/283|[from] sandstorm","|","|switch|p1a: Mr Rogers|Archeops, M, shiny|291/291","|turn|14","|","|move|p1a: Mr Rogers|Acrobatics|p2a: Clawitzer","|-damage|p2a: Clawitzer|41/283","|move|p2a: Clawitzer|Ice Beam|p1a: Mr Rogers","|-supereffective|p1a: Mr Rogers","|-damage|p1a: Mr Rogers|93/291","|","|-weather|none","|turn|15","|","|move|p1a: Mr Rogers|Acrobatics|p2a: Clawitzer","|-damage|p2a: Clawitzer|0 fnt","|faint|p2a: Clawitzer","|","|","|switch|p2a: Quagsire|Quagsire, F|394/394","|-activate|p2a: Quagsire|move: Sticky Web","|-unboost|p2a: Quagsire|spe|1","|turn|16","|","|move|p1a: Mr Rogers|Crunch|p2a: Quagsire","|-damage|p2a: Quagsire|351/394","|-unboost|p2a: Quagsire|def|1","|move|p2a: Quagsire|Ice Punch|p1a: Mr Rogers","|-supereffective|p1a: Mr Rogers","|-damage|p1a: Mr Rogers|0 fnt","|faint|p1a: Mr Rogers","|","|-heal|p2a: Quagsire|375/394|[from] item: Leftovers","|","|switch|p1a: MySpace.com|Cradily, M, shiny|219/376","|turn|17","|","|move|p1a: MySpace.com|Energy Ball|p2a: Quagsire","|-supereffective|p2a: Quagsire","|-damage|p2a: Quagsire|0 fnt","|faint|p2a: Quagsire","|","|-heal|p1a: MySpace.com|242/376|[from] item: Leftovers","|","|switch|p2a: Politoed|Politoed, M|384/384 par","|-activate|p2a: Politoed|move: Sticky Web","|-unboost|p2a: Politoed|spe|1","|-weather|RainDance","|turn|18","|","|switch|p2a: Ludicolo|Ludicolo, M|301/301","|-activate|p2a: Ludicolo|move: Sticky Web","|-unboost|p2a: Ludicolo|spe|1","|move|p1a: MySpace.com|Energy Ball|p2a: Ludicolo","|-damage|p2a: Ludicolo|211/301","|","|-weather|RainDance|[upkeep]","|-heal|p1a: MySpace.com|265/376|[from] item: Leftovers","|turn|19","|","|move|p2a: Ludicolo|Ice Beam|p1a: MySpace.com","|-supereffective|p1a: MySpace.com","|-damage|p1a: MySpace.com|93/376","|move|p1a: MySpace.com|Toxic|p2a: Ludicolo","|-status|p2a: Ludicolo|tox","|","|-weather|RainDance|[upkeep]","|-heal|p1a: MySpace.com|116/376|[from] item: Leftovers","|-damage|p2a: Ludicolo|193/301 tox|[from] psn","|turn|20","|","|switch|p1a: Boo-Berry Huckle|Shuckle, M, shiny|181/244 par","|move|p2a: Ludicolo|Ice Beam|p1a: Boo-Berry Huckle","|-damage|p1a: Boo-Berry Huckle|132/244 par","|","|-weather|RainDance|[upkeep]","|-heal|p1a: Boo-Berry Huckle|147/244 par|[from] item: Leftovers","|-damage|p2a: Ludicolo|157/301 tox|[from] psn","|turn|21","|","|switch|p2a: Politoed|Politoed, M|384/384 par","|-activate|p2a: Politoed|move: Sticky Web","|-unboost|p2a: Politoed|spe|1","|move|p1a: Boo-Berry Huckle|Infestation|p2a: Politoed","|-crit|p2a: Politoed","|-damage|p2a: Politoed|375/384 par","|-activate|p2a: Politoed|move: Infestation|[of] p1a: Boo-Berry Huckle","|","|-weather|RainDance|[upkeep]","|-heal|p2a: Politoed|384/384 par|[from] item: Leftovers","|-heal|p1a: Boo-Berry Huckle|162/244 par|[from] item: Leftovers","|-damage|p2a: Politoed|336/384 par|[from] move: Infestation|[partiallytrapped]","|turn|22","|","|move|p2a: Politoed|Psychic|p1a: Boo-Berry Huckle","|-damage|p1a: Boo-Berry Huckle|135/244 par","|move|p1a: Boo-Berry Huckle|Infestation|p2a: Politoed","|-damage|p2a: Politoed|330/384 par","|","|-weather|none","|-heal|p2a: Politoed|354/384 par|[from] item: Leftovers","|-heal|p1a: Boo-Berry Huckle|150/244 par|[from] item: Leftovers","|-damage|p2a: Politoed|306/384 par|[from] move: Infestation|[partiallytrapped]","|turn|23","|","|win|BagelBeagle"],"p1rating":{"entryid":"7518165","serverid":"eos","formatid":"monotype","userid":"bagelbeagle","username":"BagelBeagle","w":10,"l":"15","t":"0","gxe":41.4,"r":"1433.1656889509","rd":"69.791266122081","sigma":"0","rptime":"1439197200","rpr":1433.4802092403,"rprd":64.899673180591,"rpsigma":"0","acre":1082.5354387662,"lacre":1082.5354387662,"oldacre":"1049.3468081143"},"p2rating":{"entryid":"5821777","serverid":"eos","formatid":"monotype","userid":"carniemarx","username":"Carnie Marx","w":"69","l":97,"t":"0","gxe":40.9,"r":"1431.4550121378","rd":"33.491060808661","sigma":"0","rptime":"1439197200","rpr":1430.5117707374,"rprd":33.097536904617,"rpsigma":"0","acre":1036.9639386909,"lacre":1036.9639386909,"oldacre":"1055.6427794539"},"endType":"forfeit"}