{"seed":[64876,3941,7918,48761],"turns":24,"p1":"Burning At Ease","p2":"Multistripe멀티 줄무늬","p1team":[{"name":"Torkoal","species":"Torkoal","item":"leftovers","ability":"Shell Armor","moves":["clearsmog","stealthrock","rapidspin","yawn"],"nature":"Bold","evs":{"hp":248,"atk":0,"def":252,"spa":8,"spd":0,"spe":0},"gender":"M","ivs":{"hp":31,"atk":0,"def":31,"spa":31,"spd":31,"spe":31}},{"name":"Infernape","species":"Infernape","item":"choiceband","ability":"Iron Fist","moves":["closecombat","thunderpunch","flareblitz","earthquake"],"nature":"Jolly","evs":{"hp":0,"atk":252,"def":4,"spa":0,"spd":0,"spe":252},"ivs":{"hp":31,"atk":31,"def":31,"spa":31,"spd":31,"spe":31}},{"name":"Charizard","species":"Charizard","item":"charizarditey","ability":"Blaze","moves":["flamethrower","solarbeam","roost","tailwind"],"nature":"Timid","evs":{"hp":0,"atk":0,"def":0,"spa":252,"spd":0,"spe":252},"gender":"M","ivs":{"hp":31,"atk":0,"def":31,"spa":31,"spd":31,"spe":31}},{"name":"Entei","species":"Entei","item":"assaultvest","ability":"Pressure","moves":["sacredfire","ironhead","stoneedge","extremespeed"],"nature":"Adamant","evs":{"hp":0,"atk":252,"def":4,"spa":0,"spd":0,"spe":252},"shiny":true,"ivs":{"hp":31,"atk":31,"def":31,"spa":31,"spd":31,"spe":31}},{"name":"Rotom-Heat","species":"Rotom-Heat","item":"lightclay","ability":"Levitate","moves":["voltswitch","overheat","lightscreen","reflect"],"nature":"Timid","evs":{"hp":152,"atk":0,"def":0,"spa":104,"spd":0,"spe":252},"ivs":{"hp":31,"atk":0,"def":31,"spa":31,"spd":31,"spe":31}},{"name":"Heatran","species":"Heatran","item":"choicescarf","ability":"Flash Fire","moves":["flashcannon","earthpower","ancientpower","lavaplume"],"nature":"Timid","evs":{"hp":0,"atk":0,"def":4,"spa":252,"spd":0,"spe":252},"ivs":{"hp":31,"atk":0,"def":31,"spa":31,"spd":31,"spe":31}}],"p2team":[{"name":"ラティオス","species":"latios","item":"choicescarf","ability":"Levitate","moves":["shadowball","dragonpulse","psyshock","icebeam"],"nature":"Timid","evs":{"hp":0,"atk":0,"def":4,"spa":252,"spd":0,"spe":252},"ivs":{"hp":31,"atk":0,"def":31,"spa":31,"spd":31,"spe":31}},{"name":"キュレム","species":"kyuremblack","item":"lifeorb","ability":"Teravolt","moves":["icebeam","outrage","fusionbolt","ironhead"],"nature":"Naive","evs":{"hp":0,"atk":100,"def":0,"spa":180,"spd":0,"spe":228},"shiny":true,"ivs":{"hp":31,"atk":31,"def":31,"spa":31,"spd":31,"spe":31}},{"name":"ボーマンダ","species":"salamence","item":"choicescarf","ability":"Moxie","moves":["outrage","aerialace","steelwing","earthquake"],"nature":"Jolly","evs":{"hp":0,"atk":252,"def":4,"spa":0,"spd":0,"spe":252},"ivs":{"hp":31,"atk":31,"def":31,"spa":31,"spd":31,"spe":31}},{"name":"サザンドラ","species":"hydreigon","item":"choicespecs","ability":"Levitate","moves":["darkpulse","flamethrower","dracometeor","flashcannon"],"nature":"Modest","evs":{"hp":0,"atk":0,"def":4,"spa":252,"spd":0,"spe":252},"shiny":true,"ivs":{"hp":31,"atk":31,"def":31,"spa":31,"spd":31,"spe":31}},{"name":"ガブリアス","species":"garchomp","item":"rockyhelmet","ability":"Rough Skin","moves":["stealthrock","earthquake","dragontail","endure"],"nature":"Impish","evs":{"hp":252,"atk":0,"def":232,"spa":0,"spd":24,"spe":0},"ivs":{"hp":31,"atk":31,"def":31,"spa":31,"spd":31,"spe":31}},{"name":"ラティアス","species":"latias","item":"latiasite","ability":"Levitate","moves":["calmmind","recover","psyshock","dragonbreath"],"nature":"Bold","evs":{"hp":252,"atk":0,"def":224,"spa":0,"spd":0,"spe":32},"ivs":{"hp":31,"atk":0,"def":31,"spa":31,"spd":31,"spe":31}}],"log":["|player|p1|Burning At Ease|52","|player|p2|Multistripe멀티 줄무늬|25","|gametype|singles","|gen|6","|tier|Monotype","|rated","|rule|Baton Pass Clause: Limit one Baton Passer, can't pass Spe and other stats simultaneously","|rule|Swagger Clause: Swagger is banned","|rule|Same Type Clause: Pokémon in a team must share a type","|clearpoke","|poke|p1|Torkoal, M","|poke|p1|Infernape, F","|poke|p1|Charizard, M","|poke|p1|Entei, shiny","|poke|p1|Rotom-Heat","|poke|p1|Heatran, F","|poke|p2|Latios, M","|poke|p2|Kyurem-Black, shiny","|poke|p2|Salamence, F","|poke|p2|Hydreigon, F, shiny","|poke|p2|Garchomp, F","|poke|p2|Latias, F","|rule|Sleep Clause Mod: Limit one foe put to sleep","|rule|Species Clause: Limit one of each Pokémon","|rule|OHKO Clause: OHKO moves are banned","|rule|Moody Clause: Moody is banned","|rule|Evasion Moves Clause: Evasion moves are banned","|rule|Endless Battle Clause: Forcing endless battles is banned","|rule|HP Percentage Mod: HP is shown in percentages","|teampreview","|","|start","|switch|p1a: Rotom-Heat|Rotom-Heat|279/279","|switch|p2a: ガブリアス|Garchomp, F|420/420","|turn|1","|","|move|p1a: Rotom-Heat|Reflect|p1a: Rotom-Heat","|-sidestart|p1: Burning At Ease|Reflect","|move|p2a: ガブリアス|Stealth Rock|p1a: Rotom-Heat","|-sidestart|p1: Burning At Ease|move: Stealth Rock","|","|turn|2","|","|move|p1a: Rotom-Heat|Light Screen|p1a: Rotom-Heat","|-sidestart|p1: Burning At Ease|move: Light Screen","|move|p2a: ガブリアス|Dragon Tail|p1a: Rotom-Heat","|-damage|p1a: Rotom-Heat|237/279","|drag|p1a: Entei|Entei, shiny|371/371","|-damage|p1a: Entei|279/371|[from] Stealth Rock","|-ability|p1a: Entei|Pressure","|","|turn|3","|","|move|p1a: Entei|Sacred Fire|p2a: ガブリアス","|-resisted|p2a: ガブリアス","|-damage|p2a: ガブリアス|348/420","|move|p2a: ガブリアス|Earthquake|p1a: Entei","|-supereffective|p1a: Entei","|-damage|p1a: Entei|120/371","|","|turn|4","|","|switch|p1a: Rotom-Heat|Rotom-Heat|237/279","|-damage|p1a: Rotom-Heat|168/279|[from] Stealth Rock","|move|p2a: ガブリアス|Earthquake|p1a: Rotom-Heat","|-immune|p1a: Rotom-Heat|[msg]","|","|turn|5","|","|move|p1a: Rotom-Heat|Overheat|p2a: ガブリアス|[miss]","|-miss|p1a: Rotom-Heat|p2a: ガブリアス","|move|p2a: ガブリアス|Dragon Tail|p1a: Rotom-Heat","|-damage|p1a: Rotom-Heat|125/279","|drag|p1a: Entei|Entei, shiny|120/371","|-damage|p1a: Entei|28/371|[from] Stealth Rock","|-ability|p1a: Entei|Pressure","|","|turn|6","|","|move|p1a: Entei|Sacred Fire|p2a: ガブリアス","|-resisted|p2a: ガブリアス","|-damage|p2a: ガブリアス|282/420","|-status|p2a: ガブリアス|brn","|move|p2a: ガブリアス|Earthquake|p1a: Entei","|-crit|p1a: Entei","|-supereffective|p1a: Entei","|-damage|p1a: Entei|0 fnt","|faint|p1a: Entei","|","|-damage|p2a: ガブリアス|230/420 brn|[from] brn","|","|switch|p1a: Torkoal|Torkoal, M|343/343","|-damage|p1a: Torkoal|258/343|[from] Stealth Rock","|turn|7","|","|move|p2a: ガブリアス|Earthquake|p1a: Torkoal","|-supereffective|p1a: Torkoal","|-damage|p1a: Torkoal|213/343","|move|p1a: Torkoal|Rapid Spin|p2a: ガブリアス","|-damage|p2a: ガブリアス|221/420 brn","|-damage|p1a: Torkoal|171/343|[from] ability: Rough Skin|[of] p2a: ガブリアス","|-damage|p1a: Torkoal|114/343|[from] item: Rocky Helmet|[of] p2a: ガブリアス","|-sideend|p1: Burning At Ease|Stealth Rock|[from] move: Rapid Spin|[of] p1a: Torkoal","|","|-heal|p1a: Torkoal|135/343|[from] item: Leftovers","|-damage|p2a: ガブリアス|169/420 brn|[from] brn","|turn|8","|","|move|p2a: ガブリアス|Stealth Rock|p1a: Torkoal","|-sidestart|p1: Burning At Ease|move: Stealth Rock","|move|p1a: Torkoal|Stealth Rock|p2a: ガブリアス","|-sidestart|p2: Multistripe멀티 줄무늬|move: Stealth Rock","|","|-heal|p1a: Torkoal|156/343|[from] item: Leftovers","|-damage|p2a: ガブリアス|117/420 brn|[from] brn","|-sideend|p1: Burning At Ease|Reflect","|turn|9","|","|move|p2a: ガブリアス|Earthquake|p1a: Torkoal","|-supereffective|p1a: Torkoal","|-damage|p1a: Torkoal|78/343","|move|p1a: Torkoal|Rapid Spin|p2a: ガブリアス","|-damage|p2a: ガブリアス|108/420 brn","|-damage|p1a: Torkoal|36/343|[from] ability: Rough Skin|[of] p2a: ガブリアス","|-damage|p1a: Torkoal|0 fnt|[from] item: Rocky Helmet|[of] p2a: ガブリアス","|faint|p1a: Torkoal","|","|-damage|p2a: ガブリアス|56/420 brn|[from] brn","|-sideend|p1: Burning At Ease|move: Light Screen","|","|switch|p1a: Charizard|Charizard, M|297/297","|-damage|p1a: Charizard|149/297|[from] Stealth Rock","|turn|10","|","|detailschange|p1a: Charizard|Charizard-Mega-Y, M","|-mega|p1a: Charizard|Charizard|Charizardite Y","|-weather|SunnyDay","|move|p1a: Charizard|Solar Beam|p2a: ガブリアス|[still]","|-prepare|p1a: Charizard|Solar Beam|p2a: ガブリアス","|-anim|p1a: Charizard|Solar Beam|p2a: ガブリアス","|-damage|p2a: ガブリアス|0 fnt","|faint|p2a: ガブリアス","|","|-weather|SunnyDay|[upkeep]","|","|switch|p2a: サザンドラ|Hydreigon, F, shiny|325/325","|-damage|p2a: サザンドラ|285/325|[from] Stealth Rock","|turn|11","|","|move|p1a: Charizard|Roost|p1a: Charizard","|-heal|p1a: Charizard|297/297","|move|p2a: サザンドラ|Dark Pulse|p1a: Charizard","|-damage|p1a: Charizard|104/297","|","|-weather|SunnyDay|[upkeep]","|turn|12","|","|move|p1a: Charizard|Roost|p1a: Charizard","|-heal|p1a: Charizard|253/297","|move|p2a: サザンドラ|Dark Pulse|p1a: Charizard","|-damage|p1a: Charizard|37/297","|","|-weather|SunnyDay|[upkeep]","|turn|13","|","|move|p1a: Charizard|Tailwind|p1a: Charizard","|-sidestart|p1: Burning At Ease|move: Tailwind","|move|p2a: サザンドラ|Dark Pulse|p1a: Charizard","|-damage|p1a: Charizard|0 fnt","|faint|p1a: Charizard","|","|-weather|SunnyDay|[upkeep]","|","|switch|p1a: Infernape|Infernape, F|293/293","|-damage|p1a: Infernape|257/293|[from] Stealth Rock","|turn|14","|","|switch|p2a: ラティオス|Latios, M|301/301","|-damage|p2a: ラティオス|264/301|[from] Stealth Rock","|move|p1a: Infernape|Flare Blitz|p2a: ラティオス","|-resisted|p2a: ラティオス","|-damage|p2a: ラティオス|22/301","|-status|p2a: ラティオス|brn","|-damage|p1a: Infernape|177/293|[from] recoil|[of] p2a: ラティオス","|","|-weather|none","|-damage|p2a: ラティオス|0 fnt|[from] brn","|faint|p2a: ラティオス","|","|switch|p2a: ラティアス|Latias, F|364/364","|-damage|p2a: ラティアス|319/364|[from] Stealth Rock","|turn|15","|","|switch|p1a: Rotom-Heat|Rotom-Heat|125/279","|-damage|p1a: Rotom-Heat|56/279|[from] Stealth Rock","|detailschange|p2a: ラティアス|Latias-Mega, F","|-mega|p2a: ラティアス|Latias|Latiasite","|move|p2a: ラティアス|Calm Mind|p2a: ラティアス","|-boost|p2a: ラティアス|spa|1","|-boost|p2a: ラティアス|spd|1","|","|turn|16","|","|move|p1a: Rotom-Heat|Light Screen|p1a: Rotom-Heat","|-sidestart|p1: Burning At Ease|move: Light Screen","|move|p2a: ラティアス|Calm Mind|p2a: ラティアス","|-boost|p2a: ラティアス|spa|1","|-boost|p2a: ラティアス|spd|1","|","|-sideend|p1: Burning At Ease|move: Tailwind","|turn|17","|","|move|p1a: Rotom-Heat|Volt Switch|p2a: ラティアス","|-resisted|p2a: ラティアス","|-damage|p2a: ラティアス|302/364","|","|switch|p1a: Heatran|Heatran, F|323/323","|-damage|p1a: Heatran|283/323|[from] Stealth Rock","|move|p2a: ラティアス|Calm Mind|p2a: ラティアス","|-boost|p2a: ラティアス|spa|1","|-boost|p2a: ラティアス|spd|1","|","|turn|18","|","|move|p1a: Heatran|Lava Plume|p2a: ラティアス","|-resisted|p2a: ラティアス","|-damage|p2a: ラティアス|280/364","|move|p2a: ラティアス|Dragon Breath|p1a: Heatran","|-resisted|p1a: Heatran","|-damage|p1a: Heatran|226/323","|","|turn|19","|","|move|p1a: Heatran|Lava Plume|p2a: ラティアス","|-resisted|p2a: ラティアス","|-damage|p2a: ラティアス|259/364","|move|p2a: ラティアス|Dragon Breath|p1a: Heatran","|-resisted|p1a: Heatran","|-damage|p1a: Heatran|175/323","|-status|p1a: Heatran|par","|","|turn|20","|","|move|p2a: ラティアス|Psyshock|p1a: Heatran","|-resisted|p1a: Heatran","|-damage|p1a: Heatran|98/323 par","|move|p1a: Heatran|Lava Plume|p2a: ラティアス","|-resisted|p2a: ラティアス","|-damage|p2a: ラティアス|238/364","|","|turn|21","|","|move|p2a: ラティアス|Psyshock|p1a: Heatran","|-resisted|p1a: Heatran","|-damage|p1a: Heatran|24/323 par","|move|p1a: Heatran|Lava Plume|p2a: ラティアス","|-resisted|p2a: ラティアス","|-damage|p2a: ラティアス|220/364","|","|turn|22","|","|move|p2a: ラティアス|Psyshock|p1a: Heatran","|-resisted|p1a: Heatran","|-damage|p1a: Heatran|0 fnt","|faint|p1a: Heatran","|","|","|switch|p1a: Infernape|Infernape, F|177/293","|-damage|p1a: Infernape|141/293|[from] Stealth Rock","|turn|23","|","|move|p1a: Infernape|Flare Blitz|p2a: ラティアス","|-resisted|p2a: ラティアス","|-damage|p2a: ラティアス|129/364","|-damage|p1a: Infernape|111/293|[from] recoil|[of] p2a: ラティアス","|move|p2a: ラティアス|Recover|p2a: ラティアス","|-heal|p2a: ラティアス|311/364","|","|-sideend|p1: Burning At Ease|move: Light Screen","|turn|24","|","|move|p1a: Infernape|Flare Blitz|p2a: ラティアス","|-crit|p2a: ラティアス","|-resisted|p2a: ラティアス","|-damage|p2a: ラティアス|188/364","|-damage|p1a: Infernape|70/293|[from] recoil|[of] p2a: ラティアス","|move|p2a: ラティアス|Psyshock|p1a: Infernape","|-supereffective|p1a: Infernape","|-damage|p1a: Infernape|0 fnt","|faint|p1a: Infernape","|","|","|switch|p1a: Rotom-Heat|Rotom-Heat|56/279","|-damage|p1a: Rotom-Heat|0 fnt|[from] Stealth Rock","|faint|p1a: Rotom-Heat","|","|win|Multistripe멀티 줄무늬"],"p1rating":{"entryid":"7544754","serverid":"eos","formatid":"monotype","userid":"burningatease","username":"Burning At Ease","w":"3","l":2,"t":"0","gxe":53.5,"r":"1500","rd":"130","sigma":"0","rptime":"1439197200","rpr":1527.5294108176,"rprd":102.11631137948,"rpsigma":"0","acre":1075.2017027212,"lacre":1075.2017027212,"oldacre":"1088.8520569131"},"p2rating":{"entryid":"7509737","serverid":"eos","formatid":"monotype","userid":"multistripe","username":"Multistripe멀티 줄무늬","w":12,"l":"2","t":"0","gxe":71.2,"r":"1640.0465529628","rd":"84.797878975281","sigma":"0","rptime":"1439197200","rpr":1674.2820421283,"rprd":79.442006348214,"rpsigma":"0","acre":1256.8566105119,"lacre":1256.8566105119,"oldacre":"1242.2277672472"},"endType":"normal"}