{"seed":[30288,18995,25424,58880],"turns":20,"p1":"SovereignAltair","p2":"sovereign♕zoroark","p1team":[{"name":"Genesect","species":"Genesect","item":"choicescarf","ability":"Download","moves":["uturn","ironhead","icebeam","explosion"],"nature":"Naive","evs":{"hp":0,"atk":248,"def":0,"spa":8,"spd":0,"spe":252},"ivs":{"hp":31,"atk":31,"def":31,"spa":31,"spd":31,"spe":31}},{"name":"Shuckle","species":"Shuckle","item":"mentalherb","ability":"Sturdy","moves":["stickyweb","stealthrock","encore","infestation"],"nature":"Bold","evs":{"hp":252,"atk":0,"def":252,"spa":0,"spd":4,"spe":0},"ivs":{"hp":31,"atk":31,"def":31,"spa":31,"spd":31,"spe":31}},{"name":"Heracross","species":"Heracross","item":"choiceband","ability":"Guts","moves":["closecombat","megahorn","knockoff","stoneedge"],"nature":"Adamant","evs":{"hp":0,"atk":252,"def":4,"spa":0,"spd":0,"spe":252},"ivs":{"hp":31,"atk":31,"def":31,"spa":31,"spd":31,"spe":31}},{"name":"Scizor","species":"Scizor","item":"scizorite","ability":"Technician","moves":["swordsdance","bulletpunch","superpower","bugbite"],"nature":"Adamant","evs":{"hp":0,"atk":252,"def":4,"spa":0,"spd":0,"spe":252},"ivs":{"hp":31,"atk":31,"def":31,"spa":31,"spd":31,"spe":31}},{"name":"Volcarona","species":"Volcarona","item":"focussash","ability":"Flame Body","moves":["quiverdance","fireblast","gigadrain","bugbuzz"],"nature":"Timid","evs":{"hp":72,"atk":0,"def":0,"spa":252,"spd":0,"spe":184},"ivs":{"hp":31,"atk":31,"def":31,"spa":31,"spd":31,"spe":31}},{"name":"Forretress","species":"Forretress","item":"leftovers","ability":"Sturdy","moves":["rapidspin","spikes","voltswitch","toxicspikes"],"nature":"Relaxed","evs":{"hp":252,"atk":0,"def":252,"spa":0,"spd":4,"spe":0},"ivs":{"hp":31,"atk":31,"def":31,"spa":31,"spd":31,"spe":31}}],"p2team":[{"name":"Abomasnow","species":"Abomasnow","item":"focussash","ability":"Snow Warning","moves":["blizzard","gigadrain","hiddenpowerfire","iceshard"],"nature":"Lax","evs":{"hp":0,"atk":0,"def":4,"spa":252,"spd":252,"spe":0},"ivs":{"hp":31,"atk":30,"def":31,"spa":30,"spd":31,"spe":30},"shiny":true},{"name":"Froslass","species":"Froslass","item":"leftovers","ability":"Snow Cloak","moves":["substitute","thunderbolt","icebeam","destinybond"],"nature":"Timid","evs":{"hp":4,"atk":0,"def":0,"spa":252,"spd":0,"spe":252},"ivs":{"hp":31,"atk":31,"def":31,"spa":31,"spd":31,"spe":31}},{"name":"Kyurem","species":"Kyurem","item":"choicescarf","ability":"Pressure","moves":["dracometeor","icebeam","focusblast","outrage"],"nature":"Naive","evs":{"hp":0,"atk":60,"def":0,"spa":196,"spd":0,"spe":252},"shiny":true,"ivs":{"hp":31,"atk":31,"def":31,"spa":31,"spd":31,"spe":31}},{"name":"Mamoswine","species":"Mamoswine","item":"lifeorb","ability":"Snow Cloak","moves":["stealthrock","earthquake","iceshard","stoneedge"],"nature":"Adamant","evs":{"hp":4,"atk":252,"def":0,"spa":0,"spd":0,"spe":252},"ivs":{"hp":31,"atk":31,"def":31,"spa":31,"spd":31,"spe":31}},{"name":"Glaceon","species":"Glaceon","item":"choicespecs","ability":"Snow Cloak","moves":["blizzard","hiddenpowerfighting","shadowball","icebeam"],"nature":"Modest","evs":{"hp":120,"atk":0,"def":0,"spa":252,"spd":0,"spe":136},"ivs":{"hp":31,"atk":31,"def":30,"spa":30,"spd":30,"spe":30},"shiny":true},{"name":"Cloyster","species":"Cloyster","item":"focussash","ability":"Skill Link","moves":["shellsmash","iciclespear","rockblast","razorshell"],"nature":"Adamant","evs":{"hp":24,"atk":252,"def":0,"spa":0,"spd":0,"spe":232},"ivs":{"hp":31,"atk":31,"def":31,"spa":31,"spd":31,"spe":31}}],"log":["|player|p1|SovereignAltair|2","|player|p2|sovereign♕zoroark|1","|gametype|singles","|gen|6","|tier|Monotype","|rated","|rule|Baton Pass Clause: Limit one Baton Passer, can't pass Spe and other stats simultaneously","|rule|Swagger Clause: Swagger is banned","|rule|Same Type Clause: Pokémon in a team must share a type","|clearpoke","|poke|p1|Genesect-*","|poke|p1|Shuckle, M","|poke|p1|Heracross, F","|poke|p1|Scizor, M","|poke|p1|Volcarona, F","|poke|p1|Forretress, M","|poke|p2|Abomasnow, F, shiny","|poke|p2|Froslass, F","|poke|p2|Kyurem, shiny","|poke|p2|Mamoswine, M","|poke|p2|Glaceon, M, shiny","|poke|p2|Cloyster, F","|rule|Sleep Clause Mod: Limit one foe put to sleep","|rule|Species Clause: Limit one of each Pokémon","|rule|OHKO Clause: OHKO moves are banned","|rule|Moody Clause: Moody is banned","|rule|Evasion Moves Clause: Evasion moves are banned","|rule|Endless Battle Clause: Forcing endless battles is banned","|rule|HP Percentage Mod: HP is shown in percentages","|teampreview","|","|start","|switch|p1a: Shuckle|Shuckle, M|244/244","|switch|p2a: Froslass|Froslass, F|282/282","|turn|1","|","|move|p2a: Froslass|Substitute|p2a: Froslass","|-start|p2a: Froslass|Substitute","|-damage|p2a: Froslass|212/282","|move|p1a: Shuckle|Sticky Web|p2a: Froslass","|-sidestart|p2: sovereign♕zoroark|move: Sticky Web","|","|-heal|p2a: Froslass|229/282|[from] item: Leftovers","|turn|2","|","|move|p2a: Froslass|Ice Beam|p1a: Shuckle","|-damage|p1a: Shuckle|192/244","|move|p1a: Shuckle|Encore|p2a: Froslass","|-start|p2a: Froslass|Encore","|","|-heal|p2a: Froslass|246/282|[from] item: Leftovers","|turn|3","|","|switch|p1a: Genesect|Genesect|283/283","|-boost|p1a: Genesect|spa|1|[from] ability: Download","|move|p2a: Froslass|Ice Beam|p1a: Genesect","|-resisted|p1a: Genesect","|-damage|p1a: Genesect|219/283","|","|-heal|p2a: Froslass|263/282|[from] item: Leftovers","|turn|4","|","|move|p1a: Genesect|Iron Head|p2a: Froslass","|-supereffective|p2a: Froslass","|-end|p2a: Froslass|Substitute","|move|p2a: Froslass|Ice Beam|p1a: Genesect","|-crit|p1a: Genesect","|-resisted|p1a: Genesect","|-damage|p1a: Genesect|120/283","|-status|p1a: Genesect|frz","|","|-heal|p2a: Froslass|280/282|[from] item: Leftovers","|turn|5","|","|switch|p1a: Volcarona|Volcarona, F|329/329","|move|p2a: Froslass|Ice Beam|p1a: Volcarona","|-resisted|p1a: Volcarona","|-damage|p1a: Volcarona|269/329","|","|-heal|p2a: Froslass|282/282|[from] item: Leftovers","|-end|p2a: Froslass|Encore","|turn|6","|","|move|p2a: Froslass|Destiny Bond|p2a: Froslass","|-singlemove|p2a: Froslass|Destiny Bond","|move|p1a: Volcarona|Quiver Dance|p1a: Volcarona","|-boost|p1a: Volcarona|spa|1","|-boost|p1a: Volcarona|spd|1","|-boost|p1a: Volcarona|spe|1","|","|turn|7","|","|move|p1a: Volcarona|Quiver Dance|p1a: Volcarona","|-boost|p1a: Volcarona|spa|1","|-boost|p1a: Volcarona|spd|1","|-boost|p1a: Volcarona|spe|1","|move|p2a: Froslass|Destiny Bond|p2a: Froslass","|-singlemove|p2a: Froslass|Destiny Bond","|","|turn|8","|","|move|p1a: Volcarona|Fire Blast|p2a: Froslass","|-crit|p2a: Froslass","|-supereffective|p2a: Froslass","|-damage|p2a: Froslass|0 fnt","|faint|p2a: Froslass","|-activate|p2a: Froslass|Destiny Bond","|faint|p1a: Volcarona","|","|","|switch|p2a: Abomasnow|Abomasnow, F, shiny|321/321","|switch|p1a: Forretress|Forretress, M|354/354","|-activate|p2a: Abomasnow|move: Sticky Web","|-unboost|p2a: Abomasnow|spe|1","|-weather|Hail","|turn|9","|","|move|p1a: Forretress|Toxic Spikes|p2a: Abomasnow","|-sidestart|p2: sovereign♕zoroark|move: Toxic Spikes","|move|p2a: Abomasnow|Hidden Power|p1a: Forretress","|-supereffective|p1a: Forretress","|-ability|p1a: Forretress|Sturdy","|-damage|p1a: Forretress|1/354","|","|-weather|Hail|[upkeep]","|-damage|p1a: Forretress|0 fnt|[from] hail","|faint|p1a: Forretress","|","|switch|p1a: Heracross|Heracross, F|301/301","|turn|10","|","|move|p1a: Heracross|Close Combat|p2a: Abomasnow","|-supereffective|p2a: Abomasnow","|-enditem|p2a: Abomasnow|Focus Sash","|-damage|p2a: Abomasnow|1/321","|-unboost|p1a: Heracross|def|1","|-unboost|p1a: Heracross|spd|1","|move|p2a: Abomasnow|Hidden Power|p1a: Heracross","|-supereffective|p1a: Heracross","|-damage|p1a: Heracross|133/301","|","|-weather|Hail|[upkeep]","|-damage|p1a: Heracross|115/301|[from] hail","|turn|11","|","|move|p2a: Abomasnow|Ice Shard|p1a: Heracross","|-damage|p1a: Heracross|33/301","|move|p1a: Heracross|Close Combat|p2a: Abomasnow","|-supereffective|p2a: Abomasnow","|-damage|p2a: Abomasnow|0 fnt","|-unboost|p1a: Heracross|def|1","|-unboost|p1a: Heracross|spd|1","|faint|p2a: Abomasnow","|","|-weather|Hail|[upkeep]","|-damage|p1a: Heracross|15/301|[from] hail","|","|switch|p2a: Kyurem|Kyurem, shiny|391/391","|-activate|p2a: Kyurem|move: Sticky Web","|-unboost|p2a: Kyurem|spe|1","|-status|p2a: Kyurem|psn","|-ability|p2a: Kyurem|Pressure","|turn|12","|","|move|p2a: Kyurem|Ice Beam|p1a: Heracross","|-damage|p1a: Heracross|0 fnt","|faint|p1a: Heracross","|","|-weather|Hail|[upkeep]","|-damage|p2a: Kyurem|343/391 psn|[from] psn","|","|switch|p1a: Shuckle|Shuckle, M|192/244","|turn|13","|","|move|p2a: Kyurem|Ice Beam|p1a: Shuckle","|-damage|p1a: Shuckle|120/244","|move|p1a: Shuckle|Stealth Rock|p2a: Kyurem","|-sidestart|p2: sovereign♕zoroark|move: Stealth Rock","|","|-weather|none","|-damage|p2a: Kyurem|295/391 psn|[from] psn","|turn|14","|","|move|p2a: Kyurem|Ice Beam|p1a: Shuckle","|-damage|p1a: Shuckle|47/244","|move|p1a: Shuckle|Infestation|p2a: Kyurem","|-damage|p2a: Kyurem|288/391 psn","|-activate|p2a: Kyurem|move: Infestation|[of] p1a: Shuckle","|","|-damage|p2a: Kyurem|240/391 psn|[from] psn","|-damage|p2a: Kyurem|192/391 psn|[from] move: Infestation|[partiallytrapped]","|turn|15","|","|move|p2a: Kyurem|Ice Beam|p1a: Shuckle","|-damage|p1a: Shuckle|0 fnt","|faint|p1a: Shuckle","|","|-damage|p2a: Kyurem|144/391 psn|[from] psn","|","|switch|p1a: Scizor|Scizor, M|281/281","|turn|16","|","|detailschange|p1a: Scizor|Scizor-Mega, M","|-mega|p1a: Scizor|Scizor|Scizorite","|move|p2a: Kyurem|Ice Beam|p1a: Scizor","|-resisted|p1a: Scizor","|-damage|p1a: Scizor|204/281","|move|p1a: Scizor|Swords Dance|p1a: Scizor","|-boost|p1a: Scizor|atk|2","|","|-damage|p2a: Kyurem|96/391 psn|[from] psn","|turn|17","|","|move|p1a: Scizor|Bullet Punch|p2a: Kyurem","|-supereffective|p2a: Kyurem","|-damage|p2a: Kyurem|0 fnt","|faint|p2a: Kyurem","|","|","|switch|p2a: Mamoswine|Mamoswine, M|362/362","|-status|p2a: Mamoswine|psn","|-activate|p2a: Mamoswine|move: Sticky Web","|-unboost|p2a: Mamoswine|spe|1","|-damage|p2a: Mamoswine|317/362 psn|[from] Stealth Rock","|turn|18","|","|move|p1a: Scizor|Bullet Punch|p2a: Mamoswine","|-supereffective|p2a: Mamoswine","|-damage|p2a: Mamoswine|0 fnt","|faint|p2a: Mamoswine","|","|","|switch|p2a: Cloyster|Cloyster, F|247/247","|-damage|p2a: Cloyster|186/247|[from] Stealth Rock","|-activate|p2a: Cloyster|move: Sticky Web","|-unboost|p2a: Cloyster|spe|1","|-status|p2a: Cloyster|psn","|turn|19","|","|move|p1a: Scizor|Bullet Punch|p2a: Cloyster","|-damage|p2a: Cloyster|27/247 psn","|move|p2a: Cloyster|Rock Blast|p1a: Scizor","|-crit|p1a: Scizor","|-damage|p1a: Scizor|174/281","|-damage|p1a: Scizor|151/281","|-damage|p1a: Scizor|131/281","|-damage|p1a: Scizor|109/281","|-damage|p1a: Scizor|88/281","|-hitcount|p1a: Scizor|5","|","|-damage|p2a: Cloyster|0 fnt|[from] psn","|faint|p2a: Cloyster","|","|switch|p2a: Glaceon|Glaceon, M, shiny|301/301","|-status|p2a: Glaceon|psn","|-damage|p2a: Glaceon|226/301 psn|[from] Stealth Rock","|-activate|p2a: Glaceon|move: Sticky Web","|-unboost|p2a: Glaceon|spe|1","|turn|20","|","|move|p1a: Scizor|Bullet Punch|p2a: Glaceon","|-supereffective|p2a: Glaceon","|-damage|p2a: Glaceon|0 fnt","|faint|p2a: Glaceon","|","|win|SovereignAltair"],"p1rating":{"entryid":"7245784","serverid":"eos","formatid":"monotype","userid":"sovereignaltair","username":"SovereignAltair","w":10,"l":"36","t":"0","gxe":26,"r":"1296.8943692413","rd":"53.777836369129","sigma":"0","rptime":"1439197200","rpr":1301.3419964375,"rprd":52.787100867431,"rpsigma":"0","acre":1045.4251572122,"lacre":1045.4251572122,"oldacre":"1000"},"p2rating":{"entryid":"7523691","serverid":"eos","formatid":"monotype","userid":"sovereignzoroark","username":"sovereign♕zoroark","w":"4","l":20,"t":"0","gxe":24.7,"r":"1317.1241090314","rd":"81.121872698644","sigma":"0","rptime":"1439197200","rpr":1286.3833829893,"rprd":67.372727935835,"rpsigma":"0","acre":1027.9814107102,"lacre":1027.9814107102,"oldacre":"1047.4144899966"},"endType":"normal"}