{"seed":[17724,63029,4194,42952],"turns":28,"p1":"SL~Pixie","p2":"Yoko the Faux","p1team":[{"name":"Grumpig","species":"Grumpig","item":"leftovers","ability":"Own Tempo","moves":["calmmind","psychic","energyball","thunderwave"],"nature":"Modest","evs":{"hp":248,"atk":0,"def":0,"spa":252,"spd":8,"spe":0},"ivs":{"hp":31,"atk":31,"def":31,"spa":31,"spd":31,"spe":31}},{"name":"Gothitelle","species":"Gothitelle","item":"choicescarf","ability":"Shadow Tag","moves":["calmmind","trick","psychic","shadowball"],"nature":"Modest","evs":{"hp":252,"atk":0,"def":0,"spa":252,"spd":4,"spe":0},"ivs":{"hp":31,"atk":31,"def":31,"spa":31,"spd":31,"spe":31}},{"name":"Slowking","species":"Slowking","item":"leftovers","ability":"Regenerator","moves":["calmmind","scald","slackoff","flamethrower"],"nature":"Bold","evs":{"hp":252,"atk":0,"def":252,"spa":4,"spd":0,"spe":0},"ivs":{"hp":31,"atk":31,"def":31,"spa":31,"spd":31,"spe":31}},{"name":"Wobbuffet","species":"Wobbuffet","item":"","ability":"Shadow Tag","moves":["encore","counter","mirrorcoat","safeguard"],"nature":"Calm","evs":{"hp":248,"atk":0,"def":8,"spa":0,"spd":252,"spe":0},"ivs":{"hp":31,"atk":31,"def":31,"spa":31,"spd":31,"spe":31}},{"name":"Lunatone","species":"Lunatone","item":"focussash","ability":"Levitate","moves":["stealthrock","moonlight","toxic","painsplit"],"nature":"Calm","evs":{"hp":248,"atk":0,"def":8,"spa":0,"spd":252,"spe":0},"ivs":{"hp":31,"atk":31,"def":31,"spa":31,"spd":31,"spe":31}},{"name":"Malamar","species":"Malamar","item":"choicescarf","ability":"Contrary","moves":["psychocut","superpower","knockoff","rockslide"],"nature":"Jolly","evs":{"hp":0,"atk":252,"def":0,"spa":0,"spd":4,"spe":252},"ivs":{"hp":31,"atk":31,"def":31,"spa":31,"spd":31,"spe":31}}],"p2team":[{"name":"Venusaur","species":"Venusaur","item":"venusaurite","ability":"Chlorophyll","moves":["earthquake","sludgebomb","synthesis","gigadrain"],"nature":"Sassy","evs":{"hp":252,"atk":0,"def":184,"spa":0,"spd":72,"spe":0},"ivs":{"hp":31,"atk":31,"def":31,"spa":31,"spd":31,"spe":31}},{"name":"Ferrothorn","species":"Ferrothorn","item":"focussash","ability":"Iron Barbs","moves":["leechseed","stealthrock","gyroball","knockoff"],"nature":"Relaxed","evs":{"hp":248,"atk":0,"def":252,"spa":0,"spd":8,"spe":0},"ivs":{"hp":31,"atk":31,"def":31,"spa":31,"spd":31,"spe":0}},{"name":"Trevenant","species":"Trevenant","item":"lumberry","ability":"Harvest","moves":["rest","willowisp","leechseed","shadowclaw"],"nature":"Careful","evs":{"hp":220,"atk":8,"def":28,"spa":0,"spd":252,"spe":0},"ivs":{"hp":31,"atk":31,"def":31,"spa":31,"spd":31,"spe":31}},{"name":"Serperior","species":"Serperior","item":"focussash","ability":"Contrary","moves":["leafstorm","taunt","hiddenpowerfire","mirrorcoat"],"nature":"Timid","evs":{"hp":0,"atk":0,"def":4,"spa":252,"spd":0,"spe":252},"ivs":{"hp":31,"atk":30,"def":31,"spa":30,"spd":31,"spe":30}},{"name":"Breloom","species":"Breloom","item":"focussash","ability":"Technician","moves":["poweruppunch","machpunch","spore","rocktomb"],"nature":"Jolly","evs":{"hp":0,"atk":252,"def":4,"spa":0,"spd":0,"spe":252},"ivs":{"hp":31,"atk":31,"def":31,"spa":31,"spd":31,"spe":31}},{"name":"Whimsicott","species":"Whimsicott","item":"choicespecs","ability":"Infiltrator","moves":["moonblast","psychic","shadowball","hiddenpowerground"],"nature":"Timid","evs":{"hp":0,"atk":0,"def":0,"spa":252,"spd":4,"spe":252},"ivs":{"hp":31,"atk":31,"def":31,"spa":30,"spd":30,"spe":31}}],"log":["|player|p1|SL~Pixie|34","|player|p2|Yoko the Faux|209","|gametype|singles","|gen|6","|tier|Monotype","|rated","|rule|Baton Pass Clause: Limit one Baton Passer, can't pass Spe and other stats simultaneously","|rule|Swagger Clause: Swagger is banned","|rule|Same Type Clause: Pokémon in a team must share a type","|clearpoke","|poke|p1|Grumpig, M","|poke|p1|Gothitelle, F","|poke|p1|Slowking, F","|poke|p1|Wobbuffet, M","|poke|p1|Lunatone","|poke|p1|Malamar, M","|poke|p2|Venusaur, M","|poke|p2|Ferrothorn, F","|poke|p2|Trevenant, F","|poke|p2|Serperior, M","|poke|p2|Breloom, F","|poke|p2|Whimsicott, F","|rule|Sleep Clause Mod: Limit one foe put to sleep","|rule|Species Clause: Limit one of each Pokémon","|rule|OHKO Clause: OHKO moves are banned","|rule|Moody Clause: Moody is banned","|rule|Evasion Moves Clause: Evasion moves are banned","|rule|Endless Battle Clause: Forcing endless battles is banned","|rule|HP Percentage Mod: HP is shown in percentages","|teampreview","|","|start","|switch|p1a: Lunatone|Lunatone|343/343","|switch|p2a: Breloom|Breloom, F|261/261","|turn|1","|","|move|p2a: Breloom|Spore|p1a: Lunatone","|-status|p1a: Lunatone|slp","|cant|p1a: Lunatone|slp","|","|turn|2","|","|move|p2a: Breloom|Power-Up Punch|p1a: Lunatone","|-damage|p1a: Lunatone|184/343 slp","|-boost|p2a: Breloom|atk|1","|-curestatus|p1a: Lunatone|slp","|move|p1a: Lunatone|Toxic|p2a: Breloom","|-status|p2a: Breloom|tox","|","|-damage|p2a: Breloom|245/261 tox|[from] psn","|turn|3","|","|move|p2a: Breloom|Spore|p1a: Lunatone","|-status|p1a: Lunatone|slp","|cant|p1a: Lunatone|slp","|","|-damage|p2a: Breloom|213/261 tox|[from] psn","|turn|4","|","|move|p2a: Breloom|Rock Tomb|p1a: Lunatone","|-damage|p1a: Lunatone|0 fnt","|faint|p1a: Lunatone","|","|-damage|p2a: Breloom|165/261 tox|[from] psn","|","|switch|p1a: Grumpig|Grumpig, M|363/363","|turn|5","|","|move|p2a: Breloom|Spore|p1a: Grumpig","|-status|p1a: Grumpig|slp","|cant|p1a: Grumpig|slp","|","|-damage|p2a: Breloom|101/261 tox|[from] psn","|turn|6","|","|move|p2a: Breloom|Rock Tomb|p1a: Grumpig","|-damage|p1a: Grumpig|126/363 slp","|-unboost|p1a: Grumpig|spe|1","|-curestatus|p1a: Grumpig|slp","|move|p1a: Grumpig|Psychic|p2a: Breloom","|-supereffective|p2a: Breloom","|-damage|p2a: Breloom|0 fnt","|faint|p2a: Breloom","|","|-heal|p1a: Grumpig|148/363|[from] item: Leftovers","|","|switch|p2a: Serperior|Serperior, M|291/291","|turn|7","|","|move|p2a: Serperior|Leaf Storm|p1a: Grumpig|[miss]","|-miss|p2a: Serperior|p1a: Grumpig","|move|p1a: Grumpig|Thunder Wave|p2a: Serperior","|-status|p2a: Serperior|par","|","|-heal|p1a: Grumpig|170/363|[from] item: Leftovers","|turn|8","|","|move|p1a: Grumpig|Calm Mind|p1a: Grumpig","|-boost|p1a: Grumpig|spa|1","|-boost|p1a: Grumpig|spd|1","|move|p2a: Serperior|Leaf Storm|p1a: Grumpig","|-damage|p1a: Grumpig|73/363","|-boost|p2a: Serperior|spa|2","|","|-heal|p1a: Grumpig|95/363|[from] item: Leftovers","|turn|9","|","|move|p1a: Grumpig|Psychic|p2a: Serperior","|-damage|p2a: Serperior|59/291 par","|move|p2a: Serperior|Leaf Storm|p1a: Grumpig","|-damage|p1a: Grumpig|0 fnt","|-boost|p2a: Serperior|spa|2","|faint|p1a: Grumpig","|","|","|switch|p1a: Malamar|Malamar, M|313/313","|turn|10","|","|switch|p2a: Trevenant|Trevenant, F|366/366","|move|p1a: Malamar|Knock Off|p2a: Trevenant","|-supereffective|p2a: Trevenant","|-damage|p2a: Trevenant|60/366","|-enditem|p2a: Trevenant|Lum Berry|[from] move: Knock Off|[of] p1a: Malamar","|","|turn|11","|","|move|p1a: Malamar|Knock Off|p2a: Trevenant","|-supereffective|p2a: Trevenant","|-damage|p2a: Trevenant|0 fnt","|faint|p2a: Trevenant","|","|","|switch|p2a: Whimsicott|Whimsicott, F|261/261","|turn|12","|","|switch|p1a: Wobbuffet|Wobbuffet, M|583/583","|move|p2a: Whimsicott|Moonblast|p1a: Wobbuffet","|-damage|p1a: Wobbuffet|415/583","|-unboost|p1a: Wobbuffet|spa|1","|","|turn|13","|","|move|p2a: Whimsicott|Moonblast|p1a: Wobbuffet","|-damage|p1a: Wobbuffet|252/583","|move|p1a: Wobbuffet|Encore|p2a: Whimsicott","|-start|p2a: Whimsicott|Encore","|","|turn|14","|","|move|p2a: Whimsicott|Moonblast|p1a: Wobbuffet","|-damage|p1a: Wobbuffet|65/583","|move|p1a: Wobbuffet|Mirror Coat|p2a: Whimsicott","|-damage|p2a: Whimsicott|0 fnt","|faint|p2a: Whimsicott","|","|","|switch|p2a: Venusaur|Venusaur, M|364/364","|turn|15","|","|detailschange|p2a: Venusaur|Venusaur-Mega, M","|-mega|p2a: Venusaur|Venusaur|Venusaurite","|move|p2a: Venusaur|Sludge Bomb|p1a: Wobbuffet","|-damage|p1a: Wobbuffet|0 fnt","|faint|p1a: Wobbuffet","|","|","|switch|p1a: Slowking|Slowking, F|394/394","|turn|16","|","|move|p2a: Venusaur|Giga Drain|p1a: Slowking","|-supereffective|p1a: Slowking","|-damage|p1a: Slowking|200/394","|move|p1a: Slowking|Calm Mind|p1a: Slowking","|-boost|p1a: Slowking|spa|1","|-boost|p1a: Slowking|spd|1","|","|-heal|p1a: Slowking|224/394|[from] item: Leftovers","|turn|17","|","|switch|p2a: Serperior|Serperior, M|59/291 par","|move|p1a: Slowking|Slack Off|p1a: Slowking","|-heal|p1a: Slowking|394/394","|","|turn|18","|","|move|p1a: Slowking|Calm Mind|p1a: Slowking","|-boost|p1a: Slowking|spa|1","|-boost|p1a: Slowking|spd|1","|move|p2a: Serperior|Taunt|p1a: Slowking","|-start|p1a: Slowking|move: Taunt","|","|turn|19","|","|move|p1a: Slowking|Flamethrower|p2a: Serperior","|-supereffective|p2a: Serperior","|-damage|p2a: Serperior|0 fnt","|faint|p2a: Serperior","|","|","|switch|p2a: Venusaur|Venusaur-Mega, M|364/364","|turn|20","|","|move|p2a: Venusaur|Giga Drain|p1a: Slowking","|-supereffective|p1a: Slowking","|-damage|p1a: Slowking|304/394","|move|p1a: Slowking|Flamethrower|p2a: Venusaur","|-supereffective|p2a: Venusaur","|-damage|p2a: Venusaur|254/364","|","|-heal|p1a: Slowking|328/394|[from] item: Leftovers","|turn|21","|","|move|p2a: Venusaur|Giga Drain|p1a: Slowking","|-supereffective|p1a: Slowking","|-damage|p1a: Slowking|232/394","|-heal|p2a: Venusaur|302/364|[from] drain|[of] p1a: Slowking","|move|p1a: Slowking|Scald|p2a: Venusaur","|-resisted|p2a: Venusaur","|-damage|p2a: Venusaur|237/364","|","|-heal|p1a: Slowking|256/394|[from] item: Leftovers","|-end|p1a: Slowking|move: Taunt","|turn|22","|","|move|p2a: Venusaur|Giga Drain|p1a: Slowking","|-supereffective|p1a: Slowking","|-damage|p1a: Slowking|152/394","|-heal|p2a: Venusaur|289/364|[from] drain|[of] p1a: Slowking","|move|p1a: Slowking|Calm Mind|p1a: Slowking","|-boost|p1a: Slowking|spa|1","|-boost|p1a: Slowking|spd|1","|","|-heal|p1a: Slowking|176/394|[from] item: Leftovers","|turn|23","|","|move|p2a: Venusaur|Giga Drain|p1a: Slowking","|-supereffective|p1a: Slowking","|-damage|p1a: Slowking|98/394","|-heal|p2a: Venusaur|328/364|[from] drain|[of] p1a: Slowking","|move|p1a: Slowking|Slack Off|p1a: Slowking","|-heal|p1a: Slowking|295/394","|","|-heal|p1a: Slowking|319/394|[from] item: Leftovers","|turn|24","|","|move|p2a: Venusaur|Giga Drain|p1a: Slowking","|-supereffective|p1a: Slowking","|-damage|p1a: Slowking|239/394","|-heal|p2a: Venusaur|364/364|[from] drain|[of] p1a: Slowking","|move|p1a: Slowking|Calm Mind|p1a: Slowking","|-boost|p1a: Slowking|spa|1","|-boost|p1a: Slowking|spd|1","|","|-heal|p1a: Slowking|263/394|[from] item: Leftovers","|turn|25","|","|move|p2a: Venusaur|Giga Drain|p1a: Slowking","|-supereffective|p1a: Slowking","|-damage|p1a: Slowking|201/394","|move|p1a: Slowking|Flamethrower|p2a: Venusaur","|-supereffective|p2a: Venusaur","|-damage|p2a: Venusaur|200/364","|","|-heal|p1a: Slowking|225/394|[from] item: Leftovers","|turn|26","|","|move|p2a: Venusaur|Giga Drain|p1a: Slowking","|-supereffective|p1a: Slowking","|-damage|p1a: Slowking|163/394","|-heal|p2a: Venusaur|231/364|[from] drain|[of] p1a: Slowking","|move|p1a: Slowking|Flamethrower|p2a: Venusaur","|-supereffective|p2a: Venusaur","|-damage|p2a: Venusaur|81/364","|-status|p2a: Venusaur|brn","|","|-heal|p1a: Slowking|187/394|[from] item: Leftovers","|-damage|p2a: Venusaur|36/364 brn|[from] brn","|turn|27","|","|move|p2a: Venusaur|Giga Drain|p1a: Slowking","|-supereffective|p1a: Slowking","|-damage|p1a: Slowking|119/394","|-heal|p2a: Venusaur|70/364 brn|[from] drain|[of] p1a: Slowking","|move|p1a: Slowking|Slack Off|p1a: Slowking","|-heal|p1a: Slowking|316/394","|","|-heal|p1a: Slowking|340/394|[from] item: Leftovers","|-damage|p2a: Venusaur|25/364 brn|[from] brn","|turn|28","|","|win|SL~Pixie"],"p1rating":{"entryid":"7506194","serverid":"eos","formatid":"monotype","userid":"slpixie","username":"SL~Pixie","w":4,"l":"2","t":"0","gxe":55.4,"r":"1535.2389392667","rd":"112.2448737714","sigma":"0","rptime":"1439197200","rpr":1542.4228325085,"rprd":99.555079026252,"rpsigma":"0","acre":1100.4625539493,"lacre":1100.4625539493,"oldacre":"1078.5104168409"},"p2rating":{"entryid":7545257,"formatid":"monotype","userid":"yokothefaux","username":"Yoko the Faux","r":1500,"rd":130,"sigma":0,"rpr":1463.0875028843,"rprd":122.66825441761,"rpsigma":0,"rptime":1439197200,"w":0,"l":1,"t":0,"gxe":45.4,"acre":1000,"lacre":1000,"oldacre":1000},"endType":"forfeit"}