{"seed":[33647,52218,50271,63966],"turns":30,"p1":"Guard Wanderer","p2":"GLReshiram","p1team":[{"name":"Weezing","species":"Weezing","item":"sitrusberry","ability":"Levitate","moves":["toxicspikes","willowisp","memento","thief"],"nature":"Careful","evs":{"hp":248,"atk":8,"def":0,"spa":0,"spd":252,"spe":0},"ivs":{"hp":31,"atk":31,"def":31,"spa":31,"spd":31,"spe":31}},{"name":"Tentacruel","species":"Tentacruel","item":"assaultvest","ability":"Liquid Ooze","moves":["scald","acidspray","gigadrain","hex"],"nature":"Timid","evs":{"hp":0,"atk":0,"def":4,"spa":252,"spd":0,"spe":252},"ivs":{"hp":31,"atk":31,"def":31,"spa":31,"spd":31,"spe":31}},{"name":"Skuntank","species":"Skuntank","item":"","ability":"Stench","moves":["snatch","thief","suckerpunch","poisonjab"],"nature":"Adamant","evs":{"hp":248,"atk":252,"def":0,"spa":0,"spd":8,"spe":0},"ivs":{"hp":31,"atk":31,"def":31,"spa":31,"spd":31,"spe":31}},{"name":"Crobat","species":"Crobat","item":"whiteherb","ability":"Infiltrator","moves":["curse","acrobatics","roost","hypnosis"],"nature":"Jolly","evs":{"hp":248,"atk":8,"def":0,"spa":0,"spd":0,"spe":252},"ivs":{"hp":31,"atk":31,"def":31,"spa":31,"spd":31,"spe":31}},{"name":"Gengar","species":"Gengar","item":"choicescarf","ability":"Levitate","moves":["trick","destinybond","venoshock","hex"],"nature":"Timid","evs":{"hp":0,"atk":0,"def":0,"spa":252,"spd":4,"spe":252},"ivs":{"hp":31,"atk":31,"def":31,"spa":31,"spd":31,"spe":31}},{"name":"Amoonguss","species":"Amoonguss","item":"blacksludge","ability":"Regenerator","moves":["spore","gigadrain","gastroacid","stunspore"],"nature":"Calm","evs":{"hp":248,"atk":0,"def":0,"spa":8,"spd":252,"spe":0},"shiny":true,"ivs":{"hp":31,"atk":31,"def":31,"spa":31,"spd":31,"spe":31}}],"p2team":[{"name":"Heatran","species":"Heatran","item":"assaultvest","ability":"Flash Fire","moves":["firespin","earthpower","explosion","flashcannon"],"nature":"Mild","evs":{"hp":148,"atk":0,"def":0,"spa":252,"spd":108,"spe":0},"ivs":{"hp":31,"atk":31,"def":31,"spa":31,"spd":31,"spe":31}},{"name":"Ninetales","species":"Ninetales","item":"focussash","ability":"Drought","moves":["flamethrower","solarbeam","hiddenpowerelectric","nastyplot"],"nature":"Timid","evs":{"hp":0,"atk":0,"def":0,"spa":252,"spd":4,"spe":252},"ivs":{"hp":31,"atk":31,"def":31,"spa":30,"spd":31,"spe":31}},{"name":"Torkoal","species":"Torkoal","item":"leftovers","ability":"Shell Armor","moves":["protect","toxic","lavaplume","rapidspin"],"nature":"Bold","evs":{"hp":252,"atk":0,"def":252,"spa":4,"spd":0,"spe":0},"ivs":{"hp":31,"atk":31,"def":31,"spa":31,"spd":31,"spe":31}},{"name":"Rotom-Heat","species":"Rotom-Heat","item":"lightclay","ability":"Levitate","moves":["voltswitch","painsplit","reflect","lightscreen"],"nature":"Timid","evs":{"hp":236,"atk":0,"def":8,"spa":4,"spd":8,"spe":252},"ivs":{"hp":31,"atk":31,"def":31,"spa":31,"spd":31,"spe":31}},{"name":"Infernape","species":"Infernape","item":"lifeorb","ability":"Iron Fist","moves":["firepunch","machpunch","thunderpunch","uturn"],"nature":"Jolly","evs":{"hp":4,"atk":252,"def":0,"spa":0,"spd":0,"spe":252},"ivs":{"hp":31,"atk":31,"def":31,"spa":31,"spd":31,"spe":31}},{"name":"Charizard","species":"Charizard","item":"charizarditex","ability":"Blaze","moves":["dragondance","roost","dragonclaw","earthquake"],"nature":"Adamant","evs":{"hp":176,"atk":68,"def":0,"spa":0,"spd":0,"spe":80},"ivs":{"hp":31,"atk":31,"def":31,"spa":31,"spd":31,"spe":31}}],"log":["|player|p1|Guard Wanderer|235","|player|p2|GLReshiram|170","|gametype|singles","|gen|6","|tier|Monotype","|rated","|rule|Baton Pass Clause: Limit one Baton Passer, can't pass Spe and other stats simultaneously","|rule|Swagger Clause: Swagger is banned","|rule|Same Type Clause: Pokémon in a team must share a type","|clearpoke","|poke|p1|Weezing, M","|poke|p1|Tentacruel, F","|poke|p1|Skuntank, F","|poke|p1|Crobat, F","|poke|p1|Gengar, M","|poke|p1|Amoonguss, M, shiny","|poke|p2|Heatran, F","|poke|p2|Ninetales, M","|poke|p2|Torkoal, M","|poke|p2|Rotom-Heat","|poke|p2|Infernape, F","|poke|p2|Charizard, F","|rule|Sleep Clause Mod: Limit one foe put to sleep","|rule|Species Clause: Limit one of each Pokémon","|rule|OHKO Clause: OHKO moves are banned","|rule|Moody Clause: Moody is banned","|rule|Evasion Moves Clause: Evasion moves are banned","|rule|Endless Battle Clause: Forcing endless battles is banned","|rule|HP Percentage Mod: HP is shown in percentages","|teampreview","|","|start","|switch|p1a: Weezing|Weezing, M|333/333","|switch|p2a: Rotom-Heat|Rotom-Heat|300/300","|turn|1","|","|move|p2a: Rotom-Heat|Light Screen|p2a: Rotom-Heat","|-sidestart|p2: GLReshiram|move: Light Screen","|move|p1a: Weezing|Toxic Spikes|p2a: Rotom-Heat","|-sidestart|p2: GLReshiram|move: Toxic Spikes","|","|turn|2","|","|move|p2a: Rotom-Heat|Volt Switch|p1a: Weezing","|-damage|p1a: Weezing|257/333","|","|switch|p2a: Torkoal|Torkoal, M|344/344","|-status|p2a: Torkoal|psn","|move|p1a: Weezing|Toxic Spikes|p2a: Torkoal","|-sidestart|p2: GLReshiram|move: Toxic Spikes","|","|-damage|p2a: Torkoal|301/344 psn|[from] psn","|turn|3","|","|switch|p1a: Gengar|Gengar, M|261/261","|move|p2a: Torkoal|Lava Plume|p1a: Gengar","|-damage|p1a: Gengar|162/261","|","|-heal|p2a: Torkoal|322/344 psn|[from] item: Leftovers","|-damage|p2a: Torkoal|279/344 psn|[from] psn","|turn|4","|","|move|p1a: Gengar|Hex|p2a: Torkoal","|-damage|p2a: Torkoal|117/344 psn","|move|p2a: Torkoal|Lava Plume|p1a: Gengar","|-damage|p1a: Gengar|53/261","|-status|p1a: Gengar|brn","|","|-heal|p2a: Torkoal|138/344 psn|[from] item: Leftovers","|-damage|p1a: Gengar|21/261 brn|[from] brn","|-damage|p2a: Torkoal|95/344 psn|[from] psn","|turn|5","|","|switch|p2a: Heatran|Heatran, F|360/360","|move|p1a: Gengar|Hex|p2a: Heatran","|-damage|p2a: Heatran|327/360","|","|-damage|p1a: Gengar|0 fnt|[from] brn","|faint|p1a: Gengar","|","|switch|p1a: Tentacruel|Tentacruel, F|301/301","|turn|6","|","|move|p1a: Tentacruel|Scald|p2a: Heatran","|-supereffective|p2a: Heatran","|-damage|p2a: Heatran|270/360","|move|p2a: Heatran|Earth Power|p1a: Tentacruel","|-supereffective|p1a: Tentacruel","|-damage|p1a: Tentacruel|173/301","|","|turn|7","|","|switch|p1a: Crobat|Crobat, F|373/373","|move|p2a: Heatran|Earth Power|p1a: Crobat","|-immune|p1a: Crobat|[msg]","|","|turn|8","|","|move|p1a: Crobat|Hypnosis|p2a: Heatran|[miss]","|-miss|p1a: Crobat|p2a: Heatran","|move|p2a: Heatran|Fire Spin|p1a: Crobat","|-damage|p1a: Crobat|289/373","|-activate|p1a: Crobat|move: Fire Spin|[of] p2a: Heatran","|","|-damage|p1a: Crobat|243/373|[from] move: Fire Spin|[partiallytrapped]","|-sideend|p2: GLReshiram|move: Light Screen","|turn|9","|","|switch|p2a: Rotom-Heat|Rotom-Heat|300/300","|move|p1a: Crobat|Hypnosis|p2a: Rotom-Heat","|-status|p2a: Rotom-Heat|slp","|","|turn|10","|","|switch|p1a: Skuntank|Skuntank, F|409/409","|cant|p2a: Rotom-Heat|slp","|","|turn|11","|","|-curestatus|p2a: Rotom-Heat|slp","|move|p2a: Rotom-Heat|Reflect|p2a: Rotom-Heat","|-sidestart|p2: GLReshiram|Reflect","|move|p1a: Skuntank|Poison Jab|p2a: Rotom-Heat","|-damage|p2a: Rotom-Heat|237/300","|-status|p2a: Rotom-Heat|psn","|","|-damage|p2a: Rotom-Heat|200/300 psn|[from] psn","|turn|12","|","|move|p1a: Skuntank|Snatch|p1a: Skuntank","|-singleturn|p1a: Skuntank|Snatch","|move|p2a: Rotom-Heat|Volt Switch|p1a: Skuntank","|-damage|p1a: Skuntank|289/409","|","|switch|p2a: Torkoal|Torkoal, M|95/344 psn","|","|-heal|p2a: Torkoal|116/344 psn|[from] item: Leftovers","|-damage|p2a: Torkoal|73/344 psn|[from] psn","|turn|13","|","|move|p1a: Skuntank|Sucker Punch|p2a: Torkoal","|-damage|p2a: Torkoal|40/344 psn","|move|p2a: Torkoal|Rapid Spin|p1a: Skuntank","|-damage|p1a: Skuntank|270/409","|-sideend|p2: GLReshiram|Toxic Spikes|[from] move: Rapid Spin|[of] p2a: Torkoal","|","|-heal|p2a: Torkoal|61/344 psn|[from] item: Leftovers","|-damage|p2a: Torkoal|18/344 psn|[from] psn","|turn|14","|","|move|p1a: Skuntank|Thief|p2a: Torkoal","|-damage|p2a: Torkoal|0 fnt","|-item|p1a: Skuntank|Leftovers|[from] move: Thief|[of] p2a: Torkoal","|faint|p2a: Torkoal","|","|-heal|p1a: Skuntank|295/409|[from] item: Leftovers","|","|switch|p2a: Ninetales|Ninetales, M|287/287","|-weather|SunnyDay","|turn|15","|","|switch|p1a: Amoonguss|Amoonguss, M, shiny|431/431","|move|p2a: Ninetales|Nasty Plot|p2a: Ninetales","|-boost|p2a: Ninetales|spa|2","|","|-weather|SunnyDay|[upkeep]","|turn|16","|","|move|p2a: Ninetales|Flamethrower|p1a: Amoonguss","|-supereffective|p1a: Amoonguss","|-damage|p1a: Amoonguss|0 fnt","|faint|p1a: Amoonguss","|","|-weather|SunnyDay|[upkeep]","|","|switch|p1a: Tentacruel|Tentacruel, F|173/301","|turn|17","|","|move|p2a: Ninetales|Hidden Power|p1a: Tentacruel","|-supereffective|p1a: Tentacruel","|-damage|p1a: Tentacruel|61/301","|move|p1a: Tentacruel|Acid Spray|p2a: Ninetales","|-damage|p2a: Ninetales|236/287","|-unboost|p2a: Ninetales|spd|2","|","|-weather|SunnyDay|[upkeep]","|turn|18","|","|move|p2a: Ninetales|Solar Beam|p1a: Tentacruel|[still]","|-prepare|p2a: Ninetales|Solar Beam|p1a: Tentacruel","|-anim|p2a: Ninetales|Solar Beam|p1a: Tentacruel","|-crit|p1a: Tentacruel","|-damage|p1a: Tentacruel|0 fnt","|faint|p1a: Tentacruel","|","|-weather|SunnyDay|[upkeep]","|-sideend|p2: GLReshiram|Reflect","|","|switch|p1a: Skuntank|Skuntank, F|295/409","|turn|19","|","|move|p1a: Skuntank|Sucker Punch|p2a: Ninetales","|-damage|p2a: Ninetales|85/287","|move|p2a: Ninetales|Flamethrower|p1a: Skuntank","|-crit|p1a: Skuntank","|-damage|p1a: Skuntank|0 fnt","|faint|p1a: Skuntank","|","|-weather|none","|","|switch|p1a: Weezing|Weezing, M|257/333","|turn|20","|","|move|p2a: Ninetales|Flamethrower|p1a: Weezing","|-damage|p1a: Weezing|64/333","|-enditem|p1a: Weezing|Sitrus Berry|[eat]","|-heal|p1a: Weezing|147/333|[from] item: Sitrus Berry","|move|p1a: Weezing|Toxic Spikes|p2a: Ninetales","|-sidestart|p2: GLReshiram|move: Toxic Spikes","|","|turn|21","|","|move|p2a: Ninetales|Flamethrower|p1a: Weezing","|-damage|p1a: Weezing|0 fnt","|faint|p1a: Weezing","|","|","|switch|p1a: Crobat|Crobat, F|243/373","|turn|22","|","|switch|p2a: Heatran|Heatran, F|270/360","|move|p1a: Crobat|Hypnosis|p2a: Heatran|[miss]","|-miss|p1a: Crobat|p2a: Heatran","|","|turn|23","|","|move|p1a: Crobat|Hypnosis|p2a: Heatran|[miss]","|-miss|p1a: Crobat|p2a: Heatran","|move|p2a: Heatran|Fire Spin|p1a: Crobat","|-damage|p1a: Crobat|155/373","|-activate|p1a: Crobat|move: Fire Spin|[of] p2a: Heatran","|","|-damage|p1a: Crobat|109/373|[from] move: Fire Spin|[partiallytrapped]","|turn|24","|","|move|p1a: Crobat|Roost|p1a: Crobat","|-heal|p1a: Crobat|296/373","|move|p2a: Heatran|Explosion|p1a: Crobat","|-damage|p1a: Crobat|75/373","|faint|p2a: Heatran","|","|","|switch|p2a: Charizard|Charizard, F|341/341","|turn|25","|","|detailschange|p2a: Charizard|Charizard-Mega-X, F","|-mega|p2a: Charizard|Charizard|Charizardite X","|move|p1a: Crobat|Hypnosis|p2a: Charizard","|-status|p2a: Charizard|slp","|cant|p2a: Charizard|slp","|","|turn|26","|","|move|p1a: Crobat|Curse|p1a: Crobat","|-unboost|p1a: Crobat|spe|1","|-boost|p1a: Crobat|atk|1","|-boost|p1a: Crobat|def|1","|-enditem|p1a: Crobat|White Herb","|-restoreboost|p1a: Crobat|[silent]","|cant|p2a: Charizard|slp","|","|turn|27","|","|move|p1a: Crobat|Roost|p1a: Crobat","|-heal|p1a: Crobat|262/373","|cant|p2a: Charizard|slp","|","|turn|28","|","|move|p1a: Crobat|Acrobatics|p2a: Charizard","|-damage|p2a: Charizard|172/341 slp","|-curestatus|p2a: Charizard|slp","|move|p2a: Charizard|Dragon Dance|p2a: Charizard","|-boost|p2a: Charizard|atk|1","|-boost|p2a: Charizard|spe|1","|","|turn|29","|","|move|p1a: Crobat|Acrobatics|p2a: Charizard","|-damage|p2a: Charizard|3/341","|move|p2a: Charizard|Dragon Dance|p2a: Charizard","|-boost|p2a: Charizard|atk|1","|-boost|p2a: Charizard|spe|1","|","|turn|30","|","|move|p2a: Charizard|Dragon Claw|p1a: Crobat","|-damage|p1a: Crobat|0 fnt","|faint|p1a: Crobat","|","|win|GLReshiram"],"p1rating":{"entryid":"6731189","serverid":"eos","formatid":"monotype","userid":"guardwanderer","username":"Guard Wanderer","w":"107","l":136,"t":"0","gxe":43.8,"r":"1453.816465785","rd":"26.10975600504","sigma":"0","rptime":"1439197200","rpr":1452.8214129316,"rprd":25.793548839398,"rpsigma":"0","acre":1089.2603526216,"lacre":1089.2603526216,"oldacre":"1114.2862584221"},"p2rating":{"entryid":"6886801","serverid":"eos","formatid":"monotype","userid":"glreshiram","username":"GL♅Reshiram","w":19,"l":"19","t":"0","gxe":50.2,"r":"1486.7972587549","rd":"58.073456274428","sigma":"0","rptime":"1439197200","rpr":1501.4070027844,"rprd":56.099177776611,"rpsigma":"0","acre":1138.9521402145,"lacre":1138.9521402145,"oldacre":"1113.926234414"},"endType":"normal"}