{"seed":[47667,54305,47979,60336],"turns":24,"p1":"StormiClouds","p2":"piiiiichu","p1team":[{"name":"Weezing","species":"Weezing","item":"blacksludge","ability":"Levitate","moves":["sludgewave","flamethrower","darkpulse","willowisp"],"nature":"Modest","evs":{"hp":252,"atk":0,"def":0,"spa":252,"spd":4,"spe":0},"shiny":true,"ivs":{"hp":31,"atk":31,"def":31,"spa":31,"spd":31,"spe":31}},{"name":"Dragalge","species":"Dragalge","item":"blacksludge","ability":"Adaptability","moves":["dragonpulse","sludgewave","toxicspikes","scald"],"nature":"Modest","evs":{"hp":252,"atk":0,"def":0,"spa":252,"spd":4,"spe":0},"shiny":true,"ivs":{"hp":31,"atk":31,"def":31,"spa":31,"spd":31,"spe":31}},{"name":"Crobat","species":"Crobat","item":"blacksludge","ability":"Infiltrator","moves":["bravebird","superfang","crosspoison","confuseray"],"nature":"Jolly","evs":{"hp":0,"atk":252,"def":0,"spa":0,"spd":4,"spe":252},"ivs":{"hp":31,"atk":31,"def":31,"spa":31,"spd":31,"spe":31}},{"name":"Venusaur","species":"Venusaur","item":"venusaurite","ability":"Chlorophyll","moves":["leechseed","earthquake","gigadrain","sludgebomb"],"nature":"Mild","evs":{"hp":0,"atk":4,"def":0,"spa":252,"spd":0,"spe":252},"shiny":true,"ivs":{"hp":31,"atk":31,"def":31,"spa":31,"spd":31,"spe":31}},{"name":"Drapion","species":"Drapion","item":"razorclaw","ability":"Sniper","moves":["crosspoison","nightslash","earthquake","swordsdance"],"nature":"Adamant","evs":{"hp":248,"atk":252,"def":0,"spa":0,"spd":8,"spe":0},"ivs":{"hp":31,"atk":31,"def":31,"spa":31,"spd":31,"spe":31}},{"name":"Scolipede","species":"Scolipede","item":"lifeorb","ability":"Speed Boost","moves":["megahorn","poisonjab","earthquake","protect"],"nature":"Adamant","evs":{"hp":0,"atk":252,"def":0,"spa":0,"spd":4,"spe":252},"shiny":true,"ivs":{"hp":31,"atk":31,"def":31,"spa":31,"spd":31,"spe":31}}],"p2team":[{"name":"Reuniclus","species":"Reuniclus","item":"lifeorb","ability":"Magic Guard","moves":["trickroom","psychic","focusblast","shadowball"],"nature":"Quiet","evs":{"hp":252,"atk":0,"def":4,"spa":252,"spd":0,"spe":0},"ivs":{"hp":31,"atk":31,"def":31,"spa":31,"spd":31,"spe":31}},{"name":"Bronzong","species":"Bronzong","item":"mentalherb","ability":"Levitate","moves":["trickroom","stealthrock","gyroball","explosion"],"nature":"Sassy","evs":{"hp":252,"atk":4,"def":0,"spa":0,"spd":252,"spe":0},"shiny":true,"ivs":{"hp":31,"atk":31,"def":31,"spa":31,"spd":31,"spe":31}},{"name":"Victini","species":"Victini","item":"flameplate","ability":"Victory Star","moves":["trickroom","vcreate","boltstrike","brickbreak"],"nature":"Brave","evs":{"hp":248,"atk":252,"def":8,"spa":0,"spd":0,"spe":0},"ivs":{"hp":31,"atk":31,"def":31,"spa":31,"spd":31,"spe":27}},{"name":"Gardevoir","species":"Gardevoir","item":"gardevoirite","ability":"Trace","moves":["hypervoice","psyshock","focusblast","substitute"],"nature":"Timid","evs":{"hp":0,"atk":0,"def":24,"spa":232,"spd":0,"spe":252},"ivs":{"hp":31,"atk":31,"def":31,"spa":31,"spd":31,"spe":31}},{"name":"Slowbro","species":"Slowbro","item":"leftovers","ability":"Regenerator","moves":["scald","trickroom","slackoff","disable"],"nature":"Relaxed","evs":{"hp":252,"atk":0,"def":252,"spa":0,"spd":4,"spe":0},"ivs":{"hp":31,"atk":31,"def":31,"spa":31,"spd":31,"spe":0}},{"name":"Hoopa-Unbound","species":"Hoopa-Unbound","item":"lifeorb","ability":"Magician","moves":["trickroom","hyperspacefury","drainpunch","thunderbolt"],"nature":"Brave","evs":{"hp":248,"atk":160,"def":0,"spa":100,"spd":0,"spe":0},"ivs":{"hp":31,"atk":31,"def":31,"spa":31,"spd":31,"spe":0}}],"log":["|player|p1|StormiClouds|154","|player|p2|piiiiichu|piiiiichu.png","|gametype|singles","|gen|6","|tier|Monotype","|rated","|rule|Baton Pass Clause: Limit one Baton Passer, can't pass Spe and other stats simultaneously","|rule|Swagger Clause: Swagger is banned","|rule|Same Type Clause: Pokémon in a team must share a type","|clearpoke","|poke|p1|Weezing, M, shiny","|poke|p1|Dragalge, M, shiny","|poke|p1|Crobat, M","|poke|p1|Venusaur, M, shiny","|poke|p1|Drapion, M","|poke|p1|Scolipede, F, shiny","|poke|p2|Reuniclus, F","|poke|p2|Bronzong, shiny","|poke|p2|Victini","|poke|p2|Gardevoir, F","|poke|p2|Slowbro, F","|poke|p2|Hoopa-Unbound","|rule|Sleep Clause Mod: Limit one foe put to sleep","|rule|Species Clause: Limit one of each Pokémon","|rule|OHKO Clause: OHKO moves are banned","|rule|Moody Clause: Moody is banned","|rule|Evasion Moves Clause: Evasion moves are banned","|rule|Endless Battle Clause: Forcing endless battles is banned","|rule|HP Percentage Mod: HP is shown in percentages","|teampreview","|","|start","|switch|p1a: Crobat|Crobat, M|311/311","|switch|p2a: Bronzong|Bronzong, shiny|338/338","|turn|1","|","|move|p1a: Crobat|Confuse Ray|p2a: Bronzong","|-start|p2a: Bronzong|confusion","|-activate|p2a: Bronzong|confusion","|move|p2a: Bronzong|Gyro Ball|p1a: Crobat","|-damage|p1a: Crobat|178/311","|","|-heal|p1a: Crobat|197/311|[from] item: Black Sludge","|turn|2","|","|move|p1a: Crobat|Super Fang|p2a: Bronzong","|-damage|p2a: Bronzong|169/338","|-end|p2a: Bronzong|confusion","|move|p2a: Bronzong|Stealth Rock|p1a: Crobat","|-sidestart|p1: StormiClouds|move: Stealth Rock","|","|-heal|p1a: Crobat|216/311|[from] item: Black Sludge","|turn|3","|","|move|p1a: Crobat|Confuse Ray|p2a: Bronzong","|-start|p2a: Bronzong|confusion","|-activate|p2a: Bronzong|confusion","|-damage|p2a: Bronzong|144/338|[from] confusion","|","|-heal|p1a: Crobat|235/311|[from] item: Black Sludge","|turn|4","|","|move|p1a: Crobat|Super Fang|p2a: Bronzong","|-damage|p2a: Bronzong|72/338","|-activate|p2a: Bronzong|confusion","|-damage|p2a: Bronzong|48/338|[from] confusion","|","|-heal|p1a: Crobat|254/311|[from] item: Black Sludge","|turn|5","|","|move|p1a: Crobat|Brave Bird|p2a: Bronzong","|-resisted|p2a: Bronzong","|-damage|p2a: Bronzong|0 fnt","|-damage|p1a: Crobat|238/311|[from] recoil|[of] p2a: Bronzong","|faint|p2a: Bronzong","|","|-heal|p1a: Crobat|257/311|[from] item: Black Sludge","|","|switch|p2a: Reuniclus|Reuniclus, F|424/424","|turn|6","|","|switch|p1a: Drapion|Drapion, M|343/343","|-damage|p1a: Drapion|301/343|[from] Stealth Rock","|move|p2a: Reuniclus|Psychic|p1a: Drapion","|-immune|p1a: Drapion|[msg]","|","|turn|7","|","|switch|p2a: Slowbro|Slowbro, F|394/394","|move|p1a: Drapion|Night Slash|p2a: Slowbro","|-crit|p2a: Slowbro","|-supereffective|p2a: Slowbro","|-damage|p2a: Slowbro|88/394","|","|-heal|p2a: Slowbro|112/394|[from] item: Leftovers","|turn|8","|","|switch|p1a: Dragalge|Dragalge, M, shiny|334/334","|-damage|p1a: Dragalge|293/334|[from] Stealth Rock","|move|p2a: Slowbro|Trick Room|p2a: Slowbro","|-fieldstart|move: Trick Room|[of] p2a: Slowbro","|","|-heal|p2a: Slowbro|136/394|[from] item: Leftovers","|-heal|p1a: Dragalge|313/334|[from] item: Black Sludge","|turn|9","|","|move|p2a: Slowbro|Scald|p1a: Dragalge","|-resisted|p1a: Dragalge","|-damage|p1a: Dragalge|271/334","|-status|p1a: Dragalge|brn","|move|p1a: Dragalge|Toxic Spikes|p2a: Slowbro","|-sidestart|p2: piiiiichu|move: Toxic Spikes","|","|-heal|p2a: Slowbro|160/394|[from] item: Leftovers","|-heal|p1a: Dragalge|291/334 brn|[from] item: Black Sludge","|-damage|p1a: Dragalge|250/334 brn|[from] brn","|turn|10","|","|move|p2a: Slowbro|Disable|p1a: Dragalge","|-start|p1a: Dragalge|Disable|Toxic Spikes","|cant|p1a: Dragalge|Disable|Toxic Spikes","|","|-heal|p2a: Slowbro|184/394|[from] item: Leftovers","|-heal|p1a: Dragalge|270/334 brn|[from] item: Black Sludge","|-damage|p1a: Dragalge|229/334 brn|[from] brn","|turn|11","|","|move|p2a: Slowbro|Slack Off|p2a: Slowbro","|-heal|p2a: Slowbro|381/394","|move|p1a: Dragalge|Sludge Wave|p2a: Slowbro","|-damage|p2a: Slowbro|123/394","|","|-heal|p2a: Slowbro|147/394|[from] item: Leftovers","|-heal|p1a: Dragalge|249/334 brn|[from] item: Black Sludge","|-damage|p1a: Dragalge|208/334 brn|[from] brn","|turn|12","|","|move|p2a: Slowbro|Scald|p1a: Dragalge","|-resisted|p1a: Dragalge","|-damage|p1a: Dragalge|170/334 brn","|move|p1a: Dragalge|Sludge Wave|p2a: Slowbro","|-damage|p2a: Slowbro|0 fnt","|faint|p2a: Slowbro","|","|-heal|p1a: Dragalge|190/334 brn|[from] item: Black Sludge","|-damage|p1a: Dragalge|149/334 brn|[from] brn","|-fieldend|move: Trick Room","|","|switch|p2a: Hoopa-Unbound|Hoopa-Unbound|363/363","|-status|p2a: Hoopa-Unbound|psn","|turn|13","|","|move|p2a: Hoopa-Unbound|Hyperspace Fury|p1a: Dragalge","|-damage|p1a: Dragalge|0 fnt","|-unboost|p2a: Hoopa-Unbound|def|1","|-damage|p2a: Hoopa-Unbound|327/363 psn|[from] item: Life Orb","|faint|p1a: Dragalge","|","|-damage|p2a: Hoopa-Unbound|282/363 psn|[from] psn","|","|switch|p1a: Crobat|Crobat, M|257/311","|-damage|p1a: Crobat|180/311|[from] Stealth Rock","|turn|14","|","|move|p1a: Crobat|Brave Bird|p2a: Hoopa-Unbound","|-damage|p2a: Hoopa-Unbound|0 fnt","|-damage|p1a: Crobat|87/311|[from] recoil|[of] p2a: Hoopa-Unbound","|faint|p2a: Hoopa-Unbound","|","|-heal|p1a: Crobat|106/311|[from] item: Black Sludge","|","|switch|p2a: Reuniclus|Reuniclus, F|424/424","|-status|p2a: Reuniclus|psn","|turn|15","|","|move|p1a: Crobat|Confuse Ray|p2a: Reuniclus","|-start|p2a: Reuniclus|confusion","|-activate|p2a: Reuniclus|confusion","|move|p2a: Reuniclus|Trick Room|p2a: Reuniclus","|-fieldstart|move: Trick Room|[of] p2a: Reuniclus","|","|-heal|p1a: Crobat|125/311|[from] item: Black Sludge","|turn|16","|","|switch|p2a: Victini|Victini|403/403","|-status|p2a: Victini|psn","|move|p1a: Crobat|Super Fang|p2a: Victini","|-damage|p2a: Victini|202/403 psn","|","|-heal|p1a: Crobat|144/311|[from] item: Black Sludge","|-damage|p2a: Victini|152/403 psn|[from] psn","|turn|17","|","|switch|p1a: Weezing|Weezing, M, shiny|334/334","|-damage|p1a: Weezing|293/334|[from] Stealth Rock","|move|p2a: Victini|V-create|p1a: Weezing","|-damage|p1a: Weezing|0 fnt","|-unboost|p2a: Victini|spe|1","|-unboost|p2a: Victini|def|1","|-unboost|p2a: Victini|spd|1","|faint|p1a: Weezing","|","|-damage|p2a: Victini|102/403 psn|[from] psn","|","|switch|p1a: Scolipede|Scolipede, F, shiny|261/261","|-damage|p1a: Scolipede|196/261|[from] Stealth Rock","|turn|18","|","|move|p1a: Scolipede|Protect|p1a: Scolipede","|-singleturn|p1a: Scolipede|Protect","|move|p2a: Victini|V-create|p1a: Scolipede","|-activate|p1a: Scolipede|Protect","|","|-damage|p2a: Victini|52/403 psn|[from] psn","|-boost|p1a: Scolipede|spe|1|[from] ability: Speed Boost","|turn|19","|","|switch|p1a: Crobat|Crobat, M|144/311","|-damage|p1a: Crobat|67/311|[from] Stealth Rock","|move|p2a: Victini|V-create|p1a: Crobat","|-damage|p1a: Crobat|0 fnt","|-unboost|p2a: Victini|spe|1","|-unboost|p2a: Victini|def|1","|-unboost|p2a: Victini|spd|1","|faint|p1a: Crobat","|","|-damage|p2a: Victini|2/403 psn|[from] psn","|-fieldend|move: Trick Room","|","|switch|p1a: Scolipede|Scolipede, F, shiny|196/261","|-damage|p1a: Scolipede|131/261|[from] Stealth Rock","|turn|20","|","|move|p1a: Scolipede|Protect|p1a: Scolipede","|-singleturn|p1a: Scolipede|Protect","|move|p2a: Victini|Trick Room|p2a: Victini","|-fieldstart|move: Trick Room|[of] p2a: Victini","|","|-damage|p2a: Victini|0 fnt|[from] psn","|-boost|p1a: Scolipede|spe|1|[from] ability: Speed Boost","|faint|p2a: Victini","|","|switch|p2a: Reuniclus|Reuniclus, F|424/424 psn","|turn|21","|","|switch|p1a: Drapion|Drapion, M|301/343","|-damage|p1a: Drapion|259/343|[from] Stealth Rock","|move|p2a: Reuniclus|Focus Blast|p1a: Drapion","|-damage|p1a: Drapion|0 fnt","|faint|p1a: Drapion","|","|","|switch|p1a: Venusaur|Venusaur, M, shiny|301/301","|-damage|p1a: Venusaur|264/301|[from] Stealth Rock","|turn|22","|","|detailschange|p1a: Venusaur|Venusaur-Mega, M, shiny","|-mega|p1a: Venusaur|Venusaur|Venusaurite","|move|p2a: Reuniclus|Psychic|p1a: Venusaur","|-supereffective|p1a: Venusaur","|-damage|p1a: Venusaur|0 fnt","|faint|p1a: Venusaur","|","|","|switch|p1a: Scolipede|Scolipede, F, shiny|131/261","|-damage|p1a: Scolipede|66/261|[from] Stealth Rock","|turn|23","|","|move|p1a: Scolipede|Protect|p1a: Scolipede","|-singleturn|p1a: Scolipede|Protect","|move|p2a: Reuniclus|Psychic|p1a: Scolipede","|-activate|p1a: Scolipede|Protect","|","|-boost|p1a: Scolipede|spe|1|[from] ability: Speed Boost","|turn|24","|","|move|p2a: Reuniclus|Psychic|p1a: Scolipede","|-supereffective|p1a: Scolipede","|-damage|p1a: Scolipede|0 fnt","|faint|p1a: Scolipede","|","|win|piiiiichu"],"p1rating":{"entryid":"7529280","serverid":"eos","formatid":"monotype","userid":"stormiclouds","username":"StormiClouds","w":"3","l":9,"t":"0","gxe":35.2,"r":"1480.9299357284","rd":"112.13270210657","sigma":"0","rptime":"1439197200","rpr":1381.6255076355,"rprd":83.159731251176,"rpsigma":"0","acre":1029.8403438705,"lacre":1029.8403438705,"oldacre":"1041.0428282447"},"p2rating":{"entryid":"7542212","serverid":"eos","formatid":"monotype","userid":"piiiiichu","username":"piiiiichu","w":6,"l":"0","t":"0","gxe":68.4,"r":"1500","rd":"130","sigma":"0","rptime":"1439197200","rpr":1651.4106074438,"rprd":98.753958343069,"rpsigma":"0","acre":1168.4497907553,"lacre":1168.4497907553,"oldacre":"1151.1153790531"},"endType":"normal"}