{"seed":[61904,32288,60812,63798],"turns":31,"p1":"EliteSuper Sirrius","p2":"Chosen Saint","p1team":[{"name":"Charizard","species":"Charizard","item":"charizarditey","ability":"Blaze","moves":["flamethrower","airslash","dragonpulse","solarbeam"],"nature":"Modest","evs":{"hp":100,"atk":0,"def":44,"spa":108,"spd":140,"spe":116},"shiny":true,"ivs":{"hp":31,"atk":31,"def":31,"spa":31,"spd":31,"spe":31}},{"name":"Arcanine","species":"Arcanine","item":"sitrusberry","ability":"Intimidate","moves":["closecombat","extremespeed","aerialace","wildcharge"],"nature":"Adamant","evs":{"hp":72,"atk":92,"def":64,"spa":92,"spd":60,"spe":128},"ivs":{"hp":31,"atk":31,"def":31,"spa":31,"spd":31,"spe":31}},{"name":"Heatran","species":"Heatran","item":"flameplate","ability":"Flash Fire","moves":["eruption","earthquake","darkpulse","magmastorm"],"nature":"Quiet","evs":{"hp":48,"atk":196,"def":128,"spa":12,"spd":52,"spe":72},"ivs":{"hp":31,"atk":31,"def":31,"spa":31,"spd":31,"spe":31}},{"name":"Delphox","species":"Delphox","item":"","ability":"Blaze","moves":["calmmind","psyshock","willowisp","heatwave"],"nature":"Modest","evs":{"hp":200,"atk":0,"def":0,"spa":208,"spd":0,"spe":100},"gender":"F","shiny":true,"ivs":{"hp":31,"atk":31,"def":31,"spa":31,"spd":31,"spe":31}},{"name":"Entei","species":"Entei","item":"charcoal","ability":"Pressure","moves":["shadowball","calmmind","sacredfire","extremespeed"],"nature":"Adamant","evs":{"hp":88,"atk":144,"def":160,"spa":0,"spd":116,"spe":0},"shiny":true,"ivs":{"hp":31,"atk":31,"def":31,"spa":31,"spd":31,"spe":31}},{"name":"Victini","species":"Victini","item":"zapplate","ability":"Victory Star","moves":["vcreate","boltstrike","energyball","dazzlinggleam"],"nature":"","evs":{"hp":4,"atk":92,"def":136,"spa":92,"spd":136,"spe":48},"ivs":{"hp":31,"atk":31,"def":31,"spa":31,"spd":31,"spe":31}}],"p2team":[{"name":"Venusaur","species":"Venusaur","item":"venusaurite","ability":"Chlorophyll","moves":["sleeppowder","growth","gigadrain","sludgebomb"],"nature":"Timid","evs":{"hp":0,"atk":0,"def":0,"spa":252,"spd":4,"spe":252},"ivs":{"hp":31,"atk":31,"def":31,"spa":31,"spd":31,"spe":31}},{"name":"Drapion","species":"Drapion","item":"lifeorb","ability":"Battle Armor","moves":["swordsdance","knockoff","poisonjab","earthquake"],"nature":"Adamant","evs":{"hp":248,"atk":252,"def":0,"spa":0,"spd":0,"spe":8},"ivs":{"hp":31,"atk":31,"def":31,"spa":31,"spd":31,"spe":31}},{"name":"Skuntank","species":"Skuntank","item":"dreadplate","ability":"Aftermath","moves":["suckerpunch","poisonjab","fireblast","crunch"],"nature":"Brave","evs":{"hp":232,"atk":252,"def":0,"spa":24,"spd":0,"spe":0},"ivs":{"hp":31,"atk":31,"def":31,"spa":31,"spd":31,"spe":31}},{"name":"Golbat","species":"Golbat","item":"eviolite","ability":"Infiltrator","moves":["toxic","superfang","roost","defog"],"nature":"Impish","evs":{"hp":248,"atk":0,"def":252,"spa":0,"spd":0,"spe":8},"ivs":{"hp":31,"atk":31,"def":31,"spa":31,"spd":31,"spe":31}},{"name":"Tentacruel","species":"Tentacruel","item":"assaultvest","ability":"Liquid Ooze","moves":["surf","sludgewave","icebeam","dazzlinggleam"],"nature":"Calm","evs":{"hp":0,"atk":0,"def":0,"spa":252,"spd":252,"spe":4},"ivs":{"hp":31,"atk":31,"def":31,"spa":31,"spd":31,"spe":31}},{"name":"Gengar","species":"Gengar","item":"choicescarf","ability":"Levitate","moves":["shadowball","sludgewave","hiddenpowerice","focusblast"],"nature":"Timid","evs":{"hp":0,"atk":0,"def":0,"spa":252,"spd":4,"spe":252},"ivs":{"hp":31,"atk":30,"def":30,"spa":31,"spd":31,"spe":31}}],"log":["|player|p1|EliteSuper Sirrius|162","|player|p2|Chosen Saint|1","|gametype|singles","|gen|6","|tier|Monotype","|rated","|rule|Baton Pass Clause: Limit one Baton Passer, can't pass Spe and other stats simultaneously","|rule|Swagger Clause: Swagger is banned","|rule|Same Type Clause: Pokémon in a team must share a type","|clearpoke","|poke|p1|Charizard, F, shiny","|poke|p1|Arcanine, F","|poke|p1|Heatran, M","|poke|p1|Delphox, F, shiny","|poke|p1|Entei, shiny","|poke|p1|Victini","|poke|p2|Venusaur, F","|poke|p2|Drapion, M","|poke|p2|Skuntank, F","|poke|p2|Golbat, F","|poke|p2|Tentacruel, M","|poke|p2|Gengar, F","|rule|Sleep Clause Mod: Limit one foe put to sleep","|rule|Species Clause: Limit one of each Pokémon","|rule|OHKO Clause: OHKO moves are banned","|rule|Moody Clause: Moody is banned","|rule|Evasion Moves Clause: Evasion moves are banned","|rule|Endless Battle Clause: Forcing endless battles is banned","|rule|HP Percentage Mod: HP is shown in percentages","|teampreview","|","|start","|switch|p1a: Charizard|Charizard, F, shiny|322/322","|switch|p2a: Tentacruel|Tentacruel, M|301/301","|turn|1","|","|detailschange|p1a: Charizard|Charizard-Mega-Y, F, shiny","|-mega|p1a: Charizard|Charizard|Charizardite Y","|-weather|SunnyDay","|move|p1a: Charizard|Solar Beam|p2a: Tentacruel|[still]","|-prepare|p1a: Charizard|Solar Beam|p2a: Tentacruel","|-anim|p1a: Charizard|Solar Beam|p2a: Tentacruel","|-damage|p2a: Tentacruel|232/301","|move|p2a: Tentacruel|Sludge Wave|p1a: Charizard","|-damage|p1a: Charizard|226/322","|","|-weather|SunnyDay|[upkeep]","|turn|2","|","|move|p1a: Charizard|Air Slash|p2a: Tentacruel","|-damage|p2a: Tentacruel|159/301","|cant|p2a: Tentacruel|flinch","|","|-weather|SunnyDay|[upkeep]","|turn|3","|","|move|p1a: Charizard|Dragon Pulse|p2a: Tentacruel","|-damage|p2a: Tentacruel|110/301","|move|p2a: Tentacruel|Surf|p1a: Charizard","|-supereffective|p1a: Charizard","|-damage|p1a: Charizard|130/322","|","|-weather|SunnyDay|[upkeep]","|turn|4","|","|move|p1a: Charizard|Air Slash|p2a: Tentacruel","|-damage|p2a: Tentacruel|40/301","|move|p2a: Tentacruel|Surf|p1a: Charizard","|-supereffective|p1a: Charizard","|-damage|p1a: Charizard|44/322","|","|-weather|SunnyDay|[upkeep]","|turn|5","|","|move|p1a: Charizard|Air Slash|p2a: Tentacruel","|-damage|p2a: Tentacruel|0 fnt","|faint|p2a: Tentacruel","|","|-weather|none","|","|switch|p2a: Skuntank|Skuntank, F|405/405","|turn|6","|","|move|p2a: Skuntank|Sucker Punch|p1a: Charizard","|-damage|p1a: Charizard|0 fnt","|faint|p1a: Charizard","|","|","|switch|p1a: Arcanine|Arcanine, F|339/339","|-ability|p1a: Arcanine|Intimidate","|-unboost|p2a: Skuntank|atk|1","|turn|7","|","|switch|p2a: Golbat|Golbat, F|353/353","|move|p1a: Arcanine|Wild Charge|p2a: Golbat","|-supereffective|p2a: Golbat","|-damage|p2a: Golbat|235/353","|-damage|p1a: Arcanine|309/339|[from] recoil|[of] p2a: Golbat","|","|turn|8","|","|move|p1a: Arcanine|Wild Charge|p2a: Golbat","|-supereffective|p2a: Golbat","|-damage|p2a: Golbat|127/353","|-damage|p1a: Arcanine|282/339|[from] recoil|[of] p2a: Golbat","|move|p2a: Golbat|Roost|p2a: Golbat","|-heal|p2a: Golbat|304/353","|","|turn|9","|","|move|p1a: Arcanine|Wild Charge|p2a: Golbat","|-supereffective|p2a: Golbat","|-damage|p2a: Golbat|188/353","|-damage|p1a: Arcanine|253/339|[from] recoil|[of] p2a: Golbat","|move|p2a: Golbat|Toxic|p1a: Arcanine","|-status|p1a: Arcanine|tox","|","|-damage|p1a: Arcanine|232/339 tox|[from] psn","|turn|10","|","|move|p1a: Arcanine|Wild Charge|p2a: Golbat","|-supereffective|p2a: Golbat","|-damage|p2a: Golbat|72/353","|-damage|p1a: Arcanine|203/339 tox|[from] recoil|[of] p2a: Golbat","|move|p2a: Golbat|Roost|p2a: Golbat","|-heal|p2a: Golbat|249/353","|","|-damage|p1a: Arcanine|161/339 tox|[from] psn","|-enditem|p1a: Arcanine|Sitrus Berry|[eat]","|-heal|p1a: Arcanine|245/339 tox|[from] item: Sitrus Berry","|turn|11","|","|move|p1a: Arcanine|Close Combat|p2a: Golbat","|-resisted|p2a: Golbat","|-damage|p2a: Golbat|230/353","|-unboost|p1a: Arcanine|def|1","|-unboost|p1a: Arcanine|spd|1","|move|p2a: Golbat|Roost|p2a: Golbat","|-heal|p2a: Golbat|353/353","|","|-damage|p1a: Arcanine|182/339 tox|[from] psn","|turn|12","|","|move|p1a: Arcanine|Wild Charge|p2a: Golbat","|-supereffective|p2a: Golbat","|-damage|p2a: Golbat|247/353","|-damage|p1a: Arcanine|155/339 tox|[from] recoil|[of] p2a: Golbat","|move|p2a: Golbat|Super Fang|p1a: Arcanine","|-damage|p1a: Arcanine|78/339 tox","|","|-damage|p1a: Arcanine|0 fnt|[from] psn","|faint|p1a: Arcanine","|","|switch|p1a: Victini|Victini|342/342","|turn|13","|","|move|p1a: Victini|Bolt Strike|p2a: Golbat","|-supereffective|p2a: Golbat","|-damage|p2a: Golbat|91/353","|-status|p2a: Golbat|par","|move|p2a: Golbat|Toxic|p1a: Victini","|-status|p1a: Victini|tox","|","|-damage|p1a: Victini|321/342 tox|[from] psn","|turn|14","|","|move|p1a: Victini|Bolt Strike|p2a: Golbat|[miss]","|-miss|p1a: Victini|p2a: Golbat","|move|p2a: Golbat|Roost|p2a: Golbat","|-heal|p2a: Golbat|268/353 par","|","|-damage|p1a: Victini|279/342 tox|[from] psn","|turn|15","|","|move|p1a: Victini|Bolt Strike|p2a: Golbat","|-supereffective|p2a: Golbat","|-damage|p2a: Golbat|106/353 par","|cant|p2a: Golbat|par","|","|-damage|p1a: Victini|216/342 tox|[from] psn","|turn|16","|","|move|p1a: Victini|V-create|p2a: Golbat","|-damage|p2a: Golbat|0 fnt","|-unboost|p1a: Victini|spe|1","|-unboost|p1a: Victini|def|1","|-unboost|p1a: Victini|spd|1","|faint|p2a: Golbat","|","|-damage|p1a: Victini|132/342 tox|[from] psn","|","|switch|p2a: Gengar|Gengar, F|261/261","|turn|17","|","|move|p2a: Gengar|Shadow Ball|p1a: Victini","|-supereffective|p1a: Victini","|-damage|p1a: Victini|0 fnt","|faint|p1a: Victini","|","|","|switch|p1a: Heatran|Heatran, M|335/335","|turn|18","|","|switch|p2a: Venusaur|Venusaur, F|301/301","|move|p1a: Heatran|Magma Storm|p2a: Venusaur|[miss]","|-miss|p1a: Heatran|p2a: Venusaur","|","|turn|19","|","|detailschange|p2a: Venusaur|Venusaur-Mega, F","|-mega|p2a: Venusaur|Venusaur|Venusaurite","|move|p2a: Venusaur|Sleep Powder|p1a: Heatran|[miss]","|-miss|p2a: Venusaur|p1a: Heatran","|move|p1a: Heatran|Magma Storm|p2a: Venusaur|[miss]","|-miss|p1a: Heatran|p2a: Venusaur","|","|turn|20","|","|move|p2a: Venusaur|Sleep Powder|p1a: Heatran","|-status|p1a: Heatran|slp","|cant|p1a: Heatran|slp","|","|turn|21","|","|move|p2a: Venusaur|Growth|p2a: Venusaur","|-boost|p2a: Venusaur|atk|1","|-boost|p2a: Venusaur|spa|1","|cant|p1a: Heatran|slp","|","|turn|22","|","|move|p2a: Venusaur|Growth|p2a: Venusaur","|-boost|p2a: Venusaur|atk|1","|-boost|p2a: Venusaur|spa|1","|cant|p1a: Heatran|slp","|","|turn|23","|","|move|p2a: Venusaur|Growth|p2a: Venusaur","|-boost|p2a: Venusaur|atk|1","|-boost|p2a: Venusaur|spa|1","|-curestatus|p1a: Heatran|slp","|move|p1a: Heatran|Eruption|p2a: Venusaur","|-supereffective|p2a: Venusaur","|-damage|p2a: Venusaur|59/301","|","|turn|24","|","|move|p2a: Venusaur|Giga Drain|p1a: Heatran","|-crit|p1a: Heatran","|-resisted|p1a: Heatran","|-damage|p1a: Heatran|220/335","|-heal|p2a: Venusaur|117/301|[from] drain|[of] p1a: Heatran","|move|p1a: Heatran|Eruption|p2a: Venusaur","|-supereffective|p2a: Venusaur","|-damage|p2a: Venusaur|0 fnt","|faint|p2a: Venusaur","|","|","|switch|p2a: Drapion|Drapion, M|343/343","|turn|25","|","|move|p2a: Drapion|Swords Dance|p2a: Drapion","|-boost|p2a: Drapion|atk|2","|move|p1a: Heatran|Eruption|p2a: Drapion","|-damage|p2a: Drapion|99/343","|","|turn|26","|","|move|p2a: Drapion|Earthquake|p1a: Heatran","|-supereffective|p1a: Heatran","|-damage|p1a: Heatran|0 fnt","|-damage|p2a: Drapion|65/343|[from] item: Life Orb","|faint|p1a: Heatran","|","|","|switch|p1a: Entei|Entei, shiny|393/393","|-ability|p1a: Entei|Pressure","|turn|27","|","|move|p1a: Entei|Extreme Speed|p2a: Drapion","|-damage|p2a: Drapion|0 fnt","|faint|p2a: Drapion","|","|","|switch|p2a: Skuntank|Skuntank, F|405/405","|turn|28","|","|move|p1a: Entei|Sacred Fire|p2a: Skuntank","|-damage|p2a: Skuntank|123/405","|-status|p2a: Skuntank|brn","|move|p2a: Skuntank|Crunch|p1a: Entei","|-damage|p1a: Entei|323/393","|","|-damage|p2a: Skuntank|73/405 brn|[from] brn","|turn|29","|","|move|p1a: Entei|Extreme Speed|p2a: Skuntank","|-damage|p2a: Skuntank|0 fnt","|-damage|p1a: Entei|225/393|[from] ability: Aftermath|[of] p2a: Skuntank","|faint|p2a: Skuntank","|","|","|switch|p2a: Gengar|Gengar, F|261/261","|turn|30","|","|move|p2a: Gengar|Shadow Ball|p1a: Entei","|-crit|p1a: Entei","|-damage|p1a: Entei|0 fnt","|faint|p1a: Entei","|","|","|switch|p1a: Delphox|Delphox, F, shiny|341/341","|turn|31","|","|move|p2a: Gengar|Shadow Ball|p1a: Delphox","|-supereffective|p1a: Delphox","|-damage|p1a: Delphox|63/341","|-unboost|p1a: Delphox|spd|1","|move|p1a: Delphox|Heat Wave|p2a: Gengar","|-crit|p2a: Gengar","|-damage|p2a: Gengar|0 fnt","|faint|p2a: Gengar","|","|win|EliteSuper Sirrius"],"p1rating":{"entryid":7528231,"formatid":"monotype","userid":"elitesupersirrius","username":"EliteSuper Sirrius","r":1500,"rd":130,"sigma":0,"rpr":1540.1606143388,"rprd":122.8583080769,"rpsigma":0,"rptime":1439110800,"w":1,"l":0,"t":0,"gxe":55,"acre":1051.891416313,"lacre":1051.891416313,"oldacre":1000},"p2rating":{"entryid":"7525852","serverid":"eos","formatid":"monotype","userid":"chosensaint","username":"Chosen Saint","w":"3","l":3,"t":"0","gxe":48.5,"r":"1500","rd":"130","sigma":"0","rptime":"1439110800","rpr":1488.292753813,"rprd":100.0710120293,"rpsigma":"0","acre":1074.0704892537,"lacre":1074.0704892537,"oldacre":"1106.5026244493"},"endType":"normal"}