{"seed":[13646,3169,42654,63313],"turns":21,"p1":"Professor♅ Gotenks","p2":"sovereign♕zoroark","p1team":[{"name":"Ferrothorn","species":"Ferrothorn","item":"rockyhelmet","ability":"Iron Barbs","moves":["leechseed","gyroball","toxic","powerwhip"],"nature":"Relaxed","evs":{"hp":248,"atk":8,"def":252,"spa":0,"spd":0,"spe":0},"ivs":{"hp":31,"atk":31,"def":31,"spa":31,"spd":31,"spe":0}},{"name":"Klefki","species":"Klefki","item":"lightclay","ability":"Prankster","moves":["lightscreen","reflect","thunderwave","drainingkiss"],"nature":"Bold","evs":{"hp":248,"atk":0,"def":116,"spa":8,"spd":136,"spe":0},"ivs":{"hp":31,"atk":31,"def":31,"spa":31,"spd":31,"spe":31}},{"name":"Excadrill","species":"Excadrill","item":"choicescarf","ability":"Mold Breaker","moves":["earthquake","ironhead","rockslide","rapidspin"],"nature":"Jolly","evs":{"hp":0,"atk":252,"def":0,"spa":0,"spd":4,"spe":252},"ivs":{"hp":31,"atk":31,"def":31,"spa":31,"spd":31,"spe":31}},{"name":"Heatran","species":"Heatran","item":"airballoon","ability":"Flash Fire","moves":["earthpower","lavaplume","flashcannon","ancientpower"],"nature":"Modest","evs":{"hp":248,"atk":0,"def":0,"spa":252,"spd":8,"spe":0},"ivs":{"hp":31,"atk":30,"def":30,"spa":31,"spd":31,"spe":31}},{"name":"Skarmory","species":"Skarmory","item":"rockyhelmet","ability":"Sturdy","moves":["stealthrock","spikes","bravebird","whirlwind"],"nature":"Impish","evs":{"hp":248,"atk":0,"def":236,"spa":0,"spd":0,"spe":24},"ivs":{"hp":31,"atk":31,"def":31,"spa":31,"spd":31,"spe":31}},{"name":"Scizor","species":"Scizor","item":"scizorite","ability":"Light Metal","moves":["roost","swordsdance","bulletpunch","bugbite"],"nature":"Adamant","evs":{"hp":176,"atk":180,"def":0,"spa":0,"spd":8,"spe":144},"shiny":true,"ivs":{"hp":31,"atk":31,"def":31,"spa":31,"spd":31,"spe":31}}],"p2team":[{"name":"Mamoswine","species":"Mamoswine","item":"icicleplate","ability":"Thick Fat","moves":["hail","earthquake","icefang","ironhead"],"nature":"Adamant","evs":{"hp":0,"atk":252,"def":128,"spa":0,"spd":128,"spe":0},"shiny":true,"ivs":{"hp":31,"atk":31,"def":31,"spa":31,"spd":31,"spe":31}},{"name":"Weavile","species":"Weavile","item":"focussash","ability":"Pressure","moves":["fakeout","icepunch","swordsdance","brickbreak"],"nature":"Adamant","evs":{"hp":4,"atk":252,"def":0,"spa":0,"spd":0,"spe":252},"shiny":true,"ivs":{"hp":31,"atk":31,"def":31,"spa":31,"spd":31,"spe":31}},{"name":"Abomasnow","species":"Abomasnow","item":"abomasite","ability":"Snow Warning","moves":["protect","leechseed","earthquake","icepunch"],"nature":"","evs":{"hp":220,"atk":0,"def":144,"spa":0,"spd":144,"spe":0},"shiny":true,"ivs":{"hp":31,"atk":31,"def":31,"spa":31,"spd":31,"spe":31}},{"name":"Jynx","species":"Jynx","item":"leftovers","ability":"Dry Skin","moves":["icebeam","calmmind","lovelykiss","psyshock"],"nature":"Bold","evs":{"hp":196,"atk":0,"def":252,"spa":30,"spd":30,"spe":0},"shiny":true,"ivs":{"hp":31,"atk":31,"def":31,"spa":31,"spd":31,"spe":31}},{"name":"Rotom-Frost","species":"Rotom-Frost","item":"toxicorb","ability":"Levitate","moves":["blizzard","voltswitch","trick","shadowball"],"nature":"","evs":{"hp":4,"atk":0,"def":0,"spa":252,"spd":0,"spe":252},"shiny":true,"ivs":{"hp":31,"atk":31,"def":31,"spa":31,"spd":31,"spe":31}},{"name":"Avalugg","species":"Avalugg","item":"","ability":"Own Tempo","moves":["rapidspin","recover","hail","earthquake"],"nature":"Sassy","evs":{"hp":252,"atk":0,"def":0,"spa":252,"spd":0,"spe":4},"shiny":true,"ivs":{"hp":31,"atk":31,"def":31,"spa":31,"spd":31,"spe":31}}],"log":["|player|p1|Professor♅ Gotenks|professorgotenks.png","|player|p2|sovereign♕zoroark|1","|gametype|singles","|gen|6","|tier|Monotype","|rated","|rule|Baton Pass Clause: Limit one Baton Passer, can't pass Spe and other stats simultaneously","|rule|Swagger Clause: Swagger is banned","|rule|Same Type Clause: Pokémon in a team must share a type","|clearpoke","|poke|p1|Ferrothorn, M","|poke|p1|Klefki, M","|poke|p1|Excadrill, F","|poke|p1|Heatran, M","|poke|p1|Skarmory, M","|poke|p1|Scizor, M, shiny","|poke|p2|Mamoswine, F, shiny","|poke|p2|Weavile, M, shiny","|poke|p2|Abomasnow, F, shiny","|poke|p2|Jynx, F, shiny","|poke|p2|Rotom-Frost, shiny","|poke|p2|Avalugg, F, shiny","|rule|Sleep Clause Mod: Limit one foe put to sleep","|rule|Species Clause: Limit one of each Pokémon","|rule|OHKO Clause: OHKO moves are banned","|rule|Moody Clause: Moody is banned","|rule|Evasion Moves Clause: Evasion moves are banned","|rule|Endless Battle Clause: Forcing endless battles is banned","|rule|HP Percentage Mod: HP is shown in percentages","|teampreview","|","|start","|switch|p1a: Skarmory|Skarmory, M|333/333","|switch|p2a: Abomasnow|Abomasnow, F, shiny|376/376","|-weather|Hail","|turn|1","|","|detailschange|p2a: Abomasnow|Abomasnow-Mega, F, shiny","|-mega|p2a: Abomasnow|Abomasnow|Abomasite","|move|p1a: Skarmory|Stealth Rock|p2a: Abomasnow","|-sidestart|p2: sovereign♕zoroark|move: Stealth Rock","|move|p2a: Abomasnow|Ice Punch|p1a: Skarmory","|-damage|p1a: Skarmory|273/333","|-damage|p2a: Abomasnow|314/376|[from] item: Rocky Helmet|[of] p1a: Skarmory","|","|-weather|Hail|[upkeep]","|-damage|p1a: Skarmory|253/333|[from] hail","|turn|2","|","|move|p1a: Skarmory|Brave Bird|p2a: Abomasnow","|-supereffective|p2a: Abomasnow","|-damage|p2a: Abomasnow|126/376","|-damage|p1a: Skarmory|191/333|[from] recoil|[of] p2a: Abomasnow","|move|p2a: Abomasnow|Leech Seed|p1a: Skarmory|[miss]","|-miss|p2a: Abomasnow|p1a: Skarmory","|","|-weather|Hail|[upkeep]","|-damage|p1a: Skarmory|171/333|[from] hail","|turn|3","|","|move|p2a: Abomasnow|Protect|p2a: Abomasnow","|-singleturn|p2a: Abomasnow|Protect","|move|p1a: Skarmory|Spikes|p2a: Abomasnow","|-sidestart|p2: sovereign♕zoroark|Spikes","|","|-weather|Hail|[upkeep]","|-damage|p1a: Skarmory|151/333|[from] hail","|turn|4","|","|move|p1a: Skarmory|Brave Bird|p2a: Abomasnow","|-supereffective|p2a: Abomasnow","|-damage|p2a: Abomasnow|0 fnt","|-damage|p1a: Skarmory|109/333|[from] recoil|[of] p2a: Abomasnow","|faint|p2a: Abomasnow","|","|-weather|Hail|[upkeep]","|-damage|p1a: Skarmory|89/333|[from] hail","|","|switch|p2a: Weavile|Weavile, M, shiny|282/282","|-damage|p2a: Weavile|212/282|[from] Stealth Rock","|-damage|p2a: Weavile|177/282|[from] Spikes","|-ability|p2a: Weavile|Pressure","|turn|5","|","|switch|p1a: Ferrothorn|Ferrothorn, M|351/351","|move|p2a: Weavile|Fake Out|p1a: Ferrothorn","|-resisted|p1a: Ferrothorn","|-damage|p1a: Ferrothorn|336/351","|-damage|p2a: Weavile|142/282|[from] ability: Iron Barbs|[of] p1a: Ferrothorn","|-damage|p2a: Weavile|95/282|[from] item: Rocky Helmet|[of] p1a: Ferrothorn","|","|-weather|none","|turn|6","|","|switch|p2a: Avalugg|Avalugg, F, shiny|394/394","|-damage|p2a: Avalugg|345/394|[from] Spikes","|-damage|p2a: Avalugg|247/394|[from] Stealth Rock","|move|p1a: Ferrothorn|Gyro Ball|p2a: Avalugg","|-crit|p2a: Avalugg","|-supereffective|p2a: Avalugg","|-damage|p2a: Avalugg|149/394","|","|turn|7","|","|move|p2a: Avalugg|Rapid Spin|p1a: Ferrothorn","|-resisted|p1a: Ferrothorn","|-damage|p1a: Ferrothorn|331/351","|-damage|p2a: Avalugg|100/394|[from] ability: Iron Barbs|[of] p1a: Ferrothorn","|-damage|p2a: Avalugg|35/394|[from] item: Rocky Helmet|[of] p1a: Ferrothorn","|-sideend|p2: sovereign♕zoroark|Spikes|[from] move: Rapid Spin|[of] p2a: Avalugg","|-sideend|p2: sovereign♕zoroark|Stealth Rock|[from] move: Rapid Spin|[of] p2a: Avalugg","|move|p1a: Ferrothorn|Toxic|p2a: Avalugg","|-status|p2a: Avalugg|tox","|","|-damage|p2a: Avalugg|11/394 tox|[from] psn","|turn|8","|","|switch|p1a: Skarmory|Skarmory, M|89/333","|move|p2a: Avalugg|Recover|p2a: Avalugg","|-heal|p2a: Avalugg|208/394 tox","|","|-damage|p2a: Avalugg|160/394 tox|[from] psn","|turn|9","|","|move|p1a: Skarmory|Stealth Rock|p2a: Avalugg","|-sidestart|p2: sovereign♕zoroark|move: Stealth Rock","|move|p2a: Avalugg|Hail|p2a: Avalugg","|-weather|Hail","|","|-weather|Hail|[upkeep]","|-damage|p1a: Skarmory|69/333|[from] hail","|-damage|p2a: Avalugg|88/394 tox|[from] psn","|turn|10","|","|move|p1a: Skarmory|Spikes|p2a: Avalugg","|-sidestart|p2: sovereign♕zoroark|Spikes","|move|p2a: Avalugg|Rapid Spin|p1a: Skarmory","|-resisted|p1a: Skarmory","|-damage|p1a: Skarmory|64/333","|-damage|p2a: Avalugg|23/394 tox|[from] item: Rocky Helmet|[of] p1a: Skarmory","|-sideend|p2: sovereign♕zoroark|Spikes|[from] move: Rapid Spin|[of] p2a: Avalugg","|-sideend|p2: sovereign♕zoroark|Stealth Rock|[from] move: Rapid Spin|[of] p2a: Avalugg","|","|-weather|Hail|[upkeep]","|-damage|p1a: Skarmory|44/333|[from] hail","|-damage|p2a: Avalugg|0 fnt|[from] psn","|faint|p2a: Avalugg","|","|switch|p2a: Mamoswine|Mamoswine, F, shiny|361/361","|turn|11","|","|move|p2a: Mamoswine|Ice Fang|p1a: Skarmory","|-damage|p1a: Skarmory|0 fnt","|-damage|p2a: Mamoswine|301/361|[from] item: Rocky Helmet|[of] p1a: Skarmory","|faint|p1a: Skarmory","|","|-weather|Hail|[upkeep]","|","|switch|p1a: Ferrothorn|Ferrothorn, M|331/351","|turn|12","|","|move|p2a: Mamoswine|Earthquake|p1a: Ferrothorn","|-damage|p1a: Ferrothorn|217/351","|move|p1a: Ferrothorn|Gyro Ball|p2a: Mamoswine","|-supereffective|p2a: Mamoswine","|-damage|p2a: Mamoswine|13/361","|","|-weather|Hail|[upkeep]","|-damage|p1a: Ferrothorn|196/351|[from] hail","|turn|13","|","|move|p2a: Mamoswine|Earthquake|p1a: Ferrothorn","|-damage|p1a: Ferrothorn|81/351","|move|p1a: Ferrothorn|Leech Seed|p2a: Mamoswine","|-start|p2a: Mamoswine|move: Leech Seed","|","|-weather|none","|-damage|p2a: Mamoswine|0 fnt|[from] Leech Seed|[of] p1a: Ferrothorn","|-heal|p1a: Ferrothorn|94/351|[silent]","|faint|p2a: Mamoswine","|","|switch|p2a: Rotom-Frost|Rotom-Frost, shiny|242/242","|turn|14","|","|move|p2a: Rotom-Frost|Trick|p1a: Ferrothorn","|-activate|p2a: Rotom-Frost|move: Trick|[of] p1a: Ferrothorn","|-item|p1a: Ferrothorn|Toxic Orb|[from] move: Trick","|-item|p2a: Rotom-Frost|Rocky Helmet|[from] move: Trick","|move|p1a: Ferrothorn|Gyro Ball|p2a: Rotom-Frost","|-damage|p2a: Rotom-Frost|83/242","|-damage|p1a: Ferrothorn|36/351|[from] item: Rocky Helmet|[of] p2a: Rotom-Frost","|","|turn|15","|","|move|p2a: Rotom-Frost|Shadow Ball|p1a: Ferrothorn","|-damage|p1a: Ferrothorn|0 fnt","|faint|p1a: Ferrothorn","|","|","|switch|p1a: Scizor|Scizor, M, shiny|325/325","|turn|16","|","|detailschange|p1a: Scizor|Scizor-Mega, M, shiny","|-mega|p1a: Scizor|Scizor|Scizorite","|move|p1a: Scizor|Bullet Punch|p2a: Rotom-Frost","|-damage|p2a: Rotom-Frost|0 fnt","|-damage|p1a: Scizor|271/325|[from] item: Rocky Helmet|[of] p2a: Rotom-Frost","|faint|p2a: Rotom-Frost","|","|","|switch|p2a: Weavile|Weavile, M, shiny|95/282","|-ability|p2a: Weavile|Pressure","|turn|17","|","|move|p2a: Weavile|Fake Out|p1a: Scizor","|-crit|p1a: Scizor","|-resisted|p1a: Scizor","|-damage|p1a: Scizor|243/325","|cant|p1a: Scizor|flinch","|","|turn|18","|","|move|p1a: Scizor|Bullet Punch|p2a: Weavile","|-supereffective|p2a: Weavile","|-damage|p2a: Weavile|0 fnt","|faint|p2a: Weavile","|","|","|switch|p2a: Jynx|Jynx, F, shiny|320/320","|turn|19","|","|switch|p1a: Klefki|Klefki, M|317/317","|move|p2a: Jynx|Lovely Kiss|p1a: Klefki","|-status|p1a: Klefki|slp","|","|turn|20","|","|switch|p1a: Scizor|Scizor-Mega, M, shiny|243/325","|move|p2a: Jynx|Calm Mind|p2a: Jynx","|-boost|p2a: Jynx|spa|1","|-boost|p2a: Jynx|spd|1","|","|turn|21","|","|move|p1a: Scizor|Bullet Punch|p2a: Jynx","|-supereffective|p2a: Jynx","|-damage|p2a: Jynx|0 fnt","|faint|p2a: Jynx","|","|win|Professor♅ Gotenks"],"p1rating":{"entryid":"6600838","serverid":"eos","formatid":"monotype","userid":"professorgotenks","username":"Professor♅ Gotenks","w":29,"l":"40","t":"0","gxe":42.8,"r":"1443.9661291194","rd":"46.578918660951","sigma":"0","rptime":"1439110800","rpr":1445.2269730847,"rprd":45.274966751557,"rpsigma":"0","acre":1109.6086447968,"lacre":1109.6086447968,"oldacre":"1089.7840830675"},"p2rating":{"entryid":"7523691","serverid":"eos","formatid":"monotype","userid":"sovereignzoroark","username":"sovereign♕zoroark","w":"1","l":10,"t":"0","gxe":27.4,"r":"1500","rd":"130","sigma":"0","rptime":"1439110800","rpr":1311.2267657785,"rprd":84.677617200733,"rpsigma":"0","acre":1000,"lacre":1000,"oldacre":"1000"},"endType":"normal"}