{"seed":[32783,53505,39957,12603],"turns":29,"p1":"Ultіmаte Gоgeta","p2":"StormiClouds","p1team":[{"name":"Tyranitar","species":"Tyranitar","item":"tyranitarite","ability":"Sand Stream","moves":["dragondance","stoneedge","earthquake","thunderpunch"],"nature":"Adamant","evs":{"hp":0,"atk":252,"def":0,"spa":0,"spd":4,"spe":252},"ivs":{"hp":31,"atk":31,"def":31,"spa":31,"spd":31,"spe":31}},{"name":"Omastar","species":"Omastar","item":"focussash","ability":"Swift Swim","moves":["shellsmash","scald","icebeam","earthpower"],"nature":"Modest","evs":{"hp":0,"atk":0,"def":0,"spa":252,"spd":4,"spe":252},"ivs":{"hp":31,"atk":31,"def":31,"spa":31,"spd":31,"spe":31}},{"name":"Cradily","species":"Cradily","item":"bigroot","ability":"Suction Cups","moves":["infestation","stockpile","gigadrain","ingrain"],"nature":"Modest","evs":{"hp":248,"atk":0,"def":0,"spa":252,"spd":8,"spe":0},"ivs":{"hp":31,"atk":31,"def":31,"spa":31,"spd":31,"spe":31}},{"name":"Archeops","species":"Archeops","item":"","ability":"Defeatist","moves":["rockslide","acrobatics","earthquake","dragonclaw"],"nature":"Jolly","evs":{"hp":0,"atk":252,"def":0,"spa":0,"spd":4,"spe":252},"ivs":{"hp":31,"atk":31,"def":31,"spa":31,"spd":31,"spe":31}},{"name":"Regirock","species":"Regirock","item":"leftovers","ability":"Clear Body","moves":["curse","hammerarm","rockslide","stealthrock"],"nature":"Adamant","evs":{"hp":252,"atk":252,"def":0,"spa":0,"spd":4,"spe":0},"ivs":{"hp":31,"atk":30,"def":31,"spa":30,"spd":31,"spe":30}},{"name":"Aerodactyl","species":"Aerodactyl","item":"choicescarf","ability":"Rock Head","moves":["doubleedge","stoneedge","icefang","dragonpulse"],"nature":"Hasty","evs":{"hp":4,"atk":252,"def":0,"spa":0,"spd":0,"spe":252},"ivs":{"hp":31,"atk":31,"def":31,"spa":31,"spd":31,"spe":31}}],"p2team":[{"name":"Weezing","species":"Weezing","item":"blacksludge","ability":"Levitate","moves":["sludgewave","flamethrower","darkpulse","willowisp"],"nature":"Modest","evs":{"hp":252,"atk":0,"def":0,"spa":252,"spd":4,"spe":0},"shiny":true,"ivs":{"hp":31,"atk":31,"def":31,"spa":31,"spd":31,"spe":31}},{"name":"Dragalge","species":"Dragalge","item":"blacksludge","ability":"Adaptability","moves":["dragonpulse","sludgewave","toxicspikes","scald"],"nature":"Modest","evs":{"hp":252,"atk":0,"def":0,"spa":252,"spd":4,"spe":0},"shiny":true,"ivs":{"hp":31,"atk":31,"def":31,"spa":31,"spd":31,"spe":31}},{"name":"Crobat","species":"Crobat","item":"blacksludge","ability":"Infiltrator","moves":["bravebird","superfang","crosspoison","confuseray"],"nature":"Jolly","evs":{"hp":0,"atk":252,"def":0,"spa":0,"spd":4,"spe":252},"ivs":{"hp":31,"atk":31,"def":31,"spa":31,"spd":31,"spe":31}},{"name":"Venusaur","species":"Venusaur","item":"venusaurite","ability":"Chlorophyll","moves":["leechseed","earthquake","gigadrain","sludgebomb"],"nature":"Mild","evs":{"hp":0,"atk":4,"def":0,"spa":252,"spd":0,"spe":252},"shiny":true,"ivs":{"hp":31,"atk":31,"def":31,"spa":31,"spd":31,"spe":31}},{"name":"Drapion","species":"Drapion","item":"razorclaw","ability":"Sniper","moves":["crosspoison","nightslash","earthquake","swordsdance"],"nature":"Adamant","evs":{"hp":248,"atk":252,"def":0,"spa":0,"spd":8,"spe":0},"ivs":{"hp":31,"atk":31,"def":31,"spa":31,"spd":31,"spe":31}},{"name":"Scolipede","species":"Scolipede","item":"lifeorb","ability":"Speed Boost","moves":["megahorn","poisonjab","earthquake","protect"],"nature":"Adamant","evs":{"hp":0,"atk":252,"def":0,"spa":0,"spd":4,"spe":252},"shiny":true,"ivs":{"hp":31,"atk":31,"def":31,"spa":31,"spd":31,"spe":31}}],"log":["|player|p1|Ultіmаte Gоgeta|248","|player|p2|StormiClouds|154","|gametype|singles","|gen|6","|tier|Monotype","|rated","|rule|Baton Pass Clause: Limit one Baton Passer, can't pass Spe and other stats simultaneously","|rule|Swagger Clause: Swagger is banned","|rule|Same Type Clause: Pokémon in a team must share a type","|clearpoke","|poke|p1|Tyranitar, M","|poke|p1|Omastar, M","|poke|p1|Cradily, F","|poke|p1|Archeops, F","|poke|p1|Regirock","|poke|p1|Aerodactyl, F","|poke|p2|Weezing, F, shiny","|poke|p2|Dragalge, M, shiny","|poke|p2|Crobat, M","|poke|p2|Venusaur, F, shiny","|poke|p2|Drapion, M","|poke|p2|Scolipede, M, shiny","|rule|Sleep Clause Mod: Limit one foe put to sleep","|rule|Species Clause: Limit one of each Pokémon","|rule|OHKO Clause: OHKO moves are banned","|rule|Moody Clause: Moody is banned","|rule|Evasion Moves Clause: Evasion moves are banned","|rule|Endless Battle Clause: Forcing endless battles is banned","|rule|HP Percentage Mod: HP is shown in percentages","|teampreview","|","|start","|switch|p1a: Omastar|Omastar, M|281/281","|switch|p2a: Dragalge|Dragalge, M, shiny|334/334","|turn|1","|","|move|p1a: Omastar|Shell Smash|p1a: Omastar","|-unboost|p1a: Omastar|def|1","|-unboost|p1a: Omastar|spd|1","|-boost|p1a: Omastar|atk|2","|-boost|p1a: Omastar|spa|2","|-boost|p1a: Omastar|spe|2","|move|p2a: Dragalge|Scald|p1a: Omastar","|-damage|p1a: Omastar|119/281","|","|turn|2","|","|switch|p2a: Venusaur|Venusaur, F, shiny|301/301","|move|p1a: Omastar|Earth Power|p2a: Venusaur","|-damage|p2a: Venusaur|89/301","|","|turn|3","|","|detailschange|p2a: Venusaur|Venusaur-Mega, F, shiny","|-mega|p2a: Venusaur|Venusaur|Venusaurite","|move|p1a: Omastar|Ice Beam|p2a: Venusaur","|-supereffective|p2a: Venusaur","|-damage|p2a: Venusaur|0 fnt","|faint|p2a: Venusaur","|","|","|switch|p2a: Scolipede|Scolipede, M, shiny|261/261","|turn|4","|","|move|p2a: Scolipede|Protect|p2a: Scolipede","|-singleturn|p2a: Scolipede|Protect","|move|p1a: Omastar|Scald|p2a: Scolipede","|-activate|p2a: Scolipede|Protect","|","|-boost|p2a: Scolipede|spe|1|[from] ability: Speed Boost","|turn|5","|","|move|p2a: Scolipede|Earthquake|p1a: Omastar","|-supereffective|p1a: Omastar","|-damage|p1a: Omastar|0 fnt","|-damage|p2a: Scolipede|235/261|[from] item: Life Orb","|faint|p1a: Omastar","|","|-boost|p2a: Scolipede|spe|1|[from] ability: Speed Boost","|","|switch|p1a: Aerodactyl|Aerodactyl, F|302/302","|turn|6","|","|switch|p2a: Weezing|Weezing, F, shiny|334/334","|move|p1a: Aerodactyl|Stone Edge|p2a: Weezing","|-damage|p2a: Weezing|190/334","|","|-heal|p2a: Weezing|210/334|[from] item: Black Sludge","|turn|7","|","|move|p1a: Aerodactyl|Stone Edge|p2a: Weezing","|-damage|p2a: Weezing|68/334","|move|p2a: Weezing|Will-O-Wisp|p1a: Aerodactyl","|-status|p1a: Aerodactyl|brn","|","|-heal|p2a: Weezing|88/334|[from] item: Black Sludge","|-damage|p1a: Aerodactyl|265/302 brn|[from] brn","|turn|8","|","|switch|p2a: Drapion|Drapion, M|343/343","|move|p1a: Aerodactyl|Stone Edge|p2a: Drapion","|-crit|p2a: Drapion","|-damage|p2a: Drapion|240/343","|","|-damage|p1a: Aerodactyl|228/302 brn|[from] brn","|turn|9","|","|switch|p1a: Regirock|Regirock|364/364","|move|p2a: Drapion|Swords Dance|p2a: Drapion","|-boost|p2a: Drapion|atk|2","|","|turn|10","|","|move|p2a: Drapion|Earthquake|p1a: Regirock","|-supereffective|p1a: Regirock","|-damage|p1a: Regirock|138/364","|move|p1a: Regirock|Rock Slide|p2a: Drapion","|-damage|p2a: Drapion|132/343","|","|-heal|p1a: Regirock|160/364|[from] item: Leftovers","|turn|11","|","|move|p2a: Drapion|Night Slash|p1a: Regirock","|-crit|p1a: Regirock","|-damage|p1a: Regirock|0 fnt","|faint|p1a: Regirock","|","|","|switch|p1a: Tyranitar|Tyranitar, M|341/341","|-weather|Sandstorm","|turn|12","|","|switch|p2a: Weezing|Weezing, F, shiny|88/334","|detailschange|p1a: Tyranitar|Tyranitar-Mega, M","|-mega|p1a: Tyranitar|Tyranitar|Tyranitarite","|move|p1a: Tyranitar|Earthquake|p2a: Weezing","|-immune|p2a: Weezing|[msg]","|","|-weather|Sandstorm|[upkeep]","|-damage|p2a: Weezing|68/334|[from] sandstorm","|-heal|p2a: Weezing|88/334|[from] item: Black Sludge","|turn|13","|","|move|p1a: Tyranitar|Thunder Punch|p2a: Weezing","|-crit|p2a: Weezing","|-damage|p2a: Weezing|0 fnt","|faint|p2a: Weezing","|","|-weather|Sandstorm|[upkeep]","|","|switch|p2a: Scolipede|Scolipede, M, shiny|235/261","|turn|14","|","|move|p2a: Scolipede|Protect|p2a: Scolipede","|-singleturn|p2a: Scolipede|Protect","|move|p1a: Tyranitar|Dragon Dance|p1a: Tyranitar","|-boost|p1a: Tyranitar|atk|1","|-boost|p1a: Tyranitar|spe|1","|","|-weather|Sandstorm|[upkeep]","|-damage|p2a: Scolipede|219/261|[from] sandstorm","|-boost|p2a: Scolipede|spe|1|[from] ability: Speed Boost","|turn|15","|","|move|p2a: Scolipede|Megahorn|p1a: Tyranitar","|-supereffective|p1a: Tyranitar","|-damage|p1a: Tyranitar|0 fnt","|-damage|p2a: Scolipede|193/261|[from] item: Life Orb","|faint|p1a: Tyranitar","|","|-weather|Sandstorm|[upkeep]","|-damage|p2a: Scolipede|177/261|[from] sandstorm","|-boost|p2a: Scolipede|spe|1|[from] ability: Speed Boost","|","|switch|p1a: Aerodactyl|Aerodactyl, F|228/302 brn","|turn|16","|","|switch|p2a: Crobat|Crobat, M|311/311","|move|p1a: Aerodactyl|Stone Edge|p2a: Crobat","|-supereffective|p2a: Crobat","|-damage|p2a: Crobat|139/311","|","|-weather|none","|-heal|p2a: Crobat|158/311|[from] item: Black Sludge","|-damage|p1a: Aerodactyl|191/302 brn|[from] brn","|turn|17","|","|move|p1a: Aerodactyl|Stone Edge|p2a: Crobat|[miss]","|-miss|p1a: Aerodactyl|p2a: Crobat","|move|p2a: Crobat|Confuse Ray|p1a: Aerodactyl","|-start|p1a: Aerodactyl|confusion","|","|-heal|p2a: Crobat|177/311|[from] item: Black Sludge","|-damage|p1a: Aerodactyl|154/302 brn|[from] brn","|turn|18","|","|switch|p1a: Cradily|Cradily, F|375/375","|switch|p2a: Drapion|Drapion, M|132/343","|","|turn|19","|","|move|p2a: Drapion|Cross Poison|p1a: Cradily","|-damage|p1a: Cradily|267/375","|move|p1a: Cradily|Stockpile|p1a: Cradily","|-start|p1a: Cradily|stockpile1","|-boost|p1a: Cradily|def|1","|-boost|p1a: Cradily|spd|1","|","|turn|20","|","|move|p2a: Drapion|Swords Dance|p2a: Drapion","|-boost|p2a: Drapion|atk|2","|move|p1a: Cradily|Infestation|p2a: Drapion","|-damage|p2a: Drapion|106/343","|-activate|p2a: Drapion|move: Infestation|[of] p1a: Cradily","|","|-damage|p2a: Drapion|64/343|[from] move: Infestation|[partiallytrapped]","|turn|21","|","|move|p2a: Drapion|Cross Poison|p1a: Cradily","|-crit|p1a: Cradily","|-damage|p1a: Cradily|0 fnt","|faint|p1a: Cradily","|","|","|switch|p1a: Archeops|Archeops, F|291/291","|turn|22","|","|move|p1a: Archeops|Rock Slide|p2a: Drapion","|-damage|p2a: Drapion|0 fnt","|faint|p2a: Drapion","|","|","|switch|p2a: Scolipede|Scolipede, M, shiny|177/261","|turn|23","|","|move|p2a: Scolipede|Protect|p2a: Scolipede","|-singleturn|p2a: Scolipede|Protect","|move|p1a: Archeops|Acrobatics|p2a: Scolipede","|-activate|p2a: Scolipede|Protect","|","|-boost|p2a: Scolipede|spe|1|[from] ability: Speed Boost","|turn|24","|","|move|p2a: Scolipede|Poison Jab|p1a: Archeops","|-resisted|p1a: Archeops","|-damage|p1a: Archeops|161/291","|-damage|p2a: Scolipede|151/261|[from] item: Life Orb","|move|p1a: Archeops|Rock Slide|p2a: Scolipede","|-supereffective|p2a: Scolipede","|-damage|p2a: Scolipede|0 fnt","|faint|p2a: Scolipede","|","|","|switch|p2a: Crobat|Crobat, M|177/311","|turn|25","|","|move|p2a: Crobat|Super Fang|p1a: Archeops","|-damage|p1a: Archeops|81/291","|move|p1a: Archeops|Rock Slide|p2a: Crobat","|-supereffective|p2a: Crobat","|-damage|p2a: Crobat|7/311","|","|-heal|p2a: Crobat|26/311|[from] item: Black Sludge","|turn|26","|","|move|p2a: Crobat|Confuse Ray|p1a: Archeops","|-start|p1a: Archeops|confusion","|-activate|p1a: Archeops|confusion","|-damage|p1a: Archeops|43/291|[from] confusion","|","|-heal|p2a: Crobat|45/311|[from] item: Black Sludge","|turn|27","|","|move|p2a: Crobat|Cross Poison|p1a: Archeops","|-resisted|p1a: Archeops","|-damage|p1a: Archeops|0 fnt","|faint|p1a: Archeops","|","|-heal|p2a: Crobat|64/311|[from] item: Black Sludge","|","|switch|p1a: Aerodactyl|Aerodactyl, F|154/302 brn","|turn|28","|","|move|p1a: Aerodactyl|Ice Fang|p2a: Crobat","|-supereffective|p2a: Crobat","|-damage|p2a: Crobat|0 fnt","|faint|p2a: Crobat","|","|-damage|p1a: Aerodactyl|117/302 brn|[from] brn","|","|switch|p2a: Dragalge|Dragalge, M, shiny|334/334","|turn|29","|","|move|p1a: Aerodactyl|Ice Fang|p2a: Dragalge","|-supereffective|p2a: Dragalge","|-damage|p2a: Dragalge|256/334","|move|p2a: Dragalge|Scald|p1a: Aerodactyl","|-supereffective|p1a: Aerodactyl","|-damage|p1a: Aerodactyl|0 fnt","|faint|p1a: Aerodactyl","|","|win|StormiClouds"],"p1rating":{"entryid":"7549111","serverid":"eos","formatid":"monotype","userid":"ultmteggeta","username":"Ultіmаte Gоgeta","w":"0","l":2,"t":"0","gxe":41,"r":"1500","rd":"130","sigma":"0","rptime":"1439197200","rpr":1427.5772890924,"rprd":116.52170492276,"rpsigma":"0","acre":1000,"lacre":1000,"oldacre":"1000"},"p2rating":{"entryid":"7529280","serverid":"eos","formatid":"monotype","userid":"stormiclouds","username":"StormiClouds","w":4,"l":"11","t":"0","gxe":34.3,"r":"1480.9299357284","rd":"112.13270210657","sigma":"0","rptime":"1439197200","rpr":1374.7497003019,"rprd":77.235253012681,"rpsigma":"0","acre":1046.6220100988,"lacre":1046.6220100988,"oldacre":"1008.9636178655"},"endType":"normal"}