{"seed":[39720,1130,15725,33416],"turns":26,"p1":"Flygon For Ubers","p2":"SailorStarshine","p1team":[{"name":"Sylveon","species":"Sylveon","item":"leftovers","ability":"Pixilate","moves":["wish","protect","hypervoice","healbell"],"nature":"Calm","evs":{"hp":252,"atk":0,"def":0,"spa":4,"spd":252,"spe":0},"shiny":true,"ivs":{"hp":31,"atk":31,"def":31,"spa":31,"spd":31,"spe":31}},{"name":"Gardevoir","species":"Gardevoir","item":"gardevoirite","ability":"Synchronize","moves":["hypervoice","psychic","shadowball","thunderbolt"],"nature":"Modest","evs":{"hp":248,"atk":0,"def":0,"spa":252,"spd":8,"spe":0},"shiny":true,"ivs":{"hp":31,"atk":31,"def":31,"spa":31,"spd":31,"spe":31}},{"name":"Togekiss","species":"Togekiss","item":"leftovers","ability":"Serene Grace","moves":["airslash","bodyslam","roost","thunderwave"],"nature":"Gentle","evs":{"hp":252,"atk":4,"def":0,"spa":0,"spd":252,"spe":0},"ivs":{"hp":31,"atk":31,"def":31,"spa":31,"spd":31,"spe":31}},{"name":"Klefki","species":"Klefki","item":"lightclay","ability":"Prankster","moves":["lightscreen","reflect","thunderwave","flashcannon"],"nature":"Bold","evs":{"hp":248,"atk":0,"def":252,"spa":8,"spd":0,"spe":0},"shiny":true,"ivs":{"hp":31,"atk":31,"def":31,"spa":31,"spd":31,"spe":31}},{"name":"Whimsicott","species":"Whimsicott","item":"leftovers","ability":"Prankster","moves":["leechseed","substitute","protect","toxic"],"nature":"Bold","evs":{"hp":248,"atk":0,"def":252,"spa":0,"spd":8,"spe":0},"ivs":{"hp":31,"atk":31,"def":31,"spa":31,"spd":31,"spe":31}},{"name":"Slurpuff","species":"Slurpuff","item":"sitrusberry","ability":"Unburden","moves":["bellydrum","playrough","return","drainpunch"],"nature":"Adamant","evs":{"hp":4,"atk":252,"def":0,"spa":0,"spd":0,"spe":252},"ivs":{"hp":31,"atk":31,"def":31,"spa":31,"spd":31,"spe":31}}],"p2team":[{"name":"Klefki","species":"Klefki","item":"choicescarf","ability":"Prankster","moves":["thunderwave","calmmind","switcheroo","drainingkiss"],"nature":"Bold","evs":{"hp":252,"atk":0,"def":252,"spa":4,"spd":0,"spe":0},"ivs":{"hp":31,"atk":31,"def":31,"spa":31,"spd":31,"spe":31}},{"name":"Togekiss","species":"Togekiss","item":"babiriberry","ability":"Serene Grace","moves":["flamethrower","airslash","roost","nastyplot"],"nature":"Calm","evs":{"hp":248,"atk":0,"def":0,"spa":8,"spd":252,"spe":0},"ivs":{"hp":31,"atk":31,"def":31,"spa":31,"spd":31,"spe":31}},{"name":"Gardevoir","species":"Gardevoir","item":"assaultvest","ability":"Trace","moves":["psychic","moonblast","focusblast","energyball"],"nature":"Modest","evs":{"hp":248,"atk":0,"def":0,"spa":252,"spd":8,"spe":0},"ivs":{"hp":31,"atk":31,"def":31,"spa":31,"spd":31,"spe":31}},{"name":"Azumarill","species":"Azumarill","item":"sitrusberry","ability":"Huge Power","moves":["playrough","aquatail","superpower","icepunch"],"nature":"Adamant","evs":{"hp":248,"atk":252,"def":0,"spa":0,"spd":8,"spe":0},"ivs":{"hp":31,"atk":31,"def":31,"spa":31,"spd":31,"spe":31}},{"name":"Whimsicott","species":"Whimsicott","item":"leftovers","ability":"Prankster","moves":["stunspore","encore","leechseed","uturn"],"nature":"Bold","evs":{"hp":252,"atk":0,"def":128,"spa":0,"spd":128,"spe":0},"ivs":{"hp":31,"atk":31,"def":31,"spa":31,"spd":31,"spe":31}},{"name":"Diancie","species":"Diancie","item":"diancite","ability":"Clear Body","moves":["moonblast","diamondstorm","earthpower","protect"],"nature":"","evs":{"hp":252,"atk":0,"def":0,"spa":252,"spd":4,"spe":0},"ivs":{"hp":31,"atk":31,"def":31,"spa":31,"spd":31,"spe":31}}],"log":["|player|p1|Flygon For Ubers|30","|player|p2|SailorStarshine|101","|gametype|singles","|gen|6","|tier|Monotype","|rated","|rule|Baton Pass Clause: Limit one Baton Passer, can't pass Spe and other stats simultaneously","|rule|Swagger Clause: Swagger is banned","|rule|Same Type Clause: Pokémon in a team must share a type","|clearpoke","|poke|p1|Sylveon, M, shiny","|poke|p1|Gardevoir, M, shiny","|poke|p1|Togekiss, F","|poke|p1|Klefki, M, shiny","|poke|p1|Whimsicott, M","|poke|p1|Slurpuff, F","|poke|p2|Klefki, F","|poke|p2|Togekiss, M","|poke|p2|Gardevoir, F","|poke|p2|Azumarill, F","|poke|p2|Whimsicott, M","|poke|p2|Diancie","|rule|Sleep Clause Mod: Limit one foe put to sleep","|rule|Species Clause: Limit one of each Pokémon","|rule|OHKO Clause: OHKO moves are banned","|rule|Moody Clause: Moody is banned","|rule|Evasion Moves Clause: Evasion moves are banned","|rule|Endless Battle Clause: Forcing endless battles is banned","|rule|HP Percentage Mod: HP is shown in percentages","|teampreview","|","|start","|switch|p1a: Klefki|Klefki, M, shiny|317/317","|switch|p2a: Klefki|Klefki, F|318/318","|turn|1","|","|move|p2a: Klefki|Switcheroo|p1a: Klefki","|-activate|p2a: Klefki|move: Trick|[of] p1a: Klefki","|-item|p1a: Klefki|Choice Scarf|[from] Trick","|-item|p2a: Klefki|Light Clay|[from] Trick","|move|p1a: Klefki|Thunder Wave|p2a: Klefki","|-status|p2a: Klefki|par","|","|turn|2","|","|switch|p1a: Whimsicott|Whimsicott, M|323/323","|cant|p2a: Klefki|par","|","|turn|3","|","|move|p1a: Whimsicott|Leech Seed|p2a: Klefki","|-start|p2a: Klefki|move: Leech Seed","|move|p2a: Klefki|Thunder Wave|p1a: Whimsicott","|-status|p1a: Whimsicott|par","|","|-damage|p2a: Klefki|279/318 par|[from] Leech Seed|[of] p1a: Whimsicott","|turn|4","|","|switch|p2a: Togekiss|Togekiss, M|373/373","|cant|p1a: Whimsicott|par","|","|turn|5","|","|cant|p1a: Whimsicott|par","|move|p2a: Togekiss|Flamethrower|p1a: Whimsicott","|-supereffective|p1a: Whimsicott","|-damage|p1a: Whimsicott|117/323 par","|","|-heal|p1a: Whimsicott|137/323 par|[from] item: Leftovers","|turn|6","|","|move|p1a: Whimsicott|Protect|p1a: Whimsicott","|-singleturn|p1a: Whimsicott|Protect","|move|p2a: Togekiss|Air Slash|p1a: Whimsicott","|-activate|p1a: Whimsicott|Protect","|","|-heal|p1a: Whimsicott|157/323 par|[from] item: Leftovers","|turn|7","|","|move|p1a: Whimsicott|Substitute|p1a: Whimsicott","|-start|p1a: Whimsicott|Substitute","|-damage|p1a: Whimsicott|77/323 par","|move|p2a: Togekiss|Flamethrower|p1a: Whimsicott","|-supereffective|p1a: Whimsicott","|-end|p1a: Whimsicott|Substitute","|","|-heal|p1a: Whimsicott|97/323 par|[from] item: Leftovers","|turn|8","|","|move|p1a: Whimsicott|Leech Seed|p2a: Togekiss|[miss]","|-miss|p1a: Whimsicott|p2a: Togekiss","|move|p2a: Togekiss|Air Slash|p1a: Whimsicott","|-supereffective|p1a: Whimsicott","|-damage|p1a: Whimsicott|0 fnt","|faint|p1a: Whimsicott","|","|","|switch|p1a: Klefki|Klefki, M, shiny|317/317","|turn|9","|","|move|p1a: Klefki|Flash Cannon|p2a: Togekiss","|-supereffective|p2a: Togekiss","|-enditem|p2a: Togekiss|Babiri Berry|[eat]","|-damage|p2a: Togekiss|325/373","|move|p2a: Togekiss|Flamethrower|p1a: Klefki","|-supereffective|p1a: Klefki","|-damage|p1a: Klefki|129/317","|","|turn|10","|","|move|p1a: Klefki|Flash Cannon|p2a: Togekiss","|-supereffective|p2a: Togekiss","|-damage|p2a: Togekiss|211/373","|move|p2a: Togekiss|Flamethrower|p1a: Klefki","|-supereffective|p1a: Klefki","|-damage|p1a: Klefki|0 fnt","|faint|p1a: Klefki","|","|","|switch|p1a: Slurpuff|Slurpuff, F|306/306","|turn|11","|","|switch|p2a: Whimsicott|Whimsicott, M|324/324","|move|p1a: Slurpuff|Belly Drum|p1a: Slurpuff","|-damage|p1a: Slurpuff|153/306","|-setboost|p1a: Slurpuff|atk|6|[from] move: Belly Drum","|-enditem|p1a: Slurpuff|Sitrus Berry|[eat]","|-heal|p1a: Slurpuff|229/306|[from] item: Sitrus Berry","|","|turn|12","|","|move|p2a: Whimsicott|Encore|p1a: Slurpuff","|-start|p1a: Slurpuff|Encore","|move|p1a: Slurpuff|Belly Drum|p1a: Slurpuff","|-fail|p1a: Slurpuff","|","|turn|13","|","|move|p2a: Whimsicott|Stun Spore|p1a: Slurpuff","|-status|p1a: Slurpuff|par","|move|p1a: Slurpuff|Belly Drum|p1a: Slurpuff","|-fail|p1a: Slurpuff","|","|turn|14","|","|switch|p1a: Togekiss|Togekiss, F|374/374","|move|p2a: Whimsicott|Leech Seed|p1a: Togekiss|[miss]","|-miss|p2a: Whimsicott|p1a: Togekiss","|","|turn|15","|","|move|p2a: Whimsicott|Stun Spore|p1a: Togekiss","|-status|p1a: Togekiss|par","|move|p1a: Togekiss|Thunder Wave|p2a: Whimsicott","|-status|p2a: Whimsicott|par","|","|turn|16","|","|switch|p1a: Sylveon|Sylveon, M, shiny|394/394","|move|p2a: Whimsicott|Encore|p1a: Sylveon","|-fail|p1a: Sylveon","|","|turn|17","|","|switch|p2a: Diancie|Diancie|304/304","|move|p1a: Sylveon|Heal Bell|p1a: Sylveon","|-cureteam|p1a: Sylveon|[from] move: HealBell","|","|turn|18","|","|detailschange|p2a: Diancie|Diancie-Mega","|-mega|p2a: Diancie|Diancie|Diancite","|move|p1a: Sylveon|Hyper Voice|p2a: Diancie","|-damage|p2a: Diancie|154/304","|move|p2a: Diancie|Diamond Storm|p1a: Sylveon","|-crit|p1a: Sylveon","|-damage|p1a: Sylveon|0 fnt","|faint|p1a: Sylveon","|","|","|switch|p1a: Togekiss|Togekiss, F|374/374","|turn|19","|","|move|p2a: Diancie|Diamond Storm|p1a: Togekiss","|-supereffective|p1a: Togekiss","|-damage|p1a: Togekiss|0 fnt","|-boost|p2a: Diancie|def|1","|faint|p1a: Togekiss","|","|","|switch|p1a: Gardevoir|Gardevoir, M, shiny|339/339","|turn|20","|","|detailschange|p1a: Gardevoir|Gardevoir-Mega, M, shiny","|-mega|p1a: Gardevoir|Gardevoir|Gardevoirite","|move|p2a: Diancie|Diamond Storm|p1a: Gardevoir","|-damage|p1a: Gardevoir|72/339","|move|p1a: Gardevoir|Shadow Ball|p2a: Diancie","|-damage|p2a: Diancie|47/304","|-unboost|p2a: Diancie|spd|1","|","|turn|21","|","|move|p2a: Diancie|Diamond Storm|p1a: Gardevoir","|-damage|p1a: Gardevoir|0 fnt","|faint|p1a: Gardevoir","|","|","|switch|p1a: Slurpuff|Slurpuff, F|229/306","|turn|22","|","|switch|p2a: Whimsicott|Whimsicott, M|324/324 par","|move|p1a: Slurpuff|Play Rough|p2a: Whimsicott","|-damage|p2a: Whimsicott|201/324 par","|","|-heal|p2a: Whimsicott|221/324 par|[from] item: Leftovers","|turn|23","|","|move|p2a: Whimsicott|Stun Spore|p1a: Slurpuff|[miss]","|-miss|p2a: Whimsicott|p1a: Slurpuff","|move|p1a: Slurpuff|Play Rough|p2a: Whimsicott","|-crit|p2a: Whimsicott","|-damage|p2a: Whimsicott|35/324 par","|","|-heal|p2a: Whimsicott|55/324 par|[from] item: Leftovers","|turn|24","|","|move|p2a: Whimsicott|Stun Spore|p1a: Slurpuff","|-status|p1a: Slurpuff|par","|move|p1a: Slurpuff|Return|p2a: Whimsicott","|-damage|p2a: Whimsicott|0 fnt","|faint|p2a: Whimsicott","|","|","|switch|p2a: Diancie|Diancie-Mega|47/304","|turn|25","|","|move|p2a: Diancie|Diamond Storm|p1a: Slurpuff","|-damage|p1a: Slurpuff|25/306 par","|-boost|p2a: Diancie|def|1","|move|p1a: Slurpuff|Return|p2a: Diancie","|-resisted|p2a: Diancie","|-damage|p2a: Diancie|17/304","|","|turn|26","|","|move|p2a: Diancie|Diamond Storm|p1a: Slurpuff","|-damage|p1a: Slurpuff|0 fnt","|faint|p1a: Slurpuff","|","|win|SailorStarshine"],"p1rating":{"entryid":"6024963","serverid":"eos","formatid":"monotype","userid":"flygonforubers","username":"Flygon For Ubers","w":"26","l":30,"t":"0","gxe":47.2,"r":"1438.6407953695","rd":"68.881699525711","sigma":"0","rptime":"1439197200","rpr":1478.4964466103,"rprd":56.73653757987,"rpsigma":"0","acre":1137.8329682587,"lacre":1137.8329682587,"oldacre":"1164.6356525457"},"p2rating":{"entryid":"7452383","serverid":"eos","formatid":"monotype","userid":"sailorstarshine","username":"SailorStarshine","w":12,"l":"8","t":"0","gxe":56.3,"r":"1482.7234913852","rd":"96.172586501384","sigma":"0","rptime":"1439197200","rpr":1548.5716565664,"rprd":69.727862029464,"rpsigma":"0","acre":1166.3421138176,"lacre":1166.3421138176,"oldacre":"1139.5394295306"},"endType":"normal"}