{"seed":[41032,61149,63853,65510],"turns":30,"p1":"sovereign♕zoroark","p2":"Crystal★Tempo","p1team":[{"name":"Mamoswine","species":"Mamoswine","item":"icicleplate","ability":"Thick Fat","moves":["hail","earthquake","icefang","ironhead"],"nature":"Adamant","evs":{"hp":0,"atk":252,"def":128,"spa":0,"spd":128,"spe":0},"shiny":true,"ivs":{"hp":31,"atk":31,"def":31,"spa":31,"spd":31,"spe":31}},{"name":"Weavile","species":"Weavile","item":"focussash","ability":"Pressure","moves":["fakeout","icepunch","swordsdance","brickbreak"],"nature":"Adamant","evs":{"hp":4,"atk":252,"def":0,"spa":0,"spd":0,"spe":252},"shiny":true,"ivs":{"hp":31,"atk":31,"def":31,"spa":31,"spd":31,"spe":31}},{"name":"Abomasnow","species":"Abomasnow","item":"abomasite","ability":"Snow Warning","moves":["protect","leechseed","earthquake","icepunch"],"nature":"","evs":{"hp":220,"atk":0,"def":144,"spa":0,"spd":144,"spe":0},"shiny":true,"ivs":{"hp":31,"atk":31,"def":31,"spa":31,"spd":31,"spe":31}},{"name":"Froslass","species":"Froslass","item":"petayaberry","ability":"Snow Cloak","moves":["hail","painsplit","spikes","shadowball"],"nature":"Timid","evs":{"hp":252,"atk":0,"def":4,"spa":0,"spd":0,"spe":252},"shiny":true,"ivs":{"hp":31,"atk":31,"def":31,"spa":31,"spd":31,"spe":31}},{"name":"Jynx","species":"Jynx","item":"leftovers","ability":"Dry Skin","moves":["icebeam","calmmind","lovelykiss","psyshock"],"nature":"Bold","evs":{"hp":196,"atk":0,"def":252,"spa":30,"spd":30,"spe":0},"shiny":true,"ivs":{"hp":31,"atk":31,"def":31,"spa":31,"spd":31,"spe":31}},{"name":"Rotom-Frost","species":"Rotom-Frost","item":"toxicorb","ability":"Levitate","moves":["blizzard","voltswitch","trick","shadowball"],"nature":"","evs":{"hp":4,"atk":0,"def":0,"spa":252,"spd":0,"spe":252},"shiny":true,"ivs":{"hp":31,"atk":31,"def":31,"spa":31,"spd":31,"spe":31}}],"p2team":[{"name":"Kyurem-Black","species":"Kyurem-Black","item":"choicescarf","ability":"Teravolt","moves":["outrage","fusionbolt","stoneedge","ironhead"],"nature":"Jolly","evs":{"hp":0,"atk":252,"def":0,"spa":0,"spd":4,"spe":252},"ivs":{"hp":31,"atk":31,"def":31,"spa":31,"spd":31,"spe":31}},{"name":"Weavile","species":"Weavile","item":"lifeorb","ability":"Pressure","moves":["knockoff","iciclecrash","iceshard","lowkick"],"nature":"Jolly","evs":{"hp":0,"atk":252,"def":0,"spa":0,"spd":4,"spe":252},"ivs":{"hp":31,"atk":31,"def":31,"spa":31,"spd":31,"spe":31}},{"name":"Avalugg","species":"Avalugg","item":"rockyhelmet","ability":"Sturdy","moves":["rapidspin","toxic","recover","superpower"],"nature":"Impish","evs":{"hp":248,"atk":8,"def":252,"spa":0,"spd":0,"spe":0},"ivs":{"hp":31,"atk":31,"def":31,"spa":31,"spd":31,"spe":31}},{"name":"Cloyster","species":"Cloyster","item":"focussash","ability":"Skill Link","moves":["shellsmash","iciclespear","rockblast","iceshard"],"nature":"Adamant","evs":{"hp":0,"atk":252,"def":0,"spa":0,"spd":4,"spe":252},"ivs":{"hp":31,"atk":31,"def":31,"spa":31,"spd":31,"spe":31}},{"name":"Abomasnow","species":"Abomasnow","item":"abomasite","ability":"Snow Warning","moves":["shadowball","blizzard","focusblast","gigadrain"],"nature":"Modest","evs":{"hp":248,"atk":0,"def":0,"spa":252,"spd":8,"spe":0},"ivs":{"hp":31,"atk":31,"def":31,"spa":31,"spd":31,"spe":31}},{"name":"Regice","species":"Regice","item":"assaultvest","ability":"Clear Body","moves":["icebeam","thunderbolt","flashcannon","ancientpower"],"nature":"Modest","evs":{"hp":248,"atk":0,"def":0,"spa":164,"spd":96,"spe":0},"ivs":{"hp":31,"atk":31,"def":31,"spa":31,"spd":31,"spe":31}}],"log":["|player|p1|sovereign♕zoroark|1","|player|p2|Crystal★Tempo|266","|gametype|singles","|gen|6","|tier|Monotype","|rated","|rule|Baton Pass Clause: Limit one Baton Passer, can't pass Spe and other stats simultaneously","|rule|Swagger Clause: Swagger is banned","|rule|Same Type Clause: Pokémon in a team must share a type","|clearpoke","|poke|p1|Mamoswine, M, shiny","|poke|p1|Weavile, F, shiny","|poke|p1|Abomasnow, F, shiny","|poke|p1|Froslass, F, shiny","|poke|p1|Jynx, F, shiny","|poke|p1|Rotom-Frost, shiny","|poke|p2|Kyurem-Black","|poke|p2|Weavile, F","|poke|p2|Avalugg, F","|poke|p2|Cloyster, F","|poke|p2|Abomasnow, M","|poke|p2|Regice","|rule|Sleep Clause Mod: Limit one foe put to sleep","|rule|Species Clause: Limit one of each Pokémon","|rule|OHKO Clause: OHKO moves are banned","|rule|Moody Clause: Moody is banned","|rule|Evasion Moves Clause: Evasion moves are banned","|rule|Endless Battle Clause: Forcing endless battles is banned","|rule|HP Percentage Mod: HP is shown in percentages","|teampreview","|","|start","|switch|p1a: Abomasnow|Abomasnow, F, shiny|376/376","|switch|p2a: Avalugg|Avalugg, F|393/393","|-weather|Hail","|turn|1","|","|detailschange|p1a: Abomasnow|Abomasnow-Mega, F, shiny","|-mega|p1a: Abomasnow|Abomasnow|Abomasite","|move|p1a: Abomasnow|Earthquake|p2a: Avalugg","|-damage|p2a: Avalugg|343/393","|move|p2a: Avalugg|Toxic|p1a: Abomasnow|[miss]","|-miss|p2a: Avalugg|p1a: Abomasnow","|","|-weather|Hail|[upkeep]","|turn|2","|","|move|p1a: Abomasnow|Leech Seed|p2a: Avalugg","|-start|p2a: Avalugg|move: Leech Seed","|move|p2a: Avalugg|Superpower|p1a: Abomasnow","|-supereffective|p1a: Abomasnow","|-damage|p1a: Abomasnow|200/376","|-unboost|p2a: Avalugg|atk|1","|-unboost|p2a: Avalugg|def|1","|","|-weather|Hail|[upkeep]","|-damage|p2a: Avalugg|294/393|[from] Leech Seed|[of] p1a: Abomasnow","|-heal|p1a: Abomasnow|249/376|[silent]","|turn|3","|","|move|p1a: Abomasnow|Protect|p1a: Abomasnow","|-singleturn|p1a: Abomasnow|Protect","|move|p2a: Avalugg|Toxic|p1a: Abomasnow","|-activate|p1a: Abomasnow|Protect","|","|-weather|Hail|[upkeep]","|-damage|p2a: Avalugg|245/393|[from] Leech Seed|[of] p1a: Abomasnow","|-heal|p1a: Abomasnow|298/376|[silent]","|turn|4","|","|move|p1a: Abomasnow|Earthquake|p2a: Avalugg","|-damage|p2a: Avalugg|177/393","|move|p2a: Avalugg|Toxic|p1a: Abomasnow","|-status|p1a: Abomasnow|tox","|","|-weather|Hail|[upkeep]","|-damage|p2a: Avalugg|128/393|[from] Leech Seed|[of] p1a: Abomasnow","|-heal|p1a: Abomasnow|347/376 tox|[silent]","|-damage|p1a: Abomasnow|324/376 tox|[from] psn","|turn|5","|","|move|p1a: Abomasnow|Earthquake|p2a: Avalugg","|-damage|p2a: Avalugg|62/393","|move|p2a: Avalugg|Recover|p2a: Avalugg","|-heal|p2a: Avalugg|259/393","|","|-weather|none","|-damage|p2a: Avalugg|210/393|[from] Leech Seed|[of] p1a: Abomasnow","|-heal|p1a: Abomasnow|373/376 tox|[silent]","|-damage|p1a: Abomasnow|327/376 tox|[from] psn","|turn|6","|","|move|p1a: Abomasnow|Earthquake|p2a: Avalugg","|-damage|p2a: Avalugg|141/393","|move|p2a: Avalugg|Recover|p2a: Avalugg","|-heal|p2a: Avalugg|338/393","|","|-damage|p2a: Avalugg|289/393|[from] Leech Seed|[of] p1a: Abomasnow","|-heal|p1a: Abomasnow|376/376 tox|[silent]","|-damage|p1a: Abomasnow|307/376 tox|[from] psn","|turn|7","|","|switch|p1a: Weavile|Weavile, F, shiny|282/282","|-ability|p1a: Weavile|Pressure","|move|p2a: Avalugg|Recover|p2a: Avalugg","|-heal|p2a: Avalugg|393/393","|","|-damage|p2a: Avalugg|344/393|[from] Leech Seed|[of] p1a: Weavile","|turn|8","|","|switch|p2a: Abomasnow|Abomasnow, M|383/383","|-weather|Hail","|move|p1a: Weavile|Fake Out|p2a: Abomasnow","|-damage|p2a: Abomasnow|314/383","|","|-weather|Hail|[upkeep]","|turn|9","|","|switch|p2a: Avalugg|Avalugg, F|344/393","|move|p1a: Weavile|Swords Dance|p1a: Weavile","|-boost|p1a: Weavile|atk|2","|","|-weather|Hail|[upkeep]","|turn|10","|","|move|p1a: Weavile|Brick Break|p2a: Avalugg","|-supereffective|p2a: Avalugg","|-damage|p2a: Avalugg|166/393","|-damage|p1a: Weavile|235/282|[from] item: Rocky Helmet|[of] p2a: Avalugg","|move|p2a: Avalugg|Toxic|p1a: Weavile","|-status|p1a: Weavile|tox","|","|-weather|Hail|[upkeep]","|-damage|p1a: Weavile|218/282 tox|[from] psn","|turn|11","|","|move|p1a: Weavile|Brick Break|p2a: Avalugg","|-supereffective|p2a: Avalugg","|-damage|p2a: Avalugg|0 fnt","|-damage|p1a: Weavile|171/282 tox|[from] item: Rocky Helmet|[of] p2a: Avalugg","|faint|p2a: Avalugg","|","|-weather|Hail|[upkeep]","|-damage|p1a: Weavile|137/282 tox|[from] psn","|","|switch|p2a: Abomasnow|Abomasnow, M|314/383","|turn|12","|","|detailschange|p2a: Abomasnow|Abomasnow-Mega, M","|-mega|p2a: Abomasnow|Abomasnow|Abomasite","|move|p1a: Weavile|Brick Break|p2a: Abomasnow","|-supereffective|p2a: Abomasnow","|-damage|p2a: Abomasnow|0 fnt","|faint|p2a: Abomasnow","|","|-weather|none","|-damage|p1a: Weavile|86/282 tox|[from] psn","|","|switch|p2a: Cloyster|Cloyster, F|241/241","|turn|13","|","|move|p1a: Weavile|Brick Break|p2a: Cloyster","|-supereffective|p2a: Cloyster","|-damage|p2a: Cloyster|13/241","|move|p2a: Cloyster|Icicle Spear|p1a: Weavile","|-crit|p1a: Weavile","|-resisted|p1a: Weavile","|-damage|p1a: Weavile|44/282 tox","|-resisted|p1a: Weavile","|-damage|p1a: Weavile|18/282 tox","|-resisted|p1a: Weavile","|-damage|p1a: Weavile|0 fnt","|-hitcount|p1a: Weavile|3","|faint|p1a: Weavile","|","|","|switch|p1a: Froslass|Froslass, F, shiny|344/344","|turn|14","|","|move|p1a: Froslass|Shadow Ball|p2a: Cloyster","|-damage|p2a: Cloyster|0 fnt","|faint|p2a: Cloyster","|","|","|switch|p2a: Regice|Regice|363/363","|turn|15","|","|move|p1a: Froslass|Spikes|p2a: Regice","|-sidestart|p2: Crystal★Tempo|Spikes","|move|p2a: Regice|Ancient Power|p1a: Froslass","|-supereffective|p1a: Froslass","|-damage|p1a: Froslass|184/344","|-boost|p2a: Regice|atk|1","|-boost|p2a: Regice|def|1","|-boost|p2a: Regice|spa|1","|-boost|p2a: Regice|spd|1","|-boost|p2a: Regice|spe|1","|","|turn|16","|","|move|p1a: Froslass|Spikes|p2a: Regice","|-sidestart|p2: Crystal★Tempo|Spikes","|move|p2a: Regice|Ancient Power|p1a: Froslass","|-supereffective|p1a: Froslass","|-damage|p1a: Froslass|0 fnt","|faint|p1a: Froslass","|","|","|switch|p1a: Jynx|Jynx, F, shiny|320/320","|turn|17","|","|move|p1a: Jynx|Lovely Kiss|p2a: Regice","|-status|p2a: Regice|slp","|cant|p2a: Regice|slp","|","|turn|18","|","|move|p1a: Jynx|Calm Mind|p1a: Jynx","|-boost|p1a: Jynx|spa|1","|-boost|p1a: Jynx|spd|1","|-curestatus|p2a: Regice|slp","|move|p2a: Regice|Ancient Power|p1a: Jynx","|-supereffective|p1a: Jynx","|-damage|p1a: Jynx|196/320","|","|-heal|p1a: Jynx|216/320|[from] item: Leftovers","|turn|19","|","|move|p1a: Jynx|Lovely Kiss|p2a: Regice|[miss]","|-miss|p1a: Jynx|p2a: Regice","|move|p2a: Regice|Flash Cannon|p1a: Jynx","|-supereffective|p1a: Jynx","|-damage|p1a: Jynx|46/320","|-unboost|p1a: Jynx|spd|1","|","|-heal|p1a: Jynx|66/320|[from] item: Leftovers","|turn|20","|","|move|p1a: Jynx|Lovely Kiss|p2a: Regice","|-status|p2a: Regice|slp","|cant|p2a: Regice|slp","|","|-heal|p1a: Jynx|86/320|[from] item: Leftovers","|turn|21","|","|move|p1a: Jynx|Psyshock|p2a: Regice","|-damage|p2a: Regice|248/363 slp","|cant|p2a: Regice|slp","|","|-heal|p1a: Jynx|106/320|[from] item: Leftovers","|turn|22","|","|move|p1a: Jynx|Psyshock|p2a: Regice","|-damage|p2a: Regice|145/363 slp","|cant|p2a: Regice|slp","|","|-heal|p1a: Jynx|126/320|[from] item: Leftovers","|turn|23","|","|move|p1a: Jynx|Psyshock|p2a: Regice","|-damage|p2a: Regice|45/363 slp","|-curestatus|p2a: Regice|slp","|move|p2a: Regice|Ancient Power|p1a: Jynx","|-supereffective|p1a: Jynx","|-damage|p1a: Jynx|0 fnt","|faint|p1a: Jynx","|","|","|switch|p1a: Rotom-Frost|Rotom-Frost, shiny|242/242","|turn|24","|","|move|p1a: Rotom-Frost|Shadow Ball|p2a: Regice","|-damage|p2a: Regice|25/363","|move|p2a: Regice|Flash Cannon|p1a: Rotom-Frost","|-damage|p1a: Rotom-Frost|137/242","|","|-status|p1a: Rotom-Frost|tox|[from] item: Toxic Orb","|turn|25","|","|move|p1a: Rotom-Frost|Shadow Ball|p2a: Regice","|-crit|p2a: Regice","|-damage|p2a: Regice|0 fnt","|faint|p2a: Regice","|","|-damage|p1a: Rotom-Frost|122/242 tox|[from] psn","|","|switch|p2a: Weavile|Weavile, F|281/281","|-damage|p2a: Weavile|235/281|[from] Spikes","|-ability|p2a: Weavile|Pressure","|turn|26","|","|move|p2a: Weavile|Knock Off|p1a: Rotom-Frost","|-damage|p1a: Rotom-Frost|0 fnt","|-enditem|p1a: Rotom-Frost|Toxic Orb|[from] move: Knock Off|[of] p2a: Weavile","|-damage|p2a: Weavile|207/281|[from] item: Life Orb","|faint|p1a: Rotom-Frost","|","|","|switch|p1a: Abomasnow|Abomasnow-Mega, F, shiny|307/376 tox","|-weather|Hail","|turn|27","|","|move|p2a: Weavile|Low Kick|p1a: Abomasnow","|-supereffective|p1a: Abomasnow","|-damage|p1a: Abomasnow|65/376 tox","|-damage|p2a: Weavile|179/281|[from] item: Life Orb","|move|p1a: Abomasnow|Earthquake|p2a: Weavile","|-damage|p2a: Weavile|30/281","|","|-weather|Hail|[upkeep]","|-damage|p1a: Abomasnow|42/376 tox|[from] psn","|turn|28","|","|move|p2a: Weavile|Ice Shard|p1a: Abomasnow","|-damage|p1a: Abomasnow|0 fnt","|-damage|p2a: Weavile|2/281|[from] item: Life Orb","|faint|p1a: Abomasnow","|","|-weather|Hail|[upkeep]","|","|switch|p1a: Mamoswine|Mamoswine, M, shiny|361/361","|turn|29","|","|move|p2a: Weavile|Knock Off|p1a: Mamoswine","|-damage|p1a: Mamoswine|153/361","|-enditem|p1a: Mamoswine|Icicle Plate|[from] move: Knock Off|[of] p2a: Weavile","|-damage|p2a: Weavile|0 fnt|[from] item: Life Orb","|faint|p2a: Weavile","|move|p1a: Mamoswine|Earthquake|p2: Weavile|[notarget]","|-notarget","|","|-weather|Hail|[upkeep]","|","|switch|p2a: Kyurem-Black|Kyurem-Black|391/391","|-damage|p2a: Kyurem-Black|326/391|[from] Spikes","|-ability|p2a: Kyurem-Black|Teravolt","|turn|30","|","|move|p2a: Kyurem-Black|Iron Head|p1a: Mamoswine","|-supereffective|p1a: Mamoswine","|-damage|p1a: Mamoswine|0 fnt","|faint|p1a: Mamoswine","|","|win|Crystal★Tempo"],"p1rating":{"entryid":"7523691","serverid":"eos","formatid":"monotype","userid":"sovereignzoroark","username":"sovereign♕zoroark","w":"1","l":9,"t":"0","gxe":28.9,"r":"1500","rd":"130","sigma":"0","rptime":"1439110800","rpr":1324.9516899204,"rprd":87.184237294102,"rpsigma":"0","acre":1000,"lacre":1000,"oldacre":"1005.4137918892"},"p2rating":{"entryid":"7445636","serverid":"eos","formatid":"monotype","userid":"crystaltempo","username":"Crystal★Tempo","w":4,"l":"2","t":"0","gxe":54,"r":1505.1377655248,"rd":103.12135822447,"sigma":"0","rptime":1439110800,"rpr":1531.091227224,"rprd":99.446768070835,"rpsigma":"0","acre":1100.2760118361,"lacre":1100.2760118361,"oldacre":"1077.7557229569"},"endType":"normal"}