{"seed":[31683,64065,64546,15528],"turns":27,"p1":"Sjado","p2":"GL ♅ JGT","p1team":[{"name":"Sableye","species":"Sableye","item":"sablenite","ability":"Prankster","moves":["recover","willowisp","calmmind","darkpulse"],"nature":"Bold","evs":{"hp":252,"atk":0,"def":252,"spa":0,"spd":4,"spe":0},"ivs":{"hp":31,"atk":31,"def":31,"spa":31,"spd":31,"spe":31}},{"name":"Umbreon","species":"Umbreon","item":"leftovers","ability":"Synchronize","moves":["toxic","wish","protect","darkpulse"],"nature":"Calm","evs":{"hp":252,"atk":0,"def":0,"spa":4,"spd":252,"spe":0},"ivs":{"hp":31,"atk":31,"def":31,"spa":31,"spd":31,"spe":31}},{"name":"Bisharp","species":"Bisharp","item":"lifeorb","ability":"Defiant","moves":["ironhead","suckerpunch","knockoff","swordsdance"],"nature":"Adamant","evs":{"hp":0,"atk":252,"def":0,"spa":0,"spd":4,"spe":252},"shiny":true,"ivs":{"hp":31,"atk":31,"def":31,"spa":31,"spd":31,"spe":31}},{"name":"Mandibuzz","species":"Mandibuzz","item":"rockyhelmet","ability":"Overcoat","moves":["roost","foulplay","defog","toxic"],"nature":"Bold","evs":{"hp":252,"atk":0,"def":252,"spa":0,"spd":4,"spe":0},"ivs":{"hp":31,"atk":31,"def":31,"spa":31,"spd":31,"spe":31}},{"name":"Tyranitar","species":"Tyranitar","item":"leftovers","ability":"Sand Stream","moves":["stoneedge","stealthrock","earthquake","fireblast"],"nature":"Sassy","evs":{"hp":244,"atk":8,"def":0,"spa":4,"spd":252,"spe":0},"ivs":{"hp":31,"atk":31,"def":31,"spa":31,"spd":31,"spe":31}},{"name":"Hydreigon","species":"Hydreigon","item":"lifeorb","ability":"Levitate","moves":["darkpulse","dracometeor","fireblast","earthpower"],"nature":"Timid","evs":{"hp":0,"atk":0,"def":0,"spa":252,"spd":4,"spe":252},"ivs":{"hp":31,"atk":31,"def":31,"spa":31,"spd":31,"spe":31}}],"p2team":[{"name":"Diggersby","species":"Diggersby","item":"focussash","ability":"Huge Power","moves":["earthquake","knockoff","swordsdance","quickattack"],"nature":"Adamant","evs":{"hp":0,"atk":252,"def":0,"spa":0,"spd":0,"spe":252},"gender":"M","ivs":{"hp":31,"atk":31,"def":31,"spa":31,"spd":31,"spe":31}},{"name":"Lopunny","species":"Lopunny","item":"lopunnite","ability":"Cute Charm","moves":["fakeout","return","highjumpkick","icepunch"],"nature":"Adamant","evs":{"hp":0,"atk":252,"def":0,"spa":0,"spd":0,"spe":252},"gender":"F","ivs":{"hp":31,"atk":31,"def":31,"spa":31,"spd":31,"spe":31}},{"name":"Meloetta","species":"Meloetta","item":"choicescarf","ability":"Serene Grace","moves":["focusblast","psychic","hypervoice","uturn"],"nature":"Modest","evs":{"hp":0,"atk":0,"def":0,"spa":252,"spd":4,"spe":252},"ivs":{"hp":31,"atk":31,"def":31,"spa":31,"spd":31,"spe":31}},{"name":"Slaking","species":"Slaking","item":"choicescarf","ability":"Truant","moves":["retaliate","earthquake","shadowclaw","gunkshot"],"nature":"Adamant","evs":{"hp":0,"atk":252,"def":0,"spa":0,"spd":0,"spe":252},"shiny":true,"ivs":{"hp":31,"atk":31,"def":31,"spa":31,"spd":31,"spe":31}},{"name":"Ditto","species":"Ditto","item":"choicescarf","ability":"Imposter","moves":["transform"],"nature":"Hasty","evs":{"hp":0,"atk":128,"def":0,"spa":128,"spd":0,"spe":252},"shiny":true,"ivs":{"hp":31,"atk":31,"def":31,"spa":31,"spd":31,"spe":31}},{"name":"Snorlax","species":"Snorlax","item":"leftovers","ability":"Immunity","moves":["curse","bodyslam","brickbreak","crunch"],"nature":"Adamant","evs":{"hp":80,"atk":176,"def":252,"spa":0,"spd":0,"spe":0},"gender":"M","shiny":true,"ivs":{"hp":31,"atk":31,"def":31,"spa":31,"spd":31,"spe":31}}],"log":["|player|p1|Sjado|168","|player|p2|GL ♅ JGT|80","|gametype|singles","|gen|6","|tier|Monotype","|rated","|rule|Baton Pass Clause: Limit one Baton Passer, can't pass Spe and other stats simultaneously","|rule|Swagger Clause: Swagger is banned","|rule|Same Type Clause: Pokémon in a team must share a type","|clearpoke","|poke|p1|Sableye, F","|poke|p1|Umbreon, F","|poke|p1|Bisharp, M, shiny","|poke|p1|Mandibuzz, F","|poke|p1|Tyranitar, M","|poke|p1|Hydreigon, M","|poke|p2|Diggersby, M","|poke|p2|Lopunny, F","|poke|p2|Meloetta","|poke|p2|Slaking, F, shiny","|poke|p2|Ditto, shiny","|poke|p2|Snorlax, M, shiny","|rule|Sleep Clause Mod: Limit one foe put to sleep","|rule|Species Clause: Limit one of each Pokémon","|rule|OHKO Clause: OHKO moves are banned","|rule|Moody Clause: Moody is banned","|rule|Evasion Moves Clause: Evasion moves are banned","|rule|Endless Battle Clause: Forcing endless battles is banned","|rule|HP Percentage Mod: HP is shown in percentages","|teampreview","|","|start","|switch|p1a: Sableye|Sableye, F|304/304","|switch|p2a: Snorlax|Snorlax, M, shiny|481/481","|turn|1","|","|move|p1a: Sableye|Will-O-Wisp|p2a: Snorlax","|-status|p2a: Snorlax|brn","|move|p2a: Snorlax|Curse|p2a: Snorlax","|-unboost|p2a: Snorlax|spe|1","|-boost|p2a: Snorlax|atk|1","|-boost|p2a: Snorlax|def|1","|","|-damage|p2a: Snorlax|421/481 brn|[from] brn","|turn|2","|","|switch|p1a: Tyranitar|Tyranitar, M|402/402","|-weather|Sandstorm","|move|p2a: Snorlax|Curse|p2a: Snorlax","|-unboost|p2a: Snorlax|spe|1","|-boost|p2a: Snorlax|atk|1","|-boost|p2a: Snorlax|def|1","|","|-weather|Sandstorm|[upkeep]","|-damage|p2a: Snorlax|391/481 brn|[from] sandstorm","|-heal|p2a: Snorlax|421/481 brn|[from] item: Leftovers","|-damage|p2a: Snorlax|361/481 brn|[from] brn","|turn|3","|","|move|p1a: Tyranitar|Stealth Rock|p2a: Snorlax","|-sidestart|p2: GL ♅ JGT|move: Stealth Rock","|move|p2a: Snorlax|Brick Break|p1a: Tyranitar","|-supereffective|p1a: Tyranitar","|-damage|p1a: Tyranitar|94/402","|","|-weather|Sandstorm|[upkeep]","|-damage|p2a: Snorlax|331/481 brn|[from] sandstorm","|-heal|p1a: Tyranitar|119/402|[from] item: Leftovers","|-heal|p2a: Snorlax|361/481 brn|[from] item: Leftovers","|-damage|p2a: Snorlax|301/481 brn|[from] brn","|turn|4","|","|switch|p1a: Sableye|Sableye, F|304/304","|move|p2a: Snorlax|Crunch|p1a: Sableye","|-crit|p1a: Sableye","|-damage|p1a: Sableye|195/304","|","|-weather|Sandstorm|[upkeep]","|-damage|p1a: Sableye|176/304|[from] sandstorm","|-damage|p2a: Snorlax|271/481 brn|[from] sandstorm","|-heal|p2a: Snorlax|301/481 brn|[from] item: Leftovers","|-damage|p2a: Snorlax|241/481 brn|[from] brn","|turn|5","|","|move|p1a: Sableye|Recover|p1a: Sableye","|-heal|p1a: Sableye|304/304","|move|p2a: Snorlax|Crunch|p1a: Sableye","|-damage|p1a: Sableye|235/304","|","|-weather|Sandstorm|[upkeep]","|-damage|p1a: Sableye|216/304|[from] sandstorm","|-damage|p2a: Snorlax|211/481 brn|[from] sandstorm","|-heal|p2a: Snorlax|241/481 brn|[from] item: Leftovers","|-damage|p2a: Snorlax|181/481 brn|[from] brn","|turn|6","|","|move|p1a: Sableye|Dark Pulse|p2a: Snorlax","|-damage|p2a: Snorlax|117/481 brn","|cant|p2a: Snorlax|flinch","|","|-weather|none","|-heal|p2a: Snorlax|147/481 brn|[from] item: Leftovers","|-damage|p2a: Snorlax|87/481 brn|[from] brn","|turn|7","|","|move|p1a: Sableye|Dark Pulse|p2a: Snorlax","|-damage|p2a: Snorlax|23/481 brn","|move|p2a: Snorlax|Crunch|p1a: Sableye","|-damage|p1a: Sableye|138/304","|","|-heal|p2a: Snorlax|53/481 brn|[from] item: Leftovers","|-damage|p2a: Snorlax|0 fnt|[from] brn","|faint|p2a: Snorlax","|","|switch|p2a: Lopunny|Lopunny, F|271/271","|-damage|p2a: Lopunny|238/271|[from] Stealth Rock","|turn|8","|","|detailschange|p2a: Lopunny|Lopunny-Mega, F","|-mega|p2a: Lopunny|Lopunny|Lopunnite","|move|p2a: Lopunny|Fake Out|p1a: Sableye","|-damage|p1a: Sableye|69/304","|cant|p1a: Sableye|flinch","|","|turn|9","|","|move|p1a: Sableye|Will-O-Wisp|p2a: Lopunny","|-status|p2a: Lopunny|brn","|move|p2a: Lopunny|Return|p1a: Sableye","|-damage|p1a: Sableye|0 fnt","|faint|p1a: Sableye","|","|-damage|p2a: Lopunny|205/271 brn|[from] brn","|","|switch|p1a: Mandibuzz|Mandibuzz, F|424/424","|turn|10","|","|move|p2a: Lopunny|Ice Punch|p1a: Mandibuzz","|-supereffective|p1a: Mandibuzz","|-damage|p1a: Mandibuzz|351/424","|-damage|p2a: Lopunny|160/271 brn|[from] item: Rocky Helmet|[of] p1a: Mandibuzz","|move|p1a: Mandibuzz|Roost|p1a: Mandibuzz","|-heal|p1a: Mandibuzz|424/424","|","|-damage|p2a: Lopunny|127/271 brn|[from] brn","|turn|11","|","|move|p2a: Lopunny|High Jump Kick|p1a: Mandibuzz","|-damage|p1a: Mandibuzz|336/424","|-damage|p2a: Lopunny|82/271 brn|[from] item: Rocky Helmet|[of] p1a: Mandibuzz","|move|p1a: Mandibuzz|Foul Play|p2a: Lopunny","|-resisted|p2a: Lopunny","|-damage|p2a: Lopunny|0 fnt","|faint|p2a: Lopunny","|","|","|switch|p2a: Slaking|Slaking, F, shiny|441/441","|-damage|p2a: Slaking|386/441|[from] Stealth Rock","|turn|12","|","|switch|p1a: Tyranitar|Tyranitar, M|119/402","|-weather|Sandstorm","|move|p2a: Slaking|Retaliate|p1a: Tyranitar","|-resisted|p1a: Tyranitar","|-damage|p1a: Tyranitar|0 fnt","|faint|p1a: Tyranitar","|","|-weather|Sandstorm|[upkeep]","|-damage|p2a: Slaking|359/441|[from] sandstorm","|","|switch|p1a: Bisharp|Bisharp, M, shiny|271/271","|turn|13","|","|switch|p2a: Ditto|Ditto, shiny|237/237","|-damage|p2a: Ditto|208/237|[from] Stealth Rock","|-transform|p2a: Ditto|p1a: Bisharp","|move|p1a: Bisharp|Knock Off|p2a: Ditto","|-resisted|p2a: Ditto","|-damage|p2a: Ditto|91/237","|-enditem|p2a: Ditto|Choice Scarf|[from] move: Knock Off|[of] p1a: Bisharp","|-damage|p1a: Bisharp|244/271|[from] item: Life Orb","|","|-weather|Sandstorm|[upkeep]","|turn|14","|","|move|p2a: Ditto|Sucker Punch|p1a: Bisharp","|-fail|p2a: Ditto","|move|p1a: Bisharp|Swords Dance|p1a: Bisharp","|-boost|p1a: Bisharp|atk|2","|","|-weather|Sandstorm|[upkeep]","|turn|15","|","|switch|p2a: Diggersby|Diggersby, M|311/311","|-damage|p2a: Diggersby|292/311|[from] Stealth Rock","|move|p1a: Bisharp|Sucker Punch|p2a: Diggersby","|-fail|p1a: Bisharp","|","|-weather|Sandstorm|[upkeep]","|turn|16","|","|move|p1a: Bisharp|Sucker Punch|p2a: Diggersby","|-fail|p1a: Bisharp","|move|p2a: Diggersby|Swords Dance|p2a: Diggersby","|-boost|p2a: Diggersby|atk|2","|","|-weather|none","|turn|17","|","|move|p1a: Bisharp|Sucker Punch|p2a: Diggersby","|-damage|p2a: Diggersby|0 fnt","|-damage|p1a: Bisharp|217/271|[from] item: Life Orb","|faint|p2a: Diggersby","|","|","|switch|p2a: Ditto|Ditto, shiny|91/237","|-damage|p2a: Ditto|62/237|[from] Stealth Rock","|-transform|p2a: Ditto|p1a: Bisharp","|turn|18","|","|move|p2a: Ditto|Sucker Punch|p1a: Bisharp","|-resisted|p1a: Bisharp","|-damage|p1a: Bisharp|52/271","|move|p1a: Bisharp|Sucker Punch|p2a: Ditto","|-fail|p1a: Bisharp","|","|turn|19","|","|switch|p1a: Umbreon|Umbreon, F|394/394","|move|p2a: Ditto|Knock Off|p1a: Umbreon","|-resisted|p1a: Umbreon","|-damage|p1a: Umbreon|226/394","|-enditem|p1a: Umbreon|Leftovers|[from] move: Knock Off|[of] p2a: Ditto","|","|turn|20","|","|move|p1a: Umbreon|Protect|p1a: Umbreon","|-singleturn|p1a: Umbreon|Protect","|move|p2a: Ditto|Iron Head|p1a: Umbreon","|-activate|p1a: Umbreon|Protect","|","|turn|21","|","|move|p2a: Ditto|Iron Head|p1a: Umbreon","|-damage|p1a: Umbreon|0 fnt","|faint|p1a: Umbreon","|","|","|switch|p1a: Mandibuzz|Mandibuzz, F|336/424","|turn|22","|","|move|p2a: Ditto|Iron Head|p1a: Mandibuzz","|-damage|p1a: Mandibuzz|137/424","|-damage|p2a: Ditto|23/237|[from] item: Rocky Helmet|[of] p1a: Mandibuzz","|cant|p1a: Mandibuzz|flinch","|","|turn|23","|","|move|p2a: Ditto|Iron Head|p1a: Mandibuzz","|-damage|p1a: Mandibuzz|0 fnt","|-damage|p2a: Ditto|0 fnt|[from] item: Rocky Helmet|[of] p1a: Mandibuzz","|faint|p2a: Ditto","|faint|p1a: Mandibuzz","|","|","|switch|p2a: Meloetta|Meloetta|341/341","|switch|p1a: Bisharp|Bisharp, M, shiny|52/271","|-damage|p2a: Meloetta|299/341|[from] Stealth Rock","|turn|24","|","|switch|p2a: Slaking|Slaking, F, shiny|359/441","|-damage|p2a: Slaking|304/441|[from] Stealth Rock","|move|p1a: Bisharp|Sucker Punch|p2a: Slaking","|-fail|p1a: Bisharp","|","|turn|25","|","|move|p1a: Bisharp|Sucker Punch|p2a: Slaking","|-damage|p2a: Slaking|88/441","|-damage|p1a: Bisharp|25/271|[from] item: Life Orb","|move|p2a: Slaking|Earthquake|p1a: Bisharp","|-supereffective|p1a: Bisharp","|-damage|p1a: Bisharp|0 fnt","|faint|p1a: Bisharp","|","|","|switch|p1a: Hydreigon|Hydreigon, M|325/325","|turn|26","|","|cant|p2a: Slaking|ability: Truant|Earthquake","|move|p1a: Hydreigon|Dark Pulse|p2a: Slaking","|-damage|p2a: Slaking|0 fnt","|-damage|p1a: Hydreigon|293/325|[from] item: Life Orb","|faint|p2a: Slaking","|","|","|switch|p2a: Meloetta|Meloetta|299/341","|-damage|p2a: Meloetta|257/341|[from] Stealth Rock","|turn|27","|","|move|p2a: Meloetta|Focus Blast|p1a: Hydreigon","|-supereffective|p1a: Hydreigon","|-damage|p1a: Hydreigon|0 fnt","|faint|p1a: Hydreigon","|","|win|GL ♅ JGT"],"p1rating":{"entryid":"6705129","serverid":"eos","formatid":"monotype","userid":"sjado","username":"Sjado","w":"3","l":3,"t":"0","gxe":46.8,"r":"1435.4693692057","rd":"130.05185590139","sigma":"0","rptime":"1439197200","rpr":1474.9439607023,"rprd":103.10394055521,"rpsigma":"0","acre":1084.5445927021,"lacre":1084.5445927021,"oldacre":"1108.1983847577"},"p2rating":{"entryid":"7503222","serverid":"eos","formatid":"monotype","userid":"gljgt","username":"GL ♅ JGT","w":5,"l":"1","t":"0","gxe":59,"r":"1527.6630879692","rd":"123.13059125531","sigma":"0","rptime":"1439197200","rpr":1571.0557572457,"rprd":100.48320923797,"rpsigma":"0","acre":1150.5791131127,"lacre":1150.5791131127,"oldacre":"1126.9253210571"},"endType":"normal"}