{"seed":[36558,22112,33329,934],"turns":27,"p1":"SL kΩ'Σl-senpai","p2":"Carnie Marx","p1team":[{"name":"The Sweep?","species":"volcarona","item":"choicescarf","ability":"Flame Body","moves":["bugbuzz","fierydance","hiddenpowerground","gigadrain"],"nature":"Timid","evs":{"hp":0,"atk":0,"def":4,"spa":252,"spd":0,"spe":252},"gender":"M","ivs":{"hp":31,"atk":31,"def":31,"spa":30,"spd":30,"spe":31}},{"name":"Fuckle Shuckle","species":"shuckle","item":"mentalherb","ability":"Sturdy","moves":["stickyweb","stealthrock","encore","infestation"],"nature":"Bold","evs":{"hp":252,"atk":0,"def":252,"spa":0,"spd":4,"spe":0},"gender":"M","shiny":true,"ivs":{"hp":31,"atk":31,"def":31,"spa":31,"spd":31,"spe":31}},{"name":"TF3 announced","species":"forretress","item":"custapberry","ability":"Sturdy","moves":["rapidspin","explosion","voltswitch","gyroball"],"nature":"Relaxed","evs":{"hp":252,"atk":0,"def":252,"spa":0,"spd":4,"spe":0},"gender":"F","ivs":{"hp":31,"atk":31,"def":31,"spa":31,"spd":31,"spe":0}},{"name":"Penetration","species":"heracross","item":"heracronite","ability":"Guts","moves":["closecombat","pinmissile","rockblast","swordsdance"],"nature":"Jolly","evs":{"hp":0,"atk":252,"def":4,"spa":0,"spd":0,"spe":252},"gender":"M","shiny":true,"ivs":{"hp":31,"atk":31,"def":31,"spa":31,"spd":31,"spe":31}},{"name":"Rise of the Mechs","species":"genesect","item":"choicescarf","ability":"Download","moves":["ironhead","thunderbolt","icebeam","flamethrower"],"nature":"Timid","evs":{"hp":0,"atk":0,"def":0,"spa":252,"spd":4,"spe":252},"shiny":true,"ivs":{"hp":31,"atk":31,"def":31,"spa":31,"spd":31,"spe":31}},{"name":"Pain","species":"galvantula","item":"choicespecs","ability":"Compound Eyes","moves":["thunder","energyball","gigadrain","hiddenpowerice"],"nature":"Timid","evs":{"hp":0,"atk":0,"def":0,"spa":252,"spd":4,"spe":252},"ivs":{"hp":31,"atk":30,"def":30,"spa":31,"spd":31,"spe":31},"shiny":true}],"p2team":[{"name":"Murkrow","species":"Murkrow","item":"eviolite","ability":"Prankster","moves":["roost","thunderwave","featherdance","darkpulse"],"nature":"Calm","evs":{"hp":248,"atk":0,"def":0,"spa":8,"spd":252,"spe":0},"ivs":{"hp":31,"atk":31,"def":31,"spa":31,"spd":31,"spe":31}},{"name":"Absol","species":"Absol","item":"scopelens","ability":"Super Luck","moves":["nightslash","shadowclaw","thunderwave","suckerpunch"],"nature":"Jolly","evs":{"hp":0,"atk":252,"def":0,"spa":0,"spd":4,"spe":252},"ivs":{"hp":31,"atk":31,"def":31,"spa":31,"spd":31,"spe":31}},{"name":"Mandibuzz","species":"Mandibuzz","item":"rockyhelmet","ability":"Overcoat","moves":["foulplay","roost","toxic","bravebird"],"nature":"Impish","evs":{"hp":248,"atk":8,"def":252,"spa":0,"spd":0,"spe":0},"ivs":{"hp":31,"atk":31,"def":31,"spa":31,"spd":31,"spe":31}},{"name":"Malamar","species":"Malamar","item":"muscleband","ability":"Contrary","moves":["nightslash","psychocut","superpower","foulplay"],"nature":"Adamant","evs":{"hp":248,"atk":252,"def":0,"spa":0,"spd":8,"spe":0},"ivs":{"hp":31,"atk":31,"def":31,"spa":31,"spd":31,"spe":31}},{"name":"Hydreigon","species":"Hydreigon","item":"choicespecs","ability":"Levitate","moves":["darkpulse","dragonpulse","earthpower","flamethrower"],"nature":"Timid","evs":{"hp":0,"atk":0,"def":0,"spa":252,"spd":4,"spe":252},"ivs":{"hp":31,"atk":31,"def":31,"spa":31,"spd":31,"spe":31}},{"name":"Sharpedo","species":"Sharpedo","item":"focussash","ability":"Speed Boost","moves":["destinybond","crunch","earthquake","waterfall"],"nature":"Adamant","evs":{"hp":0,"atk":252,"def":0,"spa":0,"spd":4,"spe":252},"ivs":{"hp":31,"atk":31,"def":31,"spa":31,"spd":31,"spe":31}}],"log":["|player|p1|SL kΩ'Σl-senpai|277","|player|p2|Carnie Marx|238","|gametype|singles","|gen|6","|tier|Monotype","|rated","|rule|Baton Pass Clause: Limit one Baton Passer, can't pass Spe and other stats simultaneously","|rule|Swagger Clause: Swagger is banned","|rule|Same Type Clause: Pokémon in a team must share a type","|clearpoke","|poke|p1|Volcarona, M","|poke|p1|Shuckle, M, shiny","|poke|p1|Forretress, F","|poke|p1|Heracross, M, shiny","|poke|p1|Genesect-*, shiny","|poke|p1|Galvantula, F, shiny","|poke|p2|Murkrow, F","|poke|p2|Absol, F","|poke|p2|Mandibuzz, F","|poke|p2|Malamar, F","|poke|p2|Hydreigon, F","|poke|p2|Sharpedo, M","|rule|Sleep Clause Mod: Limit one foe put to sleep","|rule|Species Clause: Limit one of each Pokémon","|rule|OHKO Clause: OHKO moves are banned","|rule|Moody Clause: Moody is banned","|rule|Evasion Moves Clause: Evasion moves are banned","|rule|Endless Battle Clause: Forcing endless battles is banned","|rule|HP Percentage Mod: HP is shown in percentages","|teampreview","|","|start","|switch|p1a: Fuckle Shuckle|Shuckle, M, shiny|244/244","|switch|p2a: Hydreigon|Hydreigon, F|325/325","|turn|1","|","|move|p2a: Hydreigon|Earth Power|p1a: Fuckle Shuckle","|-damage|p1a: Fuckle Shuckle|166/244","|move|p1a: Fuckle Shuckle|Sticky Web|p2a: Hydreigon","|-sidestart|p2: Carnie Marx|move: Sticky Web","|","|turn|2","|","|move|p2a: Hydreigon|Earth Power|p1a: Fuckle Shuckle","|-damage|p1a: Fuckle Shuckle|88/244","|move|p1a: Fuckle Shuckle|Stealth Rock|p2a: Hydreigon","|-sidestart|p2: Carnie Marx|move: Stealth Rock","|","|turn|3","|","|move|p2a: Hydreigon|Earth Power|p1a: Fuckle Shuckle","|-damage|p1a: Fuckle Shuckle|17/244","|-unboost|p1a: Fuckle Shuckle|spd|1","|move|p1a: Fuckle Shuckle|Infestation|p2a: Hydreigon","|-supereffective|p2a: Hydreigon","|-damage|p2a: Hydreigon|311/325","|-activate|p2a: Hydreigon|move: Infestation|[of] p1a: Fuckle Shuckle","|","|-damage|p2a: Hydreigon|271/325|[from] move: Infestation|[partiallytrapped]","|turn|4","|","|move|p2a: Hydreigon|Earth Power|p1a: Fuckle Shuckle","|-damage|p1a: Fuckle Shuckle|0 fnt","|faint|p1a: Fuckle Shuckle","|","|","|switch|p1a: The Sweep?|Volcarona, M|311/311","|turn|5","|","|move|p1a: The Sweep?|Bug Buzz|p2a: Hydreigon","|-supereffective|p2a: Hydreigon","|-damage|p2a: Hydreigon|0 fnt","|faint|p2a: Hydreigon","|","|","|switch|p2a: Murkrow|Murkrow, F|323/323","|-damage|p2a: Murkrow|243/323|[from] Stealth Rock","|turn|6","|","|switch|p1a: Pain|Galvantula, F, shiny|281/281","|move|p2a: Murkrow|Thunder Wave|p1a: Pain","|-immune|p1a: Pain|[msg]","|","|turn|7","|","|switch|p2a: Mandibuzz|Mandibuzz, F|423/423","|-damage|p2a: Mandibuzz|318/423|[from] Stealth Rock","|move|p1a: Pain|Thunder|p2a: Mandibuzz","|-supereffective|p2a: Mandibuzz","|-damage|p2a: Mandibuzz|0 fnt","|faint|p2a: Mandibuzz","|","|","|switch|p2a: Malamar|Malamar, F|375/375","|-damage|p2a: Malamar|329/375|[from] Stealth Rock","|-activate|p2a: Malamar|move: Sticky Web","|-boost|p2a: Malamar|spe|1","|turn|8","|","|move|p1a: Pain|Thunder|p2a: Malamar","|-damage|p2a: Malamar|37/375","|-status|p2a: Malamar|par","|move|p2a: Malamar|Superpower|p1a: Pain","|-resisted|p1a: Pain","|-damage|p1a: Pain|180/281","|-boost|p2a: Malamar|atk|1","|-boost|p2a: Malamar|def|1","|","|turn|9","|","|move|p1a: Pain|Thunder|p2a: Malamar","|-damage|p2a: Malamar|0 fnt","|faint|p2a: Malamar","|","|","|switch|p2a: Absol|Absol, F|271/271","|-damage|p2a: Absol|238/271|[from] Stealth Rock","|-activate|p2a: Absol|move: Sticky Web","|-unboost|p2a: Absol|spe|1","|turn|10","|","|move|p2a: Absol|Sucker Punch|p1a: Pain","|-damage|p1a: Pain|0 fnt","|faint|p1a: Pain","|","|","|switch|p1a: Penetration|Heracross, M, shiny|301/301","|turn|11","|","|detailschange|p1a: Penetration|Heracross-Mega, M, shiny","|-mega|p1a: Penetration|Heracross|Heracronite","|move|p2a: Absol|Sucker Punch|p1a: Penetration","|-crit|p1a: Penetration","|-resisted|p1a: Penetration","|-damage|p1a: Penetration|211/301","|move|p1a: Penetration|Pin Missile|p2a: Absol","|-supereffective|p2a: Absol","|-damage|p2a: Absol|50/271","|-crit|p2a: Absol","|-supereffective|p2a: Absol","|-damage|p2a: Absol|0 fnt","|-hitcount|p2a: Absol|2","|faint|p2a: Absol","|","|","|switch|p2a: Sharpedo|Sharpedo, M|281/281","|-activate|p2a: Sharpedo|move: Sticky Web","|-unboost|p2a: Sharpedo|spe|1","|-damage|p2a: Sharpedo|246/281|[from] Stealth Rock","|turn|12","|","|move|p1a: Penetration|Swords Dance|p1a: Penetration","|-boost|p1a: Penetration|atk|2","|move|p2a: Sharpedo|Destiny Bond|p2a: Sharpedo","|-singlemove|p2a: Sharpedo|Destiny Bond","|","|-boost|p2a: Sharpedo|spe|1|[from] ability: Speed Boost","|turn|13","|","|move|p2a: Sharpedo|Destiny Bond|p2a: Sharpedo","|-singlemove|p2a: Sharpedo|Destiny Bond","|move|p1a: Penetration|Pin Missile|p2a: Sharpedo","|-supereffective|p2a: Sharpedo","|-damage|p2a: Sharpedo|0 fnt","|-hitcount|p2a: Sharpedo|1","|faint|p2a: Sharpedo","|-activate|p2a: Sharpedo|Destiny Bond","|faint|p1a: Penetration","|","|","|switch|p1a: Rise of the Mechs|Genesect, shiny|283/283","|switch|p2a: Murkrow|Murkrow, F|243/323","|-boost|p1a: Rise of the Mechs|atk|1|[from] ability: Download","|-damage|p2a: Murkrow|163/323|[from] Stealth Rock","|turn|14","|","|move|p2a: Murkrow|Thunder Wave|p1a: Rise of the Mechs","|-status|p1a: Rise of the Mechs|par","|cant|p1a: Rise of the Mechs|par","|","|turn|15","|","|move|p2a: Murkrow|Roost|p2a: Murkrow","|-heal|p2a: Murkrow|323/323","|cant|p1a: Rise of the Mechs|par","|","|turn|16","|","|move|p2a: Murkrow|Dark Pulse|p1a: Rise of the Mechs","|-damage|p1a: Rise of the Mechs|204/283 par","|cant|p1a: Rise of the Mechs|par","|","|turn|17","|","|move|p2a: Murkrow|Dark Pulse|p1a: Rise of the Mechs","|-damage|p1a: Rise of the Mechs|114/283 par","|cant|p1a: Rise of the Mechs|flinch","|","|turn|18","|","|move|p2a: Murkrow|Dark Pulse|p1a: Rise of the Mechs","|-damage|p1a: Rise of the Mechs|30/283 par","|cant|p1a: Rise of the Mechs|par","|","|turn|19","|","|move|p2a: Murkrow|Dark Pulse|p1a: Rise of the Mechs","|-damage|p1a: Rise of the Mechs|0 fnt","|faint|p1a: Rise of the Mechs","|","|","|switch|p1a: The Sweep?|Volcarona, M|311/311","|turn|20","|","|move|p2a: Murkrow|Thunder Wave|p1a: The Sweep?","|-status|p1a: The Sweep?|par","|move|p1a: The Sweep?|Fiery Dance|p2a: Murkrow","|-damage|p2a: Murkrow|205/323","|","|turn|21","|","|move|p2a: Murkrow|Dark Pulse|p1a: The Sweep?","|-damage|p1a: The Sweep?|235/311 par","|cant|p1a: The Sweep?|par","|","|turn|22","|","|move|p2a: Murkrow|Dark Pulse|p1a: The Sweep?","|-damage|p1a: The Sweep?|151/311 par","|move|p1a: The Sweep?|Fiery Dance|p2a: Murkrow","|-damage|p2a: Murkrow|94/323","|-boost|p1a: The Sweep?|spa|1","|","|turn|23","|","|move|p2a: Murkrow|Roost|p2a: Murkrow","|-heal|p2a: Murkrow|256/323","|cant|p1a: The Sweep?|par","|","|turn|24","|","|move|p2a: Murkrow|Dark Pulse|p1a: The Sweep?","|-damage|p1a: The Sweep?|73/311 par","|move|p1a: The Sweep?|Fiery Dance|p2a: Murkrow","|-damage|p2a: Murkrow|87/323","|","|turn|25","|","|move|p2a: Murkrow|Dark Pulse|p1a: The Sweep?","|-damage|p1a: The Sweep?|0 fnt","|faint|p1a: The Sweep?","|","|","|switch|p1a: TF3 announced|Forretress, F|354/354","|turn|26","|","|move|p2a: Murkrow|Roost|p2a: Murkrow","|-heal|p2a: Murkrow|249/323","|move|p1a: TF3 announced|Gyro Ball|p2a: Murkrow","|-damage|p2a: Murkrow|147/323","|","|turn|27","|","|move|p2a: Murkrow|Thunder Wave|p1a: TF3 announced","|-status|p1a: TF3 announced|par","|move|p1a: TF3 announced|Gyro Ball|p2a: Murkrow","|-damage|p2a: Murkrow|0 fnt","|faint|p2a: Murkrow","|","|win|SL kΩ'Σl-senpai"],"p1rating":{"entryid":7546013,"formatid":"monotype","userid":"slklsenpai","username":"SL kΩ'Σl-senpai","r":1500,"rd":130,"sigma":0,"rpr":1534.4146541265,"rprd":122.11850866401,"rpsigma":0,"rptime":1439197200,"w":1,"l":0,"t":0,"gxe":54.3,"acre":1040.8413314847,"lacre":1040.8413314847,"oldacre":1000},"p2rating":{"entryid":"5821777","serverid":"eos","formatid":"monotype","userid":"carniemarx","username":"Carnie Marx","w":"69","l":100,"t":"0","gxe":39.9,"r":"1431.4550121378","rd":"33.491060808661","sigma":"0","rptime":"1439197200","rpr":1422.6455198881,"rprd":32.718020226365,"rpsigma":"0","acre":1000,"lacre":1000,"oldacre":"1007.3087903533"},"endType":"normal"}