{"seed":[60197,24590,35038,35046],"turns":25,"p1":"GTX♅Bzumzum","p2":"Chosen Saint","p1team":[{"name":"Elec","species":"manectric","item":"manectite","ability":"Lightning Rod","moves":["thunderbolt","hiddenpowergrass","voltswitch","overheat"],"nature":"Timid","evs":{"hp":0,"atk":0,"def":0,"spa":252,"spd":4,"spe":252},"gender":"M","ivs":{"hp":31,"atk":30,"def":31,"spa":30,"spd":31,"spe":31}},{"name":"Water-Safe","species":"rotomwash","item":"chestoberry","ability":"Levitate","moves":["hydropump","hex","willowisp","rest"],"nature":"Calm","evs":{"hp":248,"atk":0,"def":0,"spa":8,"spd":252,"spe":0},"shiny":true,"ivs":{"hp":31,"atk":31,"def":31,"spa":31,"spd":31,"spe":31}},{"name":"MY ZONE!!!","species":"magnezone","item":"choicespecs","ability":"Sturdy","moves":["hiddenpowerice","flashcannon","triattack","signalbeam"],"nature":"Modest","evs":{"hp":248,"atk":0,"def":0,"spa":252,"spd":8,"spe":0},"ivs":{"hp":31,"atk":30,"def":30,"spa":31,"spd":31,"spe":31},"shiny":true},{"name":"Lumpsy Lampsy","species":"lanturn","item":"airballoon","ability":"Water Absorb","moves":["healbell","icebeam","discharge","soak"],"nature":"Modest","evs":{"hp":248,"atk":0,"def":0,"spa":252,"spd":8,"spe":0},"gender":"M","shiny":true,"happiness":0,"ivs":{"hp":31,"atk":31,"def":31,"spa":31,"spd":31,"spe":31}},{"name":"Lightning","species":"raichu","item":"airballoon","ability":"Static","moves":["encore","fakeout","dig","thief"],"nature":"Jolly","evs":{"hp":4,"atk":252,"def":0,"spa":0,"spd":0,"spe":252},"gender":"M","shiny":true,"ivs":{"hp":31,"atk":31,"def":31,"spa":31,"spd":31,"spe":31}},{"name":"Plugg-in Failure","species":"electivire","item":"choicescarf","ability":"Vital Spirit","moves":["crosschop","earthquake","icepunch","rockslide"],"nature":"Adamant","evs":{"hp":0,"atk":252,"def":0,"spa":0,"spd":4,"spe":252},"gender":"M","shiny":true,"ivs":{"hp":31,"atk":31,"def":31,"spa":31,"spd":31,"spe":31}}],"p2team":[{"name":"Venusaur","species":"Venusaur","item":"venusaurite","ability":"Chlorophyll","moves":["sleeppowder","growth","gigadrain","sludgebomb"],"nature":"Timid","evs":{"hp":0,"atk":0,"def":0,"spa":252,"spd":4,"spe":252},"ivs":{"hp":31,"atk":31,"def":31,"spa":31,"spd":31,"spe":31}},{"name":"Drapion","species":"Drapion","item":"lifeorb","ability":"Battle Armor","moves":["swordsdance","knockoff","poisonjab","earthquake"],"nature":"Adamant","evs":{"hp":248,"atk":252,"def":0,"spa":0,"spd":0,"spe":8},"ivs":{"hp":31,"atk":31,"def":31,"spa":31,"spd":31,"spe":31}},{"name":"Skuntank","species":"Skuntank","item":"dreadplate","ability":"Aftermath","moves":["suckerpunch","poisonjab","fireblast","crunch"],"nature":"Brave","evs":{"hp":232,"atk":252,"def":0,"spa":24,"spd":0,"spe":0},"ivs":{"hp":31,"atk":31,"def":31,"spa":31,"spd":31,"spe":31}},{"name":"Golbat","species":"Golbat","item":"eviolite","ability":"Infiltrator","moves":["toxic","bravebird","roost","defog"],"nature":"Impish","evs":{"hp":248,"atk":0,"def":252,"spa":0,"spd":0,"spe":8},"ivs":{"hp":31,"atk":31,"def":31,"spa":31,"spd":31,"spe":31}},{"name":"Tentacruel","species":"Tentacruel","item":"assaultvest","ability":"Liquid Ooze","moves":["surf","sludgewave","icebeam","dazzlinggleam"],"nature":"Calm","evs":{"hp":0,"atk":0,"def":0,"spa":252,"spd":252,"spe":4},"ivs":{"hp":31,"atk":31,"def":31,"spa":31,"spd":31,"spe":31}},{"name":"Gengar","species":"Gengar","item":"choicescarf","ability":"Levitate","moves":["shadowball","sludgewave","hiddenpowerice","focusblast"],"nature":"Timid","evs":{"hp":0,"atk":0,"def":0,"spa":252,"spd":4,"spe":252},"ivs":{"hp":31,"atk":30,"def":30,"spa":31,"spd":31,"spe":31}}],"log":["|player|p1|GTX♅Bzumzum|225","|player|p2|Chosen Saint|170","|gametype|singles","|gen|6","|tier|Monotype","|rated","|rule|Baton Pass Clause: Limit one Baton Passer, can't pass Spe and other stats simultaneously","|rule|Swagger Clause: Swagger is banned","|rule|Same Type Clause: Pokémon in a team must share a type","|clearpoke","|poke|p1|Manectric, M","|poke|p1|Rotom-Wash, shiny","|poke|p1|Magnezone, shiny","|poke|p1|Lanturn, M, shiny","|poke|p1|Raichu, M, shiny","|poke|p1|Electivire, M, shiny","|poke|p2|Venusaur, F","|poke|p2|Drapion, F","|poke|p2|Skuntank, F","|poke|p2|Golbat, M","|poke|p2|Tentacruel, F","|poke|p2|Gengar, M","|rule|Sleep Clause Mod: Limit one foe put to sleep","|rule|Species Clause: Limit one of each Pokémon","|rule|OHKO Clause: OHKO moves are banned","|rule|Moody Clause: Moody is banned","|rule|Evasion Moves Clause: Evasion moves are banned","|rule|Endless Battle Clause: Forcing endless battles is banned","|rule|HP Percentage Mod: HP is shown in percentages","|teampreview","|","|start","|switch|p1a: Lightning|Raichu, M, shiny|262/262","|switch|p2a: Tentacruel|Tentacruel, F|301/301","|-item|p1a: Lightning|Air Balloon","|turn|1","|","|move|p1a: Lightning|Fake Out|p2a: Tentacruel","|-damage|p2a: Tentacruel|245/301","|cant|p2a: Tentacruel|flinch","|","|turn|2","|","|move|p1a: Lightning|Dig|p2a: Tentacruel|[still]","|-prepare|p1a: Lightning|Dig|p2a: Tentacruel","|move|p2a: Tentacruel|Sludge Wave|p1a: Lightning","|-miss|p2a: Tentacruel|p1a: Lightning","|","|turn|3","|","|switch|p2a: Golbat|Golbat, M|353/353","|move|p1a: Lightning|Dig|p2a: Golbat|[from]lockedmove","|-immune|p2a: Golbat|[msg]","|","|turn|4","|","|switch|p1a: Water-Safe|Rotom-Wash, shiny|303/303","|move|p2a: Golbat|Toxic|p1a: Water-Safe","|-status|p1a: Water-Safe|tox","|","|-damage|p1a: Water-Safe|285/303 tox|[from] psn","|turn|5","|","|switch|p2a: Tentacruel|Tentacruel, F|245/301","|move|p1a: Water-Safe|Will-O-Wisp|p2a: Tentacruel|[miss]","|-miss|p1a: Water-Safe|p2a: Tentacruel","|","|-damage|p1a: Water-Safe|249/303 tox|[from] psn","|turn|6","|","|move|p2a: Tentacruel|Sludge Wave|p1a: Water-Safe","|-damage|p1a: Water-Safe|159/303 tox","|move|p1a: Water-Safe|Will-O-Wisp|p2a: Tentacruel","|-status|p2a: Tentacruel|brn","|","|-damage|p2a: Tentacruel|208/301 brn|[from] brn","|-damage|p1a: Water-Safe|105/303 tox|[from] psn","|turn|7","|","|move|p2a: Tentacruel|Sludge Wave|p1a: Water-Safe","|-damage|p1a: Water-Safe|20/303 tox","|move|p1a: Water-Safe|Rest|p1a: Water-Safe","|-status|p1a: Water-Safe|slp","|-heal|p1a: Water-Safe|303/303 slp|[silent]","|-status|p1a: Water-Safe|slp|[from] move: Rest","|-enditem|p1a: Water-Safe|Chesto Berry|[eat]","|-curestatus|p1a: Water-Safe|slp","|","|-damage|p2a: Tentacruel|171/301 brn|[from] brn","|turn|8","|","|switch|p2a: Venusaur|Venusaur, F|301/301","|move|p1a: Water-Safe|Hex|p2a: Venusaur","|-damage|p2a: Venusaur|247/301","|","|turn|9","|","|detailschange|p2a: Venusaur|Venusaur-Mega, F","|-mega|p2a: Venusaur|Venusaur|Venusaurite","|move|p2a: Venusaur|Sleep Powder|p1a: Water-Safe","|-status|p1a: Water-Safe|slp","|cant|p1a: Water-Safe|slp","|","|turn|10","|","|move|p2a: Venusaur|Growth|p2a: Venusaur","|-boost|p2a: Venusaur|atk|1","|-boost|p2a: Venusaur|spa|1","|cant|p1a: Water-Safe|slp","|","|turn|11","|","|switch|p1a: MY ZONE!!!|Magnezone, shiny|343/343","|move|p2a: Venusaur|Growth|p2a: Venusaur","|-boost|p2a: Venusaur|atk|1","|-boost|p2a: Venusaur|spa|1","|","|turn|12","|","|switch|p1a: Plugg-in Failure|Electivire, M, shiny|291/291","|move|p2a: Venusaur|Giga Drain|p1a: Plugg-in Failure","|-damage|p1a: Plugg-in Failure|2/291","|-heal|p2a: Venusaur|301/301|[from] drain|[of] p1a: Plugg-in Failure","|","|turn|13","|","|move|p1a: Plugg-in Failure|Ice Punch|p2a: Venusaur","|-supereffective|p2a: Venusaur","|-damage|p2a: Venusaur|225/301","|move|p2a: Venusaur|Giga Drain|p1a: Plugg-in Failure","|-damage|p1a: Plugg-in Failure|0 fnt","|-heal|p2a: Venusaur|226/301|[from] drain|[of] p1a: Plugg-in Failure","|faint|p1a: Plugg-in Failure","|","|","|switch|p1a: Lightning|Raichu, M, shiny|262/262","|-item|p1a: Lightning|Air Balloon","|turn|14","|","|move|p1a: Lightning|Fake Out|p2a: Venusaur","|-damage|p2a: Venusaur|195/301","|cant|p2a: Venusaur|flinch","|","|turn|15","|","|move|p1a: Lightning|Dig|p2a: Venusaur|[still]","|-prepare|p1a: Lightning|Dig|p2a: Venusaur","|move|p2a: Venusaur|Giga Drain|p1a: Lightning|[miss]","|-miss|p2a: Venusaur|p1a: Lightning","|","|turn|16","|","|move|p1a: Lightning|Dig|p2a: Venusaur|[from]lockedmove","|-damage|p2a: Venusaur|132/301","|move|p2a: Venusaur|Giga Drain|p1a: Lightning","|-damage|p1a: Lightning|0 fnt","|-heal|p2a: Venusaur|263/301|[from] drain|[of] p1a: Lightning","|-enditem|p1a: Lightning|Air Balloon","|faint|p1a: Lightning","|","|","|switch|p1a: Elec|Manectric, M|281/281","|turn|17","|","|detailschange|p1a: Elec|Manectric-Mega, M","|-mega|p1a: Elec|Manectric|Manectite","|-ability|p1a: Elec|Intimidate","|-unboost|p2a: Venusaur|atk|1","|move|p1a: Elec|Overheat|p2a: Venusaur","|-supereffective|p2a: Venusaur","|-damage|p2a: Venusaur|127/301","|-unboost|p1a: Elec|spa|2","|move|p2a: Venusaur|Giga Drain|p1a: Elec","|-damage|p1a: Elec|1/281","|-heal|p2a: Venusaur|267/301|[from] drain|[of] p1a: Elec","|","|turn|18","|","|move|p1a: Elec|Thunderbolt|p2a: Venusaur","|-resisted|p2a: Venusaur","|-damage|p2a: Venusaur|231/301","|move|p2a: Venusaur|Giga Drain|p1a: Elec","|-crit|p1a: Elec","|-damage|p1a: Elec|0 fnt","|-heal|p2a: Venusaur|232/301|[from] drain|[of] p1a: Elec","|faint|p1a: Elec","|","|","|switch|p1a: MY ZONE!!!|Magnezone, shiny|343/343","|turn|19","|","|move|p2a: Venusaur|Giga Drain|p1a: MY ZONE!!!","|-resisted|p1a: MY ZONE!!!","|-damage|p1a: MY ZONE!!!|196/343","|-heal|p2a: Venusaur|301/301|[from] drain|[of] p1a: MY ZONE!!!","|move|p1a: MY ZONE!!!|Flash Cannon|p2a: Venusaur","|-damage|p2a: Venusaur|102/301","|-unboost|p2a: Venusaur|spd|1","|","|turn|20","|","|move|p2a: Venusaur|Giga Drain|p1a: MY ZONE!!!","|-resisted|p1a: MY ZONE!!!","|-damage|p1a: MY ZONE!!!|64/343","|-heal|p2a: Venusaur|168/301|[from] drain|[of] p1a: MY ZONE!!!","|move|p1a: MY ZONE!!!|Flash Cannon|p2a: Venusaur","|-damage|p2a: Venusaur|0 fnt","|faint|p2a: Venusaur","|","|","|switch|p2a: Drapion|Drapion, F|343/343","|turn|21","|","|switch|p1a: Water-Safe|Rotom-Wash, shiny|303/303 slp","|move|p2a: Drapion|Knock Off|p1a: Water-Safe","|-damage|p1a: Water-Safe|189/303 slp","|-damage|p2a: Drapion|309/343|[from] item: Life Orb","|","|turn|22","|","|move|p2a: Drapion|Swords Dance|p2a: Drapion","|-boost|p2a: Drapion|atk|2","|-curestatus|p1a: Water-Safe|slp","|move|p1a: Water-Safe|Will-O-Wisp|p2a: Drapion|[miss]","|-miss|p1a: Water-Safe|p2a: Drapion","|","|turn|23","|","|move|p2a: Drapion|Poison Jab|p1a: Water-Safe","|-damage|p1a: Water-Safe|0 fnt","|-damage|p2a: Drapion|275/343|[from] item: Life Orb","|faint|p1a: Water-Safe","|","|","|switch|p1a: Lumpsy Lampsy|Lanturn, M, shiny|453/453","|-item|p1a: Lumpsy Lampsy|Air Balloon","|turn|24","|","|switch|p1a: MY ZONE!!!|Magnezone, shiny|64/343","|move|p2a: Drapion|Knock Off|p1a: MY ZONE!!!","|-damage|p1a: MY ZONE!!!|0 fnt","|-enditem|p1a: MY ZONE!!!|Choice Specs|[from] move: Knock Off|[of] p2a: Drapion","|-damage|p2a: Drapion|241/343|[from] item: Life Orb","|faint|p1a: MY ZONE!!!","|","|","|switch|p1a: Lumpsy Lampsy|Lanturn, M, shiny|453/453","|-item|p1a: Lumpsy Lampsy|Air Balloon","|turn|25","|","|move|p2a: Drapion|Knock Off|p1a: Lumpsy Lampsy","|-damage|p1a: Lumpsy Lampsy|0 fnt","|-enditem|p1a: Lumpsy Lampsy|Air Balloon","|-damage|p2a: Drapion|207/343|[from] item: Life Orb","|faint|p1a: Lumpsy Lampsy","|","|win|Chosen Saint"],"p1rating":{"entryid":"6857825","serverid":"eos","formatid":"monotype","userid":"gtxbzumzum","username":"GTX♅Bzumzum","w":"26","l":99,"t":"0","gxe":22.2,"r":"1267.8281172118","rd":"37.061215733452","sigma":"0","rptime":"1439110800","rpr":1262.6905952411,"rprd":36.138346130663,"rpsigma":"0","acre":1001.3305813859,"lacre":1001.3305813859,"oldacre":"1010.4535000578"},"p2rating":{"entryid":"7525852","serverid":"eos","formatid":"monotype","userid":"chosensaint","username":"Chosen Saint","w":3,"l":"2","t":"0","gxe":52,"r":"1500","rd":"130","sigma":"0","rptime":"1439110800","rpr":1516.0770083149,"rprd":103.81862333435,"rpsigma":"0","acre":1106.5026244493,"lacre":1106.5026244493,"oldacre":"1085.0140558212"},"endType":"normal"}