{"seed":[32496,59075,43079,46142],"turns":38,"p1":"In da mix","p2":"Burning At Ease","p1team":[{"name":"Charizard","species":"Charizard","item":"charizarditey","ability":"Blaze","moves":["solarbeam","roost","fireblast","airslash"],"nature":"Timid","evs":{"hp":0,"atk":0,"def":0,"spa":252,"spd":4,"spe":252},"ivs":{"hp":31,"atk":31,"def":31,"spa":31,"spd":31,"spe":31}},{"name":"Infernape","species":"Infernape","item":"focussash","ability":"Iron Fist","moves":["closecombat","machpunch","thunderpunch","flareblitz"],"nature":"Jolly","evs":{"hp":0,"atk":252,"def":0,"spa":0,"spd":4,"spe":252},"ivs":{"hp":31,"atk":31,"def":31,"spa":31,"spd":31,"spe":31}},{"name":"Victini","species":"Victini","item":"choicescarf","ability":"Victory Star","moves":["boltstrike","vcreate","zenheadbutt","blueflare"],"nature":"Jolly","evs":{"hp":0,"atk":252,"def":0,"spa":0,"spd":4,"spe":252},"ivs":{"hp":31,"atk":31,"def":31,"spa":31,"spd":31,"spe":31}},{"name":"Torkoal","species":"Torkoal","item":"leftovers","ability":"Shell Armor","moves":["rapidspin","stealthrock","yawn","lavaplume"],"nature":"Bold","evs":{"hp":252,"atk":0,"def":252,"spa":4,"spd":0,"spe":0},"ivs":{"hp":31,"atk":31,"def":31,"spa":31,"spd":31,"spe":31}},{"name":"Heatran","species":"Heatran","item":"airballoon","ability":"Flash Fire","moves":["earthpower","lavaplume","ironhead","toxic"],"nature":"Modest","evs":{"hp":248,"atk":0,"def":0,"spa":252,"spd":8,"spe":0},"ivs":{"hp":31,"atk":31,"def":31,"spa":31,"spd":31,"spe":31}},{"name":"Entei","species":"Entei","item":"lifeorb","ability":"Pressure","moves":["extremespeed","stoneedge","sacredfire","ironhead"],"nature":"Adamant","evs":{"hp":0,"atk":252,"def":0,"spa":0,"spd":4,"spe":252},"shiny":true,"ivs":{"hp":31,"atk":31,"def":31,"spa":31,"spd":31,"spe":31}}],"p2team":[{"name":"Torkoal","species":"Torkoal","item":"leftovers","ability":"Shell Armor","moves":["clearsmog","stealthrock","rapidspin","yawn"],"nature":"Bold","evs":{"hp":248,"atk":0,"def":252,"spa":8,"spd":0,"spe":0},"gender":"M","ivs":{"hp":31,"atk":0,"def":31,"spa":31,"spd":31,"spe":31}},{"name":"Infernape","species":"Infernape","item":"choiceband","ability":"Iron Fist","moves":["closecombat","thunderpunch","flareblitz","uturn"],"nature":"Jolly","evs":{"hp":0,"atk":252,"def":4,"spa":0,"spd":0,"spe":252},"ivs":{"hp":31,"atk":31,"def":31,"spa":31,"spd":31,"spe":31}},{"name":"Charizard","species":"Charizard","item":"charizarditey","ability":"Blaze","moves":["flamethrower","solarbeam","roost","tailwind"],"nature":"Timid","evs":{"hp":0,"atk":0,"def":0,"spa":252,"spd":0,"spe":252},"gender":"M","ivs":{"hp":31,"atk":0,"def":31,"spa":31,"spd":31,"spe":31}},{"name":"Entei","species":"Entei","item":"assaultvest","ability":"Pressure","moves":["sacredfire","ironhead","stoneedge","extremespeed"],"nature":"Adamant","evs":{"hp":0,"atk":252,"def":4,"spa":0,"spd":0,"spe":252},"shiny":true,"ivs":{"hp":31,"atk":31,"def":31,"spa":31,"spd":31,"spe":31}},{"name":"Rotom-Heat","species":"Rotom-Heat","item":"lightclay","ability":"Levitate","moves":["voltswitch","overheat","lightscreen","reflect"],"nature":"Timid","evs":{"hp":0,"atk":0,"def":4,"spa":252,"spd":0,"spe":252},"ivs":{"hp":31,"atk":0,"def":31,"spa":31,"spd":31,"spe":31}},{"name":"Heatran","species":"Heatran","item":"choicescarf","ability":"Flash Fire","moves":["flashcannon","earthpower","ancientpower","lavaplume"],"nature":"Timid","evs":{"hp":0,"atk":0,"def":4,"spa":252,"spd":0,"spe":252},"ivs":{"hp":31,"atk":0,"def":31,"spa":31,"spd":31,"spe":31}}],"log":["|player|p1|In da mix|168","|player|p2|Burning At Ease|52","|gametype|singles","|gen|6","|tier|Monotype","|rated","|rule|Baton Pass Clause: Limit one Baton Passer, can't pass Spe and other stats simultaneously","|rule|Swagger Clause: Swagger is banned","|rule|Same Type Clause: Pokémon in a team must share a type","|clearpoke","|poke|p1|Charizard, F","|poke|p1|Infernape, F","|poke|p1|Victini","|poke|p1|Torkoal, M","|poke|p1|Heatran, M","|poke|p1|Entei, shiny","|poke|p2|Torkoal, M","|poke|p2|Infernape, M","|poke|p2|Charizard, M","|poke|p2|Entei, shiny","|poke|p2|Rotom-Heat","|poke|p2|Heatran, M","|rule|Sleep Clause Mod: Limit one foe put to sleep","|rule|Species Clause: Limit one of each Pokémon","|rule|OHKO Clause: OHKO moves are banned","|rule|Moody Clause: Moody is banned","|rule|Evasion Moves Clause: Evasion moves are banned","|rule|Endless Battle Clause: Forcing endless battles is banned","|rule|HP Percentage Mod: HP is shown in percentages","|teampreview","|","|start","|switch|p1a: Torkoal|Torkoal, M|344/344","|switch|p2a: Torkoal|Torkoal, M|343/343","|turn|1","|","|move|p2a: Torkoal|Yawn|p1a: Torkoal","|-start|p1a: Torkoal|move: Yawn|[of] p2a: Torkoal","|move|p1a: Torkoal|Yawn|p2a: Torkoal","|-start|p2a: Torkoal|move: Yawn|[of] p1a: Torkoal","|","|turn|2","|","|switch|p2a: Infernape|Infernape, M|293/293","|move|p1a: Torkoal|Stealth Rock|p2a: Infernape","|-sidestart|p2: Burning At Ease|move: Stealth Rock","|","|-end|p1a: Torkoal|move: Yawn|[silent]","|-status|p1a: Torkoal|slp","|turn|3","|","|move|p2a: Infernape|U-turn|p1a: Torkoal","|-resisted|p1a: Torkoal","|-damage|p1a: Torkoal|316/344 slp","|","|switch|p2a: Torkoal|Torkoal, M|343/343","|-damage|p2a: Torkoal|258/343|[from] Stealth Rock","|cant|p1a: Torkoal|slp","|","|-heal|p1a: Torkoal|337/344 slp|[from] item: Leftovers","|-heal|p2a: Torkoal|279/343|[from] item: Leftovers","|turn|4","|","|move|p2a: Torkoal|Rapid Spin|p1a: Torkoal","|-damage|p1a: Torkoal|330/344 slp","|-sideend|p2: Burning At Ease|Stealth Rock|[from] move: Rapid Spin|[of] p2a: Torkoal","|cant|p1a: Torkoal|slp","|","|-heal|p1a: Torkoal|344/344 slp|[from] item: Leftovers","|-heal|p2a: Torkoal|300/343|[from] item: Leftovers","|turn|5","|","|switch|p2a: Rotom-Heat|Rotom-Heat|241/241","|-curestatus|p1a: Torkoal|slp","|move|p1a: Torkoal|Yawn|p2a: Rotom-Heat","|-start|p2a: Rotom-Heat|move: Yawn|[of] p1a: Torkoal","|","|turn|6","|","|move|p2a: Rotom-Heat|Volt Switch|p1a: Torkoal","|-damage|p1a: Torkoal|199/344","|","|switch|p2a: Torkoal|Torkoal, M|300/343","|move|p1a: Torkoal|Stealth Rock|p2a: Torkoal","|-sidestart|p2: Burning At Ease|move: Stealth Rock","|","|-heal|p1a: Torkoal|220/344|[from] item: Leftovers","|-heal|p2a: Torkoal|321/343|[from] item: Leftovers","|turn|7","|","|move|p1a: Torkoal|Yawn|p2a: Torkoal","|-start|p2a: Torkoal|move: Yawn|[of] p1a: Torkoal","|move|p2a: Torkoal|Yawn|p1a: Torkoal","|-start|p1a: Torkoal|move: Yawn|[of] p2a: Torkoal","|","|-heal|p2a: Torkoal|342/343|[from] item: Leftovers","|-heal|p1a: Torkoal|241/344|[from] item: Leftovers","|turn|8","|","|switch|p1a: Charizard|Charizard, F|297/297","|move|p2a: Torkoal|Rapid Spin|p1a: Charizard","|-damage|p1a: Charizard|283/297","|-sideend|p2: Burning At Ease|Stealth Rock|[from] move: Rapid Spin|[of] p2a: Torkoal","|","|-end|p2a: Torkoal|move: Yawn|[silent]","|-status|p2a: Torkoal|slp","|-heal|p2a: Torkoal|343/343 slp|[from] item: Leftovers","|turn|9","|","|switch|p2a: Rotom-Heat|Rotom-Heat|241/241","|detailschange|p1a: Charizard|Charizard-Mega-Y, F","|-mega|p1a: Charizard|Charizard|Charizardite Y","|-weather|SunnyDay","|move|p1a: Charizard|Fire Blast|p2a: Rotom-Heat","|-resisted|p2a: Rotom-Heat","|-damage|p2a: Rotom-Heat|82/241","|","|-weather|SunnyDay|[upkeep]","|turn|10","|","|switch|p1a: Heatran|Heatran, M|385/385","|-item|p1a: Heatran|Air Balloon","|move|p2a: Rotom-Heat|Light Screen|p2a: Rotom-Heat","|-sidestart|p2: Burning At Ease|move: Light Screen","|","|-weather|SunnyDay|[upkeep]","|turn|11","|","|move|p2a: Rotom-Heat|Volt Switch|p1a: Heatran","|-damage|p1a: Heatran|274/385","|-enditem|p1a: Heatran|Air Balloon","|","|switch|p2a: Infernape|Infernape, M|293/293","|move|p1a: Heatran|Toxic|p2a: Infernape|[miss]","|-miss|p1a: Heatran|p2a: Infernape","|","|-weather|SunnyDay|[upkeep]","|turn|12","|","|switch|p1a: Victini|Victini|341/341","|move|p2a: Infernape|U-turn|p1a: Victini","|-damage|p1a: Victini|236/341","|","|switch|p2a: Heatran|Heatran, M|323/323","|","|-weather|SunnyDay|[upkeep]","|turn|13","|","|switch|p1a: Charizard|Charizard-Mega-Y, F|283/297","|move|p2a: Heatran|Ancient Power|p1a: Charizard","|-supereffective|p1a: Charizard","|-damage|p1a: Charizard|11/297","|","|-weather|none","|turn|14","|","|switch|p1a: Heatran|Heatran, M|274/385","|move|p2a: Heatran|Ancient Power|p1a: Heatran","|-damage|p1a: Heatran|204/385","|","|turn|15","|","|switch|p2a: Rotom-Heat|Rotom-Heat|82/241","|move|p1a: Heatran|Earth Power|p2a: Rotom-Heat","|-immune|p2a: Rotom-Heat|[msg]","|","|turn|16","|","|move|p2a: Rotom-Heat|Light Screen|p2a: Rotom-Heat","|-fail|p2a: Rotom-Heat","|move|p1a: Heatran|Toxic|p2a: Rotom-Heat","|-status|p2a: Rotom-Heat|tox","|","|-damage|p2a: Rotom-Heat|67/241 tox|[from] psn","|turn|17","|","|move|p2a: Rotom-Heat|Volt Switch|p1a: Heatran","|-damage|p1a: Heatran|102/385","|","|switch|p2a: Torkoal|Torkoal, M|343/343 slp","|move|p1a: Heatran|Earth Power|p2a: Torkoal","|-supereffective|p2a: Torkoal","|-damage|p2a: Torkoal|196/343 slp","|","|-heal|p2a: Torkoal|217/343 slp|[from] item: Leftovers","|-sideend|p2: Burning At Ease|move: Light Screen","|turn|18","|","|switch|p2a: Rotom-Heat|Rotom-Heat|67/241 tox","|move|p1a: Heatran|Earth Power|p2a: Rotom-Heat","|-immune|p2a: Rotom-Heat|[msg]","|","|-damage|p2a: Rotom-Heat|52/241 tox|[from] psn","|turn|19","|","|move|p2a: Rotom-Heat|Light Screen|p2a: Rotom-Heat","|-sidestart|p2: Burning At Ease|move: Light Screen","|move|p1a: Heatran|Lava Plume|p2a: Rotom-Heat","|-resisted|p2a: Rotom-Heat","|-damage|p2a: Rotom-Heat|17/241 tox","|","|-damage|p2a: Rotom-Heat|0 fnt|[from] psn","|faint|p2a: Rotom-Heat","|","|switch|p2a: Entei|Entei, shiny|371/371","|-ability|p2a: Entei|Pressure","|turn|20","|","|switch|p1a: Torkoal|Torkoal, M|241/344","|move|p2a: Entei|Stone Edge|p1a: Torkoal","|-supereffective|p1a: Torkoal","|-damage|p1a: Torkoal|99/344","|","|-heal|p1a: Torkoal|120/344|[from] item: Leftovers","|turn|21","|","|move|p2a: Entei|Stone Edge|p1a: Torkoal","|-supereffective|p1a: Torkoal","|-damage|p1a: Torkoal|0 fnt","|faint|p1a: Torkoal","|","|","|switch|p1a: Infernape|Infernape, F|293/293","|turn|22","|","|switch|p2a: Torkoal|Torkoal, M|217/343 slp","|move|p1a: Infernape|Close Combat|p2a: Torkoal","|-damage|p2a: Torkoal|111/343 slp","|-unboost|p1a: Infernape|def|1","|-unboost|p1a: Infernape|spd|1","|","|-heal|p2a: Torkoal|132/343 slp|[from] item: Leftovers","|turn|23","|","|move|p1a: Infernape|Close Combat|p2a: Torkoal","|-damage|p2a: Torkoal|23/343 slp","|-unboost|p1a: Infernape|def|1","|-unboost|p1a: Infernape|spd|1","|cant|p2a: Torkoal|slp","|","|-heal|p2a: Torkoal|44/343 slp|[from] item: Leftovers","|turn|24","|","|switch|p2a: Charizard|Charizard, M|297/297","|move|p1a: Infernape|Close Combat|p2a: Charizard","|-resisted|p2a: Charizard","|-damage|p2a: Charizard|182/297","|-unboost|p1a: Infernape|def|1","|-unboost|p1a: Infernape|spd|1","|","|turn|25","|","|detailschange|p2a: Charizard|Charizard-Mega-Y, M","|-mega|p2a: Charizard|Charizard|Charizardite Y","|-weather|SunnyDay","|move|p1a: Infernape|Thunder Punch|p2a: Charizard","|-supereffective|p2a: Charizard","|-damage|p2a: Charizard|0 fnt","|faint|p2a: Charizard","|","|-weather|SunnyDay|[upkeep]","|","|switch|p2a: Entei|Entei, shiny|371/371","|-ability|p2a: Entei|Pressure","|turn|26","|","|move|p2a: Entei|Extreme Speed|p1a: Infernape","|-damage|p1a: Infernape|2/293","|move|p1a: Infernape|Close Combat|p2a: Entei","|-damage|p2a: Entei|170/371","|-unboost|p1a: Infernape|def|1","|-unboost|p1a: Infernape|spd|1","|","|-weather|SunnyDay|[upkeep]","|-sideend|p2: Burning At Ease|move: Light Screen","|turn|27","|","|switch|p1a: Heatran|Heatran, M|102/385","|move|p2a: Entei|Extreme Speed|p1a: Heatran","|-resisted|p1a: Heatran","|-damage|p1a: Heatran|53/385","|","|-weather|SunnyDay|[upkeep]","|turn|28","|","|move|p2a: Entei|Stone Edge|p1a: Heatran|[miss]","|-miss|p2a: Entei|p1a: Heatran","|move|p1a: Heatran|Earth Power|p2a: Entei","|-supereffective|p2a: Entei","|-damage|p2a: Entei|0 fnt","|faint|p2a: Entei","|","|-weather|SunnyDay|[upkeep]","|","|switch|p2a: Heatran|Heatran, M|323/323","|turn|29","|","|move|p2a: Heatran|Ancient Power|p1a: Heatran","|-damage|p1a: Heatran|0 fnt","|faint|p1a: Heatran","|","|-weather|none","|","|switch|p1a: Infernape|Infernape, F|2/293","|turn|30","|","|move|p2a: Heatran|Ancient Power|p1a: Infernape","|-damage|p1a: Infernape|0 fnt","|faint|p1a: Infernape","|","|","|switch|p1a: Entei|Entei, shiny|371/371","|-ability|p1a: Entei|Pressure","|turn|31","|","|switch|p2a: Torkoal|Torkoal, M|44/343 slp","|move|p1a: Entei|Stone Edge|p2a: Torkoal","|-supereffective|p2a: Torkoal","|-damage|p2a: Torkoal|0 fnt","|-damage|p1a: Entei|334/371|[from] item: Life Orb","|faint|p2a: Torkoal","|","|","|switch|p2a: Infernape|Infernape, M|293/293","|turn|32","|","|move|p2a: Infernape|Thunder Punch|p1a: Entei","|-damage|p1a: Entei|180/371","|move|p1a: Entei|Stone Edge|p2a: Infernape|[miss]","|-miss|p1a: Entei|p2a: Infernape","|","|turn|33","|","|move|p2a: Infernape|Thunder Punch|p1a: Entei","|-damage|p1a: Entei|16/371","|move|p1a: Entei|Stone Edge|p2a: Infernape|[miss]","|-miss|p1a: Entei|p2a: Infernape","|","|turn|34","|","|move|p1a: Entei|Extreme Speed|p2a: Infernape","|-damage|p2a: Infernape|132/293","|-damage|p1a: Entei|0 fnt|[from] item: Life Orb","|faint|p1a: Entei","|move|p2a: Infernape|Thunder Punch|p1: Entei|[notarget]","|-notarget","|","|","|switch|p1a: Victini|Victini|236/341","|turn|35","|","|move|p1a: Victini|Bolt Strike|p2a: Infernape","|-damage|p2a: Infernape|0 fnt","|faint|p2a: Infernape","|","|","|switch|p2a: Heatran|Heatran, M|323/323","|turn|36","|","|move|p1a: Victini|Bolt Strike|p2a: Heatran","|-damage|p2a: Heatran|194/323","|move|p2a: Heatran|Ancient Power|p1a: Victini","|-supereffective|p1a: Victini","|-damage|p1a: Victini|96/341","|","|turn|37","|","|move|p1a: Victini|Bolt Strike|p2a: Heatran","|-damage|p2a: Heatran|77/323","|-status|p2a: Heatran|par","|move|p2a: Heatran|Ancient Power|p1a: Victini","|-supereffective|p1a: Victini","|-damage|p1a: Victini|0 fnt","|faint|p1a: Victini","|","|","|switch|p1a: Charizard|Charizard-Mega-Y, F|11/297","|-weather|SunnyDay","|turn|38","|","|move|p1a: Charizard|Air Slash|p2a: Heatran","|-resisted|p2a: Heatran","|-damage|p2a: Heatran|5/323 par","|move|p2a: Heatran|Ancient Power|p1a: Charizard","|-supereffective|p1a: Charizard","|-damage|p1a: Charizard|0 fnt","|faint|p1a: Charizard","|","|win|Burning At Ease"],"p1rating":{"entryid":"7525711","serverid":"eos","formatid":"monotype","userid":"indamix","username":"In da mix","w":"2","l":1,"t":"0","gxe":54.5,"r":1575.5013733291,"rd":116.72231676675,"sigma":"0","rptime":1439197200,"rpr":1535.749885765,"rprd":111.66365657483,"rpsigma":"0","acre":1060.81200239,"lacre":1060.81200239,"oldacre":"1083.979764557"},"p2rating":{"entryid":"7544754","serverid":"eos","formatid":"monotype","userid":"burningatease","username":"Burning At Ease","w":4,"l":"2","t":"0","gxe":56.5,"r":"1500","rd":"130","sigma":"0","rptime":"1439197200","rpr":1551.4743782702,"rprd":98.543825323602,"rpsigma":"0","acre":1104.6469057172,"lacre":1104.6469057172,"oldacre":"1075.2017027212"},"endType":"normal"}