{"seed":[45502,19528,4311,6076],"turns":22,"p1":"Silver Zeyus","p2":"Apex Salamence","p1team":[{"name":"Ludicolo","species":"Ludicolo","item":"lifeorb","ability":"Swift Swim","moves":["gigadrain","scald","focusblast","icebeam"],"nature":"Modest","evs":{"hp":0,"atk":0,"def":0,"spa":252,"spd":4,"spe":252},"ivs":{"hp":31,"atk":0,"def":31,"spa":31,"spd":31,"spe":31}},{"name":"Empoleon","species":"Empoleon","item":"leftovers","ability":"Torrent","moves":["stealthrock","defog","scald","roar"],"nature":"Calm","evs":{"hp":252,"atk":0,"def":0,"spa":4,"spd":252,"spe":0},"ivs":{"hp":31,"atk":0,"def":31,"spa":31,"spd":31,"spe":31}},{"name":"Swampert","species":"Swampert","item":"swampertite","ability":"Torrent","moves":["earthquake","waterfall","icepunch","raindance"],"nature":"Adamant","evs":{"hp":0,"atk":252,"def":0,"spa":0,"spd":4,"spe":252},"ivs":{"hp":31,"atk":31,"def":31,"spa":31,"spd":31,"spe":31}},{"name":"Rotom-Wash","species":"Rotom-Wash","item":"leftovers","ability":"Levitate","moves":["willowisp","painsplit","voltswitch","hydropump"],"nature":"Bold","evs":{"hp":252,"atk":0,"def":252,"spa":4,"spd":0,"spe":0},"ivs":{"hp":31,"atk":0,"def":31,"spa":31,"spd":31,"spe":31}},{"name":"Manaphy","species":"Manaphy","item":"leftovers","ability":"Hydration","moves":["tailglow","psychic","scald","icebeam"],"nature":"Timid","evs":{"hp":0,"atk":0,"def":0,"spa":252,"spd":4,"spe":252},"ivs":{"hp":31,"atk":0,"def":31,"spa":31,"spd":31,"spe":31}},{"name":"Politoed","species":"Politoed","item":"ejectbutton","ability":"Drizzle","moves":["scald","toxic","perishsong","encore"],"nature":"Calm","evs":{"hp":252,"atk":0,"def":4,"spa":0,"spd":252,"spe":0},"ivs":{"hp":31,"atk":0,"def":31,"spa":31,"spd":31,"spe":31}}],"p2team":[{"name":"Monkey","species":"infernape","item":"lifeorb","ability":"Iron Fist","moves":["machpunch","firepunch","earthquake","thunderpunch"],"nature":"Jolly","evs":{"hp":0,"atk":252,"def":0,"spa":0,"spd":4,"spe":252},"gender":"M","shiny":true,"ivs":{"hp":31,"atk":31,"def":31,"spa":31,"spd":31,"spe":31}},{"name":"Gangsta","species":"toxicroak","item":"blacksludge","ability":"Poison Touch","moves":["drainpunch","poisonjab","suckerpunch","thunderpunch"],"nature":"Adamant","evs":{"hp":252,"atk":252,"def":0,"spa":0,"spd":4,"spe":0},"shiny":true,"ivs":{"hp":31,"atk":31,"def":31,"spa":31,"spd":31,"spe":31}},{"name":"Nacho Libre","species":"hawlucha","item":"sitrusberry","ability":"Unburden","moves":["substitute","swordsdance","highjumpkick","acrobatics"],"nature":"Adamant","evs":{"hp":0,"atk":252,"def":0,"spa":0,"spd":4,"spe":252},"gender":"M","shiny":true,"ivs":{"hp":31,"atk":31,"def":31,"spa":31,"spd":31,"spe":31}},{"name":"Rocky","species":"terrakion","item":"lifeorb","ability":"Justified","moves":["stealthrock","stoneedge","closecombat","taunt"],"nature":"Jolly","evs":{"hp":0,"atk":252,"def":0,"spa":0,"spd":4,"spe":252},"shiny":true,"ivs":{"hp":31,"atk":31,"def":31,"spa":31,"spd":31,"spe":31}},{"name":"Goku","species":"lucario","item":"lifeorb","ability":"Steadfast","moves":["aurasphere","nastyplot","flashcannon","vacuumwave"],"nature":"Timid","evs":{"hp":0,"atk":0,"def":0,"spa":252,"spd":4,"spe":252},"gender":"M","shiny":true,"ivs":{"hp":31,"atk":31,"def":31,"spa":31,"spd":31,"spe":31}},{"name":"Thug Life","species":"scrafty","item":"lumberry","ability":"Moxie","moves":["dragondance","drainpunch","poisonjab","knockoff"],"nature":"Adamant","evs":{"hp":0,"atk":252,"def":0,"spa":0,"spd":4,"spe":252},"gender":"M","shiny":true,"ivs":{"hp":31,"atk":31,"def":31,"spa":31,"spd":31,"spe":31}}],"log":["|player|p1|Silver Zeyus|264","|player|p2|Apex Salamence|102","|gametype|singles","|gen|6","|tier|Monotype","|rated","|rule|Baton Pass Clause: Limit one Baton Passer, can't pass Spe and other stats simultaneously","|rule|Swagger Clause: Swagger is banned","|rule|Same Type Clause: Pokémon in a team must share a type","|clearpoke","|poke|p1|Ludicolo, M","|poke|p1|Empoleon, F","|poke|p1|Swampert, F","|poke|p1|Rotom-Wash","|poke|p1|Manaphy","|poke|p1|Politoed, M","|poke|p2|Infernape, M, shiny","|poke|p2|Toxicroak, M, shiny","|poke|p2|Hawlucha, M, shiny","|poke|p2|Terrakion, shiny","|poke|p2|Lucario, M, shiny","|poke|p2|Scrafty, M, shiny","|rule|Sleep Clause Mod: Limit one foe put to sleep","|rule|Species Clause: Limit one of each Pokémon","|rule|OHKO Clause: OHKO moves are banned","|rule|Moody Clause: Moody is banned","|rule|Evasion Moves Clause: Evasion moves are banned","|rule|Endless Battle Clause: Forcing endless battles is banned","|rule|HP Percentage Mod: HP is shown in percentages","|teampreview","|","|start","|switch|p1a: Manaphy|Manaphy|341/341","|switch|p2a: Rocky|Terrakion, shiny|323/323","|turn|1","|","|move|p2a: Rocky|Taunt|p1a: Manaphy","|-start|p1a: Manaphy|move: Taunt","|cant|p1a: Manaphy|move: Taunt|Tail Glow","|","|turn|2","|","|move|p2a: Rocky|Stealth Rock|p1a: Manaphy","|-sidestart|p1: Silver Zeyus|move: Stealth Rock","|move|p1a: Manaphy|Scald|p2a: Rocky","|-supereffective|p2a: Rocky","|-damage|p2a: Rocky|75/323","|","|turn|3","|","|move|p2a: Rocky|Stone Edge|p1a: Manaphy","|-damage|p1a: Manaphy|111/341","|-damage|p2a: Rocky|43/323|[from] item: Life Orb","|move|p1a: Manaphy|Psychic|p2a: Rocky","|-supereffective|p2a: Rocky","|-damage|p2a: Rocky|0 fnt","|faint|p2a: Rocky","|","|-heal|p1a: Manaphy|132/341|[from] item: Leftovers","|-end|p1a: Manaphy|move: Taunt","|","|switch|p2a: Monkey|Infernape, M, shiny|293/293","|turn|4","|","|switch|p1a: Rotom-Wash|Rotom-Wash|304/304","|-damage|p1a: Rotom-Wash|266/304|[from] Stealth Rock","|move|p2a: Monkey|Thunder Punch|p1a: Rotom-Wash","|-damage|p1a: Rotom-Wash|188/304","|-damage|p2a: Monkey|264/293|[from] item: Life Orb","|","|-heal|p1a: Rotom-Wash|207/304|[from] item: Leftovers","|turn|5","|","|move|p2a: Monkey|Fire Punch|p1a: Rotom-Wash","|-resisted|p1a: Rotom-Wash","|-damage|p1a: Rotom-Wash|141/304","|-damage|p2a: Monkey|235/293|[from] item: Life Orb","|move|p1a: Rotom-Wash|Volt Switch|p2a: Monkey","|-damage|p2a: Monkey|112/293","|","|switch|p1a: Manaphy|Manaphy|132/341","|-damage|p1a: Manaphy|90/341|[from] Stealth Rock","|","|-heal|p1a: Manaphy|111/341|[from] item: Leftovers","|turn|6","|","|switch|p1a: Swampert|Swampert, F|341/341","|-damage|p1a: Swampert|320/341|[from] Stealth Rock","|move|p2a: Monkey|Thunder Punch|p1a: Swampert","|-immune|p1a: Swampert|[msg]","|","|turn|7","|","|detailschange|p1a: Swampert|Swampert-Mega, F","|-mega|p1a: Swampert|Swampert|Swampertite","|move|p2a: Monkey|Mach Punch|p1a: Swampert","|-damage|p1a: Swampert|223/341","|-damage|p2a: Monkey|83/293|[from] item: Life Orb","|move|p1a: Swampert|Earthquake|p2a: Monkey","|-supereffective|p2a: Monkey","|-damage|p2a: Monkey|0 fnt","|faint|p2a: Monkey","|","|","|switch|p2a: Nacho Libre|Hawlucha, M, shiny|297/297","|turn|8","|","|move|p2a: Nacho Libre|High Jump Kick|p1a: Swampert|[miss]","|-miss|p2a: Nacho Libre|p1a: Swampert","|-damage|p2a: Nacho Libre|149/297|[from] highjumpkick","|move|p1a: Swampert|Ice Punch|p2a: Nacho Libre","|-supereffective|p2a: Nacho Libre","|-damage|p2a: Nacho Libre|0 fnt","|faint|p2a: Nacho Libre","|","|","|switch|p2a: Thug Life|Scrafty, M, shiny|271/271","|turn|9","|","|move|p1a: Swampert|Waterfall|p2a: Thug Life","|-crit|p2a: Thug Life","|-damage|p2a: Thug Life|40/271","|move|p2a: Thug Life|Dragon Dance|p2a: Thug Life","|-boost|p2a: Thug Life|atk|1","|-boost|p2a: Thug Life|spe|1","|","|turn|10","|","|move|p2a: Thug Life|Drain Punch|p1a: Swampert","|-damage|p1a: Swampert|75/341","|-heal|p2a: Thug Life|114/271|[from] drain|[of] p1a: Swampert","|move|p1a: Swampert|Waterfall|p2a: Thug Life","|-damage|p2a: Thug Life|0 fnt","|faint|p2a: Thug Life","|","|","|switch|p2a: Goku|Lucario, M, shiny|281/281","|turn|11","|","|move|p2a: Goku|Aura Sphere|p1a: Swampert","|-damage|p1a: Swampert|0 fnt","|-damage|p2a: Goku|253/281|[from] item: Life Orb","|faint|p1a: Swampert","|","|","|switch|p1a: Politoed|Politoed, M|384/384","|-damage|p1a: Politoed|336/384|[from] Stealth Rock","|-weather|RainDance","|turn|12","|","|move|p2a: Goku|Nasty Plot|p2a: Goku","|-boost|p2a: Goku|spa|2","|move|p1a: Politoed|Scald|p2a: Goku","|-damage|p2a: Goku|85/281","|","|-weather|RainDance|[upkeep]","|turn|13","|","|move|p2a: Goku|Aura Sphere|p1a: Politoed","|-damage|p1a: Politoed|85/384","|-enditem|p1a: Politoed|Eject Button","|-damage|p2a: Goku|57/281|[from] item: Life Orb","|","|switch|p1a: Ludicolo|Ludicolo, M|301/301","|-damage|p1a: Ludicolo|264/301|[from] Stealth Rock","|","|-weather|RainDance|[upkeep]","|turn|14","|","|move|p1a: Ludicolo|Giga Drain|p2a: Goku","|-resisted|p2a: Goku","|-damage|p2a: Goku|0 fnt","|-heal|p1a: Ludicolo|293/301|[from] drain|[of] p2a: Goku","|-damage|p1a: Ludicolo|263/301|[from] item: Life Orb","|faint|p2a: Goku","|","|-weather|RainDance|[upkeep]","|","|switch|p2a: Gangsta|Toxicroak, M, shiny|370/370","|turn|15","|","|move|p1a: Ludicolo|Focus Blast|p2a: Gangsta|[miss]","|-miss|p1a: Ludicolo|p2a: Gangsta","|move|p2a: Gangsta|Thunder Punch|p1a: Ludicolo","|-damage|p1a: Ludicolo|142/301","|-status|p1a: Ludicolo|psn","|","|-weather|RainDance|[upkeep]","|-damage|p1a: Ludicolo|105/301 psn|[from] psn","|turn|16","|","|move|p2a: Gangsta|Sucker Punch|p1a: Ludicolo","|-damage|p1a: Ludicolo|0 fnt","|faint|p1a: Ludicolo","|","|-weather|none","|","|switch|p1a: Manaphy|Manaphy|111/341","|-damage|p1a: Manaphy|69/341|[from] Stealth Rock","|turn|17","|","|move|p1a: Manaphy|Tail Glow|p1a: Manaphy","|-boost|p1a: Manaphy|spa|3","|move|p2a: Gangsta|Thunder Punch|p1a: Manaphy","|-supereffective|p1a: Manaphy","|-damage|p1a: Manaphy|0 fnt","|faint|p1a: Manaphy","|","|","|switch|p1a: Empoleon|Empoleon, F|372/372","|-damage|p1a: Empoleon|349/372|[from] Stealth Rock","|turn|18","|","|move|p2a: Gangsta|Drain Punch|p1a: Empoleon","|-supereffective|p1a: Empoleon","|-damage|p1a: Empoleon|65/372","|move|p1a: Empoleon|Scald|p2a: Gangsta","|-damage|p2a: Gangsta|153/370","|","|-heal|p2a: Gangsta|176/370|[from] item: Black Sludge","|-heal|p1a: Empoleon|88/372|[from] item: Leftovers","|turn|19","|","|move|p2a: Gangsta|Drain Punch|p1a: Empoleon","|-supereffective|p1a: Empoleon","|-damage|p1a: Empoleon|0 fnt","|-heal|p2a: Gangsta|220/370|[from] drain|[of] p1a: Empoleon","|faint|p1a: Empoleon","|","|-heal|p2a: Gangsta|243/370|[from] item: Black Sludge","|","|switch|p1a: Rotom-Wash|Rotom-Wash|141/304","|-damage|p1a: Rotom-Wash|103/304|[from] Stealth Rock","|turn|20","|","|move|p1a: Rotom-Wash|Pain Split|p2a: Gangsta","|-sethp|p2a: Gangsta|173/370|p1a: Rotom-Wash|173/304|[from] move: Pain Split","|move|p2a: Gangsta|Thunder Punch|p1a: Rotom-Wash","|-damage|p1a: Rotom-Wash|118/304","|","|-heal|p1a: Rotom-Wash|137/304|[from] item: Leftovers","|-heal|p2a: Gangsta|196/370|[from] item: Black Sludge","|turn|21","|","|move|p2a: Gangsta|Sucker Punch|p1a: Rotom-Wash","|-fail|p2a: Gangsta","|move|p1a: Rotom-Wash|Will-O-Wisp|p2a: Gangsta","|-status|p2a: Gangsta|brn","|","|-heal|p1a: Rotom-Wash|156/304|[from] item: Leftovers","|-heal|p2a: Gangsta|219/370 brn|[from] item: Black Sludge","|-damage|p2a: Gangsta|173/370 brn|[from] brn","|turn|22","|","|move|p1a: Rotom-Wash|Hydro Pump|p2a: Gangsta","|-damage|p2a: Gangsta|0 fnt","|faint|p2a: Gangsta","|","|win|Silver Zeyus"],"p1rating":{"entryid":"7506885","serverid":"eos","formatid":"monotype","userid":"silverzeyus","username":"Silver - Zeyus","w":5,"l":"6","t":"0","gxe":49.8,"r":"1500","rd":"130","sigma":"0","rptime":"1439110800","rpr":1498.2486834288,"rprd":84.847751239766,"rpsigma":"0","acre":1111.9855460599,"lacre":1111.9855460599,"oldacre":"1075.2896093738"},"p2rating":{"entryid":"7518658","serverid":"eos","formatid":"monotype","userid":"apexsalamence","username":"Apex Salamence","w":"12","l":5,"t":"0","gxe":62.3,"r":"1500","rd":"130","sigma":"0","rptime":"1439110800","rpr":1596.5821408194,"rprd":73.914901889681,"rpsigma":"0","acre":1142.6467419586,"lacre":1142.6467419586,"oldacre":"1174.6045405275"},"endType":"normal"}