{"seed":[12837,23366,3457,65108],"turns":24,"p1":"NotMajesticWurmple","p2":"KTN Photon","p1team":[{"name":"Breloom","species":"Breloom","item":"focussash","ability":"Technician","moves":["bulletseed","machpunch","spore","rocktomb"],"nature":"Jolly","evs":{"hp":0,"atk":252,"def":0,"spa":0,"spd":4,"spe":252},"ivs":{"hp":31,"atk":31,"def":31,"spa":31,"spd":31,"spe":31}},{"name":"Gallade","species":"Gallade","item":"galladite","ability":"Justified","moves":["swordsdance","drainpunch","shadowsneak","knockoff"],"nature":"Jolly","evs":{"hp":0,"atk":252,"def":4,"spa":0,"spd":0,"spe":252},"ivs":{"hp":31,"atk":31,"def":31,"spa":31,"spd":31,"spe":31}},{"name":"Keldeo","species":"Keldeo","item":"leftovers","ability":"Justified","moves":["secretsword","scald","calmmind","substitute"],"nature":"Timid","evs":{"hp":0,"atk":0,"def":0,"spa":252,"spd":4,"spe":252},"ivs":{"hp":31,"atk":30,"def":31,"spa":30,"spd":31,"spe":30}},{"name":"Cobalion","species":"Cobalion","item":"leftovers","ability":"Justified","moves":["stealthrock","taunt","ironhead","thunderwave"],"nature":"Jolly","evs":{"hp":252,"atk":4,"def":0,"spa":0,"spd":0,"spe":252},"ivs":{"hp":31,"atk":0,"def":31,"spa":31,"spd":31,"spe":31}},{"name":"Terrakion","species":"Terrakion","item":"choicescarf","ability":"Justified","moves":["stoneedge","closecombat","earthquake","ironhead"],"nature":"Jolly","evs":{"hp":0,"atk":252,"def":0,"spa":0,"spd":4,"spe":252},"ivs":{"hp":31,"atk":31,"def":31,"spa":31,"spd":31,"spe":31}},{"name":"Heracross","species":"Heracross","item":"choicescarf","ability":"Guts","moves":["megahorn","bulletseed","earthquake","closecombat"],"nature":"Jolly","evs":{"hp":0,"atk":252,"def":0,"spa":0,"spd":4,"spe":252},"ivs":{"hp":31,"atk":31,"def":31,"spa":31,"spd":31,"spe":31}}],"p2team":[{"name":"Sceptile","species":"Sceptile","item":"choiceband","ability":"Unburden","moves":["leafblade","earthquake","outrage","thunderpunch"],"nature":"Jolly","evs":{"hp":0,"atk":252,"def":0,"spa":0,"spd":4,"spe":252},"ivs":{"hp":31,"atk":31,"def":31,"spa":31,"spd":31,"spe":31}},{"name":"Venusaur","species":"Venusaur","item":"venusaurite","ability":"Overgrow","moves":["curse","synthesis","earthquake","petalblizzard"],"nature":"Adamant","evs":{"hp":248,"atk":252,"def":0,"spa":0,"spd":8,"spe":0},"ivs":{"hp":31,"atk":31,"def":31,"spa":31,"spd":31,"spe":31}},{"name":"Ludicolo","species":"Ludicolo","item":"choicespecs","ability":"Own Tempo","moves":["energyball","hiddenpowerfire","surf","icebeam"],"nature":"Modest","evs":{"hp":0,"atk":0,"def":0,"spa":252,"spd":4,"spe":252},"ivs":{"hp":31,"atk":30,"def":31,"spa":30,"spd":31,"spe":30}},{"name":"Ferrothorn","species":"Ferrothorn","item":"rockyhelmet","ability":"Iron Barbs","moves":["leechseed","stealthrock","thunderwave","gyroball"],"nature":"Relaxed","evs":{"hp":252,"atk":0,"def":252,"spa":0,"spd":0,"spe":0},"ivs":{"hp":31,"atk":31,"def":31,"spa":31,"spd":31,"spe":0}},{"name":"Celebi","species":"Celebi","item":"lifeorb","ability":"Natural Cure","moves":["stealthrock","psychic","dazzlinggleam","gigadrain"],"nature":"Timid","evs":{"hp":0,"atk":0,"def":0,"spa":252,"spd":4,"spe":252},"ivs":{"hp":31,"atk":31,"def":31,"spa":31,"spd":31,"spe":31}},{"name":"Roserade","species":"Roserade","item":"choicescarf","ability":"Technician","moves":["sludgebomb","energyball","hiddenpowerice","shadowball"],"nature":"Modest","evs":{"hp":0,"atk":0,"def":0,"spa":252,"spd":0,"spe":252},"ivs":{"hp":31,"atk":30,"def":30,"spa":31,"spd":31,"spe":31}}],"log":["|player|p1|NotMajesticWurmple|180","|player|p2|KTN Photon|66","|gametype|singles","|gen|6","|tier|Monotype","|rated","|rule|Baton Pass Clause: Limit one Baton Passer, can't pass Spe and other stats simultaneously","|rule|Swagger Clause: Swagger is banned","|rule|Same Type Clause: Pokémon in a team must share a type","|clearpoke","|poke|p1|Breloom, F","|poke|p1|Gallade, M","|poke|p1|Keldeo","|poke|p1|Cobalion","|poke|p1|Terrakion","|poke|p1|Heracross, F","|poke|p2|Sceptile, M","|poke|p2|Venusaur, F","|poke|p2|Ludicolo, M","|poke|p2|Ferrothorn, M","|poke|p2|Celebi","|poke|p2|Roserade, M","|rule|Sleep Clause Mod: Limit one foe put to sleep","|rule|Species Clause: Limit one of each Pokémon","|rule|OHKO Clause: OHKO moves are banned","|rule|Moody Clause: Moody is banned","|rule|Evasion Moves Clause: Evasion moves are banned","|rule|Endless Battle Clause: Forcing endless battles is banned","|rule|HP Percentage Mod: HP is shown in percentages","|teampreview","|","|start","|switch|p1a: Cobalion|Cobalion|386/386","|switch|p2a: Roserade|Roserade, M|261/261","|turn|1","|","|switch|p2a: Celebi|Celebi|341/341","|move|p1a: Cobalion|Taunt|p2a: Celebi","|-start|p2a: Celebi|move: Taunt","|","|turn|2","|","|move|p1a: Cobalion|Thunder Wave|p2a: Celebi","|-status|p2a: Celebi|par","|cant|p2a: Celebi|par","|","|turn|3","|","|move|p1a: Cobalion|Stealth Rock|p2a: Celebi","|-sidestart|p2: KTN Photon|move: Stealth Rock","|move|p2a: Celebi|Psychic|p1a: Cobalion","|-crit|p1a: Cobalion","|-damage|p1a: Cobalion|51/386","|-damage|p2a: Celebi|307/341 par|[from] item: Life Orb","|","|-heal|p1a: Cobalion|75/386|[from] item: Leftovers","|-end|p2a: Celebi|move: Taunt","|turn|4","|","|switch|p2a: Ferrothorn|Ferrothorn, M|352/352","|-damage|p2a: Ferrothorn|330/352|[from] Stealth Rock","|move|p1a: Cobalion|Iron Head|p2a: Ferrothorn","|-resisted|p2a: Ferrothorn","|-damage|p2a: Ferrothorn|306/352","|-damage|p1a: Cobalion|27/386|[from] ability: Iron Barbs|[of] p2a: Ferrothorn","|-damage|p1a: Cobalion|0 fnt|[from] item: Rocky Helmet|[of] p2a: Ferrothorn","|faint|p1a: Cobalion","|","|","|switch|p1a: Gallade|Gallade, M|277/277","|turn|5","|","|detailschange|p1a: Gallade|Gallade-Mega, M","|-mega|p1a: Gallade|Gallade|Galladite","|move|p1a: Gallade|Swords Dance|p1a: Gallade","|-boost|p1a: Gallade|atk|2","|move|p2a: Ferrothorn|Thunder Wave|p1a: Gallade","|-status|p1a: Gallade|par","|","|turn|6","|","|move|p1a: Gallade|Drain Punch|p2a: Ferrothorn","|-supereffective|p2a: Ferrothorn","|-damage|p2a: Ferrothorn|0 fnt","|-damage|p1a: Gallade|243/277 par|[from] ability: Iron Barbs|[of] p2a: Ferrothorn","|-damage|p1a: Gallade|197/277 par|[from] item: Rocky Helmet|[of] p2a: Ferrothorn","|faint|p2a: Ferrothorn","|","|","|switch|p2a: Celebi|Celebi|307/341","|-damage|p2a: Celebi|265/341|[from] Stealth Rock","|turn|7","|","|move|p1a: Gallade|Shadow Sneak|p2a: Celebi","|-supereffective|p2a: Celebi","|-damage|p2a: Celebi|31/341","|move|p2a: Celebi|Dazzling Gleam|p1a: Gallade","|-supereffective|p1a: Gallade","|-damage|p1a: Gallade|12/277 par","|-damage|p2a: Celebi|0 fnt|[from] item: Life Orb","|faint|p2a: Celebi","|","|","|switch|p2a: Roserade|Roserade, M|261/261","|-damage|p2a: Roserade|229/261|[from] Stealth Rock","|turn|8","|","|move|p1a: Gallade|Shadow Sneak|p2a: Roserade","|-damage|p2a: Roserade|75/261","|move|p2a: Roserade|Energy Ball|p1a: Gallade","|-damage|p1a: Gallade|0 fnt","|faint|p1a: Gallade","|","|","|switch|p1a: Heracross|Heracross, F|301/301","|turn|9","|","|move|p1a: Heracross|Megahorn|p2a: Roserade","|-damage|p2a: Roserade|0 fnt","|faint|p2a: Roserade","|","|","|switch|p2a: Venusaur|Venusaur, F|363/363","|-damage|p2a: Venusaur|318/363|[from] Stealth Rock","|turn|10","|","|detailschange|p2a: Venusaur|Venusaur-Mega, F","|-mega|p2a: Venusaur|Venusaur|Venusaurite","|move|p1a: Heracross|Megahorn|p2a: Venusaur","|-damage|p2a: Venusaur|153/363","|move|p2a: Venusaur|Curse|p2a: Venusaur","|-unboost|p2a: Venusaur|spe|1","|-boost|p2a: Venusaur|atk|1","|-boost|p2a: Venusaur|def|1","|","|turn|11","|","|move|p1a: Heracross|Megahorn|p2a: Venusaur","|-damage|p2a: Venusaur|27/363","|move|p2a: Venusaur|Synthesis|p2a: Venusaur","|-heal|p2a: Venusaur|208/363","|","|turn|12","|","|move|p1a: Heracross|Megahorn|p2a: Venusaur","|-damage|p2a: Venusaur|82/363","|move|p2a: Venusaur|Synthesis|p2a: Venusaur","|-heal|p2a: Venusaur|263/363","|","|turn|13","|","|move|p1a: Heracross|Megahorn|p2a: Venusaur","|-damage|p2a: Venusaur|148/363","|move|p2a: Venusaur|Synthesis|p2a: Venusaur","|-heal|p2a: Venusaur|329/363","|","|turn|14","|","|move|p1a: Heracross|Megahorn|p2a: Venusaur","|-damage|p2a: Venusaur|211/363","|move|p2a: Venusaur|Curse|p2a: Venusaur","|-unboost|p2a: Venusaur|spe|1","|-boost|p2a: Venusaur|atk|1","|-boost|p2a: Venusaur|def|1","|","|turn|15","|","|move|p1a: Heracross|Megahorn|p2a: Venusaur","|-damage|p2a: Venusaur|124/363","|move|p2a: Venusaur|Curse|p2a: Venusaur","|-unboost|p2a: Venusaur|spe|1","|-boost|p2a: Venusaur|atk|1","|-boost|p2a: Venusaur|def|1","|","|turn|16","|","|move|p1a: Heracross|Megahorn|p2a: Venusaur","|-damage|p2a: Venusaur|52/363","|move|p2a: Venusaur|Synthesis|p2a: Venusaur","|-heal|p2a: Venusaur|233/363","|","|turn|17","|","|move|p1a: Heracross|Megahorn|p2a: Venusaur|[miss]","|-miss|p1a: Heracross|p2a: Venusaur","|move|p2a: Venusaur|Curse|p2a: Venusaur","|-unboost|p2a: Venusaur|spe|1","|-boost|p2a: Venusaur|atk|1","|-boost|p2a: Venusaur|def|1","|","|turn|18","|","|move|p1a: Heracross|Megahorn|p2a: Venusaur","|-damage|p2a: Venusaur|172/363","|move|p2a: Venusaur|Synthesis|p2a: Venusaur","|-heal|p2a: Venusaur|353/363","|","|turn|19","|","|move|p1a: Heracross|Megahorn|p2a: Venusaur","|-damage|p2a: Venusaur|292/363","|move|p2a: Venusaur|Petal Blizzard|p1a: Heracross","|-resisted|p1a: Heracross","|-damage|p1a: Heracross|13/301","|","|turn|20","|","|move|p1a: Heracross|Megahorn|p2a: Venusaur","|-damage|p2a: Venusaur|231/363","|move|p2a: Venusaur|Petal Blizzard|p1a: Heracross","|-crit|p1a: Heracross","|-resisted|p1a: Heracross","|-damage|p1a: Heracross|0 fnt","|faint|p1a: Heracross","|","|","|switch|p1a: Breloom|Breloom, F|261/261","|turn|21","|","|move|p1a: Breloom|Rock Tomb|p2a: Venusaur","|-damage|p2a: Venusaur|200/363","|-unboost|p2a: Venusaur|spe|1","|move|p2a: Venusaur|Petal Blizzard|p1a: Breloom","|-resisted|p1a: Breloom","|-enditem|p1a: Breloom|Focus Sash","|-damage|p1a: Breloom|1/261","|","|turn|22","|","|move|p1a: Breloom|Rock Tomb|p2a: Venusaur","|-damage|p2a: Venusaur|170/363","|-unboost|p2a: Venusaur|spe|1","|move|p2a: Venusaur|Synthesis|p2a: Venusaur","|-heal|p2a: Venusaur|351/363","|","|turn|23","|","|move|p1a: Breloom|Rock Tomb|p2a: Venusaur","|-damage|p2a: Venusaur|320/363","|move|p2a: Venusaur|Petal Blizzard|p1a: Breloom","|-resisted|p1a: Breloom","|-damage|p1a: Breloom|0 fnt","|faint|p1a: Breloom","|","|","|switch|p1a: Terrakion|Terrakion|323/323","|turn|24","|","|move|p1a: Terrakion|Stone Edge|p2a: Venusaur","|-damage|p2a: Venusaur|266/363","|move|p2a: Venusaur|Petal Blizzard|p1a: Terrakion","|-supereffective|p1a: Terrakion","|-damage|p1a: Terrakion|0 fnt","|faint|p1a: Terrakion","|","|","|win|KTN Photon"],"p1rating":{"entryid":"7524881","serverid":"eos","formatid":"monotype","userid":"notmajesticwurmple","username":"NotMajesticWurmple","w":"3","l":1,"t":"0","gxe":54.1,"r":"1500","rd":"130","sigma":"0","rptime":"1439110800","rpr":1532.1626473011,"rprd":109.08595873336,"rpsigma":"0","acre":1069.9838952801,"lacre":1069.9838952801,"oldacre":"1096.6648863681"},"p2rating":{"entryid":"6136999","serverid":"eos","formatid":"monotype","userid":"ktnphoton","username":"KTN Photon","w":6,"l":"6","t":"0","gxe":49.9,"r":"1542.73286248","rd":"132.15643978711","sigma":"0","rptime":"1439110800","rpr":1499.5523938289,"rprd":86.38755230268,"rpsigma":"0","acre":1098.4869581817,"lacre":1098.4869581817,"oldacre":"1065.6499084152"},"endType":"forfeit"}