{"seed":[47964,35451,51672,35188],"turns":32,"p1":"SailorStarshine","p2":"alliance - ed wins","p1team":[{"name":"Klefki","species":"Klefki","item":"choicescarf","ability":"Prankster","moves":["thunderwave","calmmind","switcheroo","drainingkiss"],"nature":"Bold","evs":{"hp":252,"atk":0,"def":252,"spa":4,"spd":0,"spe":0},"ivs":{"hp":31,"atk":31,"def":31,"spa":31,"spd":31,"spe":31}},{"name":"Togekiss","species":"Togekiss","item":"babiriberry","ability":"Serene Grace","moves":["flamethrower","airslash","roost","nastyplot"],"nature":"Calm","evs":{"hp":248,"atk":0,"def":0,"spa":8,"spd":252,"spe":0},"ivs":{"hp":31,"atk":31,"def":31,"spa":31,"spd":31,"spe":31}},{"name":"Gardevoir","species":"Gardevoir","item":"assaultvest","ability":"Trace","moves":["psychic","moonblast","focusblast","energyball"],"nature":"Modest","evs":{"hp":248,"atk":0,"def":0,"spa":252,"spd":8,"spe":0},"ivs":{"hp":31,"atk":31,"def":31,"spa":31,"spd":31,"spe":31}},{"name":"Azumarill","species":"Azumarill","item":"sitrusberry","ability":"Huge Power","moves":["playrough","aquatail","superpower","icepunch"],"nature":"Adamant","evs":{"hp":248,"atk":252,"def":0,"spa":0,"spd":8,"spe":0},"ivs":{"hp":31,"atk":31,"def":31,"spa":31,"spd":31,"spe":31}},{"name":"Whimsicott","species":"Whimsicott","item":"leftovers","ability":"Prankster","moves":["stunspore","encore","leechseed","uturn"],"nature":"Bold","evs":{"hp":252,"atk":0,"def":128,"spa":0,"spd":128,"spe":0},"ivs":{"hp":31,"atk":31,"def":31,"spa":31,"spd":31,"spe":31}},{"name":"Diancie","species":"Diancie","item":"diancite","ability":"Clear Body","moves":["moonblast","diamondstorm","earthpower","protect"],"nature":"","evs":{"hp":252,"atk":0,"def":0,"spa":252,"spd":4,"spe":0},"ivs":{"hp":31,"atk":31,"def":31,"spa":31,"spd":31,"spe":31}}],"p2team":[{"name":"Generic Fairy V2.1","species":"diancie","item":"leftovers","ability":"Clear Body","moves":["stealthrock","trickroom","diamondstorm","explosion"],"nature":"Brave","evs":{"hp":248,"atk":252,"def":8,"spa":0,"spd":0,"spe":0},"ivs":{"hp":31,"atk":31,"def":31,"spa":31,"spd":31,"spe":0}},{"name":"Anon Twink","species":"sylveon","item":"choicespecs","ability":"Pixilate","moves":["hypervoice","hiddenpowerfire","psyshock","shadowball"],"nature":"Quiet","evs":{"hp":248,"atk":0,"def":8,"spa":252,"spd":0,"spe":0},"gender":"M","ivs":{"hp":31,"atk":0,"def":31,"spa":30,"spd":31,"spe":0}},{"name":"Urine Trouble","species":"azumarill","item":"lifeorb","ability":"Huge Power","moves":["playrough","waterfall","superpower","aquajet"],"nature":"Brave","evs":{"hp":248,"atk":252,"def":0,"spa":0,"spd":8,"spe":0},"gender":"M","ivs":{"hp":31,"atk":31,"def":31,"spa":31,"spd":31,"spe":0},"shiny":true},{"name":"Gardevoir-Senpai","species":"gardevoir","item":"gardevoirite","ability":"Trace","moves":["hypervoice","focusblast","trickroom","healingwish"],"nature":"Quiet","evs":{"hp":248,"atk":0,"def":8,"spa":252,"spd":0,"spe":0},"gender":"M","ivs":{"hp":31,"atk":0,"def":31,"spa":31,"spd":31,"spe":0},"shiny":true},{"name":"Janitors Fren","species":"klefki","item":"lightclay","ability":"Prankster","moves":["reflect","lightscreen","foulplay","spikes"],"nature":"Bold","evs":{"hp":248,"atk":0,"def":252,"spa":0,"spd":8,"spe":0},"ivs":{"hp":31,"atk":0,"def":31,"spa":31,"spd":31,"spe":31}},{"name":"'Murica","species":"togekiss","item":"choicescarf","ability":"Serene Grace","moves":["airslash","fireblast","dazzlinggleam","trick"],"nature":"Timid","evs":{"hp":0,"atk":0,"def":0,"spa":252,"spd":4,"spe":252},"ivs":{"hp":31,"atk":0,"def":31,"spa":31,"spd":31,"spe":31}}],"log":["|player|p1|SailorStarshine|101","|player|p2|alliance - ed wins|allianceedwins.gif","|gametype|singles","|gen|6","|tier|Monotype","|rated","|rule|Baton Pass Clause: Limit one Baton Passer, can't pass Spe and other stats simultaneously","|rule|Swagger Clause: Swagger is banned","|rule|Same Type Clause: Pokémon in a team must share a type","|clearpoke","|poke|p1|Klefki, M","|poke|p1|Togekiss, M","|poke|p1|Gardevoir, F","|poke|p1|Azumarill, F","|poke|p1|Whimsicott, F","|poke|p1|Diancie","|poke|p2|Diancie","|poke|p2|Sylveon, M","|poke|p2|Azumarill, M, shiny","|poke|p2|Gardevoir, M, shiny","|poke|p2|Klefki, F","|poke|p2|Togekiss, M","|rule|Sleep Clause Mod: Limit one foe put to sleep","|rule|Species Clause: Limit one of each Pokémon","|rule|OHKO Clause: OHKO moves are banned","|rule|Moody Clause: Moody is banned","|rule|Evasion Moves Clause: Evasion moves are banned","|rule|Endless Battle Clause: Forcing endless battles is banned","|rule|HP Percentage Mod: HP is shown in percentages","|teampreview","|","|start","|switch|p1a: Klefki|Klefki, M|318/318","|switch|p2a: Janitors Fren|Klefki, F|317/317","|turn|1","|","|move|p1a: Klefki|Switcheroo|p2a: Janitors Fren","|-activate|p1a: Klefki|move: Trick|[of] p2a: Janitors Fren","|-item|p2a: Janitors Fren|Choice Scarf|[from] Trick","|-item|p1a: Klefki|Light Clay|[from] Trick","|move|p2a: Janitors Fren|Spikes|p1a: Klefki","|-sidestart|p1: SailorStarshine|Spikes","|","|turn|2","|","|move|p2a: Janitors Fren|Spikes|p1a: Klefki","|-sidestart|p1: SailorStarshine|Spikes","|move|p1a: Klefki|Thunder Wave|p2a: Janitors Fren","|-status|p2a: Janitors Fren|par","|","|turn|3","|","|switch|p1a: Togekiss|Togekiss, M|373/373","|cant|p2a: Janitors Fren|par","|","|turn|4","|","|switch|p2a: Generic Fairy V2.1|Diancie|303/303","|move|p1a: Togekiss|Nasty Plot|p1a: Togekiss","|-boost|p1a: Togekiss|spa|2","|","|turn|5","|","|switch|p1a: Klefki|Klefki, M|318/318","|-damage|p1a: Klefki|265/318|[from] Spikes","|move|p2a: Generic Fairy V2.1|Trick Room|p2a: Generic Fairy V2.1","|-fieldstart|move: Trick Room|[of] p2a: Generic Fairy V2.1","|","|turn|6","|","|switch|p2a: Janitors Fren|Klefki, F|317/317 par","|move|p1a: Klefki|Thunder Wave|p2a: Janitors Fren","|-fail|p2a: Janitors Fren|par","|","|turn|7","|","|switch|p1a: Whimsicott|Whimsicott, F|324/324","|-damage|p1a: Whimsicott|270/324|[from] Spikes","|move|p2a: Janitors Fren|Spikes|p1a: Whimsicott","|-sidestart|p1: SailorStarshine|Spikes","|","|-heal|p1a: Whimsicott|290/324|[from] item: Leftovers","|turn|8","|","|switch|p2a: Anon Twink|Sylveon, M|393/393","|move|p1a: Whimsicott|Leech Seed|p2a: Anon Twink","|-start|p2a: Anon Twink|move: Leech Seed","|","|-heal|p1a: Whimsicott|310/324|[from] item: Leftovers","|-damage|p2a: Anon Twink|344/393|[from] Leech Seed|[of] p1a: Whimsicott","|-heal|p1a: Whimsicott|324/324|[silent]","|turn|9","|","|move|p1a: Whimsicott|Stun Spore|p2a: Anon Twink|[miss]","|-miss|p1a: Whimsicott|p2a: Anon Twink","|move|p2a: Anon Twink|Hyper Voice|p1a: Whimsicott","|-damage|p1a: Whimsicott|12/324","|","|-heal|p1a: Whimsicott|32/324|[from] item: Leftovers","|-damage|p2a: Anon Twink|295/393|[from] Leech Seed|[of] p1a: Whimsicott","|-heal|p1a: Whimsicott|81/324|[silent]","|-fieldend|move: Trick Room","|turn|10","|","|move|p1a: Whimsicott|Stun Spore|p2a: Anon Twink","|-status|p2a: Anon Twink|par","|move|p2a: Anon Twink|Hyper Voice|p1a: Whimsicott","|-damage|p1a: Whimsicott|0 fnt","|faint|p1a: Whimsicott","|","|","|switch|p1a: Gardevoir|Gardevoir, F|339/339","|-damage|p1a: Gardevoir|255/339|[from] Spikes","|-ability|p1a: Gardevoir|Pixilate|[from] ability: Trace|[of] p2a: Anon Twink","|turn|11","|","|switch|p2a: Janitors Fren|Klefki, F|317/317 par","|move|p1a: Gardevoir|Moonblast|p2a: Janitors Fren","|-resisted|p2a: Janitors Fren","|-damage|p2a: Janitors Fren|217/317 par","|-unboost|p2a: Janitors Fren|spa|1","|","|turn|12","|","|move|p2a: Janitors Fren|Light Screen|p2a: Janitors Fren","|-sidestart|p2: alliance - ed wins|move: Light Screen","|move|p1a: Gardevoir|Focus Blast|p2a: Janitors Fren","|-damage|p2a: Janitors Fren|135/317 par","|","|turn|13","|","|switch|p2a: Gardevoir-Senpai|Gardevoir, M, shiny|339/339","|-ability|p2a: Gardevoir-Senpai|Pixilate|[from] ability: Trace|[of] p1a: Gardevoir","|move|p1a: Gardevoir|Moonblast|p2a: Gardevoir-Senpai","|-damage|p2a: Gardevoir-Senpai|264/339","|","|turn|14","|","|switch|p1a: Klefki|Klefki, M|265/318","|-damage|p1a: Klefki|186/318|[from] Spikes","|detailschange|p2a: Gardevoir-Senpai|Gardevoir-Mega, M, shiny","|-mega|p2a: Gardevoir-Senpai|Gardevoir|Gardevoirite","|move|p2a: Gardevoir-Senpai|Trick Room|p2a: Gardevoir-Senpai","|-fieldstart|move: Trick Room|[of] p2a: Gardevoir-Senpai","|","|turn|15","|","|switch|p2a: Anon Twink|Sylveon, M|295/393 par","|move|p1a: Klefki|Thunder Wave|p2a: Anon Twink","|-fail|p2a: Anon Twink|par","|","|turn|16","|","|move|p1a: Klefki|Calm Mind|p1a: Klefki","|-boost|p1a: Klefki|spa|1","|-boost|p1a: Klefki|spd|1","|move|p2a: Anon Twink|Hyper Voice|p1a: Klefki","|-resisted|p1a: Klefki","|-damage|p1a: Klefki|81/318","|","|-sideend|p2: alliance - ed wins|move: Light Screen","|turn|17","|","|move|p2a: Anon Twink|Hyper Voice|p1a: Klefki","|-resisted|p1a: Klefki","|-damage|p1a: Klefki|0 fnt","|faint|p1a: Klefki","|","|","|switch|p1a: Diancie|Diancie|304/304","|-damage|p1a: Diancie|228/304|[from] Spikes","|turn|18","|","|switch|p2a: Janitors Fren|Klefki, F|135/317 par","|detailschange|p1a: Diancie|Diancie-Mega","|-mega|p1a: Diancie|Diancie|Diancite","|move|p1a: Diancie|Diamond Storm|p2a: Janitors Fren","|-resisted|p2a: Janitors Fren","|-damage|p2a: Janitors Fren|67/317 par","|-boost|p1a: Diancie|def|1","|","|-fieldend|move: Trick Room","|turn|19","|","|move|p2a: Janitors Fren|Light Screen|p2a: Janitors Fren","|-sidestart|p2: alliance - ed wins|move: Light Screen","|move|p1a: Diancie|Earth Power|p2a: Janitors Fren","|-supereffective|p2a: Janitors Fren","|-damage|p2a: Janitors Fren|0 fnt","|faint|p2a: Janitors Fren","|","|","|switch|p2a: Urine Trouble|Azumarill, M, shiny|403/403","|turn|20","|","|move|p1a: Diancie|Protect|p1a: Diancie","|-singleturn|p1a: Diancie|Protect","|move|p2a: Urine Trouble|Aqua Jet|p1a: Diancie","|-activate|p1a: Diancie|Protect","|","|turn|21","|","|move|p2a: Urine Trouble|Aqua Jet|p1a: Diancie","|-supereffective|p1a: Diancie","|-damage|p1a: Diancie|77/304","|-damage|p2a: Urine Trouble|363/403|[from] item: Life Orb","|move|p1a: Diancie|Diamond Storm|p2a: Urine Trouble","|-damage|p2a: Urine Trouble|164/403","|-boost|p1a: Diancie|def|1","|","|turn|22","|","|move|p1a: Diancie|Protect|p1a: Diancie","|-singleturn|p1a: Diancie|Protect","|move|p2a: Urine Trouble|Aqua Jet|p1a: Diancie","|-activate|p1a: Diancie|Protect","|","|turn|23","|","|move|p2a: Urine Trouble|Aqua Jet|p1a: Diancie","|-supereffective|p1a: Diancie","|-damage|p1a: Diancie|0 fnt","|-damage|p2a: Urine Trouble|124/403|[from] item: Life Orb","|faint|p1a: Diancie","|","|-sideend|p2: alliance - ed wins|move: Light Screen","|","|switch|p1a: Azumarill|Azumarill, F|403/403","|-damage|p1a: Azumarill|303/403|[from] Spikes","|turn|24","|","|move|p1a: Azumarill|Play Rough|p2a: Urine Trouble","|-damage|p2a: Urine Trouble|0 fnt","|faint|p2a: Urine Trouble","|","|","|switch|p2a: 'Murica|Togekiss, M|311/311","|turn|25","|","|move|p2a: 'Murica|Trick|p1a: Azumarill","|-activate|p2a: 'Murica|move: Trick|[of] p1a: Azumarill","|-item|p1a: Azumarill|Choice Scarf|[from] move: Trick","|-item|p2a: 'Murica|Sitrus Berry|[from] move: Trick","|move|p1a: Azumarill|Ice Punch|p2a: 'Murica","|-supereffective|p2a: 'Murica","|-damage|p2a: 'Murica|65/311","|-enditem|p2a: 'Murica|Sitrus Berry|[eat]","|-heal|p2a: 'Murica|142/311|[from] item: Sitrus Berry","|","|turn|26","|","|move|p2a: 'Murica|Air Slash|p1a: Azumarill","|-damage|p1a: Azumarill|140/403","|cant|p1a: Azumarill|flinch","|","|turn|27","|","|move|p2a: 'Murica|Air Slash|p1a: Azumarill","|-damage|p1a: Azumarill|0 fnt","|faint|p1a: Azumarill","|","|","|switch|p1a: Togekiss|Togekiss, M|373/373","|turn|28","|","|switch|p2a: Generic Fairy V2.1|Diancie|303/303","|move|p1a: Togekiss|Air Slash|p2a: Generic Fairy V2.1","|-resisted|p2a: Generic Fairy V2.1","|-damage|p2a: Generic Fairy V2.1|269/303","|","|-heal|p2a: Generic Fairy V2.1|287/303|[from] item: Leftovers","|turn|29","|","|move|p1a: Togekiss|Nasty Plot|p1a: Togekiss","|-boost|p1a: Togekiss|spa|2","|move|p2a: Generic Fairy V2.1|Trick Room|p2a: Generic Fairy V2.1","|-fieldstart|move: Trick Room|[of] p2a: Generic Fairy V2.1","|","|-heal|p2a: Generic Fairy V2.1|303/303|[from] item: Leftovers","|turn|30","|","|move|p2a: Generic Fairy V2.1|Diamond Storm|p1a: Togekiss","|-supereffective|p1a: Togekiss","|-damage|p1a: Togekiss|41/373","|-boost|p2a: Generic Fairy V2.1|def|1","|move|p1a: Togekiss|Air Slash|p2a: Generic Fairy V2.1","|-resisted|p2a: Generic Fairy V2.1","|-damage|p2a: Generic Fairy V2.1|227/303","|","|-heal|p2a: Generic Fairy V2.1|245/303|[from] item: Leftovers","|turn|31","|","|move|p2a: Generic Fairy V2.1|Diamond Storm|p1a: Togekiss","|-supereffective|p1a: Togekiss","|-damage|p1a: Togekiss|0 fnt","|faint|p1a: Togekiss","|","|-heal|p2a: Generic Fairy V2.1|263/303|[from] item: Leftovers","|","|switch|p1a: Gardevoir|Gardevoir, F|255/339","|-damage|p1a: Gardevoir|171/339|[from] Spikes","|-ability|p1a: Gardevoir|Clear Body|[from] ability: Trace|[of] p2a: Generic Fairy V2.1","|turn|32","|","|move|p2a: Generic Fairy V2.1|Explosion|p1a: Gardevoir","|-damage|p1a: Gardevoir|0 fnt","|faint|p2a: Generic Fairy V2.1","|faint|p1a: Gardevoir","|","|win|alliance - ed wins"],"p1rating":{"entryid":"7452383","serverid":"eos","formatid":"monotype","userid":"sailorstarshine","username":"SailorStarshine","w":"12","l":9,"t":"0","gxe":55.3,"r":"1482.7234913852","rd":"96.172586501384","sigma":"0","rptime":"1439197200","rpr":1540.8757265044,"rprd":68.810811667221,"rpsigma":"0","acre":1150.6797335818,"lacre":1150.6797335818,"oldacre":"1166.3421138176"},"p2rating":{"entryid":"7432721","serverid":"eos","formatid":"monotype","userid":"allianceedwins","username":"alliance - ed wins","w":23,"l":"5","t":"0","gxe":74.8,"r":"1703.2731773615","rd":"65.744931179097","sigma":"0","rptime":"1439197200","rpr":1708.598388879,"rprd":64.997546536544,"rpsigma":"0","acre":1315.2369876262,"lacre":1315.2369876262,"oldacre":"1302.7070834376"},"endType":"normal"}