{"seed":[27863,6360,28721,8318],"turns":30,"p1":"DSV","p2":"Zukushiku","p1team":[{"name":"Fierce Deity","species":"gallade","item":"galladite","ability":"Steadfast","moves":["swordsdance","knockoff","psychocut","drainpunch"],"nature":"Jolly","evs":{"hp":0,"atk":252,"def":0,"spa":0,"spd":4,"spe":252},"shiny":true,"ivs":{"hp":31,"atk":31,"def":31,"spa":31,"spd":31,"spe":31}},{"name":"Bully","species":"terrakion","item":"choicescarf","ability":"Justified","moves":["stoneedge","earthquake","ironhead","closecombat"],"nature":"Adamant","evs":{"hp":0,"atk":252,"def":0,"spa":0,"spd":4,"spe":252},"ivs":{"hp":31,"atk":31,"def":31,"spa":31,"spd":31,"spe":31}},{"name":"St.Louis","species":"cobalion","item":"leftovers","ability":"Justified","moves":["taunt","thunderwave","stealthrock","ironhead"],"nature":"Jolly","evs":{"hp":252,"atk":4,"def":0,"spa":0,"spd":0,"spe":252},"shiny":true,"ivs":{"hp":31,"atk":31,"def":31,"spa":31,"spd":31,"spe":31}},{"name":"Maiden Shi","species":"mienshao","item":"lifeorb","ability":"Regenerator","moves":["highjumpkick","uturn","knockoff","poisonjab"],"nature":"Jolly","evs":{"hp":0,"atk":252,"def":0,"spa":0,"spd":4,"spe":252},"gender":"F","shiny":true,"ivs":{"hp":31,"atk":31,"def":31,"spa":31,"spd":31,"spe":31}},{"name":"Haxloom","species":"breloom","item":"focussash","ability":"Technician","moves":["spore","swordsdance","bulletseed","machpunch"],"nature":"Jolly","evs":{"hp":0,"atk":252,"def":0,"spa":0,"spd":4,"spe":252},"gender":"M","shiny":true,"ivs":{"hp":31,"atk":31,"def":31,"spa":31,"spd":31,"spe":31}},{"name":"Hydro","species":"keldeoresolute","item":"choicespecs","ability":"Justified","moves":["scald","hiddenpowerghost","icywind","secretsword"],"nature":"Timid","evs":{"hp":0,"atk":0,"def":0,"spa":252,"spd":4,"spe":252},"ivs":{"hp":31,"atk":31,"def":30,"spa":31,"spd":30,"spe":31},"shiny":true}],"p2team":[{"name":"Diancie","species":"Diancie","item":"diancite","ability":"Clear Body","moves":["rockpolish","moonblast","diamondstorm","earthpower"],"nature":"Rash","evs":{"hp":44,"atk":32,"def":0,"spa":252,"spd":0,"spe":180},"ivs":{"hp":31,"atk":31,"def":31,"spa":31,"spd":31,"spe":31}},{"name":"Gardevoir","species":"Gardevoir","item":"choicescarf","ability":"Trace","moves":["psychic","thunderbolt","focusblast","trick"],"nature":"Timid","evs":{"hp":0,"atk":0,"def":4,"spa":252,"spd":0,"spe":252},"shiny":true,"ivs":{"hp":31,"atk":31,"def":31,"spa":31,"spd":31,"spe":31}},{"name":"Klefki","species":"Klefki","item":"lightclay","ability":"Prankster","moves":["lightscreen","reflect","foulplay","thunderwave"],"nature":"Bold","evs":{"hp":248,"atk":0,"def":252,"spa":0,"spd":8,"spe":0},"ivs":{"hp":31,"atk":31,"def":31,"spa":31,"spd":31,"spe":31}},{"name":"Clefable","species":"Clefable","item":"leftovers","ability":"Unaware","moves":["moonlight","stealthrock","moonblast","fireblast"],"nature":"Bold","evs":{"hp":248,"atk":0,"def":252,"spa":0,"spd":0,"spe":4},"ivs":{"hp":31,"atk":0,"def":31,"spa":31,"spd":31,"spe":31}},{"name":"Azumarill","species":"Azumarill","item":"choiceband","ability":"Huge Power","moves":["playrough","waterfall","aquajet","superpower"],"nature":"Adamant","evs":{"hp":172,"atk":252,"def":0,"spa":0,"spd":0,"spe":84},"shiny":true,"ivs":{"hp":31,"atk":31,"def":31,"spa":31,"spd":31,"spe":31}},{"name":"Togekiss","species":"Togekiss","item":"leftovers","ability":"Serene Grace","moves":["nastyplot","airslash","thunderwave","roost"],"nature":"Timid","evs":{"hp":248,"atk":0,"def":76,"spa":0,"spd":8,"spe":176},"shiny":true,"ivs":{"hp":31,"atk":31,"def":31,"spa":31,"spd":31,"spe":31}}],"log":["|player|p1|DSV|159","|player|p2|Zukushiku|zukushiku.png","|gametype|singles","|gen|6","|tier|Monotype","|rated","|rule|Baton Pass Clause: Limit one Baton Passer, can't pass Spe and other stats simultaneously","|rule|Swagger Clause: Swagger is banned","|rule|Same Type Clause: Pokémon in a team must share a type","|clearpoke","|poke|p1|Gallade, M, shiny","|poke|p1|Terrakion","|poke|p1|Cobalion, shiny","|poke|p1|Mienshao, F, shiny","|poke|p1|Breloom, M, shiny","|poke|p1|Keldeo-Resolute, shiny","|poke|p2|Diancie","|poke|p2|Gardevoir, M, shiny","|poke|p2|Klefki, M","|poke|p2|Clefable, F","|poke|p2|Azumarill, F, shiny","|poke|p2|Togekiss, M, shiny","|rule|Sleep Clause Mod: Limit one foe put to sleep","|rule|Species Clause: Limit one of each Pokémon","|rule|OHKO Clause: OHKO moves are banned","|rule|Moody Clause: Moody is banned","|rule|Evasion Moves Clause: Evasion moves are banned","|rule|Endless Battle Clause: Forcing endless battles is banned","|rule|HP Percentage Mod: HP is shown in percentages","|teampreview","|","|start","|switch|p1a: St.Louis|Cobalion, shiny|386/386","|switch|p2a: Klefki|Klefki, M|317/317","|turn|1","|","|move|p2a: Klefki|Thunder Wave|p1a: St.Louis","|-status|p1a: St.Louis|par","|move|p1a: St.Louis|Taunt|p2a: Klefki","|-start|p2a: Klefki|move: Taunt","|","|turn|2","|","|switch|p2a: Clefable|Clefable, F|393/393","|move|p1a: St.Louis|Thunder Wave|p2a: Clefable","|-status|p2a: Clefable|par","|","|turn|3","|","|move|p1a: St.Louis|Taunt|p2a: Clefable","|-start|p2a: Clefable|move: Taunt","|cant|p2a: Clefable|move: Taunt|Stealth Rock","|","|turn|4","|","|switch|p2a: Klefki|Klefki, M|317/317","|move|p1a: St.Louis|Stealth Rock|p2a: Klefki","|-sidestart|p2: Zukushiku|move: Stealth Rock","|","|turn|5","|","|move|p2a: Klefki|Reflect|p2a: Klefki","|-sidestart|p2: Zukushiku|Reflect","|cant|p1a: St.Louis|par","|","|turn|6","|","|switch|p2a: Clefable|Clefable, F|393/393 par","|-damage|p2a: Clefable|344/393 par|[from] Stealth Rock","|cant|p1a: St.Louis|par","|","|-heal|p2a: Clefable|368/393 par|[from] item: Leftovers","|turn|7","|","|move|p1a: St.Louis|Taunt|p2a: Clefable","|-start|p2a: Clefable|move: Taunt","|cant|p2a: Clefable|par","|","|-heal|p2a: Clefable|392/393 par|[from] item: Leftovers","|turn|8","|","|cant|p1a: St.Louis|par","|move|p2a: Clefable|Fire Blast|p1a: St.Louis","|-supereffective|p1a: St.Louis","|-damage|p1a: St.Louis|156/386 par","|","|-heal|p1a: St.Louis|180/386 par|[from] item: Leftovers","|-heal|p2a: Clefable|393/393 par|[from] item: Leftovers","|turn|9","|","|cant|p1a: St.Louis|par","|cant|p2a: Clefable|par","|","|-heal|p1a: St.Louis|204/386 par|[from] item: Leftovers","|-end|p2a: Clefable|move: Taunt","|turn|10","|","|move|p1a: St.Louis|Iron Head|p2a: Clefable","|-supereffective|p2a: Clefable","|-damage|p2a: Clefable|318/393 par","|cant|p2a: Clefable|par","|","|-heal|p1a: St.Louis|228/386 par|[from] item: Leftovers","|-heal|p2a: Clefable|342/393 par|[from] item: Leftovers","|turn|11","|","|switch|p1a: Hydro|Keldeo-Resolute, shiny|323/323","|move|p2a: Clefable|Fire Blast|p1a: Hydro","|-resisted|p1a: Hydro","|-damage|p1a: Hydro|274/323","|","|-heal|p2a: Clefable|366/393 par|[from] item: Leftovers","|turn|12","|","|move|p1a: Hydro|Scald|p2a: Clefable","|-damage|p2a: Clefable|125/393 par","|cant|p2a: Clefable|par","|","|-heal|p2a: Clefable|149/393 par|[from] item: Leftovers","|-sideend|p2: Zukushiku|Reflect","|turn|13","|","|switch|p2a: Gardevoir|Gardevoir, M, shiny|277/277","|-damage|p2a: Gardevoir|243/277|[from] Stealth Rock","|-ability|p2a: Gardevoir|Justified|[from] ability: Trace|[of] p1a: Hydro","|move|p1a: Hydro|Scald|p2a: Gardevoir","|-damage|p2a: Gardevoir|69/277","|","|turn|14","|","|switch|p1a: Haxloom|Breloom, M, shiny|261/261","|move|p2a: Gardevoir|Psychic|p1a: Haxloom","|-supereffective|p1a: Haxloom","|-enditem|p1a: Haxloom|Focus Sash","|-damage|p1a: Haxloom|1/261","|-unboost|p1a: Haxloom|spd|1","|","|turn|15","|","|move|p1a: Haxloom|Mach Punch|p2a: Gardevoir","|-resisted|p2a: Gardevoir","|-damage|p2a: Gardevoir|28/277","|move|p2a: Gardevoir|Psychic|p1a: Haxloom","|-supereffective|p1a: Haxloom","|-damage|p1a: Haxloom|0 fnt","|faint|p1a: Haxloom","|","|","|switch|p1a: St.Louis|Cobalion, shiny|228/386 par","|turn|16","|","|move|p2a: Gardevoir|Psychic|p1a: St.Louis","|-damage|p1a: St.Louis|36/386 par","|move|p1a: St.Louis|Iron Head|p2a: Gardevoir","|-crit|p2a: Gardevoir","|-supereffective|p2a: Gardevoir","|-damage|p2a: Gardevoir|0 fnt","|faint|p2a: Gardevoir","|","|-heal|p1a: St.Louis|60/386 par|[from] item: Leftovers","|","|switch|p2a: Togekiss|Togekiss, M, shiny|373/373","|-damage|p2a: Togekiss|280/373|[from] Stealth Rock","|turn|17","|","|move|p2a: Togekiss|Air Slash|p1a: St.Louis","|-damage|p1a: St.Louis|0 fnt","|faint|p1a: St.Louis","|","|-heal|p2a: Togekiss|303/373|[from] item: Leftovers","|","|switch|p1a: Bully|Terrakion|323/323","|turn|18","|","|move|p1a: Bully|Iron Head|p2a: Togekiss","|-supereffective|p2a: Togekiss","|-damage|p2a: Togekiss|105/373","|cant|p2a: Togekiss|flinch","|","|-heal|p2a: Togekiss|128/373|[from] item: Leftovers","|turn|19","|","|switch|p2a: Klefki|Klefki, M|317/317","|-damage|p2a: Klefki|298/317|[from] Stealth Rock","|move|p1a: Bully|Iron Head|p2a: Klefki","|-damage|p2a: Klefki|221/317","|","|turn|20","|","|switch|p1a: Hydro|Keldeo-Resolute, shiny|274/323","|move|p2a: Klefki|Thunder Wave|p1a: Hydro","|-status|p1a: Hydro|par","|","|turn|21","|","|switch|p2a: Clefable|Clefable, F|149/393 par","|-damage|p2a: Clefable|100/393 par|[from] Stealth Rock","|cant|p1a: Hydro|par","|","|-heal|p2a: Clefable|124/393 par|[from] item: Leftovers","|turn|22","|","|cant|p1a: Hydro|par","|move|p2a: Clefable|Moonblast|p1a: Hydro","|-supereffective|p1a: Hydro","|-damage|p1a: Hydro|56/323 par","|","|-heal|p2a: Clefable|148/393 par|[from] item: Leftovers","|turn|23","|","|move|p1a: Hydro|Scald|p2a: Clefable","|-damage|p2a: Clefable|0 fnt","|faint|p2a: Clefable","|","|","|switch|p2a: Azumarill|Azumarill, F, shiny|384/384","|-damage|p2a: Azumarill|336/384|[from] Stealth Rock","|turn|24","|","|move|p2a: Azumarill|Play Rough|p1a: Hydro","|-supereffective|p1a: Hydro","|-damage|p1a: Hydro|0 fnt","|faint|p1a: Hydro","|","|","|switch|p1a: Maiden Shi|Mienshao, F, shiny|271/271","|turn|25","|","|switch|p2a: Klefki|Klefki, M|221/317","|-damage|p2a: Klefki|202/317|[from] Stealth Rock","|move|p1a: Maiden Shi|Poison Jab|p2a: Klefki","|-immune|p2a: Klefki|[msg]","|","|turn|26","|","|move|p2a: Klefki|Reflect|p2a: Klefki","|-sidestart|p2: Zukushiku|Reflect","|move|p1a: Maiden Shi|High Jump Kick|p2a: Klefki","|-crit|p2a: Klefki","|-damage|p2a: Klefki|0 fnt","|-damage|p1a: Maiden Shi|244/271|[from] item: Life Orb","|faint|p2a: Klefki","|","|","|switch|p2a: Diancie|Diancie|252/252","|-damage|p2a: Diancie|221/252|[from] Stealth Rock","|turn|27","|","|move|p1a: Maiden Shi|High Jump Kick|p2a: Diancie","|-damage|p2a: Diancie|121/252","|-damage|p1a: Maiden Shi|217/271|[from] item: Life Orb","|move|p2a: Diancie|Rock Polish|p2a: Diancie","|-boost|p2a: Diancie|spe|2","|","|turn|28","|","|detailschange|p2a: Diancie|Diancie-Mega","|-mega|p2a: Diancie|Diancie|Diancite","|move|p2a: Diancie|Moonblast|p1a: Maiden Shi","|-supereffective|p1a: Maiden Shi","|-damage|p1a: Maiden Shi|0 fnt","|faint|p1a: Maiden Shi","|","|","|switch|p1a: Bully|Terrakion|323/323","|turn|29","|","|move|p2a: Diancie|Moonblast|p1a: Bully","|-supereffective|p1a: Bully","|-damage|p1a: Bully|0 fnt","|faint|p1a: Bully","|","|","|switch|p1a: Fierce Deity|Gallade, M, shiny|277/277","|turn|30","|","|move|p2a: Diancie|Moonblast|p1a: Fierce Deity","|-supereffective|p1a: Fierce Deity","|-damage|p1a: Fierce Deity|0 fnt","|faint|p1a: Fierce Deity","|","|win|Zukushiku"],"p1rating":{"entryid":"6124841","serverid":"eos","formatid":"monotype","userid":"dsv","username":"DSV","w":"45","l":21,"t":"0","gxe":71.3,"r":"1687.7770826039","rd":"49.681519463303","sigma":"0","rptime":"1439197200","rpr":1672.943795569,"rprd":48.738986796186,"rpsigma":"0","acre":1317.0528085961,"lacre":1317.0528085961,"oldacre":"1339.1321394319"},"p2rating":{"entryid":"7076911","serverid":"eos","formatid":"monotype","userid":"zukushiku","username":"Zukushiku","w":43,"l":"19","t":"0","gxe":69,"r":"1641.7773921927","rd":"46.577945597731","sigma":"0","rptime":"1439197200","rpr":1652.1236009759,"rprd":45.881146778778,"rpsigma":"0","acre":1324.9587964134,"lacre":1324.9587964134,"oldacre":"1302.8794655776"},"endType":"normal"}