{"seed":[2325,27373,16725,29189],"turns":36,"p1":"tboltrider","p2":"SailorStarshine","p1team":[{"name":"Altaria","species":"Altaria","item":"altarianite","ability":"Natural Cure","moves":["hypervoice","roost","flamethrower","healbell"],"nature":"Modest","evs":{"hp":0,"atk":0,"def":104,"spa":252,"spd":0,"spe":152},"gender":"F","ivs":{"hp":31,"atk":31,"def":31,"spa":31,"spd":31,"spe":31}},{"name":"Landorus-Therian","species":"Landorus-Therian","item":"assaultvest","ability":"Intimidate","moves":["earthquake","knockoff","uturn","stoneedge"],"nature":"Jolly","evs":{"hp":0,"atk":56,"def":0,"spa":0,"spd":200,"spe":252},"ivs":{"hp":31,"atk":31,"def":31,"spa":31,"spd":31,"spe":31}},{"name":"Skarmory","species":"Skarmory","item":"rockyhelmet","ability":"Sturdy","moves":["roost","swordsdance","stealthrock","ironhead"],"nature":"Jolly","evs":{"hp":0,"atk":128,"def":0,"spa":0,"spd":248,"spe":132},"gender":"M","ivs":{"hp":31,"atk":31,"def":31,"spa":31,"spd":31,"spe":31}},{"name":"Togekiss","species":"Togekiss","item":"leftovers","ability":"Serene Grace","moves":["aurasphere","airslash","softboiled","thunderwave"],"nature":"Modest","evs":{"hp":0,"atk":0,"def":148,"spa":108,"spd":0,"spe":252},"gender":"F","ivs":{"hp":31,"atk":31,"def":31,"spa":31,"spd":31,"spe":31}},{"name":"Mandibuzz","species":"Mandibuzz","item":"weaknesspolicy","ability":"Big Pecks","moves":["bravebird","defog","foulplay","taunt"],"nature":"Adamant","evs":{"hp":0,"atk":232,"def":0,"spa":0,"spd":156,"spe":120},"ivs":{"hp":31,"atk":31,"def":31,"spa":31,"spd":31,"spe":31}},{"name":"Hawlucha","species":"Hawlucha","item":"sitrusberry","ability":"Unburden","moves":["swordsdance","acrobatics","highjumpkick","substitute"],"nature":"Careful","evs":{"hp":12,"atk":252,"def":0,"spa":0,"spd":0,"spe":244},"ivs":{"hp":31,"atk":31,"def":31,"spa":31,"spd":31,"spe":31}}],"p2team":[{"name":"Klefki","species":"Klefki","item":"choicescarf","ability":"Prankster","moves":["thunderwave","calmmind","switcheroo","drainingkiss"],"nature":"Bold","evs":{"hp":252,"atk":0,"def":252,"spa":4,"spd":0,"spe":0},"ivs":{"hp":31,"atk":31,"def":31,"spa":31,"spd":31,"spe":31}},{"name":"Togekiss","species":"Togekiss","item":"babiriberry","ability":"Serene Grace","moves":["flamethrower","airslash","roost","nastyplot"],"nature":"Calm","evs":{"hp":248,"atk":0,"def":0,"spa":8,"spd":252,"spe":0},"ivs":{"hp":31,"atk":31,"def":31,"spa":31,"spd":31,"spe":31}},{"name":"Gardevoir","species":"Gardevoir","item":"assaultvest","ability":"Trace","moves":["psychic","moonblast","focusblast","energyball"],"nature":"Modest","evs":{"hp":248,"atk":0,"def":0,"spa":252,"spd":8,"spe":0},"ivs":{"hp":31,"atk":31,"def":31,"spa":31,"spd":31,"spe":31}},{"name":"Azumarill","species":"Azumarill","item":"sitrusberry","ability":"Huge Power","moves":["playrough","aquatail","superpower","icepunch"],"nature":"Adamant","evs":{"hp":248,"atk":252,"def":0,"spa":0,"spd":8,"spe":0},"ivs":{"hp":31,"atk":31,"def":31,"spa":31,"spd":31,"spe":31}},{"name":"Whimsicott","species":"Whimsicott","item":"leftovers","ability":"Prankster","moves":["stunspore","encore","leechseed","uturn"],"nature":"Bold","evs":{"hp":252,"atk":0,"def":128,"spa":0,"spd":128,"spe":0},"ivs":{"hp":31,"atk":31,"def":31,"spa":31,"spd":31,"spe":31}},{"name":"Diancie","species":"Diancie","item":"diancite","ability":"Clear Body","moves":["moonblast","diamondstorm","earthpower","protect"],"nature":"","evs":{"hp":252,"atk":0,"def":0,"spa":252,"spd":4,"spe":0},"ivs":{"hp":31,"atk":31,"def":31,"spa":31,"spd":31,"spe":31}}],"log":["|player|p1|tboltrider|93","|player|p2|SailorStarshine|101","|gametype|singles","|gen|6","|tier|Monotype","|rated","|rule|Baton Pass Clause: Limit one Baton Passer, can't pass Spe and other stats simultaneously","|rule|Swagger Clause: Swagger is banned","|rule|Same Type Clause: Pokémon in a team must share a type","|clearpoke","|poke|p1|Altaria, F","|poke|p1|Landorus-Therian, M","|poke|p1|Skarmory, M","|poke|p1|Togekiss, F","|poke|p1|Mandibuzz, F","|poke|p1|Hawlucha, F","|poke|p2|Klefki, F","|poke|p2|Togekiss, M","|poke|p2|Gardevoir, F","|poke|p2|Azumarill, F","|poke|p2|Whimsicott, F","|poke|p2|Diancie","|rule|Sleep Clause Mod: Limit one foe put to sleep","|rule|Species Clause: Limit one of each Pokémon","|rule|OHKO Clause: OHKO moves are banned","|rule|Moody Clause: Moody is banned","|rule|Evasion Moves Clause: Evasion moves are banned","|rule|Endless Battle Clause: Forcing endless battles is banned","|rule|HP Percentage Mod: HP is shown in percentages","|teampreview","|","|start","|switch|p1a: Landorus-Therian|Landorus-Therian, M|319/319","|switch|p2a: Klefki|Klefki, F|318/318","|-ability|p1a: Landorus-Therian|Intimidate","|-unboost|p2a: Klefki|atk|1","|turn|1","|","|switch|p2a: Whimsicott|Whimsicott, F|324/324","|move|p1a: Landorus-Therian|Earthquake|p2a: Whimsicott","|-resisted|p2a: Whimsicott","|-damage|p2a: Whimsicott|252/324","|","|-heal|p2a: Whimsicott|272/324|[from] item: Leftovers","|turn|2","|","|move|p2a: Whimsicott|Encore|p1a: Landorus-Therian","|-start|p1a: Landorus-Therian|Encore","|move|p1a: Landorus-Therian|Earthquake|p2a: Whimsicott","|-resisted|p2a: Whimsicott","|-damage|p2a: Whimsicott|191/324","|","|-heal|p2a: Whimsicott|211/324|[from] item: Leftovers","|turn|3","|","|switch|p1a: Togekiss|Togekiss, F|311/311","|move|p2a: Whimsicott|Stun Spore|p1a: Togekiss","|-status|p1a: Togekiss|par","|","|-heal|p2a: Whimsicott|231/324|[from] item: Leftovers","|turn|4","|","|switch|p2a: Klefki|Klefki, F|318/318","|move|p1a: Togekiss|Air Slash|p2a: Klefki|[miss]","|-miss|p1a: Togekiss|p2a: Klefki","|","|turn|5","|","|move|p2a: Klefki|Switcheroo|p1a: Togekiss","|-activate|p2a: Klefki|move: Trick|[of] p1a: Togekiss","|-item|p1a: Togekiss|Choice Scarf|[from] Trick","|-item|p2a: Klefki|Leftovers|[from] Trick","|move|p1a: Togekiss|Thunder Wave|p2a: Klefki","|-status|p2a: Klefki|par","|","|turn|6","|","|switch|p1a: Skarmory|Skarmory, M|271/271","|move|p2a: Klefki|Calm Mind|p2a: Klefki","|-boost|p2a: Klefki|spa|1","|-boost|p2a: Klefki|spd|1","|","|turn|7","|","|cant|p2a: Klefki|par","|move|p1a: Skarmory|Stealth Rock|p2a: Klefki","|-sidestart|p2: SailorStarshine|move: Stealth Rock","|","|turn|8","|","|move|p2a: Klefki|Thunder Wave|p1a: Skarmory","|-status|p1a: Skarmory|par","|move|p1a: Skarmory|Swords Dance|p1a: Skarmory","|-boost|p1a: Skarmory|atk|2","|","|turn|9","|","|switch|p2a: Whimsicott|Whimsicott, F|231/324","|-damage|p2a: Whimsicott|191/324|[from] Stealth Rock","|cant|p1a: Skarmory|par","|","|-heal|p2a: Whimsicott|211/324|[from] item: Leftovers","|turn|10","|","|move|p2a: Whimsicott|Encore|p1a: Skarmory","|-start|p1a: Skarmory|Encore","|cant|p1a: Skarmory|par","|","|-heal|p2a: Whimsicott|231/324|[from] item: Leftovers","|turn|11","|","|switch|p1a: Altaria|Altaria, F|291/291","|move|p2a: Whimsicott|Leech Seed|p1a: Altaria","|-start|p1a: Altaria|move: Leech Seed","|","|-heal|p2a: Whimsicott|251/324|[from] item: Leftovers","|-damage|p1a: Altaria|255/291|[from] Leech Seed|[of] p2a: Whimsicott","|-heal|p2a: Whimsicott|287/324|[silent]","|turn|12","|","|move|p2a: Whimsicott|Stun Spore|p1a: Altaria|[miss]","|-miss|p2a: Whimsicott|p1a: Altaria","|move|p1a: Altaria|Heal Bell|p1a: Altaria","|-cureteam|p1a: Altaria|[from] move: HealBell","|","|-heal|p2a: Whimsicott|307/324|[from] item: Leftovers","|-damage|p1a: Altaria|219/291|[from] Leech Seed|[of] p2a: Whimsicott","|-heal|p2a: Whimsicott|324/324|[silent]","|turn|13","|","|detailschange|p1a: Altaria|Altaria-Mega, F","|-mega|p1a: Altaria|Altaria|Altarianite","|move|p2a: Whimsicott|Stun Spore|p1a: Altaria|[miss]","|-miss|p2a: Whimsicott|p1a: Altaria","|move|p1a: Altaria|Flamethrower|p2a: Whimsicott","|-supereffective|p2a: Whimsicott","|-damage|p2a: Whimsicott|86/324","|","|-heal|p2a: Whimsicott|106/324|[from] item: Leftovers","|-damage|p1a: Altaria|183/291|[from] Leech Seed|[of] p2a: Whimsicott","|-heal|p2a: Whimsicott|142/324|[silent]","|turn|14","|","|move|p2a: Whimsicott|Stun Spore|p1a: Altaria|[miss]","|-miss|p2a: Whimsicott|p1a: Altaria","|move|p1a: Altaria|Flamethrower|p2a: Whimsicott","|-crit|p2a: Whimsicott","|-supereffective|p2a: Whimsicott","|-damage|p2a: Whimsicott|0 fnt","|faint|p2a: Whimsicott","|","|","|switch|p2a: Diancie|Diancie|304/304","|-damage|p2a: Diancie|266/304|[from] Stealth Rock","|turn|15","|","|switch|p1a: Skarmory|Skarmory, M|271/271","|detailschange|p2a: Diancie|Diancie-Mega","|-mega|p2a: Diancie|Diancie|Diancite","|move|p2a: Diancie|Moonblast|p1a: Skarmory","|-resisted|p1a: Skarmory","|-damage|p1a: Skarmory|165/271","|","|turn|16","|","|move|p2a: Diancie|Diamond Storm|p1a: Skarmory","|-damage|p1a: Skarmory|30/271","|move|p1a: Skarmory|Iron Head|p2a: Diancie","|-crit|p2a: Diancie","|-supereffective|p2a: Diancie","|-damage|p2a: Diancie|0 fnt","|faint|p2a: Diancie","|","|","|switch|p2a: Togekiss|Togekiss, M|373/373","|-damage|p2a: Togekiss|280/373|[from] Stealth Rock","|turn|17","|","|move|p1a: Skarmory|Roost|p1a: Skarmory","|-heal|p1a: Skarmory|166/271","|move|p2a: Togekiss|Flamethrower|p1a: Skarmory","|-supereffective|p1a: Skarmory","|-damage|p1a: Skarmory|0 fnt","|faint|p1a: Skarmory","|","|","|switch|p1a: Landorus-Therian|Landorus-Therian, M|319/319","|-ability|p1a: Landorus-Therian|Intimidate","|-unboost|p2a: Togekiss|atk|1","|turn|18","|","|move|p1a: Landorus-Therian|Knock Off|p2a: Togekiss","|-resisted|p2a: Togekiss","|-damage|p2a: Togekiss|220/373","|-enditem|p2a: Togekiss|Babiri Berry|[from] move: Knock Off|[of] p1a: Landorus-Therian","|move|p2a: Togekiss|Air Slash|p1a: Landorus-Therian","|-damage|p1a: Landorus-Therian|252/319","|","|turn|19","|","|move|p1a: Landorus-Therian|Stone Edge|p2a: Togekiss","|-supereffective|p2a: Togekiss","|-damage|p2a: Togekiss|0 fnt","|faint|p2a: Togekiss","|","|","|switch|p2a: Azumarill|Azumarill, F|403/403","|-damage|p2a: Azumarill|353/403|[from] Stealth Rock","|turn|20","|","|move|p1a: Landorus-Therian|Knock Off|p2a: Azumarill","|-resisted|p2a: Azumarill","|-damage|p2a: Azumarill|288/403","|-enditem|p2a: Azumarill|Sitrus Berry|[from] move: Knock Off|[of] p1a: Landorus-Therian","|move|p2a: Azumarill|Aqua Tail|p1a: Landorus-Therian","|-supereffective|p1a: Landorus-Therian","|-damage|p1a: Landorus-Therian|0 fnt","|faint|p1a: Landorus-Therian","|","|","|switch|p1a: Mandibuzz|Mandibuzz, F|361/361","|turn|21","|","|move|p1a: Mandibuzz|Brave Bird|p2a: Azumarill","|-damage|p2a: Azumarill|96/403","|-damage|p1a: Mandibuzz|298/361|[from] recoil|[of] p2a: Azumarill","|move|p2a: Azumarill|Play Rough|p1a: Mandibuzz","|-crit|p1a: Mandibuzz","|-supereffective|p1a: Mandibuzz","|-damage|p1a: Mandibuzz|0 fnt","|faint|p1a: Mandibuzz","|","|","|switch|p1a: Togekiss|Togekiss, F|311/311","|turn|22","|","|move|p1a: Togekiss|Air Slash|p2a: Azumarill","|-damage|p2a: Azumarill|0 fnt","|faint|p2a: Azumarill","|","|","|switch|p2a: Klefki|Klefki, F|318/318 par","|-damage|p2a: Klefki|299/318 par|[from] Stealth Rock","|turn|23","|","|cant|p2a: Klefki|par","|move|p1a: Togekiss|Air Slash|p2a: Klefki","|-resisted|p2a: Klefki","|-damage|p2a: Klefki|231/318 par","|","|-heal|p2a: Klefki|250/318 par|[from] item: Leftovers","|turn|24","|","|move|p2a: Klefki|Calm Mind|p2a: Klefki","|-boost|p2a: Klefki|spa|1","|-boost|p2a: Klefki|spd|1","|move|p1a: Togekiss|Air Slash|p2a: Klefki","|-resisted|p2a: Klefki","|-damage|p2a: Klefki|201/318 par","|","|-heal|p2a: Klefki|220/318 par|[from] item: Leftovers","|turn|25","|","|move|p2a: Klefki|Calm Mind|p2a: Klefki","|-boost|p2a: Klefki|spa|1","|-boost|p2a: Klefki|spd|1","|move|p1a: Togekiss|Air Slash|p2a: Klefki","|-resisted|p2a: Klefki","|-damage|p2a: Klefki|186/318 par","|","|-heal|p2a: Klefki|205/318 par|[from] item: Leftovers","|turn|26","|","|switch|p1a: Altaria|Altaria-Mega, F|183/291","|move|p2a: Klefki|Calm Mind|p2a: Klefki","|-boost|p2a: Klefki|spa|1","|-boost|p2a: Klefki|spd|1","|","|-heal|p2a: Klefki|224/318 par|[from] item: Leftovers","|turn|27","|","|move|p1a: Altaria|Flamethrower|p2a: Klefki","|-supereffective|p2a: Klefki","|-damage|p2a: Klefki|132/318 par","|cant|p2a: Klefki|par","|","|-heal|p2a: Klefki|151/318 par|[from] item: Leftovers","|turn|28","|","|move|p1a: Altaria|Flamethrower|p2a: Klefki","|-supereffective|p2a: Klefki","|-damage|p2a: Klefki|51/318 par","|move|p2a: Klefki|Draining Kiss|p1a: Altaria","|-supereffective|p1a: Altaria","|-damage|p1a: Altaria|0 fnt","|-heal|p2a: Klefki|189/318 par|[from] drain|[of] p1a: Altaria","|faint|p1a: Altaria","|","|-heal|p2a: Klefki|208/318 par|[from] item: Leftovers","|","|switch|p1a: Hawlucha|Hawlucha, F|300/300","|turn|29","|","|cant|p2a: Klefki|par","|move|p1a: Hawlucha|Substitute|p1a: Hawlucha","|-start|p1a: Hawlucha|Substitute","|-damage|p1a: Hawlucha|225/300","|","|-heal|p2a: Klefki|227/318 par|[from] item: Leftovers","|turn|30","|","|move|p1a: Hawlucha|Swords Dance|p1a: Hawlucha","|-boost|p1a: Hawlucha|atk|2","|cant|p2a: Klefki|par","|","|-heal|p2a: Klefki|246/318 par|[from] item: Leftovers","|turn|31","|","|move|p1a: Hawlucha|Swords Dance|p1a: Hawlucha","|-boost|p1a: Hawlucha|atk|2","|move|p2a: Klefki|Draining Kiss|p1a: Hawlucha","|-crit|p1a: Hawlucha","|-supereffective|p1a: Hawlucha","|-end|p1a: Hawlucha|Substitute","|-heal|p2a: Klefki|303/318 par|[from] drain|[of] p1a: Hawlucha","|","|-heal|p2a: Klefki|318/318 par|[from] item: Leftovers","|turn|32","|","|move|p2a: Klefki|Thunder Wave|p1a: Hawlucha","|-status|p1a: Hawlucha|par","|move|p1a: Hawlucha|High Jump Kick|p2a: Klefki","|-damage|p2a: Klefki|0 fnt","|faint|p2a: Klefki","|","|","|switch|p2a: Gardevoir|Gardevoir, F|339/339","|-damage|p2a: Gardevoir|297/339|[from] Stealth Rock","|-ability|p2a: Gardevoir|Unburden|[from] ability: Trace|[of] p1a: Hawlucha","|turn|33","|","|move|p2a: Gardevoir|Moonblast|p1a: Hawlucha","|-supereffective|p1a: Hawlucha","|-damage|p1a: Hawlucha|0 fnt","|faint|p1a: Hawlucha","|","|","|switch|p1a: Togekiss|Togekiss, F|311/311","|turn|34","|","|move|p1a: Togekiss|Air Slash|p2a: Gardevoir","|-damage|p2a: Gardevoir|224/339","|move|p2a: Gardevoir|Moonblast|p1a: Togekiss","|-damage|p1a: Togekiss|145/311","|","|turn|35","|","|move|p1a: Togekiss|Air Slash|p2a: Gardevoir","|-damage|p2a: Gardevoir|145/339","|cant|p2a: Gardevoir|flinch","|","|turn|36","|","|move|p1a: Togekiss|Air Slash|p2a: Gardevoir","|-damage|p2a: Gardevoir|73/339","|move|p2a: Gardevoir|Moonblast|p1a: Togekiss","|-damage|p1a: Togekiss|0 fnt","|faint|p1a: Togekiss","|","|win|SailorStarshine"],"p1rating":{"entryid":"6783929","serverid":"eos","formatid":"monotype","userid":"tboltrider","username":"tboltrider","w":"23","l":31,"t":"0","gxe":44.6,"r":"1464.8307651572","rd":"50.323337982528","sigma":"0","rptime":"1439197200","rpr":1458.8281193914,"rprd":49.882050302604,"rpsigma":"0","acre":1172.1341566413,"lacre":1172.1341566413,"oldacre":"1207.3206091823"},"p2rating":{"entryid":"7452383","serverid":"eos","formatid":"monotype","userid":"sailorstarshine","username":"SailorStarshine","w":4,"l":"4","t":"0","gxe":50.8,"r":1482.7234913852,"rd":96.172586501384,"sigma":"0","rptime":1439197200,"rpr":1505.9452774714,"rprd":92.777649993394,"rpsigma":"0","acre":1101.2914146653,"lacre":1101.2914146653,"oldacre":"1057.0340448801"},"endType":"normal"}