{"seed":[10416,21890,32666,10033],"turns":26,"p1":"Alliance - Warner","p2":"Dusk Necross","p1team":[{"name":"Scizor","species":"Scizor","item":"choiceband","ability":"Technician","moves":["bulletpunch","uturn","knockoff","pursuit"],"nature":"Adamant","evs":{"hp":248,"atk":252,"def":0,"spa":0,"spd":4,"spe":4},"ivs":{"hp":31,"atk":31,"def":31,"spa":31,"spd":31,"spe":31}},{"name":"Forretress","species":"Forretress","item":"leftovers","ability":"Overcoat","moves":["stealthrock","toxic","rapidspin","voltswitch"],"nature":"Bold","evs":{"hp":252,"atk":0,"def":252,"spa":4,"spd":0,"spe":0},"ivs":{"hp":31,"atk":31,"def":31,"spa":31,"spd":31,"spe":31}},{"name":"Pinsir","species":"Pinsir","item":"pinsirite","ability":"Hyper Cutter","moves":["quickattack","return","swordsdance","earthquake"],"nature":"Jolly","evs":{"hp":0,"atk":252,"def":0,"spa":0,"spd":4,"spe":252},"ivs":{"hp":31,"atk":31,"def":31,"spa":31,"spd":31,"spe":31}},{"name":"Volcarona","species":"Volcarona","item":"sitrusberry","ability":"Flame Body","moves":["fierydance","roost","gigadrain","quiverdance"],"nature":"Timid","evs":{"hp":0,"atk":0,"def":0,"spa":128,"spd":128,"spe":252},"ivs":{"hp":31,"atk":0,"def":31,"spa":31,"spd":31,"spe":31}},{"name":"Heracross","species":"Heracross","item":"choicescarf","ability":"Moxie","moves":["earthquake","megahorn","knockoff","closecombat"],"nature":"Jolly","evs":{"hp":0,"atk":252,"def":0,"spa":0,"spd":4,"spe":252},"ivs":{"hp":31,"atk":31,"def":31,"spa":31,"spd":31,"spe":31}},{"name":"Genesect","species":"Genesect","item":"choicescarf","ability":"Download","moves":["uturn","thunderbolt","icebeam","flashcannon"],"nature":"Hasty","evs":{"hp":0,"atk":4,"def":0,"spa":252,"spd":0,"spe":252},"ivs":{"hp":31,"atk":31,"def":31,"spa":31,"spd":31,"spe":31}}],"p2team":[{"name":"I Love You","species":"chansey","item":"eviolite","ability":"Natural Cure","moves":["healbell","wish","thunderwave","seismictoss"],"nature":"Bold","evs":{"hp":248,"atk":0,"def":252,"spa":0,"spd":8,"spe":0},"ivs":{"hp":31,"atk":31,"def":31,"spa":31,"spd":31,"spe":31}},{"name":"You Love Me","species":"porygon2","item":"eviolite","ability":"Trace","moves":["toxic","recover","discharge","protect"],"nature":"Bold","evs":{"hp":248,"atk":0,"def":252,"spa":0,"spd":8,"spe":0},"ivs":{"hp":31,"atk":31,"def":31,"spa":31,"spd":31,"spe":31}},{"name":"A Little Slow","species":"regigigas","item":"leftovers","ability":"Slow Start","moves":["substitute","heavyslam","drainpunch","toxic"],"nature":"Adamant","evs":{"hp":252,"atk":252,"def":0,"spa":0,"spd":0,"spe":0},"ivs":{"hp":31,"atk":31,"def":31,"spa":31,"spd":31,"spe":31}},{"name":"RIP in Kill","species":"meloetta","item":"leftovers","ability":"Serene Grace","moves":["calmmind","substitute","psyshock","hypervoice"],"nature":"Modest","evs":{"hp":248,"atk":0,"def":0,"spa":252,"spd":8,"spe":0},"ivs":{"hp":31,"atk":31,"def":31,"spa":31,"spd":31,"spe":31}},{"name":"Diggitup","species":"diggersby","item":"sitrusberry","ability":"Cheek Pouch","moves":["recycle","toxic","protect","spikes"],"nature":"Calm","evs":{"hp":248,"atk":0,"def":8,"spa":0,"spd":252,"spe":0},"ivs":{"hp":31,"atk":31,"def":31,"spa":31,"spd":31,"spe":31}},{"name":"Blue Lagoon","species":"ditto","item":"choicescarf","ability":"Imposter","moves":["transform"],"nature":"Bold","evs":{"hp":248,"atk":0,"def":252,"spa":0,"spd":8,"spe":0},"shiny":true,"ivs":{"hp":31,"atk":31,"def":31,"spa":31,"spd":31,"spe":31}}],"log":["|player|p1|Alliance - Warner|126","|player|p2|Dusk Necross|52","|gametype|singles","|gen|6","|tier|Monotype","|rated","|rule|Baton Pass Clause: Limit one Baton Passer, can't pass Spe and other stats simultaneously","|rule|Swagger Clause: Swagger is banned","|rule|Same Type Clause: Pokémon in a team must share a type","|clearpoke","|poke|p1|Scizor, F","|poke|p1|Forretress, M","|poke|p1|Pinsir, F","|poke|p1|Volcarona, F","|poke|p1|Heracross, M","|poke|p1|Genesect-*","|poke|p2|Chansey, F","|poke|p2|Porygon2","|poke|p2|Regigigas","|poke|p2|Meloetta","|poke|p2|Diggersby, M","|poke|p2|Ditto, shiny","|rule|Sleep Clause Mod: Limit one foe put to sleep","|rule|Species Clause: Limit one of each Pokémon","|rule|OHKO Clause: OHKO moves are banned","|rule|Moody Clause: Moody is banned","|rule|Evasion Moves Clause: Evasion moves are banned","|rule|Endless Battle Clause: Forcing endless battles is banned","|rule|HP Percentage Mod: HP is shown in percentages","|teampreview","|","|start","|switch|p1a: Genesect|Genesect|283/283","|switch|p2a: Blue Lagoon|Ditto, shiny|299/299","|-boost|p1a: Genesect|spa|1|[from] ability: Download","|-transform|p2a: Blue Lagoon|p1a: Genesect","|-boost|p2a: Blue Lagoon|atk|1|[from] ability: Download","|turn|1","|","|move|p2a: Blue Lagoon|Thunderbolt|p1a: Genesect","|-damage|p1a: Genesect|128/283","|move|p1a: Genesect|U-turn|p2a: Blue Lagoon","|-resisted|p2a: Blue Lagoon","|-damage|p2a: Blue Lagoon|243/299","|","|switch|p1a: Volcarona|Volcarona, F|311/311","|","|turn|2","|","|move|p2a: Blue Lagoon|Thunderbolt|p1a: Volcarona","|-damage|p1a: Volcarona|177/311","|move|p1a: Volcarona|Quiver Dance|p1a: Volcarona","|-boost|p1a: Volcarona|spa|1","|-boost|p1a: Volcarona|spd|1","|-boost|p1a: Volcarona|spe|1","|","|turn|3","|","|switch|p2a: I Love You|Chansey, F|703/703","|move|p1a: Volcarona|Fiery Dance|p2a: I Love You","|-damage|p2a: I Love You|574/703","|-boost|p1a: Volcarona|spa|1","|","|turn|4","|","|switch|p1a: Forretress|Forretress, M|354/354","|move|p2a: I Love You|Wish|p2a: I Love You","|","|turn|5","|","|switch|p2a: A Little Slow|Regigigas|424/424","|-start|p2a: A Little Slow|Slow Start","|move|p1a: Forretress|Stealth Rock|p2a: A Little Slow","|-sidestart|p2: Dusk Necross|move: Stealth Rock","|","|turn|6","|","|move|p2a: A Little Slow|Substitute|p2a: A Little Slow","|-start|p2a: A Little Slow|Substitute","|-damage|p2a: A Little Slow|318/424","|move|p1a: Forretress|Toxic|p2a: A Little Slow","|-fail|p2a: A Little Slow","|","|-heal|p2a: A Little Slow|344/424|[from] item: Leftovers","|turn|7","|","|move|p2a: A Little Slow|Drain Punch|p1a: Forretress","|-damage|p1a: Forretress|318/354","|-heal|p2a: A Little Slow|362/424|[from] drain|[of] p1a: Forretress","|move|p1a: Forretress|Volt Switch|p2a: A Little Slow","|-activate|p2a: A Little Slow|Substitute|[damage]","|","|switch|p1a: Genesect|Genesect|128/283","|-boost|p1a: Genesect|spa|1|[from] ability: Download","|","|-heal|p2a: A Little Slow|388/424|[from] item: Leftovers","|turn|8","|","|move|p1a: Genesect|U-turn|p2a: A Little Slow","|-end|p2a: A Little Slow|Substitute","|","|switch|p1a: Volcarona|Volcarona, F|177/311","|move|p2a: A Little Slow|Substitute|p2a: A Little Slow","|-start|p2a: A Little Slow|Substitute","|-damage|p2a: A Little Slow|282/424","|","|-heal|p2a: A Little Slow|308/424|[from] item: Leftovers","|turn|9","|","|move|p1a: Volcarona|Fiery Dance|p2a: A Little Slow","|-end|p2a: A Little Slow|Substitute","|move|p2a: A Little Slow|Toxic|p1a: Volcarona","|-status|p1a: Volcarona|tox","|","|-end|p2a: A Little Slow|Slow Start","|-heal|p2a: A Little Slow|334/424|[from] item: Leftovers","|-damage|p1a: Volcarona|158/311 tox|[from] psn","|turn|10","|","|move|p1a: Volcarona|Fiery Dance|p2a: A Little Slow","|-damage|p2a: A Little Slow|213/424","|move|p2a: A Little Slow|Heavy Slam|p1a: Volcarona","|-resisted|p1a: Volcarona","|-damage|p1a: Volcarona|26/311 tox","|-enditem|p1a: Volcarona|Sitrus Berry|[eat]","|-heal|p1a: Volcarona|103/311 tox|[from] item: Sitrus Berry","|","|-heal|p2a: A Little Slow|239/424|[from] item: Leftovers","|-damage|p1a: Volcarona|65/311 tox|[from] psn","|turn|11","|","|move|p1a: Volcarona|Fiery Dance|p2a: A Little Slow","|-damage|p2a: A Little Slow|118/424","|-boost|p1a: Volcarona|spa|1","|move|p2a: A Little Slow|Drain Punch|p1a: Volcarona","|-resisted|p1a: Volcarona","|-damage|p1a: Volcarona|0 fnt","|-heal|p2a: A Little Slow|151/424|[from] drain|[of] p1a: Volcarona","|faint|p1a: Volcarona","|","|-heal|p2a: A Little Slow|177/424|[from] item: Leftovers","|","|switch|p1a: Heracross|Heracross, M|301/301","|turn|12","|","|move|p1a: Heracross|Close Combat|p2a: A Little Slow","|-supereffective|p2a: A Little Slow","|-damage|p2a: A Little Slow|0 fnt","|-unboost|p1a: Heracross|def|1","|-unboost|p1a: Heracross|spd|1","|faint|p2a: A Little Slow","|-boost|p1a: Heracross|atk|1|[from] ability: Moxie","|-end|p2a: A Little Slow|Slow Start|[silent]","|","|","|-end|p2: A Little Slow|Slow Start|[silent]","|switch|p2a: RIP in Kill|Meloetta|403/403","|-damage|p2a: RIP in Kill|353/403|[from] Stealth Rock","|turn|13","|","|switch|p1a: Genesect|Genesect|128/283","|-boost|p1a: Genesect|atk|1|[from] ability: Download","|move|p2a: RIP in Kill|Psyshock|p1a: Genesect","|-resisted|p1a: Genesect","|-damage|p1a: Genesect|38/283","|","|-heal|p2a: RIP in Kill|378/403|[from] item: Leftovers","|turn|14","|","|switch|p2a: Blue Lagoon|Ditto, shiny|243/299","|-damage|p2a: Blue Lagoon|206/299|[from] Stealth Rock","|-transform|p2a: Blue Lagoon|p1a: Genesect","|-boost|p2a: Blue Lagoon|atk|1|[from] ability: Download","|move|p1a: Genesect|U-turn|p2a: Blue Lagoon","|-resisted|p2a: Blue Lagoon","|-damage|p2a: Blue Lagoon|128/299","|","|switch|p1a: Forretress|Forretress, M|318/354","|","|-heal|p1a: Forretress|340/354|[from] item: Leftovers","|turn|15","|","|move|p2a: Blue Lagoon|U-turn|p1a: Forretress","|-resisted|p1a: Forretress","|-damage|p1a: Forretress|283/354","|","|switch|p2a: Diggitup|Diggersby, M|373/373","|-damage|p2a: Diggitup|350/373|[from] Stealth Rock","|move|p1a: Forretress|Volt Switch|p2a: Diggitup","|-immune|p2a: Diggitup|[msg]","|","|-heal|p1a: Forretress|305/354|[from] item: Leftovers","|turn|16","|","|move|p2a: Diggitup|Spikes|p1a: Forretress","|-sidestart|p1: Alliance - Warner|Spikes","|move|p1a: Forretress|Toxic|p2a: Diggitup","|-status|p2a: Diggitup|tox","|","|-heal|p1a: Forretress|327/354|[from] item: Leftovers","|-damage|p2a: Diggitup|327/373 tox|[from] psn","|turn|17","|","|switch|p2a: I Love You|Chansey, F|574/703","|-damage|p2a: I Love You|487/703|[from] Stealth Rock","|move|p1a: Forretress|Rapid Spin|p2a: I Love You","|-damage|p2a: I Love You|468/703","|-sideend|p1: Alliance - Warner|Spikes|[from] move: Rapid Spin|[of] p1a: Forretress","|","|-heal|p1a: Forretress|349/354|[from] item: Leftovers","|turn|18","|","|move|p2a: I Love You|Wish|p2a: I Love You","|move|p1a: Forretress|Volt Switch|p2a: I Love You","|-damage|p2a: I Love You|444/703","|","|switch|p1a: Heracross|Heracross, M|301/301","|","|turn|19","|","|move|p1a: Heracross|Close Combat|p2a: I Love You","|-supereffective|p2a: I Love You","|-damage|p2a: I Love You|0 fnt","|-unboost|p1a: Heracross|def|1","|-unboost|p1a: Heracross|spd|1","|faint|p2a: I Love You","|-boost|p1a: Heracross|atk|1|[from] ability: Moxie","|","|","|switch|p2a: Blue Lagoon|Ditto, shiny|128/299","|-damage|p2a: Blue Lagoon|91/299|[from] Stealth Rock","|-transform|p2a: Blue Lagoon|p1a: Heracross","|turn|20","|","|switch|p1a: Forretress|Forretress, M|349/354","|move|p2a: Blue Lagoon|Knock Off|p1a: Forretress","|-damage|p1a: Forretress|250/354","|-enditem|p1a: Forretress|Leftovers|[from] move: Knock Off|[of] p2a: Blue Lagoon","|","|turn|21","|","|switch|p2a: You Love Me|Porygon2|373/373","|-damage|p2a: You Love Me|327/373|[from] Stealth Rock","|-ability|p2a: You Love Me|Overcoat|[from] ability: Trace|[of] p1a: Forretress","|move|p1a: Forretress|Volt Switch|p2a: You Love Me","|-damage|p2a: You Love Me|304/373","|","|switch|p1a: Heracross|Heracross, M|301/301","|","|turn|22","|","|move|p1a: Heracross|Close Combat|p2a: You Love Me","|-crit|p2a: You Love Me","|-supereffective|p2a: You Love Me","|-damage|p2a: You Love Me|0 fnt","|-unboost|p1a: Heracross|def|1","|-unboost|p1a: Heracross|spd|1","|faint|p2a: You Love Me","|-boost|p1a: Heracross|atk|1|[from] ability: Moxie","|","|","|switch|p2a: RIP in Kill|Meloetta|378/403","|-damage|p2a: RIP in Kill|328/403|[from] Stealth Rock","|turn|23","|","|switch|p1a: Genesect|Genesect|38/283","|-boost|p1a: Genesect|atk|1|[from] ability: Download","|move|p2a: RIP in Kill|Psyshock|p1a: Genesect","|-resisted|p1a: Genesect","|-damage|p1a: Genesect|0 fnt","|faint|p1a: Genesect","|","|-heal|p2a: RIP in Kill|353/403|[from] item: Leftovers","|","|switch|p1a: Scizor|Scizor, F|343/343","|turn|24","|","|move|p1a: Scizor|Pursuit|p2a: RIP in Kill|[from]Pursuit","|-supereffective|p2a: RIP in Kill","|-damage|p2a: RIP in Kill|0 fnt","|faint|p2a: RIP in Kill","|","|","|switch|p2a: Diggitup|Diggersby, M|327/373 tox","|-damage|p2a: Diggitup|304/373 tox|[from] Stealth Rock","|turn|25","|","|switch|p1a: Forretress|Forretress, M|250/354","|move|p2a: Diggitup|Spikes|p1a: Forretress","|-sidestart|p1: Alliance - Warner|Spikes","|","|-damage|p2a: Diggitup|281/373 tox|[from] psn","|turn|26","|","|win|Alliance - Warner"],"p1rating":{"entryid":"7343610","serverid":"eos","formatid":"monotype","userid":"alliancewarner","username":"Alliance - Warner","w":25,"l":"11","t":"0","gxe":65.7,"r":"1604.0932800421","rd":"58.213233599248","sigma":"0","rptime":"1439197200","rpr":1623.5417683086,"rprd":56.822029164838,"rpsigma":"0","acre":1268.3994714767,"lacre":1268.3994714767,"oldacre":"1235.4557836221"},"p2rating":{"entryid":"6401642","serverid":"eos","formatid":"monotype","userid":"dusknecross","username":"Dusk Necross","w":"26","l":8,"t":"0","gxe":72.6,"r":"1705.484598033","rd":"72.139287696137","sigma":"0","rptime":"1439197200","rpr":1687.3382528861,"rprd":70.791654577092,"rpsigma":"0","acre":1323.4556649045,"lacre":1323.4556649045,"oldacre":"1349.8106151882"},"endType":"forfeit"}