{"seed":[6504,44018,19399,5976],"turns":27,"p1":"emforbes","p2":"Burning At Ease","p1team":[{"name":"Latios","species":"Latios","item":"lifeorb","ability":"Levitate","moves":["dracometeor","defog","psyshock","hiddenpowerfire"],"nature":"Timid","evs":{"hp":0,"atk":0,"def":0,"spa":252,"spd":4,"spe":252},"ivs":{"hp":31,"atk":30,"def":31,"spa":30,"spd":31,"spe":30}},{"name":"Gardevoir","species":"Gardevoir","item":"gardevoirite","ability":"Trace","moves":["hypervoice","shadowball","psychic","focusblast"],"nature":"Modest","evs":{"hp":4,"atk":0,"def":0,"spa":252,"spd":0,"spe":252},"shiny":true,"ivs":{"hp":31,"atk":31,"def":31,"spa":31,"spd":31,"spe":31}},{"name":"Hoopa-Unbound","species":"Hoopa-Unbound","item":"lifeorb","ability":"Magician","moves":["hyperspacefury","firepunch","grassknot","gunkshot"],"nature":"Hasty","evs":{"hp":0,"atk":252,"def":0,"spa":4,"spd":0,"spe":252},"ivs":{"hp":31,"atk":31,"def":31,"spa":31,"spd":31,"spe":31}},{"name":"Mew","species":"Mew","item":"leftovers","ability":"Synchronize","moves":["stealthrock","roost","willowisp","knockoff"],"nature":"Careful","evs":{"hp":252,"atk":4,"def":0,"spa":0,"spd":252,"spe":0},"ivs":{"hp":31,"atk":31,"def":31,"spa":31,"spd":31,"spe":31}},{"name":"Victini","species":"Victini","item":"choicescarf","ability":"Victory Star","moves":["vcreate","uturn","boltstrike","trick"],"nature":"Jolly","evs":{"hp":0,"atk":252,"def":0,"spa":0,"spd":4,"spe":252},"ivs":{"hp":31,"atk":31,"def":31,"spa":31,"spd":31,"spe":31}},{"name":"Jirachi","species":"Jirachi","item":"choicescarf","ability":"Serene Grace","moves":["ironhead","firepunch","zenheadbutt","trick"],"nature":"Jolly","evs":{"hp":0,"atk":252,"def":0,"spa":0,"spd":4,"spe":252},"shiny":true,"ivs":{"hp":31,"atk":31,"def":31,"spa":31,"spd":31,"spe":31}}],"p2team":[{"name":"Torkoal","species":"Torkoal","item":"leftovers","ability":"Shell Armor","moves":["firespin","stealthrock","rapidspin","yawn"],"nature":"Bold","evs":{"hp":248,"atk":0,"def":252,"spa":8,"spd":0,"spe":0},"gender":"M","ivs":{"hp":31,"atk":31,"def":31,"spa":31,"spd":31,"spe":31}},{"name":"Infernape","species":"Infernape","item":"choiceband","ability":"Iron Fist","moves":["closecombat","thunderpunch","flareblitz","earthquake"],"nature":"Jolly","evs":{"hp":0,"atk":252,"def":4,"spa":0,"spd":0,"spe":252},"ivs":{"hp":31,"atk":31,"def":31,"spa":31,"spd":31,"spe":31}},{"name":"Charizard","species":"Charizard","item":"charizarditey","ability":"Blaze","moves":["fireblast","solarbeam","roost","tailwind"],"nature":"Timid","evs":{"hp":112,"atk":0,"def":0,"spa":144,"spd":0,"spe":252},"gender":"M","ivs":{"hp":31,"atk":31,"def":31,"spa":31,"spd":31,"spe":31}},{"name":"Entei","species":"Entei","item":"assaultvest","ability":"Pressure","moves":["sacredfire","ironhead","stoneedge","solarbeam"],"nature":"Rash","evs":{"hp":0,"atk":252,"def":0,"spa":4,"spd":0,"spe":252},"ivs":{"hp":31,"atk":31,"def":31,"spa":31,"spd":31,"spe":31}},{"name":"Rotom-Heat","species":"Rotom-Heat","item":"lightclay","ability":"Levitate","moves":["voltswitch","overheat","lightscreen","reflect"],"nature":"Timid","evs":{"hp":152,"atk":0,"def":0,"spa":104,"spd":0,"spe":252},"ivs":{"hp":31,"atk":31,"def":31,"spa":31,"spd":31,"spe":31}},{"name":"Heatran","species":"Heatran","item":"choicescarf","ability":"Flash Fire","moves":["flashcannon","earthpower","ancientpower","fireblast"],"nature":"Timid","evs":{"hp":0,"atk":0,"def":4,"spa":252,"spd":0,"spe":252},"ivs":{"hp":31,"atk":31,"def":31,"spa":31,"spd":31,"spe":31}}],"log":["|player|p1|emforbes|143","|player|p2|Burning At Ease|52","|gametype|singles","|gen|6","|tier|Monotype","|rated","|rule|Baton Pass Clause: Limit one Baton Passer, can't pass Spe and other stats simultaneously","|rule|Swagger Clause: Swagger is banned","|rule|Same Type Clause: Pokémon in a team must share a type","|clearpoke","|poke|p1|Latios, M","|poke|p1|Gardevoir, M, shiny","|poke|p1|Hoopa-Unbound","|poke|p1|Mew","|poke|p1|Victini","|poke|p1|Jirachi, shiny","|poke|p2|Torkoal, M","|poke|p2|Infernape, F","|poke|p2|Charizard, M","|poke|p2|Entei","|poke|p2|Rotom-Heat","|poke|p2|Heatran, M","|rule|Sleep Clause Mod: Limit one foe put to sleep","|rule|Species Clause: Limit one of each Pokémon","|rule|OHKO Clause: OHKO moves are banned","|rule|Moody Clause: Moody is banned","|rule|Evasion Moves Clause: Evasion moves are banned","|rule|Endless Battle Clause: Forcing endless battles is banned","|rule|HP Percentage Mod: HP is shown in percentages","|teampreview","|","|start","|switch|p1a: Gardevoir|Gardevoir, M, shiny|278/278","|switch|p2a: Charizard|Charizard, M|325/325","|-ability|p1a: Gardevoir|Blaze|[from] ability: Trace|[of] p2a: Charizard","|turn|1","|","|detailschange|p2a: Charizard|Charizard-Mega-Y, M","|-mega|p2a: Charizard|Charizard|Charizardite Y","|-weather|SunnyDay","|detailschange|p1a: Gardevoir|Gardevoir-Mega, M, shiny","|-mega|p1a: Gardevoir|Gardevoir|Gardevoirite","|move|p2a: Charizard|Tailwind|p2a: Charizard","|-sidestart|p2: Burning At Ease|move: Tailwind","|move|p1a: Gardevoir|Hyper Voice|p2a: Charizard","|-resisted|p2a: Charizard","|-damage|p2a: Charizard|199/325","|","|-weather|SunnyDay|[upkeep]","|turn|2","|","|switch|p2a: Entei|Entei|371/371","|-ability|p2a: Entei|Pressure","|switch|p1a: Latios|Latios, M|301/301","|","|-weather|SunnyDay|[upkeep]","|turn|3","|","|move|p2a: Entei|Sacred Fire|p1a: Latios","|-crit|p1a: Latios","|-resisted|p1a: Latios","|-damage|p1a: Latios|65/301","|move|p1a: Latios|Draco Meteor|p2a: Entei","|-damage|p2a: Entei|101/371","|-unboost|p1a: Latios|spa|2","|-damage|p1a: Latios|35/301|[from] item: Life Orb","|","|-weather|SunnyDay|[upkeep]","|turn|4","|","|switch|p1a: Victini|Victini|341/341","|move|p2a: Entei|Sacred Fire|p1a: Victini","|-resisted|p1a: Victini","|-damage|p1a: Victini|224/341","|","|-weather|SunnyDay|[upkeep]","|-sideend|p2: Burning At Ease|move: Tailwind","|turn|5","|","|switch|p2a: Torkoal|Torkoal, M|343/343","|move|p1a: Victini|Bolt Strike|p2a: Torkoal","|-damage|p2a: Torkoal|266/343","|","|-weather|none","|-heal|p2a: Torkoal|287/343|[from] item: Leftovers","|turn|6","|","|switch|p1a: Latios|Latios, M|35/301","|move|p2a: Torkoal|Yawn|p1a: Latios","|-start|p1a: Latios|move: Yawn|[of] p2a: Torkoal","|","|-heal|p2a: Torkoal|308/343|[from] item: Leftovers","|turn|7","|","|switch|p1a: Gardevoir|Gardevoir-Mega, M, shiny|278/278","|switch|p2a: Charizard|Charizard-Mega-Y, M|199/325","|-weather|SunnyDay","|","|-weather|SunnyDay|[upkeep]","|turn|8","|","|move|p2a: Charizard|Fire Blast|p1a: Gardevoir|[miss]","|-miss|p2a: Charizard|p1a: Gardevoir","|move|p1a: Gardevoir|Psychic|p2a: Charizard","|-damage|p2a: Charizard|4/325","|","|-weather|SunnyDay|[upkeep]","|turn|9","|","|move|p2a: Charizard|Tailwind|p2a: Charizard","|-sidestart|p2: Burning At Ease|move: Tailwind","|move|p1a: Gardevoir|Hyper Voice|p2a: Charizard","|-resisted|p2a: Charizard","|-damage|p2a: Charizard|0 fnt","|faint|p2a: Charizard","|","|-weather|SunnyDay|[upkeep]","|","|switch|p2a: Entei|Entei|101/371","|-ability|p2a: Entei|Pressure","|turn|10","|","|switch|p1a: Victini|Victini|224/341","|move|p2a: Entei|Sacred Fire|p1a: Victini","|-resisted|p1a: Victini","|-damage|p1a: Victini|107/341","|","|-weather|SunnyDay|[upkeep]","|turn|11","|","|move|p2a: Entei|Sacred Fire|p1a: Victini","|-resisted|p1a: Victini","|-damage|p1a: Victini|0 fnt","|faint|p1a: Victini","|","|-weather|none","|","|switch|p1a: Mew|Mew|404/404","|turn|12","|","|switch|p2a: Torkoal|Torkoal, M|308/343","|move|p1a: Mew|Stealth Rock|p2a: Torkoal","|-sidestart|p2: Burning At Ease|move: Stealth Rock","|","|-heal|p2a: Torkoal|329/343|[from] item: Leftovers","|-sideend|p2: Burning At Ease|move: Tailwind","|turn|13","|","|switch|p1a: Gardevoir|Gardevoir-Mega, M, shiny|278/278","|move|p2a: Torkoal|Fire Spin|p1a: Gardevoir","|-damage|p1a: Gardevoir|250/278","|-activate|p1a: Gardevoir|move: Fire Spin|[of] p2a: Torkoal","|","|-heal|p2a: Torkoal|343/343|[from] item: Leftovers","|-damage|p1a: Gardevoir|216/278|[from] move: Fire Spin|[partiallytrapped]","|turn|14","|","|move|p1a: Gardevoir|Psychic|p2a: Torkoal","|-damage|p2a: Torkoal|75/343","|move|p2a: Torkoal|Rapid Spin|p1a: Gardevoir","|-crit|p1a: Gardevoir","|-damage|p1a: Gardevoir|188/278","|-sideend|p2: Burning At Ease|Stealth Rock|[from] move: Rapid Spin|[of] p2a: Torkoal","|","|-heal|p2a: Torkoal|96/343|[from] item: Leftovers","|-damage|p1a: Gardevoir|154/278|[from] move: Fire Spin|[partiallytrapped]","|turn|15","|","|switch|p2a: Heatran|Heatran, M|323/323","|move|p1a: Gardevoir|Psychic|p2a: Heatran","|-resisted|p2a: Heatran","|-damage|p2a: Heatran|228/323","|-unboost|p2a: Heatran|spd|1","|","|turn|16","|","|move|p2a: Heatran|Flash Cannon|p1a: Gardevoir","|-supereffective|p1a: Gardevoir","|-damage|p1a: Gardevoir|0 fnt","|faint|p1a: Gardevoir","|","|","|switch|p1a: Hoopa-Unbound|Hoopa-Unbound|301/301","|turn|17","|","|switch|p2a: Torkoal|Torkoal, M|96/343","|move|p1a: Hoopa-Unbound|Hyperspace Fury|p2a: Torkoal","|-damage|p2a: Torkoal|0 fnt","|-unboost|p1a: Hoopa-Unbound|def|1","|-damage|p1a: Hoopa-Unbound|271/301|[from] item: Life Orb","|faint|p2a: Torkoal","|","|","|switch|p2a: Infernape|Infernape, F|293/293","|turn|18","|","|switch|p1a: Mew|Mew|404/404","|move|p2a: Infernape|Flare Blitz|p1a: Mew","|-damage|p1a: Mew|107/404","|-damage|p2a: Infernape|195/293|[from] recoil|[of] p1a: Mew","|","|-heal|p1a: Mew|132/404|[from] item: Leftovers","|turn|19","|","|switch|p1a: Latios|Latios, M|35/301","|move|p2a: Infernape|Flare Blitz|p1a: Latios","|-resisted|p1a: Latios","|-damage|p1a: Latios|0 fnt","|-damage|p2a: Infernape|183/293|[from] recoil|[of] p1a: Latios","|faint|p1a: Latios","|","|","|switch|p1a: Jirachi|Jirachi, shiny|341/341","|turn|20","|","|switch|p2a: Entei|Entei|101/371","|-ability|p2a: Entei|Pressure","|move|p1a: Jirachi|Zen Headbutt|p2a: Entei","|-damage|p2a: Entei|0 fnt","|faint|p2a: Entei","|","|","|switch|p2a: Rotom-Heat|Rotom-Heat|279/279","|turn|21","|","|move|p1a: Jirachi|Zen Headbutt|p2a: Rotom-Heat","|-damage|p2a: Rotom-Heat|171/279","|cant|p2a: Rotom-Heat|flinch","|","|turn|22","|","|move|p1a: Jirachi|Zen Headbutt|p2a: Rotom-Heat|[miss]","|-miss|p1a: Jirachi|p2a: Rotom-Heat","|move|p2a: Rotom-Heat|Overheat|p1a: Jirachi","|-supereffective|p1a: Jirachi","|-damage|p1a: Jirachi|11/341","|-unboost|p2a: Rotom-Heat|spa|2","|","|turn|23","|","|move|p1a: Jirachi|Zen Headbutt|p2a: Rotom-Heat","|-damage|p2a: Rotom-Heat|50/279","|move|p2a: Rotom-Heat|Volt Switch|p1a: Jirachi","|-damage|p1a: Jirachi|0 fnt","|faint|p1a: Jirachi","|","|switch|p2a: Infernape|Infernape, F|183/293","|","|","|switch|p1a: Hoopa-Unbound|Hoopa-Unbound|271/301","|turn|24","|","|switch|p2a: Rotom-Heat|Rotom-Heat|50/279","|move|p1a: Hoopa-Unbound|Gunk Shot|p2a: Rotom-Heat","|-damage|p2a: Rotom-Heat|0 fnt","|-damage|p1a: Hoopa-Unbound|241/301|[from] item: Life Orb","|faint|p2a: Rotom-Heat","|","|","|switch|p2a: Heatran|Heatran, M|228/323","|turn|25","|","|move|p2a: Heatran|Flash Cannon|p1a: Hoopa-Unbound","|-damage|p1a: Hoopa-Unbound|129/301","|move|p1a: Hoopa-Unbound|Hyperspace Fury|p2a: Heatran","|-damage|p2a: Heatran|0 fnt","|-unboost|p1a: Hoopa-Unbound|def|1","|-damage|p1a: Hoopa-Unbound|99/301|[from] item: Life Orb","|faint|p2a: Heatran","|","|","|switch|p2a: Infernape|Infernape, F|183/293","|turn|26","|","|switch|p1a: Mew|Mew|132/404","|move|p2a: Infernape|Flare Blitz|p1a: Mew","|-damage|p1a: Mew|0 fnt","|-damage|p2a: Infernape|139/293|[from] recoil|[of] p1a: Mew","|faint|p1a: Mew","|","|","|switch|p1a: Hoopa-Unbound|Hoopa-Unbound|99/301","|turn|27","|","|move|p2a: Infernape|Flare Blitz|p1a: Hoopa-Unbound","|-damage|p1a: Hoopa-Unbound|0 fnt","|-damage|p2a: Infernape|106/293|[from] recoil|[of] p1a: Hoopa-Unbound","|faint|p1a: Hoopa-Unbound","|","|win|Burning At Ease"],"p1rating":{"entryid":"7537626","serverid":"eos","formatid":"monotype","userid":"emforbes","username":"emforbes","w":"6","l":3,"t":"0","gxe":52.8,"r":"1500","rd":"130","sigma":"0","rptime":"1439197200","rpr":1521.6847068407,"rprd":90.130909916858,"rpsigma":"0","acre":1114.4360226552,"lacre":1114.4360226552,"oldacre":"1149.5800420231"},"p2rating":{"entryid":7544754,"formatid":"monotype","userid":"burningatease","username":"Burning At Ease","r":1500,"rd":130,"sigma":0,"rpr":1540.1606143388,"rprd":122.8583080769,"rpsigma":0,"rptime":1439197200,"w":1,"l":0,"t":0,"gxe":55,"acre":1056.2304309886,"lacre":1056.2304309886,"oldacre":1000},"endType":"normal"}