{"seed":[33104,27230,33708,46548],"turns":18,"p1":"Alliance ♋ akaFila","p2":"what ladder","p1team":[{"name":"LukAtMahDicks","species":"anorith","item":"choicescarf","ability":"Swift Swim","moves":["xscissor","rockslide","brickbreak","aquajet"],"nature":"Adamant","evs":{"hp":0,"atk":252,"def":0,"spa":0,"spd":4,"spe":252},"shiny":true,"ivs":{"hp":31,"atk":31,"def":31,"spa":31,"spd":31,"spe":31}},{"name":"CatchThisTackle","species":"dwebble","item":"liechiberry","ability":"Sturdy","moves":["shellsmash","xscissor","stoneedge","earthquake"],"nature":"Adamant","evs":{"hp":0,"atk":252,"def":0,"spa":0,"spd":4,"spe":252},"shiny":true,"ivs":{"hp":31,"atk":31,"def":31,"spa":31,"spd":31,"spe":31}},{"name":"BootyCrackOfTerror","species":"golem","item":"custapberry","ability":"Sturdy","moves":["stealthrock","earthquake","endure","explosion"],"nature":"Adamant","evs":{"hp":248,"atk":252,"def":0,"spa":0,"spd":8,"spe":0},"shiny":true,"ivs":{"hp":31,"atk":31,"def":31,"spa":31,"spd":31,"spe":31}},{"name":"GoldenShowers4Life","species":"lileep","item":"eviolite","ability":"Storm Drain","moves":["toxic","stockpile","recover","protect"],"nature":"Calm","evs":{"hp":248,"atk":0,"def":8,"spa":0,"spd":252,"spe":0},"shiny":true,"ivs":{"hp":31,"atk":31,"def":31,"spa":31,"spd":31,"spe":31}},{"name":"MahNigga","species":"aron","item":"shellbell","ability":"Sturdy","moves":["endeavor","ironhead","roar","sandstorm"],"nature":"Impish","evs":{"hp":248,"atk":8,"def":252,"spa":0,"spd":0,"spe":0},"shiny":true,"level":1,"ivs":{"hp":31,"atk":31,"def":31,"spa":31,"spd":31,"spe":31}},{"name":"TotesFab","species":"amaura","item":"choicespecs","ability":"Refrigerate","moves":["naturepower","ancientpower","earthpower","discharge"],"nature":"Modest","evs":{"hp":248,"atk":0,"def":0,"spa":252,"spd":8,"spe":0},"shiny":true,"ivs":{"hp":31,"atk":31,"def":31,"spa":31,"spd":31,"spe":31}}],"p2team":[{"name":"God Killer","species":"torterra","item":"choicescarf","ability":"Shell Armor","moves":["earthquake","seedbomb","stoneedge"],"nature":"Careful","evs":{"hp":252,"atk":0,"def":0,"spa":0,"spd":252,"spe":0},"ivs":{"hp":31,"atk":31,"def":31,"spa":31,"spd":31,"spe":31}},{"name":"Venusaur","species":"Venusaur","item":"venusaurite","ability":"Overgrow","moves":["leechseed","synthesis","hiddenpowerfire","sludgebomb"],"nature":"Calm","evs":{"hp":248,"atk":0,"def":0,"spa":8,"spd":252,"spe":0},"ivs":{"hp":31,"atk":30,"def":31,"spa":30,"spd":31,"spe":30}},{"name":"Virizion","species":"Virizion","item":"leftovers","ability":"Justified","moves":["stoneedge","taunt","closecombat","swordsdance"],"nature":"Jolly","evs":{"hp":64,"atk":252,"def":0,"spa":0,"spd":0,"spe":192},"ivs":{"hp":31,"atk":31,"def":31,"spa":31,"spd":31,"spe":31}},{"name":"Ferrothorn","species":"Ferrothorn","item":"leftovers","ability":"Iron Barbs","moves":["leechseed","stealthrock","thunderwave","gyroball"],"nature":"Relaxed","evs":{"hp":252,"atk":4,"def":252,"spa":0,"spd":0,"spe":0},"ivs":{"hp":31,"atk":31,"def":31,"spa":31,"spd":31,"spe":0}},{"name":"Cradily","species":"Cradily","item":"leftovers","ability":"Suction Cups","moves":["curse","rockslide","earthquake","recover"],"nature":"Careful","evs":{"hp":252,"atk":4,"def":0,"spa":0,"spd":252,"spe":0},"ivs":{"hp":31,"atk":31,"def":31,"spa":31,"spd":31,"spe":31}},{"name":"Shiftry","species":"Shiftry","item":"choiceband","ability":"Chlorophyll","moves":["knockoff","suckerpunch","rockslide","lowkick"],"nature":"Jolly","evs":{"hp":0,"atk":252,"def":0,"spa":0,"spd":4,"spe":252},"ivs":{"hp":31,"atk":31,"def":31,"spa":31,"spd":31,"spe":31}}],"log":["|player|p1|Alliance ♋ akaFila|allianceakafila.gif","|player|p2|what ladder|169","|gametype|singles","|gen|6","|tier|Monotype","|rated","|rule|Baton Pass Clause: Limit one Baton Passer, can't pass Spe and other stats simultaneously","|rule|Swagger Clause: Swagger is banned","|rule|Same Type Clause: Pokémon in a team must share a type","|clearpoke","|poke|p1|Anorith, F, shiny","|poke|p1|Dwebble, M, shiny","|poke|p1|Golem, F, shiny","|poke|p1|Lileep, M, shiny","|poke|p1|Aron, L1, F, shiny","|poke|p1|Amaura, M, shiny","|poke|p2|Torterra, F","|poke|p2|Venusaur, M","|poke|p2|Virizion","|poke|p2|Ferrothorn, F","|poke|p2|Cradily, M","|poke|p2|Shiftry, F","|rule|Sleep Clause Mod: Limit one foe put to sleep","|rule|Species Clause: Limit one of each Pokémon","|rule|OHKO Clause: OHKO moves are banned","|rule|Moody Clause: Moody is banned","|rule|Evasion Moves Clause: Evasion moves are banned","|rule|Endless Battle Clause: Forcing endless battles is banned","|rule|HP Percentage Mod: HP is shown in percentages","|teampreview","|","|start","|switch|p1a: TotesFab|Amaura, M, shiny|357/357","|switch|p2a: Ferrothorn|Ferrothorn, F|352/352","|turn|1","|","|move|p1a: TotesFab|Nature Power|p2a: Ferrothorn","|move|p1a: TotesFab|Tri Attack|p2a: Ferrothorn|[from]Nature Power","|-damage|p2a: Ferrothorn|168/352","|move|p2a: Ferrothorn|Leech Seed|p1a: TotesFab","|-start|p1a: TotesFab|move: Leech Seed","|","|-heal|p2a: Ferrothorn|190/352|[from] item: Leftovers","|-damage|p1a: TotesFab|313/357|[from] Leech Seed|[of] p2a: Ferrothorn","|-heal|p2a: Ferrothorn|234/352|[silent]","|turn|2","|","|move|p1a: TotesFab|Nature Power|p2a: Ferrothorn","|move|p1a: TotesFab|Tri Attack|p2a: Ferrothorn|[from]Nature Power","|-damage|p2a: Ferrothorn|44/352","|move|p2a: Ferrothorn|Gyro Ball|p1a: TotesFab","|-supereffective|p1a: TotesFab","|-damage|p1a: TotesFab|0 fnt","|faint|p1a: TotesFab","|","|-heal|p2a: Ferrothorn|66/352|[from] item: Leftovers","|","|switch|p1a: CatchThisTackle|Dwebble, M, shiny|241/241","|turn|3","|","|move|p1a: CatchThisTackle|Shell Smash|p1a: CatchThisTackle","|-unboost|p1a: CatchThisTackle|def|1","|-unboost|p1a: CatchThisTackle|spd|1","|-boost|p1a: CatchThisTackle|atk|2","|-boost|p1a: CatchThisTackle|spa|2","|-boost|p1a: CatchThisTackle|spe|2","|move|p2a: Ferrothorn|Gyro Ball|p1a: CatchThisTackle","|-supereffective|p1a: CatchThisTackle","|-ability|p1a: CatchThisTackle|Sturdy","|-damage|p1a: CatchThisTackle|1/241","|-enditem|p1a: CatchThisTackle|Liechi Berry|[eat]","|-boost|p1a: CatchThisTackle|atk|1|[from] item: Liechi Berry","|","|-heal|p2a: Ferrothorn|88/352|[from] item: Leftovers","|turn|4","|","|switch|p2a: God Killer|Torterra, F|394/394","|move|p1a: CatchThisTackle|Earthquake|p2a: God Killer","|-resisted|p2a: God Killer","|-damage|p2a: God Killer|291/394","|","|turn|5","|","|move|p1a: CatchThisTackle|X-Scissor|p2a: God Killer","|-supereffective|p2a: God Killer","|-damage|p2a: God Killer|0 fnt","|faint|p2a: God Killer","|","|","|switch|p2a: Shiftry|Shiftry, F|321/321","|turn|6","|","|switch|p1a: GoldenShowers4Life|Lileep, M, shiny|335/335","|move|p2a: Shiftry|Sucker Punch|p1a: GoldenShowers4Life","|-fail|p2a: Shiftry","|","|turn|7","|","|switch|p2a: Ferrothorn|Ferrothorn, F|88/352","|move|p1a: GoldenShowers4Life|Toxic|p2a: Ferrothorn","|-immune|p2a: Ferrothorn|[msg]","|","|-heal|p2a: Ferrothorn|110/352|[from] item: Leftovers","|turn|8","|","|switch|p1a: BootyCrackOfTerror|Golem, F, shiny|363/363","|move|p2a: Ferrothorn|Stealth Rock|p1a: BootyCrackOfTerror","|-sidestart|p1: Alliance ♋ akaFila|move: Stealth Rock","|","|-heal|p2a: Ferrothorn|132/352|[from] item: Leftovers","|turn|9","|","|move|p1a: BootyCrackOfTerror|Earthquake|p2a: Ferrothorn","|-damage|p2a: Ferrothorn|29/352","|move|p2a: Ferrothorn|Leech Seed|p1a: BootyCrackOfTerror","|-start|p1a: BootyCrackOfTerror|move: Leech Seed","|","|-heal|p2a: Ferrothorn|51/352|[from] item: Leftovers","|-damage|p1a: BootyCrackOfTerror|318/363|[from] Leech Seed|[of] p2a: Ferrothorn","|-heal|p2a: Ferrothorn|96/352|[silent]","|turn|10","|","|move|p1a: BootyCrackOfTerror|Stealth Rock|p2a: Ferrothorn","|-sidestart|p2: what ladder|move: Stealth Rock","|move|p2a: Ferrothorn|Gyro Ball|p1a: BootyCrackOfTerror","|-supereffective|p1a: BootyCrackOfTerror","|-damage|p1a: BootyCrackOfTerror|172/363","|","|-heal|p2a: Ferrothorn|118/352|[from] item: Leftovers","|-damage|p1a: BootyCrackOfTerror|127/363|[from] Leech Seed|[of] p2a: Ferrothorn","|-heal|p2a: Ferrothorn|163/352|[silent]","|turn|11","|","|move|p1a: BootyCrackOfTerror|Earthquake|p2a: Ferrothorn","|-damage|p2a: Ferrothorn|57/352","|move|p2a: Ferrothorn|Gyro Ball|p1a: BootyCrackOfTerror","|-supereffective|p1a: BootyCrackOfTerror","|-damage|p1a: BootyCrackOfTerror|0 fnt","|faint|p1a: BootyCrackOfTerror","|","|-heal|p2a: Ferrothorn|79/352|[from] item: Leftovers","|","|switch|p1a: LukAtMahDicks|Anorith, F, shiny|231/231","|-damage|p1a: LukAtMahDicks|174/231|[from] Stealth Rock","|turn|12","|","|move|p1a: LukAtMahDicks|Brick Break|p2a: Ferrothorn","|-crit|p2a: Ferrothorn","|-supereffective|p2a: Ferrothorn","|-damage|p2a: Ferrothorn|0 fnt","|-damage|p1a: LukAtMahDicks|146/231|[from] ability: Iron Barbs|[of] p2a: Ferrothorn","|faint|p2a: Ferrothorn","|","|","|switch|p2a: Venusaur|Venusaur, M|363/363","|-damage|p2a: Venusaur|318/363|[from] Stealth Rock","|turn|13","|","|switch|p1a: CatchThisTackle|Dwebble, M, shiny|1/241","|-damage|p1a: CatchThisTackle|0 fnt|[from] Stealth Rock","|faint|p1a: CatchThisTackle","|detailschange|p2a: Venusaur|Venusaur-Mega, M","|-mega|p2a: Venusaur|Venusaur|Venusaurite","|move|p2a: Venusaur|Sludge Bomb|p1: CatchThisTackle|[notarget]","|-notarget","|","|","|switch|p1a: LukAtMahDicks|Anorith, F, shiny|146/231","|-damage|p1a: LukAtMahDicks|89/231|[from] Stealth Rock","|turn|14","|","|move|p1a: LukAtMahDicks|X-Scissor|p2a: Venusaur","|-damage|p2a: Venusaur|218/363","|move|p2a: Venusaur|Sludge Bomb|p1a: LukAtMahDicks","|-resisted|p1a: LukAtMahDicks","|-damage|p1a: LukAtMahDicks|0 fnt","|faint|p1a: LukAtMahDicks","|","|","|switch|p1a: MahNigga|Aron, L1, F, shiny|12/12","|-damage|p1a: MahNigga|11/12|[from] Stealth Rock","|turn|15","|","|move|p2a: Venusaur|Hidden Power|p1a: MahNigga","|-damage|p1a: MahNigga|0 fnt","|faint|p1a: MahNigga","|","|","|switch|p1a: GoldenShowers4Life|Lileep, M, shiny|335/335","|-damage|p1a: GoldenShowers4Life|294/335|[from] Stealth Rock","|turn|16","|","|move|p2a: Venusaur|Sludge Bomb|p1a: GoldenShowers4Life","|-damage|p1a: GoldenShowers4Life|231/335","|-status|p1a: GoldenShowers4Life|psn","|move|p1a: GoldenShowers4Life|Toxic|p2a: Venusaur","|-immune|p2a: Venusaur|[msg]","|","|-damage|p1a: GoldenShowers4Life|190/335 psn|[from] psn","|turn|17","|","|move|p2a: Venusaur|Sludge Bomb|p1a: GoldenShowers4Life","|-damage|p1a: GoldenShowers4Life|123/335 psn","|move|p1a: GoldenShowers4Life|Toxic|p2a: Venusaur","|-immune|p2a: Venusaur|[msg]","|","|-damage|p1a: GoldenShowers4Life|82/335 psn|[from] psn","|turn|18","|","|move|p2a: Venusaur|Sludge Bomb|p1a: GoldenShowers4Life","|-damage|p1a: GoldenShowers4Life|10/335 psn","|move|p1a: GoldenShowers4Life|Toxic|p2a: Venusaur","|-immune|p2a: Venusaur|[msg]","|","|-damage|p1a: GoldenShowers4Life|0 fnt|[from] psn","|faint|p1a: GoldenShowers4Life","|","|win|what ladder"],"p1rating":{"entryid":"6670496","serverid":"eos","formatid":"monotype","userid":"allianceakafila","username":"Alliance ♋ akaFila","w":"26","l":34,"t":"0","gxe":43.3,"r":"1465.1707803183","rd":"49.965651575185","sigma":"0","rptime":"1439197200","rpr":1449.1269221329,"rprd":47.909659919054,"rpsigma":"0","acre":1022.0337640504,"lacre":1022.0337640504,"oldacre":"1039.8320309717"},"p2rating":{"entryid":7546583,"formatid":"monotype","userid":"whatladder","username":"what ladder","r":1500,"rd":130,"sigma":0,"rpr":1538.1423750565,"rprd":122.01120291959,"rpsigma":0,"rptime":1439197200,"w":1,"l":0,"t":0,"gxe":54.8,"acre":1044.56584557,"lacre":1044.56584557,"oldacre":1000},"endType":"normal"}