{"seed":[16950,13147,50417,33954],"turns":21,"p1":"Guard Darkrai","p2":"Defender of Sinnoh","p1team":[{"name":"Cloyster","species":"Cloyster","item":"focussash","ability":"Skill Link","moves":["shellsmash","iceshard","iciclespear","rockblast"],"nature":"Adamant","evs":{"hp":0,"atk":252,"def":0,"spa":0,"spd":4,"spe":252},"ivs":{"hp":31,"atk":31,"def":31,"spa":31,"spd":31,"spe":31}},{"name":"Kyurem-Black","species":"Kyurem-Black","item":"powerherb","ability":"Teravolt","moves":["freezeshock","dragonclaw","fusionbolt","roost"],"nature":"Adamant","evs":{"hp":248,"atk":252,"def":0,"spa":0,"spd":8,"spe":0},"ivs":{"hp":31,"atk":31,"def":31,"spa":31,"spd":31,"spe":31}},{"name":"Abomasnow","species":"Abomasnow","item":"abomasite","ability":"Snow Warning","moves":["blizzard","iceshard","focusblast","gigadrain"],"nature":"Mild","evs":{"hp":248,"atk":8,"def":0,"spa":252,"spd":0,"spe":0},"ivs":{"hp":31,"atk":31,"def":31,"spa":31,"spd":31,"spe":31}},{"name":"Froslass","species":"Froslass","item":"focussash","ability":"Cursed Body","moves":["destinybond","icebeam","shadowball","taunt"],"nature":"Timid","evs":{"hp":0,"atk":0,"def":0,"spa":252,"spd":4,"spe":252},"ivs":{"hp":31,"atk":31,"def":31,"spa":31,"spd":31,"spe":31}},{"name":"Weavile","species":"Weavile","item":"lifeorb","ability":"Pressure","moves":["knockoff","iceshard","iciclecrash","lowkick"],"nature":"Jolly","evs":{"hp":0,"atk":252,"def":0,"spa":0,"spd":4,"spe":252},"ivs":{"hp":31,"atk":31,"def":31,"spa":31,"spd":31,"spe":31}},{"name":"Piloswine","species":"Piloswine","item":"eviolite","ability":"Thick Fat","moves":["stealthrock","iceshard","earthquake","amnesia"],"nature":"Adamant","evs":{"hp":248,"atk":252,"def":0,"spa":0,"spd":8,"spe":0},"ivs":{"hp":31,"atk":31,"def":31,"spa":31,"spd":31,"spe":31}}],"p2team":[{"name":"Diancie","species":"Diancie","item":"assaultvest","ability":"Clear Body","moves":["moonblast","psychic","diamondstorm","hiddenpowerfire"],"nature":"Mild","evs":{"hp":248,"atk":8,"def":0,"spa":252,"spd":0,"spe":0},"ivs":{"hp":31,"atk":30,"def":31,"spa":30,"spd":31,"spe":30}},{"name":"Regirock","species":"Regirock","item":"leftovers","ability":"Clear Body","moves":["drainpunch","rockslide","stealthrock","thunderwave"],"nature":"Adamant","evs":{"hp":252,"atk":252,"def":0,"spa":0,"spd":4,"spe":0},"ivs":{"hp":31,"atk":31,"def":31,"spa":31,"spd":31,"spe":31}},{"name":"Aerodactyl","species":"Aerodactyl","item":"aerodactylite","ability":"Rock Head","moves":["aerialace","earthquake","dragonclaw","stoneedge"],"nature":"Jolly","evs":{"hp":0,"atk":252,"def":0,"spa":0,"spd":4,"spe":252},"ivs":{"hp":31,"atk":31,"def":31,"spa":31,"spd":31,"spe":31}},{"name":"Terrakion","species":"Terrakion","item":"choicescarf","ability":"Justified","moves":["closecombat","earthquake","ironhead","stoneedge"],"nature":"Jolly","evs":{"hp":0,"atk":252,"def":0,"spa":0,"spd":4,"spe":252},"ivs":{"hp":31,"atk":31,"def":31,"spa":31,"spd":31,"spe":31}},{"name":"Armaldo","species":"Armaldo","item":"assaultvest","ability":"Battle Armor","moves":["aquajet","aquatail","earthquake","xscissor"],"nature":"Adamant","evs":{"hp":248,"atk":252,"def":0,"spa":0,"spd":8,"spe":0},"ivs":{"hp":31,"atk":31,"def":31,"spa":31,"spd":31,"spe":31}},{"name":"Aggron","species":"Aggron","item":"focussash","ability":"Rock Head","moves":["headsmash","ironhead","firepunch","earthquake"],"nature":"Adamant","evs":{"hp":248,"atk":252,"def":0,"spa":0,"spd":8,"spe":0},"ivs":{"hp":31,"atk":31,"def":31,"spa":31,"spd":31,"spe":31}}],"log":["|player|p1|Guard Darkrai|guarddarkrai.png","|player|p2|Defender of Sinnoh|25","|gametype|singles","|gen|6","|tier|Monotype","|rated","|rule|Baton Pass Clause: Limit one Baton Passer, can't pass Spe and other stats simultaneously","|rule|Swagger Clause: Swagger is banned","|rule|Same Type Clause: Pokémon in a team must share a type","|clearpoke","|poke|p1|Cloyster, M","|poke|p1|Kyurem-Black","|poke|p1|Abomasnow, F","|poke|p1|Froslass, F","|poke|p1|Weavile, F","|poke|p1|Piloswine, M","|poke|p2|Diancie","|poke|p2|Regirock","|poke|p2|Aerodactyl, F","|poke|p2|Terrakion","|poke|p2|Armaldo, M","|poke|p2|Aggron, F","|rule|Sleep Clause Mod: Limit one foe put to sleep","|rule|Species Clause: Limit one of each Pokémon","|rule|OHKO Clause: OHKO moves are banned","|rule|Moody Clause: Moody is banned","|rule|Evasion Moves Clause: Evasion moves are banned","|rule|Endless Battle Clause: Forcing endless battles is banned","|rule|HP Percentage Mod: HP is shown in percentages","|teampreview","|","|start","|switch|p1a: Kyurem-Black|Kyurem-Black|453/453","|switch|p2a: Regirock|Regirock|364/364","|-ability|p1a: Kyurem-Black|Teravolt","|turn|1","|","|switch|p1a: Abomasnow|Abomasnow, F|383/383","|-weather|Hail","|move|p2a: Regirock|Thunder Wave|p1a: Abomasnow","|-status|p1a: Abomasnow|par","|","|-weather|Hail|[upkeep]","|-damage|p2a: Regirock|342/364|[from] hail","|-heal|p2a: Regirock|364/364|[from] item: Leftovers","|turn|2","|","|detailschange|p1a: Abomasnow|Abomasnow-Mega, F","|-mega|p1a: Abomasnow|Abomasnow|Abomasite","|move|p2a: Regirock|Drain Punch|p1a: Abomasnow","|-supereffective|p1a: Abomasnow","|-damage|p1a: Abomasnow|199/383 par","|cant|p1a: Abomasnow|par","|","|-weather|Hail|[upkeep]","|-damage|p2a: Regirock|342/364|[from] hail","|-heal|p2a: Regirock|364/364|[from] item: Leftovers","|turn|3","|","|move|p2a: Regirock|Stealth Rock|p1a: Abomasnow","|-sidestart|p1: Guard Darkrai|move: Stealth Rock","|move|p1a: Abomasnow|Giga Drain|p2a: Regirock","|-supereffective|p2a: Regirock","|-damage|p2a: Regirock|58/364","|-heal|p1a: Abomasnow|352/383 par|[from] drain|[of] p2a: Regirock","|","|-weather|Hail|[upkeep]","|-damage|p2a: Regirock|36/364|[from] hail","|-heal|p2a: Regirock|58/364|[from] item: Leftovers","|turn|4","|","|cant|p1a: Abomasnow|par","|move|p2a: Regirock|Drain Punch|p1a: Abomasnow","|-supereffective|p1a: Abomasnow","|-damage|p1a: Abomasnow|184/383 par","|-heal|p2a: Regirock|142/364|[from] drain|[of] p1a: Abomasnow","|","|-weather|Hail|[upkeep]","|-damage|p2a: Regirock|120/364|[from] hail","|-heal|p2a: Regirock|142/364|[from] item: Leftovers","|turn|5","|","|move|p2a: Regirock|Drain Punch|p1a: Abomasnow","|-crit|p1a: Abomasnow","|-supereffective|p1a: Abomasnow","|-damage|p1a: Abomasnow|0 fnt","|-heal|p2a: Regirock|234/364|[from] drain|[of] p1a: Abomasnow","|faint|p1a: Abomasnow","|","|-weather|none","|-heal|p2a: Regirock|256/364|[from] item: Leftovers","|","|switch|p1a: Cloyster|Cloyster, M|241/241","|-damage|p1a: Cloyster|181/241|[from] Stealth Rock","|turn|6","|","|move|p1a: Cloyster|Shell Smash|p1a: Cloyster","|-unboost|p1a: Cloyster|def|1","|-unboost|p1a: Cloyster|spd|1","|-boost|p1a: Cloyster|atk|2","|-boost|p1a: Cloyster|spa|2","|-boost|p1a: Cloyster|spe|2","|move|p2a: Regirock|Thunder Wave|p1a: Cloyster","|-status|p1a: Cloyster|par","|","|-heal|p2a: Regirock|278/364|[from] item: Leftovers","|turn|7","|","|move|p2a: Regirock|Drain Punch|p1a: Cloyster","|-supereffective|p1a: Cloyster","|-damage|p1a: Cloyster|43/241 par","|-heal|p2a: Regirock|347/364|[from] drain|[of] p1a: Cloyster","|move|p1a: Cloyster|Icicle Spear|p2a: Regirock","|-damage|p2a: Regirock|305/364","|-damage|p2a: Regirock|262/364","|-damage|p2a: Regirock|220/364","|-damage|p2a: Regirock|178/364","|-damage|p2a: Regirock|138/364","|-hitcount|p2a: Regirock|5","|","|-heal|p2a: Regirock|160/364|[from] item: Leftovers","|turn|8","|","|move|p1a: Cloyster|Ice Shard|p2a: Regirock","|-damage|p2a: Regirock|88/364","|move|p2a: Regirock|Drain Punch|p1a: Cloyster","|-supereffective|p1a: Cloyster","|-damage|p1a: Cloyster|0 fnt","|-heal|p2a: Regirock|110/364|[from] drain|[of] p1a: Cloyster","|faint|p1a: Cloyster","|","|-heal|p2a: Regirock|132/364|[from] item: Leftovers","|","|switch|p1a: Froslass|Froslass, F|281/281","|-damage|p1a: Froslass|211/281|[from] Stealth Rock","|turn|9","|","|move|p1a: Froslass|Destiny Bond|p1a: Froslass","|-singlemove|p1a: Froslass|Destiny Bond","|move|p2a: Regirock|Thunder Wave|p1a: Froslass","|-status|p1a: Froslass|par","|","|-heal|p2a: Regirock|154/364|[from] item: Leftovers","|turn|10","|","|move|p2a: Regirock|Rock Slide|p1a: Froslass","|-miss|p2a: Regirock|p1a: Froslass","|move|p1a: Froslass|Ice Beam|p2a: Regirock","|-damage|p2a: Regirock|42/364","|","|-heal|p2a: Regirock|64/364|[from] item: Leftovers","|turn|11","|","|move|p2a: Regirock|Rock Slide|p1a: Froslass","|-supereffective|p1a: Froslass","|-damage|p1a: Froslass|0 fnt","|faint|p1a: Froslass","|","|-heal|p2a: Regirock|86/364|[from] item: Leftovers","|","|switch|p1a: Weavile|Weavile, F|281/281","|-damage|p1a: Weavile|211/281|[from] Stealth Rock","|-ability|p1a: Weavile|Pressure","|turn|12","|","|move|p1a: Weavile|Low Kick|p2a: Regirock","|-supereffective|p2a: Regirock","|-damage|p2a: Regirock|0 fnt","|-damage|p1a: Weavile|183/281|[from] item: Life Orb","|faint|p2a: Regirock","|","|","|switch|p2a: Diancie|Diancie|303/303","|turn|13","|","|move|p1a: Weavile|Icicle Crash|p2a: Diancie","|-damage|p2a: Diancie|147/303","|-damage|p1a: Weavile|155/281|[from] item: Life Orb","|move|p2a: Diancie|Diamond Storm|p1a: Weavile","|-supereffective|p1a: Weavile","|-damage|p1a: Weavile|0 fnt","|-boost|p2a: Diancie|def|1","|faint|p1a: Weavile","|","|","|switch|p1a: Piloswine|Piloswine, M|403/403","|-damage|p1a: Piloswine|353/403|[from] Stealth Rock","|turn|14","|","|move|p1a: Piloswine|Earthquake|p2a: Diancie","|-supereffective|p2a: Diancie","|-damage|p2a: Diancie|0 fnt","|faint|p2a: Diancie","|","|","|switch|p2a: Aggron|Aggron, F|343/343","|turn|15","|","|move|p2a: Aggron|Head Smash|p1a: Piloswine|[miss]","|-miss|p2a: Aggron|p1a: Piloswine","|move|p1a: Piloswine|Earthquake|p2a: Aggron","|-supereffective|p2a: Aggron","|-enditem|p2a: Aggron|Focus Sash","|-damage|p2a: Aggron|1/343","|","|turn|16","|","|move|p1a: Piloswine|Ice Shard|p2a: Aggron","|-resisted|p2a: Aggron","|-damage|p2a: Aggron|0 fnt","|faint|p2a: Aggron","|","|","|switch|p2a: Armaldo|Armaldo, M|353/353","|turn|17","|","|move|p1a: Piloswine|Earthquake|p2a: Armaldo","|-damage|p2a: Armaldo|203/353","|move|p2a: Armaldo|Aqua Tail|p1a: Piloswine|[miss]","|-miss|p2a: Armaldo|p1a: Piloswine","|","|turn|18","|","|move|p1a: Piloswine|Earthquake|p2a: Armaldo","|-damage|p2a: Armaldo|41/353","|move|p2a: Armaldo|Aqua Tail|p1a: Piloswine","|-supereffective|p1a: Piloswine","|-damage|p1a: Piloswine|175/403","|","|turn|19","|","|move|p1a: Piloswine|Ice Shard|p2a: Armaldo","|-damage|p2a: Armaldo|0 fnt","|faint|p2a: Armaldo","|","|","|switch|p2a: Terrakion|Terrakion|323/323","|turn|20","|","|move|p2a: Terrakion|Close Combat|p1a: Piloswine","|-supereffective|p1a: Piloswine","|-damage|p1a: Piloswine|0 fnt","|-unboost|p2a: Terrakion|def|1","|-unboost|p2a: Terrakion|spd|1","|faint|p1a: Piloswine","|","|","|switch|p1a: Kyurem-Black|Kyurem-Black|453/453","|-damage|p1a: Kyurem-Black|340/453|[from] Stealth Rock","|-ability|p1a: Kyurem-Black|Teravolt","|turn|21","|","|move|p2a: Terrakion|Close Combat|p1a: Kyurem-Black","|-supereffective|p1a: Kyurem-Black","|-damage|p1a: Kyurem-Black|0 fnt","|-unboost|p2a: Terrakion|def|1","|-unboost|p2a: Terrakion|spd|1","|faint|p1a: Kyurem-Black","|","|win|Defender of Sinnoh"],"p1rating":{"entryid":"6034648","serverid":"eos","formatid":"monotype","userid":"guarddarkrai","username":"Guard Darkrai","w":"88","l":99,"t":"0","gxe":47.3,"r":"1460.3782538835","rd":"33.881477505285","sigma":"0","rptime":"1439197200","rpr":1479.384197385,"rprd":30.028408427761,"rpsigma":"0","acre":1119.6291730102,"lacre":1119.6291730102,"oldacre":"1147.4269897836"},"p2rating":{"entryid":"6083148","serverid":"eos","formatid":"monotype","userid":"defenderofsinnoh","username":"Defender Of Sinnoh","w":49,"l":"63","t":"0","gxe":44.1,"r":"1458.3033673695","rd":"41.290502805627","sigma":"0","rptime":"1439197200","rpr":1455.4015393422,"rprd":39.08157600536,"rpsigma":"0","acre":1136.1788043258,"lacre":1136.1788043258,"oldacre":"1108.3809875524"},"endType":"normal"}