{"seed":[22578,27839,17910,55944],"turns":26,"p1":"Alliance-Mental1st","p2":"Freelancer Photon","p1team":[{"name":"Jirachi","species":"Jirachi","item":"choicescarf","ability":"Serene Grace","moves":["ironhead","trick","healingwish","uturn"],"nature":"Jolly","evs":{"hp":0,"atk":252,"def":0,"spa":0,"spd":4,"spe":252},"ivs":{"hp":31,"atk":31,"def":31,"spa":31,"spd":31,"spe":31}},{"name":"Victini","species":"Victini","item":"choicescarf","ability":"Victory Star","moves":["vcreate","boltstrike","zenheadbutt","blueflare"],"nature":"Adamant","evs":{"hp":0,"atk":252,"def":0,"spa":0,"spd":4,"spe":252},"ivs":{"hp":31,"atk":31,"def":31,"spa":31,"spd":31,"spe":31}},{"name":"Mew","species":"Mew","item":"leftovers","ability":"Synchronize","moves":["roost","stealthrock","defog","willowisp"],"nature":"Calm","evs":{"hp":252,"atk":0,"def":4,"spa":0,"spd":144,"spe":108},"ivs":{"hp":31,"atk":31,"def":31,"spa":31,"spd":31,"spe":31}},{"name":"Gardevoir","species":"Gardevoir","item":"gardevoirite","ability":"Trace","moves":["hypervoice","psyshock","focusblast","substitute"],"nature":"Timid","evs":{"hp":0,"atk":0,"def":0,"spa":252,"spd":4,"spe":252},"ivs":{"hp":31,"atk":31,"def":31,"spa":31,"spd":31,"spe":31}},{"name":"Meloetta","species":"Meloetta","item":"assaultvest","ability":"Serene Grace","moves":["focusblast","psyshock","energyball","shadowball"],"nature":"Modest","evs":{"hp":248,"atk":0,"def":0,"spa":252,"spd":8,"spe":0},"ivs":{"hp":31,"atk":31,"def":31,"spa":31,"spd":31,"spe":31}},{"name":"Slowbro","species":"Slowbro","item":"rockyhelmet","ability":"Regenerator","moves":["slackoff","scald","fireblast","thunderwave"],"nature":"Bold","evs":{"hp":248,"atk":0,"def":252,"spa":8,"spd":0,"spe":0},"ivs":{"hp":31,"atk":31,"def":31,"spa":31,"spd":31,"spe":31}}],"p2team":[{"name":"Sceptile","species":"Sceptile","item":"choiceband","ability":"Unburden","moves":["leafblade","earthquake","outrage","thunderpunch"],"nature":"Jolly","evs":{"hp":0,"atk":252,"def":0,"spa":0,"spd":4,"spe":252},"ivs":{"hp":31,"atk":31,"def":31,"spa":31,"spd":31,"spe":31}},{"name":"Venusaur","species":"Venusaur","item":"venusaurite","ability":"Overgrow","moves":["curse","synthesis","earthquake","petalblizzard"],"nature":"Adamant","evs":{"hp":248,"atk":252,"def":0,"spa":0,"spd":8,"spe":0},"ivs":{"hp":31,"atk":31,"def":31,"spa":31,"spd":31,"spe":31}},{"name":"Ludicolo","species":"Ludicolo","item":"choicespecs","ability":"Own Tempo","moves":["energyball","hiddenpowerfire","surf","icebeam"],"nature":"Modest","evs":{"hp":0,"atk":0,"def":0,"spa":252,"spd":4,"spe":252},"ivs":{"hp":31,"atk":30,"def":31,"spa":30,"spd":31,"spe":30}},{"name":"Ferrothorn","species":"Ferrothorn","item":"rockyhelmet","ability":"Iron Barbs","moves":["leechseed","stealthrock","thunderwave","gyroball"],"nature":"Relaxed","evs":{"hp":252,"atk":0,"def":252,"spa":0,"spd":0,"spe":0},"ivs":{"hp":31,"atk":31,"def":31,"spa":31,"spd":31,"spe":0}},{"name":"Celebi","species":"Celebi","item":"lifeorb","ability":"Natural Cure","moves":["stealthrock","psychic","dazzlinggleam","gigadrain"],"nature":"Timid","evs":{"hp":0,"atk":0,"def":0,"spa":252,"spd":4,"spe":252},"ivs":{"hp":31,"atk":31,"def":31,"spa":31,"spd":31,"spe":31}},{"name":"Roserade","species":"Roserade","item":"choicescarf","ability":"Technician","moves":["sludgebomb","energyball","hiddenpowerice","shadowball"],"nature":"Modest","evs":{"hp":0,"atk":0,"def":0,"spa":252,"spd":0,"spe":252},"ivs":{"hp":31,"atk":30,"def":30,"spa":31,"spd":31,"spe":31}}],"log":["|player|p1|Alliance-Mental1st|184","|player|p2|Freelancer Photon|66","|gametype|singles","|gen|6","|tier|Monotype","|rated","|rule|Baton Pass Clause: Limit one Baton Passer, can't pass Spe and other stats simultaneously","|rule|Swagger Clause: Swagger is banned","|rule|Same Type Clause: Pokémon in a team must share a type","|clearpoke","|poke|p1|Jirachi","|poke|p1|Victini","|poke|p1|Mew","|poke|p1|Gardevoir, F","|poke|p1|Meloetta","|poke|p1|Slowbro, F","|poke|p2|Sceptile, M","|poke|p2|Venusaur, M","|poke|p2|Ludicolo, F","|poke|p2|Ferrothorn, M","|poke|p2|Celebi","|poke|p2|Roserade, F","|rule|Sleep Clause Mod: Limit one foe put to sleep","|rule|Species Clause: Limit one of each Pokémon","|rule|OHKO Clause: OHKO moves are banned","|rule|Moody Clause: Moody is banned","|rule|Evasion Moves Clause: Evasion moves are banned","|rule|Endless Battle Clause: Forcing endless battles is banned","|rule|HP Percentage Mod: HP is shown in percentages","|teampreview","|","|start","|switch|p1a: Mew|Mew|404/404","|switch|p2a: Celebi|Celebi|341/341","|turn|1","|","|move|p2a: Celebi|Stealth Rock|p1a: Mew","|-sidestart|p1: Alliance-Mental1st|move: Stealth Rock","|move|p1a: Mew|Stealth Rock|p2a: Celebi","|-sidestart|p2: Freelancer Photon|move: Stealth Rock","|","|turn|2","|","|switch|p2a: Ludicolo|Ludicolo, F|301/301","|-damage|p2a: Ludicolo|264/301|[from] Stealth Rock","|move|p1a: Mew|Will-O-Wisp|p2a: Ludicolo","|-status|p2a: Ludicolo|brn","|","|-damage|p2a: Ludicolo|227/301 brn|[from] brn","|turn|3","|","|move|p1a: Mew|Defog|p2a: Ludicolo","|-unboost|p2a: Ludicolo|evasion|1","|-sideend|p2: Freelancer Photon|Stealth Rock|[from] move: Defog|[of] p2a: Ludicolo","|-sideend|p1: Alliance-Mental1st|Stealth Rock|[from] move: Defog|[of] p1a: Mew","|move|p2a: Ludicolo|Energy Ball|p1a: Mew","|-damage|p1a: Mew|251/404","|","|-heal|p1a: Mew|276/404|[from] item: Leftovers","|-damage|p2a: Ludicolo|190/301 brn|[from] brn","|turn|4","|","|switch|p2a: Ferrothorn|Ferrothorn, M|352/352","|move|p1a: Mew|Stealth Rock|p2a: Ferrothorn","|-sidestart|p2: Freelancer Photon|move: Stealth Rock","|","|-heal|p1a: Mew|301/404|[from] item: Leftovers","|turn|5","|","|move|p1a: Mew|Will-O-Wisp|p2a: Ferrothorn","|-status|p2a: Ferrothorn|brn","|move|p2a: Ferrothorn|Stealth Rock|p1a: Mew","|-sidestart|p1: Alliance-Mental1st|move: Stealth Rock","|","|-heal|p1a: Mew|326/404|[from] item: Leftovers","|-damage|p2a: Ferrothorn|308/352 brn|[from] brn","|turn|6","|","|move|p1a: Mew|Defog|p2a: Ferrothorn","|-unboost|p2a: Ferrothorn|evasion|1","|-sideend|p2: Freelancer Photon|Stealth Rock|[from] move: Defog|[of] p2a: Ferrothorn","|-sideend|p1: Alliance-Mental1st|Stealth Rock|[from] move: Defog|[of] p1a: Mew","|move|p2a: Ferrothorn|Leech Seed|p1a: Mew","|-start|p1a: Mew|move: Leech Seed","|","|-heal|p1a: Mew|351/404|[from] item: Leftovers","|-damage|p1a: Mew|301/404|[from] Leech Seed|[of] p2a: Ferrothorn","|-heal|p2a: Ferrothorn|352/352 brn|[silent]","|-damage|p2a: Ferrothorn|308/352 brn|[from] brn","|turn|7","|","|switch|p1a: Victini|Victini|341/341","|move|p2a: Ferrothorn|Thunder Wave|p1a: Victini","|-status|p1a: Victini|par","|","|-damage|p2a: Ferrothorn|264/352 brn|[from] brn","|turn|8","|","|move|p1a: Victini|V-create|p2a: Ferrothorn","|-supereffective|p2a: Ferrothorn","|-damage|p2a: Ferrothorn|0 fnt","|-damage|p1a: Victini|299/341 par|[from] ability: Iron Barbs|[of] p2a: Ferrothorn","|-damage|p1a: Victini|243/341 par|[from] item: Rocky Helmet|[of] p2a: Ferrothorn","|-unboost|p1a: Victini|spe|1","|-unboost|p1a: Victini|def|1","|-unboost|p1a: Victini|spd|1","|faint|p2a: Ferrothorn","|","|","|switch|p2a: Sceptile|Sceptile, M|281/281","|turn|9","|","|switch|p1a: Jirachi|Jirachi|341/341","|move|p2a: Sceptile|Earthquake|p1a: Jirachi","|-supereffective|p1a: Jirachi","|-damage|p1a: Jirachi|75/341","|","|turn|10","|","|move|p1a: Jirachi|Iron Head|p2a: Sceptile","|-damage|p2a: Sceptile|103/281","|move|p2a: Sceptile|Earthquake|p1a: Jirachi","|-supereffective|p1a: Jirachi","|-damage|p1a: Jirachi|0 fnt","|faint|p1a: Jirachi","|","|","|switch|p1a: Slowbro|Slowbro, F|393/393","|turn|11","|","|switch|p2a: Venusaur|Venusaur, M|363/363","|move|p1a: Slowbro|Fire Blast|p2a: Venusaur","|-supereffective|p2a: Venusaur","|-damage|p2a: Venusaur|201/363","|","|turn|12","|","|detailschange|p2a: Venusaur|Venusaur-Mega, M","|-mega|p2a: Venusaur|Venusaur|Venusaurite","|move|p2a: Venusaur|Synthesis|p2a: Venusaur","|-heal|p2a: Venusaur|363/363","|move|p1a: Slowbro|Thunder Wave|p2a: Venusaur","|-status|p2a: Venusaur|par","|","|turn|13","|","|switch|p1a: Mew|Mew|301/404","|move|p2a: Venusaur|Earthquake|p1a: Mew","|-damage|p1a: Mew|198/404","|","|-heal|p1a: Mew|223/404|[from] item: Leftovers","|turn|14","|","|move|p1a: Mew|Stealth Rock|p2a: Venusaur","|-sidestart|p2: Freelancer Photon|move: Stealth Rock","|move|p2a: Venusaur|Curse|p2a: Venusaur","|-unboost|p2a: Venusaur|spe|1","|-boost|p2a: Venusaur|atk|1","|-boost|p2a: Venusaur|def|1","|","|-heal|p1a: Mew|248/404|[from] item: Leftovers","|turn|15","|","|switch|p1a: Meloetta|Meloetta|403/403","|move|p2a: Venusaur|Petal Blizzard|p1a: Meloetta","|-damage|p1a: Meloetta|129/403","|","|turn|16","|","|switch|p2a: Celebi|Celebi|341/341","|-damage|p2a: Celebi|299/341|[from] Stealth Rock","|move|p1a: Meloetta|Psyshock|p2a: Celebi","|-resisted|p2a: Celebi","|-damage|p2a: Celebi|226/341","|","|turn|17","|","|move|p2a: Celebi|Stealth Rock|p1a: Meloetta","|-sidestart|p1: Alliance-Mental1st|move: Stealth Rock","|move|p1a: Meloetta|Shadow Ball|p2a: Celebi","|-supereffective|p2a: Celebi","|-damage|p2a: Celebi|10/341","|","|turn|18","|","|switch|p1a: Mew|Mew|248/404","|-damage|p1a: Mew|198/404|[from] Stealth Rock","|move|p2a: Celebi|Giga Drain|p1a: Mew","|-crit|p1a: Mew","|-damage|p1a: Mew|38/404","|-heal|p2a: Celebi|90/341|[from] drain|[of] p1a: Mew","|-damage|p2a: Celebi|56/341|[from] item: Life Orb","|","|-heal|p1a: Mew|63/404|[from] item: Leftovers","|turn|19","|","|move|p2a: Celebi|Giga Drain|p1a: Mew","|-damage|p1a: Mew|0 fnt","|-heal|p2a: Celebi|88/341|[from] drain|[of] p1a: Mew","|-damage|p2a: Celebi|54/341|[from] item: Life Orb","|faint|p1a: Mew","|","|","|switch|p1a: Victini|Victini|243/341 par","|-damage|p1a: Victini|158/341 par|[from] Stealth Rock","|turn|20","|","|move|p2a: Celebi|Psychic|p1a: Victini","|-resisted|p1a: Victini","|-damage|p1a: Victini|67/341 par","|-damage|p2a: Celebi|20/341|[from] item: Life Orb","|move|p1a: Victini|Zen Headbutt|p2a: Celebi","|-resisted|p2a: Celebi","|-damage|p2a: Celebi|0 fnt","|faint|p2a: Celebi","|","|","|switch|p2a: Roserade|Roserade, F|261/261","|-damage|p2a: Roserade|229/261|[from] Stealth Rock","|turn|21","|","|move|p2a: Roserade|Sludge Bomb|p1a: Victini","|-damage|p1a: Victini|0 fnt","|faint|p1a: Victini","|","|","|switch|p1a: Meloetta|Meloetta|129/403","|-damage|p1a: Meloetta|79/403|[from] Stealth Rock","|turn|22","|","|switch|p2a: Ludicolo|Ludicolo, F|190/301 brn","|-damage|p2a: Ludicolo|153/301 brn|[from] Stealth Rock","|move|p1a: Meloetta|Psyshock|p2a: Ludicolo","|-damage|p2a: Ludicolo|0 fnt","|faint|p2a: Ludicolo","|","|","|switch|p2a: Sceptile|Sceptile, M|103/281","|-damage|p2a: Sceptile|68/281|[from] Stealth Rock","|turn|23","|","|move|p2a: Sceptile|Leaf Blade|p1a: Meloetta","|-damage|p1a: Meloetta|0 fnt","|faint|p1a: Meloetta","|","|","|switch|p1a: Slowbro|Slowbro, F|393/393","|-damage|p1a: Slowbro|344/393|[from] Stealth Rock","|turn|24","|","|move|p2a: Sceptile|Leaf Blade|p1a: Slowbro","|-supereffective|p1a: Slowbro","|-damage|p1a: Slowbro|96/393","|-damage|p2a: Sceptile|22/281|[from] item: Rocky Helmet|[of] p1a: Slowbro","|move|p1a: Slowbro|Fire Blast|p2a: Sceptile","|-supereffective|p2a: Sceptile","|-damage|p2a: Sceptile|0 fnt","|faint|p2a: Sceptile","|","|","|switch|p2a: Roserade|Roserade, F|229/261","|-damage|p2a: Roserade|197/261|[from] Stealth Rock","|turn|25","|","|move|p2a: Roserade|Sludge Bomb|p1a: Slowbro","|-damage|p1a: Slowbro|0 fnt","|faint|p1a: Slowbro","|","|","|switch|p1a: Gardevoir|Gardevoir, F|277/277","|-damage|p1a: Gardevoir|243/277|[from] Stealth Rock","|-ability|p1a: Gardevoir|Technician|[from] ability: Trace|[of] p2a: Roserade","|turn|26","|","|detailschange|p1a: Gardevoir|Gardevoir-Mega, F","|-mega|p1a: Gardevoir|Gardevoir|Gardevoirite","|move|p2a: Roserade|Sludge Bomb|p1a: Gardevoir","|-supereffective|p1a: Gardevoir","|-damage|p1a: Gardevoir|0 fnt","|faint|p1a: Gardevoir","|","|win|Freelancer Photon"],"p1rating":{"entryid":"7411242","serverid":"eos","formatid":"monotype","userid":"alliancemental1st","username":"Alliance-Mental1st","w":"1","l":3,"t":"0","gxe":42.2,"r":1465.4000509893,"rd":110.2195420227,"sigma":"0","rptime":1439197200,"rpr":1438.3511253058,"rprd":105.80071405921,"rpsigma":"0","acre":1017.7363654227,"lacre":1017.7363654227,"oldacre":"1030.9361826359"},"p2rating":{"entryid":"7529200","serverid":"eos","formatid":"monotype","userid":"freelancerphoton","username":"Freelancer Photon","w":3,"l":"1","t":"0","gxe":59.4,"r":1547.8391389454,"rd":112.13270210657,"sigma":"0","rptime":1439197200,"rpr":1574.6381234427,"rprd":107.40537915871,"rpsigma":"0","acre":1092.4763256429,"lacre":1092.4763256429,"oldacre":"1065.2346424367"},"endType":"normal"}