{"seed":[35991,16610,27349,40908],"turns":28,"p1":"Professor♅ Gotenks","p2":"SWL HB","p1team":[{"name":"Ferrothorn","species":"Ferrothorn","item":"rockyhelmet","ability":"Iron Barbs","moves":["leechseed","gyroball","toxic","powerwhip"],"nature":"Relaxed","evs":{"hp":248,"atk":8,"def":252,"spa":0,"spd":0,"spe":0},"ivs":{"hp":31,"atk":31,"def":31,"spa":31,"spd":31,"spe":0}},{"name":"Klefki","species":"Klefki","item":"lightclay","ability":"Prankster","moves":["lightscreen","reflect","thunderwave","drainingkiss"],"nature":"Bold","evs":{"hp":248,"atk":0,"def":116,"spa":8,"spd":136,"spe":0},"ivs":{"hp":31,"atk":31,"def":31,"spa":31,"spd":31,"spe":31}},{"name":"Excadrill","species":"Excadrill","item":"choicescarf","ability":"Mold Breaker","moves":["earthquake","ironhead","rockslide","rapidspin"],"nature":"Jolly","evs":{"hp":0,"atk":252,"def":0,"spa":0,"spd":4,"spe":252},"ivs":{"hp":31,"atk":31,"def":31,"spa":31,"spd":31,"spe":31}},{"name":"Heatran","species":"Heatran","item":"airballoon","ability":"Flash Fire","moves":["earthpower","lavaplume","flashcannon","ancientpower"],"nature":"Modest","evs":{"hp":248,"atk":0,"def":0,"spa":252,"spd":8,"spe":0},"ivs":{"hp":31,"atk":30,"def":30,"spa":31,"spd":31,"spe":31}},{"name":"Skarmory","species":"Skarmory","item":"rockyhelmet","ability":"Sturdy","moves":["stealthrock","spikes","bravebird","whirlwind"],"nature":"Impish","evs":{"hp":248,"atk":0,"def":236,"spa":0,"spd":0,"spe":24},"ivs":{"hp":31,"atk":31,"def":31,"spa":31,"spd":31,"spe":31}},{"name":"Scizor","species":"Scizor","item":"scizorite","ability":"Light Metal","moves":["roost","swordsdance","bulletpunch","bugbite"],"nature":"Adamant","evs":{"hp":176,"atk":180,"def":0,"spa":0,"spd":8,"spe":144},"shiny":true,"ivs":{"hp":31,"atk":31,"def":31,"spa":31,"spd":31,"spe":31}}],"p2team":[{"name":"Beedrill","species":"Beedrill","item":"beedrillite","ability":"Swarm","moves":["uturn","protect","poisonjab","drillrun"],"nature":"Jolly","evs":{"hp":0,"atk":252,"def":0,"spa":0,"spd":4,"spe":252},"ivs":{"hp":31,"atk":31,"def":31,"spa":31,"spd":31,"spe":31}},{"name":"Golbat","species":"Golbat","item":"eviolite","ability":"Infiltrator","moves":["toxic","taunt","bravebird","roost"],"nature":"Careful","evs":{"hp":248,"atk":8,"def":0,"spa":0,"spd":252,"spe":0},"ivs":{"hp":31,"atk":31,"def":31,"spa":31,"spd":31,"spe":31}},{"name":"Roserade","species":"Roserade","item":"lifeorb","ability":"Natural Cure","moves":["gigadrain","hiddenpowerfire","dazzlinggleam","sludgebomb"],"nature":"Timid","evs":{"hp":0,"atk":0,"def":0,"spa":252,"spd":4,"spe":252},"ivs":{"hp":31,"atk":30,"def":31,"spa":30,"spd":31,"spe":30}},{"name":"Nidoqueen","species":"Nidoqueen","item":"assaultvest","ability":"Sheer Force","moves":["earthpower","flamethrower","icebeam","sludgewave"],"nature":"Modest","evs":{"hp":248,"atk":0,"def":0,"spa":252,"spd":8,"spe":0},"ivs":{"hp":31,"atk":31,"def":31,"spa":31,"spd":31,"spe":31}},{"name":"Skuntank","species":"Skuntank","item":"airballoon","ability":"Aftermath","moves":["foulplay","poisonjab","defog","suckerpunch"],"nature":"Adamant","evs":{"hp":248,"atk":252,"def":0,"spa":0,"spd":8,"spe":0},"ivs":{"hp":31,"atk":31,"def":31,"spa":31,"spd":31,"spe":31}},{"name":"Gengar","species":"Gengar","item":"focussash","ability":"Levitate","moves":["shadowball","willowisp","icywind","focusblast"],"nature":"Timid","evs":{"hp":0,"atk":0,"def":0,"spa":252,"spd":4,"spe":252},"ivs":{"hp":31,"atk":31,"def":31,"spa":31,"spd":31,"spe":31}}],"log":["|player|p1|Professor♅ Gotenks|professorgotenks.png","|player|p2|SWL HB|swlhb.gif","|gametype|singles","|gen|6","|tier|Monotype","|rated","|rule|Baton Pass Clause: Limit one Baton Passer, can't pass Spe and other stats simultaneously","|rule|Swagger Clause: Swagger is banned","|rule|Same Type Clause: Pokémon in a team must share a type","|clearpoke","|poke|p1|Ferrothorn, M","|poke|p1|Klefki, F","|poke|p1|Excadrill, F","|poke|p1|Heatran, M","|poke|p1|Skarmory, F","|poke|p1|Scizor, F, shiny","|poke|p2|Beedrill, M","|poke|p2|Golbat, M","|poke|p2|Roserade, F","|poke|p2|Nidoqueen, F","|poke|p2|Skuntank, M","|poke|p2|Gengar, F","|rule|Sleep Clause Mod: Limit one foe put to sleep","|rule|Species Clause: Limit one of each Pokémon","|rule|OHKO Clause: OHKO moves are banned","|rule|Moody Clause: Moody is banned","|rule|Evasion Moves Clause: Evasion moves are banned","|rule|Endless Battle Clause: Forcing endless battles is banned","|rule|HP Percentage Mod: HP is shown in percentages","|teampreview","|","|start","|switch|p1a: Scizor|Scizor, F, shiny|325/325","|switch|p2a: Nidoqueen|Nidoqueen, F|383/383","|turn|1","|","|detailschange|p1a: Scizor|Scizor-Mega, F, shiny","|-mega|p1a: Scizor|Scizor|Scizorite","|move|p1a: Scizor|Swords Dance|p1a: Scizor","|-boost|p1a: Scizor|atk|2","|move|p2a: Nidoqueen|Ice Beam|p1a: Scizor","|-resisted|p1a: Scizor","|-damage|p1a: Scizor|272/325","|","|turn|2","|","|move|p1a: Scizor|Swords Dance|p1a: Scizor","|-boost|p1a: Scizor|atk|2","|move|p2a: Nidoqueen|Flamethrower|p1a: Scizor","|-supereffective|p1a: Scizor","|-damage|p1a: Scizor|0 fnt","|faint|p1a: Scizor","|","|","|switch|p1a: Excadrill|Excadrill, F|361/361","|-ability|p1a: Excadrill|Mold Breaker","|turn|3","|","|switch|p2a: Golbat|Golbat, M|353/353","|move|p1a: Excadrill|Earthquake|p2a: Golbat","|-immune|p2a: Golbat|[msg]","|","|turn|4","|","|switch|p1a: Klefki|Klefki, F|317/317","|switch|p2a: Nidoqueen|Nidoqueen, F|383/383","|","|turn|5","|","|move|p1a: Klefki|Light Screen|p1a: Klefki","|-sidestart|p1: Professor♅ Gotenks|move: Light Screen","|move|p2a: Nidoqueen|Earth Power|p1a: Klefki","|-supereffective|p1a: Klefki","|-damage|p1a: Klefki|158/317","|","|turn|6","|","|switch|p1a: Skarmory|Skarmory, F|333/333","|move|p2a: Nidoqueen|Earth Power|p1a: Skarmory","|-immune|p1a: Skarmory|[msg]","|","|turn|7","|","|move|p2a: Nidoqueen|Ice Beam|p1a: Skarmory","|-damage|p1a: Skarmory|260/333","|move|p1a: Skarmory|Stealth Rock|p2a: Nidoqueen","|-sidestart|p2: SWL HB|move: Stealth Rock","|","|turn|8","|","|move|p2a: Nidoqueen|Flamethrower|p1a: Skarmory","|-supereffective|p1a: Skarmory","|-damage|p1a: Skarmory|116/333","|move|p1a: Skarmory|Spikes|p2a: Nidoqueen","|-sidestart|p2: SWL HB|Spikes","|","|turn|9","|","|move|p2a: Nidoqueen|Flamethrower|p1a: Skarmory","|-crit|p1a: Skarmory","|-supereffective|p1a: Skarmory","|-damage|p1a: Skarmory|0 fnt","|faint|p1a: Skarmory","|","|","|switch|p1a: Excadrill|Excadrill, F|361/361","|-ability|p1a: Excadrill|Mold Breaker","|turn|10","|","|switch|p2a: Golbat|Golbat, M|353/353","|-damage|p2a: Golbat|265/353|[from] Stealth Rock","|move|p1a: Excadrill|Earthquake|p2a: Golbat","|-immune|p2a: Golbat|[msg]","|","|turn|11","|","|move|p1a: Excadrill|Earthquake|p2a: Golbat","|-immune|p2a: Golbat|[msg]","|move|p2a: Golbat|Taunt|p1a: Excadrill","|-start|p1a: Excadrill|move: Taunt","|","|turn|12","|","|move|p1a: Excadrill|Earthquake|p2a: Golbat","|-immune|p2a: Golbat|[msg]","|move|p2a: Golbat|Taunt|p1a: Excadrill","|-fail|p1a: Excadrill","|","|-sideend|p1: Professor♅ Gotenks|move: Light Screen","|turn|13","|","|switch|p1a: Heatran|Heatran, M|385/385","|-item|p1a: Heatran|Air Balloon","|move|p2a: Golbat|Taunt|p1a: Heatran","|-start|p1a: Heatran|move: Taunt","|","|turn|14","|","|move|p2a: Golbat|Brave Bird|p1a: Heatran","|-resisted|p1a: Heatran","|-damage|p1a: Heatran|325/385","|-enditem|p1a: Heatran|Air Balloon","|-damage|p2a: Golbat|245/353|[from] recoil|[of] p1a: Heatran","|move|p1a: Heatran|Ancient Power|p2a: Golbat","|-supereffective|p2a: Golbat","|-damage|p2a: Golbat|151/353","|-boost|p1a: Heatran|atk|1","|-boost|p1a: Heatran|def|1","|-boost|p1a: Heatran|spa|1","|-boost|p1a: Heatran|spd|1","|-boost|p1a: Heatran|spe|1","|","|turn|15","|","|switch|p2a: Nidoqueen|Nidoqueen, F|383/383","|-damage|p2a: Nidoqueen|336/383|[from] Spikes","|-damage|p2a: Nidoqueen|313/383|[from] Stealth Rock","|move|p1a: Heatran|Ancient Power|p2a: Nidoqueen","|-resisted|p2a: Nidoqueen","|-damage|p2a: Nidoqueen|269/383","|","|-end|p1a: Heatran|move: Taunt","|turn|16","|","|move|p1a: Heatran|Earth Power|p2a: Nidoqueen","|-supereffective|p2a: Nidoqueen","|-damage|p2a: Nidoqueen|1/383","|move|p2a: Nidoqueen|Earth Power|p1a: Heatran","|-supereffective|p1a: Heatran","|-damage|p1a: Heatran|0 fnt","|faint|p1a: Heatran","|","|","|switch|p1a: Ferrothorn|Ferrothorn, M|351/351","|turn|17","|","|move|p2a: Nidoqueen|Flamethrower|p1a: Ferrothorn","|-supereffective|p1a: Ferrothorn","|-damage|p1a: Ferrothorn|3/351","|move|p1a: Ferrothorn|Power Whip|p2a: Nidoqueen","|-damage|p2a: Nidoqueen|0 fnt","|faint|p2a: Nidoqueen","|","|","|switch|p2a: Skuntank|Skuntank, M|409/409","|-damage|p2a: Skuntank|358/409|[from] Stealth Rock","|-item|p2a: Skuntank|Air Balloon","|turn|18","|","|move|p2a: Skuntank|Defog|p1a: Ferrothorn","|-unboost|p1a: Ferrothorn|evasion|1","|-sideend|p2: SWL HB|Spikes|[from] move: Defog|[of] p2a: Skuntank","|-sideend|p2: SWL HB|Stealth Rock|[from] move: Defog|[of] p2a: Skuntank","|move|p1a: Ferrothorn|Gyro Ball|p2a: Skuntank","|-damage|p2a: Skuntank|168/409","|-enditem|p2a: Skuntank|Air Balloon","|","|turn|19","|","|move|p2a: Skuntank|Foul Play|p1a: Ferrothorn","|-damage|p1a: Ferrothorn|0 fnt","|-damage|p2a: Skuntank|117/409|[from] ability: Iron Barbs|[of] p1a: Ferrothorn","|-damage|p2a: Skuntank|49/409|[from] item: Rocky Helmet|[of] p1a: Ferrothorn","|faint|p1a: Ferrothorn","|","|","|switch|p1a: Klefki|Klefki, F|158/317","|turn|20","|","|switch|p2a: Roserade|Roserade, F|261/261","|move|p1a: Klefki|Reflect|p1a: Klefki","|-sidestart|p1: Professor♅ Gotenks|Reflect","|","|turn|21","|","|move|p1a: Klefki|Light Screen|p1a: Klefki","|-sidestart|p1: Professor♅ Gotenks|move: Light Screen","|move|p2a: Roserade|Hidden Power|p1a: Klefki","|-supereffective|p1a: Klefki","|-damage|p1a: Klefki|75/317","|-damage|p2a: Roserade|235/261|[from] item: Life Orb","|","|turn|22","|","|move|p1a: Klefki|Thunder Wave|p2a: Roserade","|-status|p2a: Roserade|par","|move|p2a: Roserade|Hidden Power|p1a: Klefki","|-supereffective|p1a: Klefki","|-damage|p1a: Klefki|0 fnt","|-damage|p2a: Roserade|209/261 par|[from] item: Life Orb","|faint|p1a: Klefki","|","|","|switch|p1a: Excadrill|Excadrill, F|361/361","|-ability|p1a: Excadrill|Mold Breaker","|turn|23","|","|switch|p2a: Golbat|Golbat, M|151/353","|move|p1a: Excadrill|Rock Slide|p2a: Golbat","|-supereffective|p2a: Golbat","|-damage|p2a: Golbat|0 fnt","|faint|p2a: Golbat","|","|","|switch|p2a: Roserade|Roserade, F|209/261","|turn|24","|","|move|p1a: Excadrill|Rock Slide|p2a: Roserade","|-damage|p2a: Roserade|72/261","|move|p2a: Roserade|Hidden Power|p1a: Excadrill","|-supereffective|p1a: Excadrill","|-damage|p1a: Excadrill|231/361","|-damage|p2a: Roserade|46/261|[from] item: Life Orb","|","|turn|25","|","|move|p1a: Excadrill|Rock Slide|p2a: Roserade","|-damage|p2a: Roserade|0 fnt","|faint|p2a: Roserade","|","|","|switch|p2a: Gengar|Gengar, F|261/261","|turn|26","|","|move|p1a: Excadrill|Rock Slide|p2a: Gengar","|-crit|p2a: Gengar","|-damage|p2a: Gengar|67/261","|move|p2a: Gengar|Focus Blast|p1a: Excadrill","|-supereffective|p1a: Excadrill","|-damage|p1a: Excadrill|27/361","|","|turn|27","|","|move|p1a: Excadrill|Rock Slide|p2a: Gengar","|-damage|p2a: Gengar|0 fnt","|faint|p2a: Gengar","|","|-sideend|p1: Professor♅ Gotenks|Reflect","|","|switch|p2a: Skuntank|Skuntank, M|49/409","|turn|28","|","|move|p2a: Skuntank|Sucker Punch|p1a: Excadrill","|-damage|p1a: Excadrill|0 fnt","|faint|p1a: Excadrill","|","|win|SWL HB"],"p1rating":{"entryid":"6600838","serverid":"eos","formatid":"monotype","userid":"professorgotenks","username":"Professor♅ Gotenks","w":"29","l":41,"t":"0","gxe":42,"r":1445.2269730847,"rd":45.274966751557,"sigma":"0","rptime":1439197200,"rpr":1438.9290723786,"rprd":44.921365073825,"rpsigma":"0","acre":1081.315856155,"lacre":1081.315856155,"oldacre":"1109.6086447968"},"p2rating":{"entryid":"6872578","serverid":"eos","formatid":"monotype","userid":"swlhb","username":"SWL HB","w":8,"l":"15","t":"0","gxe":37.7,"r":1387.2572342256,"rd":71.617841111589,"sigma":"0","rptime":1439197200,"rpr":1403.5393975782,"rprd":70.209639984043,"rpsigma":"0","acre":1098.055292835,"lacre":1098.055292835,"oldacre":"1063.5799566624"},"endType":"normal"}