{"seed":[33535,35804,9954,37025],"turns":16,"p1":"infinite hands","p2":"Rain ☆ Suichika","p1team":[{"name":"Seismitoad","species":"Seismitoad","item":"choiceband","ability":"Swift Swim","moves":["icepunch","knockoff","earthquake","drainpunch"],"nature":"Adamant","evs":{"hp":0,"atk":252,"def":0,"spa":0,"spd":4,"spe":252},"ivs":{"hp":31,"atk":31,"def":31,"spa":31,"spd":31,"spe":31}},{"name":"Politoed","species":"Politoed","item":"leftovers","ability":"Drizzle","moves":["scald","refresh","toxic","encore"],"nature":"Calm","evs":{"hp":248,"atk":0,"def":8,"spa":0,"spd":252,"spe":0},"ivs":{"hp":31,"atk":31,"def":31,"spa":31,"spd":31,"spe":31}},{"name":"Lanturn","species":"Lanturn","item":"choicespecs","ability":"Volt Absorb","moves":["voltswitch","thunderbolt","scald","icebeam"],"nature":"Modest","evs":{"hp":248,"atk":0,"def":0,"spa":252,"spd":8,"spe":0},"ivs":{"hp":31,"atk":31,"def":31,"spa":31,"spd":31,"spe":31}},{"name":"Omastar","species":"Omastar","item":"focussash","ability":"Weak Armor","moves":["stealthrock","spikes","scald","icebeam"],"nature":"Timid","evs":{"hp":0,"atk":0,"def":4,"spa":252,"spd":0,"spe":252},"ivs":{"hp":31,"atk":31,"def":31,"spa":31,"spd":31,"spe":31}},{"name":"Cloyster","species":"Cloyster","item":"lifeorb","ability":"Skill Link","moves":["iciclespear","rockblast","shellsmash","iceshard"],"nature":"Adamant","evs":{"hp":0,"atk":252,"def":0,"spa":0,"spd":4,"spe":252},"ivs":{"hp":31,"atk":31,"def":31,"spa":31,"spd":31,"spe":31}},{"name":"Milotic","species":"Milotic","item":"assaultvest","ability":"Competitive","moves":["recover","scald","icebeam","dragontail"],"nature":"Sassy","evs":{"hp":248,"atk":0,"def":0,"spa":8,"spd":252,"spe":0},"ivs":{"hp":31,"atk":31,"def":31,"spa":31,"spd":31,"spe":31}}],"p2team":[{"name":"Roserade","species":"Roserade","item":"choicescarf","ability":"Technician","moves":["sludgebomb","extrasensory","shadowball","hiddenpowerrock"],"nature":"Timid","evs":{"hp":0,"atk":0,"def":0,"spa":252,"spd":4,"spe":252},"ivs":{"hp":31,"atk":31,"def":30,"spa":31,"spd":30,"spe":30}},{"name":"Plantasaurus rex","species":"venusaur","item":"venusaurite","ability":"Chlorophyll","moves":["synthesis","gigadrain","hiddenpowerfire","earthquake"],"nature":"Quiet","evs":{"hp":252,"atk":0,"def":4,"spa":252,"spd":0,"spe":0},"gender":"F","ivs":{"hp":31,"atk":30,"def":31,"spa":30,"spd":31,"spe":30}},{"name":"Liligant wannabe","species":"bellossom","item":"choicespecs","ability":"Chlorophyll","moves":["hiddenpowerground","leafstorm","gigadrain","moonblast"],"nature":"Modest","evs":{"hp":116,"atk":0,"def":0,"spa":252,"spd":0,"spe":140},"gender":"M","ivs":{"hp":31,"atk":31,"def":31,"spa":30,"spd":30,"spe":31}},{"name":"Iron durian","species":"ferrothorn","item":"occaberry","ability":"Iron Barbs","moves":["stealthrock","thunderwave","knockoff","gyroball"],"nature":"Relaxed","evs":{"hp":252,"atk":0,"def":128,"spa":0,"spd":128,"spe":0},"gender":"M","ivs":{"hp":31,"atk":31,"def":31,"spa":31,"spd":31,"spe":31}},{"name":"Muhammad ashroom","species":"breloom","item":"focussash","ability":"Technician","moves":["spore","machpunch","bulletseed","rocktomb"],"nature":"Jolly","evs":{"hp":4,"atk":252,"def":0,"spa":0,"spd":0,"spe":252},"gender":"M","ivs":{"hp":31,"atk":31,"def":31,"spa":31,"spd":31,"spe":31}},{"name":"Celery the onion","species":"celebi","item":"lifeorb","ability":"Natural Cure","moves":["gigadrain","zenheadbutt","suckerpunch","earthpower"],"nature":"Naive","evs":{"hp":0,"atk":216,"def":0,"spa":40,"spd":0,"spe":252},"ivs":{"hp":31,"atk":31,"def":31,"spa":31,"spd":31,"spe":31}}],"log":["|player|p1|infinite hands|2","|player|p2|Rain ☆ Suichika|rainsuichika.png","|gametype|singles","|gen|6","|tier|Monotype","|rated","|rule|Baton Pass Clause: Limit one Baton Passer, can't pass Spe and other stats simultaneously","|rule|Swagger Clause: Swagger is banned","|rule|Same Type Clause: Pokémon in a team must share a type","|clearpoke","|poke|p1|Seismitoad, M","|poke|p1|Politoed, M","|poke|p1|Lanturn, M","|poke|p1|Omastar, M","|poke|p1|Cloyster, F","|poke|p1|Milotic, M","|poke|p2|Roserade, M","|poke|p2|Venusaur, F","|poke|p2|Bellossom, M","|poke|p2|Ferrothorn, M","|poke|p2|Breloom, M","|poke|p2|Celebi","|rule|Sleep Clause Mod: Limit one foe put to sleep","|rule|Species Clause: Limit one of each Pokémon","|rule|OHKO Clause: OHKO moves are banned","|rule|Moody Clause: Moody is banned","|rule|Evasion Moves Clause: Evasion moves are banned","|rule|Endless Battle Clause: Forcing endless battles is banned","|rule|HP Percentage Mod: HP is shown in percentages","|teampreview","|","|start","|switch|p1a: Milotic|Milotic, M|393/393","|switch|p2a: Liligant wannabe|Bellossom, M|320/320","|turn|1","|","|move|p1a: Milotic|Ice Beam|p2a: Liligant wannabe","|-supereffective|p2a: Liligant wannabe","|-damage|p2a: Liligant wannabe|186/320","|-status|p2a: Liligant wannabe|frz","|cant|p2a: Liligant wannabe|frz","|","|turn|2","|","|switch|p2a: Iron durian|Ferrothorn, M|352/352","|move|p1a: Milotic|Ice Beam|p2a: Iron durian","|-damage|p2a: Iron durian|299/352","|","|turn|3","|","|switch|p1a: Omastar|Omastar, M|281/281","|move|p2a: Iron durian|Stealth Rock|p1a: Omastar","|-sidestart|p1: infinite hands|move: Stealth Rock","|","|turn|4","|","|move|p1a: Omastar|Stealth Rock|p2a: Iron durian","|-sidestart|p2: Rain ☆ Suichika|move: Stealth Rock","|move|p2a: Iron durian|Thunder Wave|p1a: Omastar","|-status|p1a: Omastar|par","|","|turn|5","|","|move|p2a: Iron durian|Knock Off|p1a: Omastar","|-damage|p1a: Omastar|223/281 par","|-unboost|p1a: Omastar|def|1|[from] ability: Weak Armor","|-boost|p1a: Omastar|spe|1|[from] ability: Weak Armor","|-enditem|p1a: Omastar|Focus Sash|[from] move: Knock Off|[of] p2a: Iron durian","|move|p1a: Omastar|Spikes|p2a: Iron durian","|-sidestart|p2: Rain ☆ Suichika|Spikes","|","|turn|6","|","|switch|p2a: Celery the onion|Celebi|341/341","|-damage|p2a: Celery the onion|299/341|[from] Spikes","|-damage|p2a: Celery the onion|257/341|[from] Stealth Rock","|move|p1a: Omastar|Scald|p2a: Celery the onion","|-resisted|p2a: Celery the onion","|-damage|p2a: Celery the onion|188/341","|","|turn|7","|","|move|p2a: Celery the onion|Giga Drain|p1a: Omastar","|-supereffective|p1a: Omastar","|-damage|p1a: Omastar|0 fnt","|-heal|p2a: Celery the onion|300/341|[from] drain|[of] p1a: Omastar","|-damage|p2a: Celery the onion|266/341|[from] item: Life Orb","|faint|p1a: Omastar","|","|","|switch|p1a: Politoed|Politoed, M|383/383","|-damage|p1a: Politoed|336/383|[from] Stealth Rock","|-weather|RainDance","|turn|8","|","|move|p2a: Celery the onion|Giga Drain|p1a: Politoed","|-supereffective|p1a: Politoed","|-damage|p1a: Politoed|149/383","|-heal|p2a: Celery the onion|341/341|[from] drain|[of] p1a: Politoed","|-damage|p2a: Celery the onion|307/341|[from] item: Life Orb","|move|p1a: Politoed|Refresh|p1a: Politoed","|","|-weather|RainDance|[upkeep]","|-heal|p1a: Politoed|172/383|[from] item: Leftovers","|turn|9","|","|move|p2a: Celery the onion|Zen Headbutt|p1a: Politoed","|-damage|p1a: Politoed|0 fnt","|-damage|p2a: Celery the onion|273/341|[from] item: Life Orb","|faint|p1a: Politoed","|","|-weather|RainDance|[upkeep]","|","|switch|p1a: Seismitoad|Seismitoad, M|351/351","|-damage|p1a: Seismitoad|330/351|[from] Stealth Rock","|turn|10","|","|move|p1a: Seismitoad|Ice Punch|p2a: Celery the onion","|-supereffective|p2a: Celery the onion","|-damage|p2a: Celery the onion|21/341","|move|p2a: Celery the onion|Giga Drain|p1a: Seismitoad","|-supereffective|p1a: Seismitoad","|-damage|p1a: Seismitoad|0 fnt","|-heal|p2a: Celery the onion|186/341|[from] drain|[of] p1a: Seismitoad","|-damage|p2a: Celery the onion|152/341|[from] item: Life Orb","|faint|p1a: Seismitoad","|","|-weather|RainDance|[upkeep]","|","|switch|p1a: Lanturn|Lanturn, M|453/453","|-damage|p1a: Lanturn|397/453|[from] Stealth Rock","|turn|11","|","|move|p2a: Celery the onion|Giga Drain|p1a: Lanturn","|-supereffective|p1a: Lanturn","|-damage|p1a: Lanturn|90/453","|-heal|p2a: Celery the onion|306/341|[from] drain|[of] p1a: Lanturn","|-damage|p2a: Celery the onion|272/341|[from] item: Life Orb","|move|p1a: Lanturn|Volt Switch|p2a: Celery the onion","|-resisted|p2a: Celery the onion","|-damage|p2a: Celery the onion|187/341","|","|switch|p1a: Milotic|Milotic, M|393/393","|-damage|p1a: Milotic|344/393|[from] Stealth Rock","|","|-weather|RainDance|[upkeep]","|turn|12","|","|move|p2a: Celery the onion|Giga Drain|p1a: Milotic","|-supereffective|p1a: Milotic","|-damage|p1a: Milotic|235/393","|-heal|p2a: Celery the onion|242/341|[from] drain|[of] p1a: Milotic","|-damage|p2a: Celery the onion|208/341|[from] item: Life Orb","|move|p1a: Milotic|Ice Beam|p2a: Celery the onion","|-supereffective|p2a: Celery the onion","|-damage|p2a: Celery the onion|48/341","|","|-weather|none","|turn|13","|","|move|p2a: Celery the onion|Zen Headbutt|p1a: Milotic","|-damage|p1a: Milotic|56/393","|-damage|p2a: Celery the onion|14/341|[from] item: Life Orb","|move|p1a: Milotic|Dragon Tail|p2a: Celery the onion","|-damage|p2a: Celery the onion|0 fnt","|faint|p2a: Celery the onion","|","|","|switch|p2a: Plantasaurus rex|Venusaur, F|364/364","|-damage|p2a: Plantasaurus rex|319/364|[from] Spikes","|-damage|p2a: Plantasaurus rex|274/364|[from] Stealth Rock","|turn|14","|","|detailschange|p2a: Plantasaurus rex|Venusaur-Mega, F","|-mega|p2a: Plantasaurus rex|Venusaur|Venusaurite","|move|p2a: Plantasaurus rex|Giga Drain|p1a: Milotic","|-supereffective|p1a: Milotic","|-damage|p1a: Milotic|0 fnt","|-heal|p2a: Plantasaurus rex|302/364|[from] drain|[of] p1a: Milotic","|faint|p1a: Milotic","|","|","|switch|p1a: Cloyster|Cloyster, F|241/241","|-damage|p1a: Cloyster|181/241|[from] Stealth Rock","|turn|15","|","|move|p1a: Cloyster|Icicle Spear|p2a: Plantasaurus rex","|-supereffective|p2a: Plantasaurus rex","|-damage|p2a: Plantasaurus rex|260/364","|-supereffective|p2a: Plantasaurus rex","|-damage|p2a: Plantasaurus rex|213/364","|-supereffective|p2a: Plantasaurus rex","|-damage|p2a: Plantasaurus rex|166/364","|-supereffective|p2a: Plantasaurus rex","|-damage|p2a: Plantasaurus rex|119/364","|-supereffective|p2a: Plantasaurus rex","|-damage|p2a: Plantasaurus rex|77/364","|-hitcount|p2a: Plantasaurus rex|5","|-damage|p1a: Cloyster|157/241|[from] item: Life Orb","|move|p2a: Plantasaurus rex|Giga Drain|p1a: Cloyster","|-supereffective|p1a: Cloyster","|-damage|p1a: Cloyster|0 fnt","|-heal|p2a: Plantasaurus rex|156/364|[from] drain|[of] p1a: Cloyster","|faint|p1a: Cloyster","|","|","|switch|p1a: Lanturn|Lanturn, M|90/453","|-damage|p1a: Lanturn|34/453|[from] Stealth Rock","|turn|16","|","|move|p2a: Plantasaurus rex|Giga Drain|p1a: Lanturn","|-supereffective|p1a: Lanturn","|-damage|p1a: Lanturn|0 fnt","|-heal|p2a: Plantasaurus rex|173/364|[from] drain|[of] p1a: Lanturn","|faint|p1a: Lanturn","|","|win|Rain ☆ Suichika"],"p1rating":{"entryid":"7542065","serverid":"eos","formatid":"monotype","userid":"infinitehands","username":"infinite hands","w":"0","l":4,"t":"0","gxe":34.6,"r":"1500","rd":"130","sigma":"0","rptime":"1439197200","rpr":1375.024788179,"rprd":106.52856385327,"rpsigma":"0","acre":1000,"lacre":1000,"oldacre":"1000"},"p2rating":{"entryid":"6383869","serverid":"eos","formatid":"monotype","userid":"rainsuichika","username":"Rain ☆ Suichika","w":57,"l":"34","t":"0","gxe":61,"r":"1602.1504643903","rd":"47.227508657894","sigma":"0","rptime":"1439197200","rpr":1584.8603072966,"rprd":43.946532919047,"rpsigma":"0","acre":1218.1510903621,"lacre":1218.1510903621,"oldacre":"1206.4753289283"},"endType":"normal"}