{"seed":[60589,52988,37753,43407],"turns":23,"p1":"Imp Chief","p2":"BagelBeagle","p1team":[{"name":"Hippowdon","species":"Hippowdon","item":"leftovers","ability":"Sand Stream","moves":["toxic","slackoff","earthquake","stealthrock"],"nature":"Impish","evs":{"hp":252,"atk":4,"def":252,"spa":0,"spd":0,"spe":0},"ivs":{"hp":31,"atk":31,"def":31,"spa":31,"spd":31,"spe":31}},{"name":"Excadrill","species":"Excadrill","item":"lifeorb","ability":"Sand Rush","moves":["swordsdance","ironhead","earthquake","xscissor"],"nature":"Adamant","evs":{"hp":0,"atk":252,"def":0,"spa":0,"spd":4,"spe":252},"ivs":{"hp":31,"atk":31,"def":31,"spa":31,"spd":31,"spe":31}},{"name":"Nidoking","species":"Nidoking","item":"lifeorb","ability":"Sheer Force","moves":["icebeam","sludgewave","thunderbolt","fireblast"],"nature":"Timid","evs":{"hp":0,"atk":0,"def":0,"spa":252,"spd":4,"spe":252},"ivs":{"hp":31,"atk":31,"def":31,"spa":31,"spd":31,"spe":31}},{"name":"Landorus-Therian","species":"Landorus-Therian","item":"choicescarf","ability":"Intimidate","moves":["uturn","earthquake","knockoff","superpower"],"nature":"Jolly","evs":{"hp":0,"atk":252,"def":0,"spa":0,"spd":4,"spe":252},"ivs":{"hp":31,"atk":31,"def":31,"spa":31,"spd":31,"spe":31}},{"name":"Garchomp","species":"Garchomp","item":"rockyhelmet","ability":"Rough Skin","moves":["earthquake","swordsdance","outrage","ironhead"],"nature":"Jolly","evs":{"hp":0,"atk":252,"def":0,"spa":0,"spd":4,"spe":252},"ivs":{"hp":31,"atk":31,"def":31,"spa":31,"spd":31,"spe":31}},{"name":"Golurk","species":"Golurk","item":"choicescarf","ability":"No Guard","moves":["dynamicpunch","earthquake","icepunch","shadowpunch"],"nature":"Jolly","evs":{"hp":0,"atk":252,"def":0,"spa":0,"spd":4,"spe":252},"ivs":{"hp":31,"atk":31,"def":31,"spa":31,"spd":31,"spe":31}}],"p2team":[{"name":"Savior✬Helix","species":"omastar","item":"focussash","ability":"Swift Swim","moves":["hiddenpowergrass","icebeam","surf","shellsmash"],"nature":"Modest","evs":{"hp":0,"atk":0,"def":0,"spa":252,"spd":4,"spe":252},"gender":"F","ivs":{"hp":31,"atk":30,"def":31,"spa":30,"spd":31,"spe":31},"shiny":true},{"name":"DrySkin✬Dan","species":"rhyperior","item":"weaknesspolicy","ability":"Solid Rock","moves":["earthquake","megahorn","rockslide","avalanche"],"nature":"Adamant","evs":{"hp":248,"atk":252,"def":0,"spa":0,"spd":8,"spe":0},"gender":"F","shiny":true,"ivs":{"hp":31,"atk":31,"def":31,"spa":31,"spd":31,"spe":31}},{"name":"Original✬Nope","species":"regirock","item":"leftovers","ability":"Clear Body","moves":["thunderwave","rockslide","drainpunch","icepunch"],"nature":"Adamant","evs":{"hp":252,"atk":252,"def":0,"spa":0,"spd":4,"spe":0},"ivs":{"hp":31,"atk":31,"def":31,"spa":31,"spd":31,"spe":31}},{"name":"PerkyFace✬Corn","species":"diancie","item":"diancite","ability":"Clear Body","moves":["diamondstorm","earthpower","moonblast","protect"],"nature":"Hasty","evs":{"hp":0,"atk":4,"def":0,"spa":252,"spd":0,"spe":252},"shiny":true,"ivs":{"hp":31,"atk":31,"def":31,"spa":31,"spd":31,"spe":31}},{"name":"Classic✬Toast","species":"tyranitar","item":"leftovers","ability":"Sand Stream","moves":["crunch","rockslide","dragondance","substitute"],"nature":"Adamant","evs":{"hp":0,"atk":252,"def":0,"spa":0,"spd":4,"spe":252},"gender":"F","shiny":true,"ivs":{"hp":31,"atk":31,"def":31,"spa":31,"spd":31,"spe":31}},{"name":"Nasty✬Pax","species":"cradily","item":"leftovers","ability":"Storm Drain","moves":["energyball","earthpower","recover","toxic"],"nature":"Calm","evs":{"hp":252,"atk":0,"def":0,"spa":4,"spd":252,"spe":0},"gender":"M","shiny":true,"ivs":{"hp":31,"atk":31,"def":31,"spa":31,"spd":31,"spe":31}}],"log":["|player|p1|Imp Chief|127","|player|p2|BagelBeagle|107","|gametype|singles","|gen|6","|tier|Monotype","|rated","|rule|Baton Pass Clause: Limit one Baton Passer, can't pass Spe and other stats simultaneously","|rule|Swagger Clause: Swagger is banned","|rule|Same Type Clause: Pokémon in a team must share a type","|clearpoke","|poke|p1|Hippowdon, M","|poke|p1|Excadrill, M","|poke|p1|Nidoking, M","|poke|p1|Landorus-Therian, M","|poke|p1|Garchomp, M","|poke|p1|Golurk","|poke|p2|Omastar, F, shiny","|poke|p2|Rhyperior, F, shiny","|poke|p2|Regirock","|poke|p2|Diancie, shiny","|poke|p2|Tyranitar, F, shiny","|poke|p2|Cradily, M, shiny","|rule|Sleep Clause Mod: Limit one foe put to sleep","|rule|Species Clause: Limit one of each Pokémon","|rule|OHKO Clause: OHKO moves are banned","|rule|Moody Clause: Moody is banned","|rule|Evasion Moves Clause: Evasion moves are banned","|rule|Endless Battle Clause: Forcing endless battles is banned","|rule|HP Percentage Mod: HP is shown in percentages","|teampreview","|","|start","|switch|p1a: Hippowdon|Hippowdon, M|420/420","|switch|p2a: PerkyFace✬Corn|Diancie, shiny|241/241","|-weather|Sandstorm","|turn|1","|","|detailschange|p2a: PerkyFace✬Corn|Diancie-Mega, shiny","|-mega|p2a: PerkyFace✬Corn|Diancie|Diancite","|move|p2a: PerkyFace✬Corn|Protect|p2a: PerkyFace✬Corn","|-singleturn|p2a: PerkyFace✬Corn|Protect","|move|p1a: Hippowdon|Earthquake|p2a: PerkyFace✬Corn","|-activate|p2a: PerkyFace✬Corn|Protect","|","|-weather|Sandstorm|[upkeep]","|turn|2","|","|switch|p2a: DrySkin✬Dan|Rhyperior, F, shiny|433/433","|move|p1a: Hippowdon|Earthquake|p2a: DrySkin✬Dan","|-supereffective|p2a: DrySkin✬Dan","|-damage|p2a: DrySkin✬Dan|280/433","|-enditem|p2a: DrySkin✬Dan|Weakness Policy","|-boost|p2a: DrySkin✬Dan|atk|2|[from] item: Weakness Policy","|-boost|p2a: DrySkin✬Dan|spa|2|[from] item: Weakness Policy","|","|-weather|Sandstorm|[upkeep]","|turn|3","|","|move|p1a: Hippowdon|Earthquake|p2a: DrySkin✬Dan","|-supereffective|p2a: DrySkin✬Dan","|-damage|p2a: DrySkin✬Dan|132/433","|move|p2a: DrySkin✬Dan|Avalanche|p1a: Hippowdon","|-supereffective|p1a: Hippowdon","|-damage|p1a: Hippowdon|0 fnt","|faint|p1a: Hippowdon","|","|-weather|Sandstorm|[upkeep]","|","|switch|p1a: Garchomp|Garchomp, M|357/357","|turn|4","|","|move|p1a: Garchomp|Earthquake|p2a: DrySkin✬Dan","|-supereffective|p2a: DrySkin✬Dan","|-damage|p2a: DrySkin✬Dan|0 fnt","|faint|p2a: DrySkin✬Dan","|","|-weather|Sandstorm|[upkeep]","|","|switch|p2a: Savior✬Helix|Omastar, F, shiny|281/281","|turn|5","|","|move|p1a: Garchomp|Earthquake|p2a: Savior✬Helix","|-supereffective|p2a: Savior✬Helix","|-enditem|p2a: Savior✬Helix|Focus Sash","|-damage|p2a: Savior✬Helix|1/281","|move|p2a: Savior✬Helix|Shell Smash|p2a: Savior✬Helix","|-unboost|p2a: Savior✬Helix|def|1","|-unboost|p2a: Savior✬Helix|spd|1","|-boost|p2a: Savior✬Helix|atk|2","|-boost|p2a: Savior✬Helix|spa|2","|-boost|p2a: Savior✬Helix|spe|2","|","|-weather|none","|turn|6","|","|move|p2a: Savior✬Helix|Ice Beam|p1a: Garchomp","|-supereffective|p1a: Garchomp","|-damage|p1a: Garchomp|0 fnt","|faint|p1a: Garchomp","|","|","|switch|p1a: Landorus-Therian|Landorus-Therian, M|319/319","|-ability|p1a: Landorus-Therian|Intimidate","|-unboost|p2a: Savior✬Helix|atk|1","|turn|7","|","|move|p1a: Landorus-Therian|U-turn|p2a: Savior✬Helix","|-damage|p2a: Savior✬Helix|0 fnt","|faint|p2a: Savior✬Helix","|","|switch|p1a: Golurk|Golurk|319/319","|","|","|switch|p2a: Classic✬Toast|Tyranitar, F, shiny|341/341","|-weather|Sandstorm","|turn|8","|","|switch|p2a: Original✬Nope|Regirock|364/364","|move|p1a: Golurk|Dynamic Punch|p2a: Original✬Nope","|-supereffective|p2a: Original✬Nope","|-damage|p2a: Original✬Nope|248/364","|-start|p2a: Original✬Nope|confusion","|","|-weather|Sandstorm|[upkeep]","|-heal|p2a: Original✬Nope|270/364|[from] item: Leftovers","|turn|9","|","|move|p1a: Golurk|Dynamic Punch|p2a: Original✬Nope","|-supereffective|p2a: Original✬Nope","|-damage|p2a: Original✬Nope|152/364","|-activate|p2a: Original✬Nope|confusion","|move|p2a: Original✬Nope|Ice Punch|p1a: Golurk","|-supereffective|p1a: Golurk","|-damage|p1a: Golurk|105/319","|","|-weather|Sandstorm|[upkeep]","|-heal|p2a: Original✬Nope|174/364|[from] item: Leftovers","|turn|10","|","|move|p1a: Golurk|Dynamic Punch|p2a: Original✬Nope","|-supereffective|p2a: Original✬Nope","|-damage|p2a: Original✬Nope|56/364","|-activate|p2a: Original✬Nope|confusion","|-damage|p2a: Original✬Nope|32/364|[from] confusion","|","|-weather|Sandstorm|[upkeep]","|-heal|p2a: Original✬Nope|54/364|[from] item: Leftovers","|turn|11","|","|move|p1a: Golurk|Dynamic Punch|p2a: Original✬Nope","|-supereffective|p2a: Original✬Nope","|-damage|p2a: Original✬Nope|0 fnt","|faint|p2a: Original✬Nope","|","|-weather|Sandstorm|[upkeep]","|","|switch|p2a: PerkyFace✬Corn|Diancie-Mega, shiny|241/241","|turn|12","|","|move|p2a: PerkyFace✬Corn|Moonblast|p1a: Golurk","|-damage|p1a: Golurk|0 fnt","|faint|p1a: Golurk","|","|-weather|none","|","|switch|p1a: Landorus-Therian|Landorus-Therian, M|319/319","|-ability|p1a: Landorus-Therian|Intimidate","|-unboost|p2a: PerkyFace✬Corn|atk|1","|turn|13","|","|move|p1a: Landorus-Therian|U-turn|p2a: PerkyFace✬Corn","|-crit|p2a: PerkyFace✬Corn","|-resisted|p2a: PerkyFace✬Corn","|-damage|p2a: PerkyFace✬Corn|167/241","|","|switch|p1a: Nidoking|Nidoking, M|303/303","|move|p2a: PerkyFace✬Corn|Moonblast|p1a: Nidoking","|-resisted|p1a: Nidoking","|-damage|p1a: Nidoking|185/303","|-unboost|p1a: Nidoking|spa|1","|","|turn|14","|","|move|p2a: PerkyFace✬Corn|Protect|p2a: PerkyFace✬Corn","|-singleturn|p2a: PerkyFace✬Corn|Protect","|move|p1a: Nidoking|Sludge Wave|p2a: PerkyFace✬Corn","|-activate|p2a: PerkyFace✬Corn|Protect","|","|turn|15","|","|switch|p2a: Classic✬Toast|Tyranitar, F, shiny|341/341","|-weather|Sandstorm","|move|p1a: Nidoking|Sludge Wave|p2a: Classic✬Toast","|-resisted|p2a: Classic✬Toast","|-damage|p2a: Classic✬Toast|290/341","|","|-weather|Sandstorm|[upkeep]","|-heal|p2a: Classic✬Toast|311/341|[from] item: Leftovers","|turn|16","|","|move|p1a: Nidoking|Ice Beam|p2a: Classic✬Toast","|-damage|p2a: Classic✬Toast|251/341","|move|p2a: Classic✬Toast|Substitute|p2a: Classic✬Toast","|-start|p2a: Classic✬Toast|Substitute","|-damage|p2a: Classic✬Toast|166/341","|","|-weather|Sandstorm|[upkeep]","|-heal|p2a: Classic✬Toast|187/341|[from] item: Leftovers","|turn|17","|","|move|p1a: Nidoking|Thunderbolt|p2a: Classic✬Toast","|-activate|p2a: Classic✬Toast|Substitute|[damage]","|move|p2a: Classic✬Toast|Dragon Dance|p2a: Classic✬Toast","|-boost|p2a: Classic✬Toast|atk|1","|-boost|p2a: Classic✬Toast|spe|1","|","|-weather|Sandstorm|[upkeep]","|-heal|p2a: Classic✬Toast|208/341|[from] item: Leftovers","|turn|18","|","|move|p2a: Classic✬Toast|Dragon Dance|p2a: Classic✬Toast","|-boost|p2a: Classic✬Toast|atk|1","|-boost|p2a: Classic✬Toast|spe|1","|move|p1a: Nidoking|Thunderbolt|p2a: Classic✬Toast","|-end|p2a: Classic✬Toast|Substitute","|","|-weather|Sandstorm|[upkeep]","|-heal|p2a: Classic✬Toast|229/341|[from] item: Leftovers","|turn|19","|","|move|p2a: Classic✬Toast|Crunch|p1a: Nidoking","|-damage|p1a: Nidoking|0 fnt","|faint|p1a: Nidoking","|","|-weather|none","|-heal|p2a: Classic✬Toast|250/341|[from] item: Leftovers","|","|switch|p1a: Landorus-Therian|Landorus-Therian, M|319/319","|-ability|p1a: Landorus-Therian|Intimidate","|-unboost|p2a: Classic✬Toast|atk|1","|turn|20","|","|move|p1a: Landorus-Therian|Earthquake|p2a: Classic✬Toast","|-supereffective|p2a: Classic✬Toast","|-damage|p2a: Classic✬Toast|0 fnt","|faint|p2a: Classic✬Toast","|","|","|switch|p2a: Nasty✬Pax|Cradily, M, shiny|376/376","|turn|21","|","|move|p1a: Landorus-Therian|Earthquake|p2a: Nasty✬Pax","|-damage|p2a: Nasty✬Pax|180/376","|move|p2a: Nasty✬Pax|Toxic|p1a: Landorus-Therian","|-status|p1a: Landorus-Therian|tox","|","|-heal|p2a: Nasty✬Pax|203/376|[from] item: Leftovers","|-damage|p1a: Landorus-Therian|300/319 tox|[from] psn","|turn|22","|","|move|p1a: Landorus-Therian|Earthquake|p2a: Nasty✬Pax","|-damage|p2a: Nasty✬Pax|0 fnt","|faint|p2a: Nasty✬Pax","|","|-damage|p1a: Landorus-Therian|262/319 tox|[from] psn","|","|switch|p2a: PerkyFace✬Corn|Diancie-Mega, shiny|167/241","|turn|23","|","|move|p1a: Landorus-Therian|Earthquake|p2a: PerkyFace✬Corn","|-supereffective|p2a: PerkyFace✬Corn","|-damage|p2a: PerkyFace✬Corn|0 fnt","|faint|p2a: PerkyFace✬Corn","|","|win|Imp Chief"],"p1rating":{"entryid":"7537490","serverid":"eos","formatid":"monotype","userid":"impchief","username":"Imp Chief","w":2,"l":"2","t":"0","gxe":48.4,"r":"1500","rd":"130","sigma":"0","rptime":"1439197200","rpr":1487.0791830844,"rprd":106.31398341326,"rpsigma":"0","acre":1060.7382951648,"lacre":1060.7382951648,"oldacre":"1021.0965947189"},"p2rating":{"entryid":"7518165","serverid":"eos","formatid":"monotype","userid":"bagelbeagle","username":"BagelBeagle","w":"13","l":23,"t":"0","gxe":37.8,"r":"1433.1656889509","rd":"69.791266122081","sigma":"0","rptime":"1439197200","rpr":1404.982479869,"rprd":56.140251457424,"rpsigma":"0","acre":1029.167823817,"lacre":1029.167823817,"oldacre":"1047.6161907731"},"endType":"normal"}