{"seed":[18325,47176,57149,46206],"turns":23,"p1":"Flygon For Ubers","p2":"Imp Chief","p1team":[{"name":"Yanmega","species":"Yanmega","item":"lifeorb","ability":"Speed Boost","moves":["bugbuzz","airslash","ancientpower","protect"],"nature":"Modest","evs":{"hp":0,"atk":0,"def":0,"spa":252,"spd":4,"spe":252},"ivs":{"hp":31,"atk":31,"def":31,"spa":31,"spd":31,"spe":31}},{"name":"Gliscor","species":"Gliscor","item":"toxicorb","ability":"Poison Heal","moves":["acrobatics","fling","earthquake","protect"],"nature":"Adamant","evs":{"hp":184,"atk":252,"def":0,"spa":0,"spd":0,"spe":72},"ivs":{"hp":31,"atk":31,"def":31,"spa":31,"spd":31,"spe":31}},{"name":"Altaria","species":"Altaria","item":"altarianite","ability":"Natural Cure","moves":["dragondance","outrage","return","roost"],"nature":"Adamant","evs":{"hp":0,"atk":252,"def":0,"spa":0,"spd":4,"spe":252},"ivs":{"hp":31,"atk":31,"def":31,"spa":31,"spd":31,"spe":31}},{"name":"Thundurus-Therian","species":"Thundurus-Therian","item":"leftovers","ability":"Volt Absorb","moves":["thunderbolt","focusblast","sludgewave","uturn"],"nature":"Hasty","evs":{"hp":0,"atk":4,"def":0,"spa":252,"spd":0,"spe":252},"ivs":{"hp":30,"atk":30,"def":30,"spa":30,"spd":30,"spe":31}},{"name":"Crobat","species":"Crobat","item":"blacksludge","ability":"Infiltrator","moves":["bravebird","uturn","roost","sludgebomb"],"nature":"Lonely","evs":{"hp":252,"atk":252,"def":0,"spa":4,"spd":0,"spe":0},"ivs":{"hp":31,"atk":31,"def":31,"spa":31,"spd":31,"spe":31}},{"name":"Skarmory","species":"Skarmory","item":"leftovers","ability":"Sturdy","moves":["stealthrock","roost","spikes","bravebird"],"nature":"Impish","evs":{"hp":252,"atk":0,"def":232,"spa":0,"spd":0,"spe":24},"ivs":{"hp":31,"atk":31,"def":31,"spa":31,"spd":31,"spe":31}}],"p2team":[{"name":"Ninetales","species":"Ninetales","item":"heatrock","ability":"Drought","moves":["solarbeam","fireblast","psyshock","darkpulse"],"nature":"Timid","evs":{"hp":0,"atk":0,"def":0,"spa":252,"spd":4,"spe":252},"ivs":{"hp":31,"atk":31,"def":31,"spa":31,"spd":31,"spe":31}},{"name":"Charizard","species":"Charizard","item":"charizarditex","ability":"Solar Power","moves":["flareblitz","dragondance","dragonclaw","earthquake"],"nature":"Timid","evs":{"hp":4,"atk":0,"def":0,"spa":252,"spd":0,"spe":252},"ivs":{"hp":31,"atk":31,"def":31,"spa":31,"spd":31,"spe":31}},{"name":"Rotom-Heat","species":"Rotom-Heat","item":"leftovers","ability":"Levitate","moves":["thunderbolt","willowisp","voltswitch","thunderwave"],"nature":"Calm","evs":{"hp":248,"atk":0,"def":0,"spa":8,"spd":252,"spe":0},"ivs":{"hp":31,"atk":31,"def":31,"spa":31,"spd":31,"spe":31}},{"name":"Chandelure","species":"Chandelure","item":"choicescarf","ability":"Infiltrator","moves":["energyball","flamethrower","shadowball","trick"],"nature":"Timid","evs":{"hp":0,"atk":0,"def":0,"spa":252,"spd":4,"spe":252},"ivs":{"hp":31,"atk":31,"def":31,"spa":31,"spd":31,"spe":31}},{"name":"Heatran","species":"Heatran","item":"leftovers","ability":"Flash Fire","moves":["solarbeam","flamecharge","eruption","flashcannon"],"nature":"Quiet","evs":{"hp":252,"atk":4,"def":0,"spa":252,"spd":0,"spe":0},"ivs":{"hp":31,"atk":31,"def":31,"spa":31,"spd":31,"spe":31}},{"name":"Darmanitan","species":"Darmanitan","item":"lifeorb","ability":"Sheer Force","moves":["zenheadbutt","rockslide","superpower","flareblitz"],"nature":"Jolly","evs":{"hp":0,"atk":252,"def":0,"spa":0,"spd":4,"spe":252},"ivs":{"hp":31,"atk":31,"def":31,"spa":31,"spd":31,"spe":31}}],"log":["|player|p1|Flygon For Ubers|30","|player|p2|Imp Chief|127","|gametype|singles","|gen|6","|tier|Monotype","|rated","|rule|Baton Pass Clause: Limit one Baton Passer, can't pass Spe and other stats simultaneously","|rule|Swagger Clause: Swagger is banned","|rule|Same Type Clause: Pokémon in a team must share a type","|clearpoke","|poke|p1|Yanmega, F","|poke|p1|Gliscor, M","|poke|p1|Altaria, M","|poke|p1|Thundurus-Therian, M","|poke|p1|Crobat, F","|poke|p1|Skarmory, M","|poke|p2|Ninetales, F","|poke|p2|Charizard, M","|poke|p2|Rotom-Heat","|poke|p2|Chandelure, M","|poke|p2|Heatran, F","|poke|p2|Darmanitan, F","|rule|Sleep Clause Mod: Limit one foe put to sleep","|rule|Species Clause: Limit one of each Pokémon","|rule|OHKO Clause: OHKO moves are banned","|rule|Moody Clause: Moody is banned","|rule|Evasion Moves Clause: Evasion moves are banned","|rule|Endless Battle Clause: Forcing endless battles is banned","|rule|HP Percentage Mod: HP is shown in percentages","|teampreview","|","|start","|switch|p1a: Skarmory|Skarmory, M|334/334","|switch|p2a: Ninetales|Ninetales, F|287/287","|-weather|SunnyDay","|turn|1","|","|move|p2a: Ninetales|Fire Blast|p1a: Skarmory","|-crit|p1a: Skarmory","|-supereffective|p1a: Skarmory","|-ability|p1a: Skarmory|Sturdy","|-damage|p1a: Skarmory|1/334","|move|p1a: Skarmory|Stealth Rock|p2a: Ninetales","|-sidestart|p2: Imp Chief|move: Stealth Rock","|","|-weather|SunnyDay|[upkeep]","|-heal|p1a: Skarmory|21/334|[from] item: Leftovers","|turn|2","|","|move|p2a: Ninetales|Dark Pulse|p1a: Skarmory","|-damage|p1a: Skarmory|0 fnt","|faint|p1a: Skarmory","|","|-weather|SunnyDay|[upkeep]","|","|switch|p1a: Gliscor|Gliscor, M|337/337","|turn|3","|","|move|p1a: Gliscor|Protect|p1a: Gliscor","|-singleturn|p1a: Gliscor|Protect","|move|p2a: Ninetales|Fire Blast|p1a: Gliscor","|-activate|p1a: Gliscor|Protect","|","|-weather|SunnyDay|[upkeep]","|-status|p1a: Gliscor|tox|[from] item: Toxic Orb","|turn|4","|","|switch|p2a: Rotom-Heat|Rotom-Heat|303/303","|-damage|p2a: Rotom-Heat|228/303|[from] Stealth Rock","|move|p1a: Gliscor|Earthquake|p2a: Rotom-Heat","|-immune|p2a: Rotom-Heat|[msg]","|","|-weather|SunnyDay|[upkeep]","|-heal|p2a: Rotom-Heat|246/303|[from] item: Leftovers","|turn|5","|","|switch|p2a: Chandelure|Chandelure, M|261/261","|-damage|p2a: Chandelure|196/261|[from] Stealth Rock","|move|p1a: Gliscor|Fling|p2a: Chandelure","|-enditem|p1a: Gliscor|Toxic Orb|[from] move: Fling","|-supereffective|p2a: Chandelure","|-damage|p2a: Chandelure|132/261","|-status|p2a: Chandelure|tox","|","|-weather|SunnyDay|[upkeep]","|-damage|p2a: Chandelure|116/261 tox|[from] psn","|turn|6","|","|move|p2a: Chandelure|Trick|p1a: Gliscor","|-activate|p2a: Chandelure|move: Trick|[of] p1a: Gliscor","|-item|p1a: Gliscor|Choice Scarf|[from] move: Trick","|move|p1a: Gliscor|Earthquake|p2a: Chandelure","|-supereffective|p2a: Chandelure","|-damage|p2a: Chandelure|0 fnt","|faint|p2a: Chandelure","|","|-weather|SunnyDay|[upkeep]","|","|switch|p2a: Charizard|Charizard, M|298/298","|-damage|p2a: Charizard|149/298|[from] Stealth Rock","|turn|7","|","|switch|p1a: Thundurus-Therian|Thundurus-Therian, M|298/298","|detailschange|p2a: Charizard|Charizard-Mega-X, M","|-mega|p2a: Charizard|Charizard|Charizardite X","|move|p2a: Charizard|Dragon Dance|p2a: Charizard","|-boost|p2a: Charizard|atk|1","|-boost|p2a: Charizard|spe|1","|","|-weather|SunnyDay|[upkeep]","|turn|8","|","|move|p2a: Charizard|Dragon Claw|p1a: Thundurus-Therian","|-damage|p1a: Thundurus-Therian|0 fnt","|faint|p1a: Thundurus-Therian","|","|-weather|none","|","|switch|p1a: Altaria|Altaria, M|291/291","|turn|9","|","|detailschange|p1a: Altaria|Altaria-Mega, M","|-mega|p1a: Altaria|Altaria|Altarianite","|move|p2a: Charizard|Flare Blitz|p1a: Altaria","|-resisted|p1a: Altaria","|-damage|p1a: Altaria|159/291","|-damage|p2a: Charizard|105/298|[from] recoil|[of] p1a: Altaria","|move|p1a: Altaria|Dragon Dance|p1a: Altaria","|-boost|p1a: Altaria|atk|1","|-boost|p1a: Altaria|spe|1","|","|turn|10","|","|move|p2a: Charizard|Earthquake|p1a: Altaria","|-damage|p1a: Altaria|38/291","|move|p1a: Altaria|Dragon Dance|p1a: Altaria","|-boost|p1a: Altaria|atk|1","|-boost|p1a: Altaria|spe|1","|","|turn|11","|","|move|p1a: Altaria|Return|p2a: Charizard","|-damage|p2a: Charizard|0 fnt","|faint|p2a: Charizard","|","|","|switch|p2a: Heatran|Heatran, F|386/386","|-damage|p2a: Heatran|338/386|[from] Stealth Rock","|turn|12","|","|move|p1a: Altaria|Roost|p1a: Altaria","|-heal|p1a: Altaria|184/291","|move|p2a: Heatran|Flash Cannon|p1a: Altaria","|-supereffective|p1a: Altaria","|-damage|p1a: Altaria|0 fnt","|faint|p1a: Altaria","|","|-heal|p2a: Heatran|362/386|[from] item: Leftovers","|","|switch|p1a: Gliscor|Gliscor, M|337/337 tox","|turn|13","|","|switch|p2a: Rotom-Heat|Rotom-Heat|246/303","|-damage|p2a: Rotom-Heat|171/303|[from] Stealth Rock","|move|p1a: Gliscor|Acrobatics|p2a: Rotom-Heat","|-resisted|p2a: Rotom-Heat","|-damage|p2a: Rotom-Heat|131/303","|","|-heal|p2a: Rotom-Heat|149/303|[from] item: Leftovers","|turn|14","|","|switch|p1a: Crobat|Crobat, F|374/374","|move|p2a: Rotom-Heat|Thunder Wave|p1a: Crobat","|-status|p1a: Crobat|par","|","|-heal|p2a: Rotom-Heat|167/303|[from] item: Leftovers","|turn|15","|","|move|p2a: Rotom-Heat|Volt Switch|p1a: Crobat","|-supereffective|p1a: Crobat","|-damage|p1a: Crobat|152/374 par","|","|switch|p2a: Ninetales|Ninetales, F|287/287","|-damage|p2a: Ninetales|216/287|[from] Stealth Rock","|-weather|SunnyDay","|move|p1a: Crobat|Sludge Bomb|p2a: Ninetales","|-damage|p2a: Ninetales|135/287","|-status|p2a: Ninetales|psn","|","|-weather|SunnyDay|[upkeep]","|-heal|p1a: Crobat|175/374 par|[from] item: Black Sludge","|-damage|p2a: Ninetales|100/287 psn|[from] psn","|turn|16","|","|move|p2a: Ninetales|Psyshock|p1a: Crobat","|-supereffective|p1a: Crobat","|-damage|p1a: Crobat|0 fnt","|faint|p1a: Crobat","|","|-weather|SunnyDay|[upkeep]","|-damage|p2a: Ninetales|65/287 psn|[from] psn","|","|switch|p1a: Yanmega|Yanmega, F|313/313","|turn|17","|","|move|p1a: Yanmega|Protect|p1a: Yanmega","|-singleturn|p1a: Yanmega|Protect","|move|p2a: Ninetales|Fire Blast|p1a: Yanmega","|-activate|p1a: Yanmega|Protect","|","|-weather|SunnyDay|[upkeep]","|-damage|p2a: Ninetales|30/287 psn|[from] psn","|-boost|p1a: Yanmega|spe|1|[from] ability: Speed Boost","|turn|18","|","|move|p1a: Yanmega|Ancient Power|p2a: Ninetales","|-supereffective|p2a: Ninetales","|-damage|p2a: Ninetales|0 fnt","|-damage|p1a: Yanmega|282/313|[from] item: Life Orb","|faint|p2a: Ninetales","|","|-weather|SunnyDay|[upkeep]","|-boost|p1a: Yanmega|spe|1|[from] ability: Speed Boost","|","|switch|p2a: Rotom-Heat|Rotom-Heat|167/303","|-damage|p2a: Rotom-Heat|92/303|[from] Stealth Rock","|turn|19","|","|move|p1a: Yanmega|Ancient Power|p2a: Rotom-Heat","|-supereffective|p2a: Rotom-Heat","|-damage|p2a: Rotom-Heat|0 fnt","|-damage|p1a: Yanmega|251/313|[from] item: Life Orb","|faint|p2a: Rotom-Heat","|","|-weather|SunnyDay|[upkeep]","|-boost|p1a: Yanmega|spe|1|[from] ability: Speed Boost","|","|switch|p2a: Heatran|Heatran, F|362/386","|-damage|p2a: Heatran|314/386|[from] Stealth Rock","|turn|20","|","|move|p1a: Yanmega|Air Slash|p2a: Heatran","|-resisted|p2a: Heatran","|-damage|p2a: Heatran|236/386","|-damage|p1a: Yanmega|220/313|[from] item: Life Orb","|move|p2a: Heatran|Flame Charge|p1a: Yanmega","|-supereffective|p1a: Yanmega","|-damage|p1a: Yanmega|34/313","|-boost|p2a: Heatran|spe|1","|","|-weather|SunnyDay|[upkeep]","|-heal|p2a: Heatran|260/386|[from] item: Leftovers","|-boost|p1a: Yanmega|spe|1|[from] ability: Speed Boost","|turn|21","|","|move|p1a: Yanmega|Air Slash|p2a: Heatran","|-resisted|p2a: Heatran","|-damage|p2a: Heatran|181/386","|-damage|p1a: Yanmega|3/313|[from] item: Life Orb","|move|p2a: Heatran|Flame Charge|p1a: Yanmega","|-supereffective|p1a: Yanmega","|-damage|p1a: Yanmega|0 fnt","|-boost|p2a: Heatran|spe|1","|faint|p1a: Yanmega","|","|-weather|SunnyDay|[upkeep]","|-heal|p2a: Heatran|205/386|[from] item: Leftovers","|","|switch|p1a: Gliscor|Gliscor, M|337/337 tox","|turn|22","|","|move|p1a: Gliscor|Earthquake|p2a: Heatran","|-supereffective|p2a: Heatran","|-damage|p2a: Heatran|0 fnt","|faint|p2a: Heatran","|","|-weather|none","|","|switch|p2a: Darmanitan|Darmanitan, F|351/351","|-damage|p2a: Darmanitan|264/351|[from] Stealth Rock","|turn|23","|","|move|p1a: Gliscor|Earthquake|p2a: Darmanitan","|-supereffective|p2a: Darmanitan","|-damage|p2a: Darmanitan|0 fnt","|faint|p2a: Darmanitan","|","|win|Flygon For Ubers"],"p1rating":{"entryid":"6024963","serverid":"eos","formatid":"monotype","userid":"flygonforubers","username":"Flygon For Ubers","w":25,"l":"28","t":"0","gxe":48.3,"r":"1438.6407953695","rd":"68.881699525711","sigma":"0","rptime":"1439197200","rpr":1486.6842715233,"rprd":58.924116518083,"rpsigma":"0","acre":1161.6267402203,"lacre":1161.6267402203,"oldacre":"1140.1903210304"},"p2rating":{"entryid":"7537490","serverid":"eos","formatid":"monotype","userid":"impchief","username":"Imp Chief","w":"3","l":3,"t":"0","gxe":47,"r":"1500","rd":"130","sigma":"0","rptime":"1439197200","rpr":1476.3531832858,"rprd":98.531455986178,"rpsigma":"0","acre":1070.1339732332,"lacre":1070.1339732332,"oldacre":"1090.3261571156"},"endType":"normal"}