{"seed":[50738,64041,24523,57003],"turns":16,"p1":"infinite hands","p2":"piiiiichu","p1team":[{"name":"Seismitoad","species":"Seismitoad","item":"choiceband","ability":"Swift Swim","moves":["icepunch","knockoff","earthquake","drainpunch"],"nature":"Adamant","evs":{"hp":0,"atk":252,"def":0,"spa":0,"spd":4,"spe":252},"ivs":{"hp":31,"atk":31,"def":31,"spa":31,"spd":31,"spe":31}},{"name":"Politoed","species":"Politoed","item":"leftovers","ability":"Drizzle","moves":["scald","refresh","toxic","encore"],"nature":"Calm","evs":{"hp":248,"atk":0,"def":8,"spa":0,"spd":252,"spe":0},"ivs":{"hp":31,"atk":31,"def":31,"spa":31,"spd":31,"spe":31}},{"name":"Lanturn","species":"Lanturn","item":"choicespecs","ability":"Volt Absorb","moves":["voltswitch","thunderbolt","scald","icebeam"],"nature":"Modest","evs":{"hp":248,"atk":0,"def":0,"spa":252,"spd":8,"spe":0},"ivs":{"hp":31,"atk":31,"def":31,"spa":31,"spd":31,"spe":31}},{"name":"Omastar","species":"Omastar","item":"focussash","ability":"Weak Armor","moves":["stealthrock","spikes","scald","icebeam"],"nature":"Timid","evs":{"hp":0,"atk":0,"def":4,"spa":252,"spd":0,"spe":252},"ivs":{"hp":31,"atk":31,"def":31,"spa":31,"spd":31,"spe":31}},{"name":"Cloyster","species":"Cloyster","item":"lifeorb","ability":"Skill Link","moves":["iciclespear","rockblast","shellsmash","iceshard"],"nature":"Adamant","evs":{"hp":0,"atk":252,"def":0,"spa":0,"spd":4,"spe":252},"ivs":{"hp":31,"atk":31,"def":31,"spa":31,"spd":31,"spe":31}},{"name":"Milotic","species":"Milotic","item":"assaultvest","ability":"Competitive","moves":["recover","scald","icebeam","dragontail"],"nature":"Sassy","evs":{"hp":248,"atk":0,"def":0,"spa":8,"spd":252,"spe":0},"ivs":{"hp":31,"atk":31,"def":31,"spa":31,"spd":31,"spe":31}}],"p2team":[{"name":"Beedrill","species":"Beedrill","item":"beedrillite","ability":"Swarm","moves":["protect","uturn","poisonjab","knockoff"],"nature":"Jolly","evs":{"hp":0,"atk":252,"def":0,"spa":0,"spd":4,"spe":252},"ivs":{"hp":31,"atk":31,"def":31,"spa":31,"spd":31,"spe":31}},{"name":"Scizor","species":"Scizor","item":"choiceband","ability":"Technician","moves":["uturn","bulletpunch","knockoff","superpower"],"nature":"Adamant","evs":{"hp":40,"atk":252,"def":0,"spa":0,"spd":0,"spe":216},"ivs":{"hp":31,"atk":31,"def":31,"spa":31,"spd":31,"spe":31}},{"name":"Armaldo","species":"Armaldo","item":"leftovers","ability":"Battle Armor","moves":["stealthrock","rapidspin","stoneedge","aquajet"],"nature":"Careful","evs":{"hp":252,"atk":80,"def":0,"spa":0,"spd":176,"spe":0},"ivs":{"hp":31,"atk":31,"def":31,"spa":31,"spd":31,"spe":31}},{"name":"Galvantula","species":"Galvantula","item":"focussash","ability":"Compound Eyes","moves":["voltswitch","thunder","hiddenpowerice","stickyweb"],"nature":"Timid","evs":{"hp":0,"atk":0,"def":0,"spa":252,"spd":4,"spe":252},"ivs":{"hp":31,"atk":30,"def":30,"spa":31,"spd":31,"spe":31}},{"name":"Volcarona","species":"Volcarona","item":"leftovers","ability":"Flame Body","moves":["quiverdance","fierydance","hiddenpowerground","roost"],"nature":"Bold","evs":{"hp":248,"atk":0,"def":136,"spa":0,"spd":0,"spe":124},"ivs":{"hp":31,"atk":31,"def":31,"spa":30,"spd":30,"spe":31}},{"name":"Genesect","species":"Genesect","item":"lifeorb","ability":"Download","moves":["uturn","ironhead","extremespeed","flamethrower"],"nature":"Hasty","evs":{"hp":0,"atk":252,"def":0,"spa":4,"spd":0,"spe":252},"shiny":true,"ivs":{"hp":31,"atk":31,"def":31,"spa":31,"spd":31,"spe":31}}],"log":["|player|p1|infinite hands|2","|player|p2|piiiiichu|piiiiichu.png","|gametype|singles","|gen|6","|tier|Monotype","|rated","|rule|Baton Pass Clause: Limit one Baton Passer, can't pass Spe and other stats simultaneously","|rule|Swagger Clause: Swagger is banned","|rule|Same Type Clause: Pokémon in a team must share a type","|clearpoke","|poke|p1|Seismitoad, F","|poke|p1|Politoed, M","|poke|p1|Lanturn, M","|poke|p1|Omastar, F","|poke|p1|Cloyster, F","|poke|p1|Milotic, F","|poke|p2|Beedrill, F","|poke|p2|Scizor, F","|poke|p2|Armaldo, F","|poke|p2|Galvantula, F","|poke|p2|Volcarona, M","|poke|p2|Genesect-*, shiny","|rule|Sleep Clause Mod: Limit one foe put to sleep","|rule|Species Clause: Limit one of each Pokémon","|rule|OHKO Clause: OHKO moves are banned","|rule|Moody Clause: Moody is banned","|rule|Evasion Moves Clause: Evasion moves are banned","|rule|Endless Battle Clause: Forcing endless battles is banned","|rule|HP Percentage Mod: HP is shown in percentages","|teampreview","|","|start","|switch|p1a: Omastar|Omastar, F|281/281","|switch|p2a: Beedrill|Beedrill, F|271/271","|turn|1","|","|detailschange|p2a: Beedrill|Beedrill-Mega, F","|-mega|p2a: Beedrill|Beedrill|Beedrillite","|move|p2a: Beedrill|U-turn|p1a: Omastar","|-damage|p1a: Omastar|137/281","|-unboost|p1a: Omastar|def|1|[from] ability: Weak Armor","|-boost|p1a: Omastar|spe|1|[from] ability: Weak Armor","|","|switch|p2a: Scizor|Scizor, F|291/291","|move|p1a: Omastar|Stealth Rock|p2a: Scizor","|-sidestart|p2: piiiiichu|move: Stealth Rock","|","|turn|2","|","|move|p1a: Omastar|Spikes|p2a: Scizor","|-sidestart|p2: piiiiichu|Spikes","|move|p2a: Scizor|U-turn|p1a: Omastar","|-damage|p1a: Omastar|0 fnt","|faint|p1a: Omastar","|","|switch|p2a: Armaldo|Armaldo, F|354/354","|-damage|p2a: Armaldo|266/354|[from] Stealth Rock","|-damage|p2a: Armaldo|222/354|[from] Spikes","|","|-heal|p2a: Armaldo|244/354|[from] item: Leftovers","|","|switch|p1a: Politoed|Politoed, M|383/383","|-weather|RainDance","|turn|3","|","|move|p1a: Politoed|Scald|p2a: Armaldo","|-supereffective|p2a: Armaldo","|-damage|p2a: Armaldo|0 fnt","|faint|p2a: Armaldo","|","|-weather|RainDance|[upkeep]","|","|switch|p2a: Galvantula|Galvantula, F|281/281","|-damage|p2a: Galvantula|246/281|[from] Spikes","|-damage|p2a: Galvantula|176/281|[from] Stealth Rock","|turn|4","|","|switch|p1a: Lanturn|Lanturn, M|453/453","|move|p2a: Galvantula|Sticky Web|p1a: Lanturn","|-sidestart|p1: infinite hands|move: Sticky Web","|","|-weather|RainDance|[upkeep]","|turn|5","|","|switch|p2a: Volcarona|Volcarona, M|373/373","|-damage|p2a: Volcarona|187/373|[from] Stealth Rock","|-damage|p2a: Volcarona|141/373|[from] Spikes","|move|p1a: Lanturn|Thunderbolt|p2a: Volcarona","|-damage|p2a: Volcarona|0 fnt","|faint|p2a: Volcarona","|","|-weather|RainDance|[upkeep]","|","|switch|p2a: Scizor|Scizor, F|291/291","|-damage|p2a: Scizor|255/291|[from] Spikes","|-damage|p2a: Scizor|219/291|[from] Stealth Rock","|turn|6","|","|move|p2a: Scizor|U-turn|p1a: Lanturn","|-damage|p1a: Lanturn|134/453","|","|switch|p2a: Galvantula|Galvantula, F|176/281","|-damage|p2a: Galvantula|106/281|[from] Stealth Rock","|-damage|p2a: Galvantula|71/281|[from] Spikes","|move|p1a: Lanturn|Thunderbolt|p2a: Galvantula","|-crit|p2a: Galvantula","|-resisted|p2a: Galvantula","|-damage|p2a: Galvantula|0 fnt","|faint|p2a: Galvantula","|","|-weather|RainDance|[upkeep]","|","|switch|p2a: Genesect|Genesect, shiny|283/283","|-damage|p2a: Genesect|248/283|[from] Stealth Rock","|-damage|p2a: Genesect|213/283|[from] Spikes","|-boost|p2a: Genesect|atk|1|[from] ability: Download","|turn|7","|","|switch|p1a: Milotic|Milotic, F|393/393","|-activate|p1a: Milotic|move: Sticky Web","|-unboost|p1a: Milotic|spe|1","|-boost|p1a: Milotic|spa|2|[from] ability: Competitive","|move|p2a: Genesect|Extreme Speed|p1a: Milotic","|-damage|p1a: Milotic|192/393","|-damage|p2a: Genesect|185/283|[from] item: Life Orb","|","|-weather|none","|turn|8","|","|switch|p1a: Cloyster|Cloyster, F|241/241","|-activate|p1a: Cloyster|move: Sticky Web","|-unboost|p1a: Cloyster|spe|1","|move|p2a: Genesect|Extreme Speed|p1a: Cloyster","|-damage|p1a: Cloyster|136/241","|-damage|p2a: Genesect|157/283|[from] item: Life Orb","|","|turn|9","|","|move|p2a: Genesect|Iron Head|p1a: Cloyster","|-damage|p1a: Cloyster|0 fnt","|-damage|p2a: Genesect|129/283|[from] item: Life Orb","|faint|p1a: Cloyster","|","|","|switch|p1a: Politoed|Politoed, M|383/383","|-activate|p1a: Politoed|move: Sticky Web","|-unboost|p1a: Politoed|spe|1","|-weather|RainDance","|turn|10","|","|move|p2a: Genesect|Extreme Speed|p1a: Politoed","|-damage|p1a: Politoed|165/383","|-damage|p2a: Genesect|101/283|[from] item: Life Orb","|move|p1a: Politoed|Scald|p2a: Genesect","|-damage|p2a: Genesect|0 fnt","|faint|p2a: Genesect","|","|-weather|RainDance|[upkeep]","|-heal|p1a: Politoed|188/383|[from] item: Leftovers","|","|switch|p2a: Scizor|Scizor, F|219/291","|-damage|p2a: Scizor|183/291|[from] Stealth Rock","|-damage|p2a: Scizor|147/291|[from] Spikes","|turn|11","|","|move|p2a: Scizor|U-turn|p1a: Politoed","|-damage|p1a: Politoed|0 fnt","|faint|p1a: Politoed","|","|switch|p2a: Beedrill|Beedrill-Mega, F|271/271","|-damage|p2a: Beedrill|238/271|[from] Spikes","|-damage|p2a: Beedrill|171/271|[from] Stealth Rock","|","|-weather|RainDance|[upkeep]","|","|switch|p1a: Seismitoad|Seismitoad, F|351/351","|-activate|p1a: Seismitoad|move: Sticky Web","|-unboost|p1a: Seismitoad|spe|1","|turn|12","|","|move|p2a: Beedrill|U-turn|p1a: Seismitoad","|-damage|p1a: Seismitoad|111/351","|","|switch|p2a: Scizor|Scizor, F|147/291","|-damage|p2a: Scizor|111/291|[from] Spikes","|-damage|p2a: Scizor|75/291|[from] Stealth Rock","|move|p1a: Seismitoad|Ice Punch|p2a: Scizor","|-resisted|p2a: Scizor","|-damage|p2a: Scizor|13/291","|","|-weather|RainDance|[upkeep]","|turn|13","|","|move|p1a: Seismitoad|Ice Punch|p2a: Scizor","|-resisted|p2a: Scizor","|-damage|p2a: Scizor|0 fnt","|faint|p2a: Scizor","|","|-weather|RainDance|[upkeep]","|","|switch|p2a: Beedrill|Beedrill-Mega, F|171/271","|-damage|p2a: Beedrill|138/271|[from] Spikes","|-damage|p2a: Beedrill|71/271|[from] Stealth Rock","|turn|14","|","|move|p2a: Beedrill|U-turn|p1a: Seismitoad","|-damage|p1a: Seismitoad|0 fnt","|faint|p1a: Seismitoad","|","|-weather|none","|","|switch|p1a: Milotic|Milotic, F|192/393","|-activate|p1a: Milotic|move: Sticky Web","|-unboost|p1a: Milotic|spe|1","|-boost|p1a: Milotic|spa|2|[from] ability: Competitive","|turn|15","|","|move|p2a: Beedrill|Poison Jab|p1a: Milotic","|-damage|p1a: Milotic|0 fnt","|faint|p1a: Milotic","|","|","|switch|p1a: Lanturn|Lanturn, M|134/453","|-activate|p1a: Lanturn|move: Sticky Web","|-unboost|p1a: Lanturn|spe|1","|turn|16","|","|move|p2a: Beedrill|Poison Jab|p1a: Lanturn","|-damage|p1a: Lanturn|0 fnt","|faint|p1a: Lanturn","|","|win|piiiiichu"],"p1rating":{"entryid":"7542065","serverid":"eos","formatid":"monotype","userid":"infinitehands","username":"infinite hands","w":"0","l":3,"t":"0","gxe":36.3,"r":"1500","rd":"130","sigma":"0","rptime":"1439197200","rpr":1388.7827898502,"rprd":111.34185735926,"rpsigma":"0","acre":1000,"lacre":1000,"oldacre":"1000"},"p2rating":{"entryid":"7542212","serverid":"eos","formatid":"monotype","userid":"piiiiichu","username":"piiiiichu","w":2,"l":"0","t":"0","gxe":59.6,"r":"1500","rd":"130","sigma":"0","rptime":"1439197200","rpr":1576.9422392438,"rprd":116.47366113442,"rpsigma":"0","acre":1075.646205365,"lacre":1075.646205365,"oldacre":"1047.1628913675"},"endType":"normal"}