{"seed":[18742,53925,42990,56809],"turns":30,"p1":"RealDeal360","p2":"Traine✘ Sebastian","p1team":[{"name":"Smeargle","species":"Smeargle","item":"focussash","ability":"Own Tempo","moves":["spore","swordsdance","cottonguard","batonpass"],"nature":"Brave","evs":{"hp":0,"atk":252,"def":0,"spa":0,"spd":4,"spe":252},"ivs":{"hp":31,"atk":31,"def":31,"spa":31,"spd":31,"spe":31}},{"name":"Snorlax","species":"Snorlax","item":"leftovers","ability":"Thick Fat","moves":["bodyslam","heavyslam","firepunch","zenheadbutt"],"nature":"Adamant","evs":{"hp":248,"atk":252,"def":0,"spa":0,"spd":8,"spe":0},"ivs":{"hp":31,"atk":31,"def":31,"spa":31,"spd":31,"spe":31}},{"name":"Staraptor","species":"Staraptor","item":"lifeorb","ability":"Reckless","moves":["bravebird","closecombat","roost","hiddenpowerice"],"nature":"Naive","evs":{"hp":0,"atk":252,"def":0,"spa":4,"spd":0,"spe":252},"ivs":{"hp":31,"atk":30,"def":30,"spa":31,"spd":31,"spe":31}},{"name":"Meloetta","species":"Meloetta","item":"leftovers","ability":"Serene Grace","moves":["dazzlinggleam","calmmind","psyshock","thunderbolt"],"nature":"Modest","evs":{"hp":252,"atk":0,"def":0,"spa":252,"spd":4,"spe":0},"ivs":{"hp":31,"atk":31,"def":31,"spa":31,"spd":31,"spe":31}},{"name":"Ditto","species":"Ditto","item":"choicescarf","ability":"Imposter","moves":["transform"],"nature":"Bold","evs":{"hp":248,"atk":0,"def":252,"spa":0,"spd":8,"spe":0},"ivs":{"hp":31,"atk":31,"def":31,"spa":31,"spd":31,"spe":31}},{"name":"Pidgeot","species":"Pidgeot","item":"pidgeotite","ability":"Keen Eye","moves":["hurricane","defog","heatwave","uturn"],"nature":"Timid","evs":{"hp":0,"atk":0,"def":0,"spa":252,"spd":4,"spe":252},"ivs":{"hp":31,"atk":31,"def":31,"spa":31,"spd":31,"spe":31}}],"p2team":[{"name":"Honeydew","species":"swampert","item":"swampertite","ability":"Damp","moves":["rest","curse","earthquake","icepunch"],"nature":"Careful","evs":{"hp":248,"atk":8,"def":0,"spa":0,"spd":252,"spe":0},"gender":"M","ivs":{"hp":31,"atk":31,"def":31,"spa":31,"spd":31,"spe":31}},{"name":"Politoed","species":"Politoed","item":"leftovers","ability":"Drizzle","moves":["scald","toxic","protect","icebeam"],"nature":"Bold","evs":{"hp":252,"atk":0,"def":252,"spa":4,"spd":0,"spe":0},"gender":"F","shiny":true,"ivs":{"hp":31,"atk":31,"def":31,"spa":31,"spd":31,"spe":31}},{"name":"Tentacruel","species":"Tentacruel","item":"blacksludge","ability":"Clear Body","moves":["scald","toxicspikes","rapidspin","sludgebomb"],"nature":"Timid","evs":{"hp":0,"atk":0,"def":0,"spa":252,"spd":4,"spe":252},"gender":"M","ivs":{"hp":31,"atk":31,"def":31,"spa":31,"spd":31,"spe":31}},{"name":"Keldeo-Resolute","species":"Keldeo-Resolute","item":"expertbelt","ability":"Justified","moves":["secretsword","scald","icywind","hydropump"],"nature":"Timid","evs":{"hp":0,"atk":0,"def":0,"spa":252,"spd":4,"spe":252},"ivs":{"hp":31,"atk":31,"def":31,"spa":31,"spd":31,"spe":31}},{"name":"Water Doge","species":"suicune","item":"leftovers","ability":"Pressure","moves":["calmmind","rest","scald","sleeptalk"],"nature":"Bold","evs":{"hp":252,"atk":0,"def":252,"spa":0,"spd":4,"spe":0},"shiny":true,"ivs":{"hp":31,"atk":31,"def":31,"spa":31,"spd":31,"spe":31}},{"name":"Starmie","species":"Starmie","item":"choicespecs","ability":"Analytic","moves":["psychic","thunderbolt","icebeam","dazzlinggleam"],"nature":"Timid","evs":{"hp":0,"atk":0,"def":0,"spa":252,"spd":4,"spe":252},"shiny":true,"ivs":{"hp":31,"atk":31,"def":31,"spa":31,"spd":31,"spe":31}}],"log":["|player|p1|RealDeal360|153","|player|p2|Traine✘ Sebastian|161","|gametype|singles","|gen|6","|tier|Monotype","|rated","|rule|Baton Pass Clause: Limit one Baton Passer, can't pass Spe and other stats simultaneously","|rule|Swagger Clause: Swagger is banned","|rule|Same Type Clause: Pokémon in a team must share a type","|clearpoke","|poke|p1|Smeargle, F","|poke|p1|Snorlax, F","|poke|p1|Staraptor, M","|poke|p1|Meloetta","|poke|p1|Ditto","|poke|p1|Pidgeot, M","|poke|p2|Swampert, M","|poke|p2|Politoed, F, shiny","|poke|p2|Tentacruel, M","|poke|p2|Keldeo-Resolute","|poke|p2|Suicune, shiny","|poke|p2|Starmie, shiny","|rule|Sleep Clause Mod: Limit one foe put to sleep","|rule|Species Clause: Limit one of each Pokémon","|rule|OHKO Clause: OHKO moves are banned","|rule|Moody Clause: Moody is banned","|rule|Evasion Moves Clause: Evasion moves are banned","|rule|Endless Battle Clause: Forcing endless battles is banned","|rule|HP Percentage Mod: HP is shown in percentages","|teampreview","|","|start","|switch|p1a: Ditto|Ditto|299/299","|switch|p2a: Water Doge|Suicune, shiny|404/404","|-ability|p2a: Water Doge|Pressure","|-transform|p1a: Ditto|p2a: Water Doge","|-ability|p1a: Ditto|Pressure","|turn|1","|","|switch|p2a: Tentacruel|Tentacruel, M|301/301","|move|p1a: Ditto|Scald|p2a: Tentacruel","|-resisted|p2a: Tentacruel","|-damage|p2a: Tentacruel|265/301","|","|-heal|p2a: Tentacruel|283/301|[from] item: Black Sludge","|turn|2","|","|move|p2a: Tentacruel|Toxic Spikes|p1a: Ditto","|-sidestart|p1: RealDeal360|move: Toxic Spikes","|move|p1a: Ditto|Scald|p2a: Tentacruel","|-resisted|p2a: Tentacruel","|-damage|p2a: Tentacruel|246/301","|-status|p2a: Tentacruel|brn","|","|-heal|p2a: Tentacruel|264/301 brn|[from] item: Black Sludge","|-damage|p2a: Tentacruel|227/301 brn|[from] brn","|turn|3","|","|move|p2a: Tentacruel|Toxic Spikes|p1a: Ditto","|-sidestart|p1: RealDeal360|move: Toxic Spikes","|move|p1a: Ditto|Scald|p2a: Tentacruel","|-resisted|p2a: Tentacruel","|-damage|p2a: Tentacruel|192/301 brn","|","|-heal|p2a: Tentacruel|210/301 brn|[from] item: Black Sludge","|-damage|p2a: Tentacruel|173/301 brn|[from] brn","|turn|4","|","|move|p2a: Tentacruel|Sludge Bomb|p1a: Ditto","|-damage|p1a: Ditto|188/299","|move|p1a: Ditto|Scald|p2a: Tentacruel","|-resisted|p2a: Tentacruel","|-damage|p2a: Tentacruel|137/301 brn","|","|-heal|p2a: Tentacruel|155/301 brn|[from] item: Black Sludge","|-damage|p2a: Tentacruel|118/301 brn|[from] brn","|turn|5","|","|move|p2a: Tentacruel|Sludge Bomb|p1a: Ditto","|-damage|p1a: Ditto|86/299","|move|p1a: Ditto|Scald|p2a: Tentacruel","|-resisted|p2a: Tentacruel","|-damage|p2a: Tentacruel|81/301 brn","|","|-heal|p2a: Tentacruel|99/301 brn|[from] item: Black Sludge","|-damage|p2a: Tentacruel|62/301 brn|[from] brn","|turn|6","|","|switch|p1a: Meloetta|Meloetta|404/404","|-status|p1a: Meloetta|tox","|move|p2a: Tentacruel|Sludge Bomb|p1a: Meloetta","|-crit|p1a: Meloetta","|-damage|p1a: Meloetta|271/404 tox","|","|-heal|p2a: Tentacruel|80/301 brn|[from] item: Black Sludge","|-heal|p1a: Meloetta|296/404 tox|[from] item: Leftovers","|-damage|p2a: Tentacruel|43/301 brn|[from] brn","|-damage|p1a: Meloetta|271/404 tox|[from] psn","|turn|7","|","|switch|p2a: Politoed|Politoed, F, shiny|384/384","|-weather|RainDance","|move|p1a: Meloetta|Calm Mind|p1a: Meloetta","|-boost|p1a: Meloetta|spa|1","|-boost|p1a: Meloetta|spd|1","|","|-weather|RainDance|[upkeep]","|-heal|p1a: Meloetta|296/404 tox|[from] item: Leftovers","|-damage|p1a: Meloetta|246/404 tox|[from] psn","|turn|8","|","|move|p1a: Meloetta|Thunderbolt|p2a: Politoed","|-supereffective|p2a: Politoed","|-damage|p2a: Politoed|22/384","|-status|p2a: Politoed|par","|move|p2a: Politoed|Scald|p1a: Meloetta","|-damage|p1a: Meloetta|177/404 tox","|","|-weather|RainDance|[upkeep]","|-heal|p1a: Meloetta|202/404 tox|[from] item: Leftovers","|-heal|p2a: Politoed|46/384 par|[from] item: Leftovers","|-damage|p1a: Meloetta|127/404 tox|[from] psn","|turn|9","|","|move|p2a: Politoed|Protect|p2a: Politoed","|-singleturn|p2a: Politoed|Protect","|move|p1a: Meloetta|Thunderbolt|p2a: Politoed","|-activate|p2a: Politoed|Protect","|","|-weather|RainDance|[upkeep]","|-heal|p1a: Meloetta|152/404 tox|[from] item: Leftovers","|-heal|p2a: Politoed|70/384 par|[from] item: Leftovers","|-damage|p1a: Meloetta|52/404 tox|[from] psn","|turn|10","|","|switch|p2a: Honeydew|Swampert, M|403/403","|move|p1a: Meloetta|Thunderbolt|p2a: Honeydew","|-immune|p2a: Honeydew|[msg]","|","|-weather|RainDance|[upkeep]","|-heal|p1a: Meloetta|77/404 tox|[from] item: Leftovers","|-damage|p1a: Meloetta|0 fnt|[from] psn","|faint|p1a: Meloetta","|","|switch|p1a: Pidgeot|Pidgeot, M|307/307","|turn|11","|","|detailschange|p2a: Honeydew|Swampert-Mega, M","|-mega|p2a: Honeydew|Swampert|Swampertite","|move|p1a: Pidgeot|Defog|p2a: Honeydew","|-unboost|p2a: Honeydew|evasion|1","|-sideend|p1: RealDeal360|Toxic Spikes|[from] move: Defog|[of] p1a: Pidgeot","|move|p2a: Honeydew|Ice Punch|p1a: Pidgeot","|-crit|p1a: Pidgeot","|-supereffective|p1a: Pidgeot","|-damage|p1a: Pidgeot|0 fnt","|faint|p1a: Pidgeot","|","|-weather|none","|","|switch|p1a: Smeargle|Smeargle, F|251/251","|turn|12","|","|switch|p2a: Tentacruel|Tentacruel, M|43/301 brn","|move|p1a: Smeargle|Spore|p2a: Tentacruel","|-fail|p2a: Tentacruel","|","|-heal|p2a: Tentacruel|61/301 brn|[from] item: Black Sludge","|-damage|p2a: Tentacruel|24/301 brn|[from] brn","|turn|13","|","|move|p2a: Tentacruel|Sludge Bomb|p1a: Smeargle","|-damage|p1a: Smeargle|49/251","|move|p1a: Smeargle|Swords Dance|p1a: Smeargle","|-boost|p1a: Smeargle|atk|2","|","|-heal|p2a: Tentacruel|42/301 brn|[from] item: Black Sludge","|-damage|p2a: Tentacruel|5/301 brn|[from] brn","|turn|14","|","|move|p2a: Tentacruel|Sludge Bomb|p1a: Smeargle","|-crit|p1a: Smeargle","|-damage|p1a: Smeargle|0 fnt","|faint|p1a: Smeargle","|","|-heal|p2a: Tentacruel|23/301 brn|[from] item: Black Sludge","|-damage|p2a: Tentacruel|0 fnt|[from] brn","|faint|p2a: Tentacruel","|","|switch|p1a: Staraptor|Staraptor, M|311/311","|switch|p2a: Politoed|Politoed, F, shiny|70/384 par","|-weather|RainDance","|turn|15","|","|move|p1a: Staraptor|Hidden Power|p2a: Politoed","|-resisted|p2a: Politoed","|-damage|p2a: Politoed|52/384 par","|-damage|p1a: Staraptor|280/311|[from] item: Life Orb","|cant|p2a: Politoed|par","|","|-weather|RainDance|[upkeep]","|-heal|p2a: Politoed|76/384 par|[from] item: Leftovers","|turn|16","|","|switch|p2a: Water Doge|Suicune, shiny|404/404","|-ability|p2a: Water Doge|Pressure","|move|p1a: Staraptor|Brave Bird|p2a: Water Doge","|-crit|p2a: Water Doge","|-damage|p2a: Water Doge|106/404","|-damage|p1a: Staraptor|182/311|[from] recoil|[of] p2a: Water Doge","|-damage|p1a: Staraptor|151/311|[from] item: Life Orb","|","|-weather|RainDance|[upkeep]","|-heal|p2a: Water Doge|131/404|[from] item: Leftovers","|turn|17","|","|move|p1a: Staraptor|Close Combat|p2a: Water Doge","|-damage|p2a: Water Doge|19/404","|-unboost|p1a: Staraptor|def|1","|-unboost|p1a: Staraptor|spd|1","|-damage|p1a: Staraptor|120/311|[from] item: Life Orb","|move|p2a: Water Doge|Scald|p1a: Staraptor","|-damage|p1a: Staraptor|0 fnt","|faint|p1a: Staraptor","|","|-weather|RainDance|[upkeep]","|-heal|p2a: Water Doge|44/404|[from] item: Leftovers","|","|switch|p1a: Snorlax|Snorlax, F|523/523","|turn|18","|","|move|p2a: Water Doge|Rest|p2a: Water Doge","|-status|p2a: Water Doge|slp","|-heal|p2a: Water Doge|404/404 slp|[silent]","|-status|p2a: Water Doge|slp|[from] move: Rest","|move|p1a: Snorlax|Body Slam|p2a: Water Doge","|-damage|p2a: Water Doge|298/404 slp","|","|-weather|RainDance|[upkeep]","|-heal|p2a: Water Doge|323/404 slp|[from] item: Leftovers","|turn|19","|","|cant|p2a: Water Doge|slp","|move|p2a: Water Doge|Sleep Talk|p2a: Water Doge","|move|p2a: Water Doge|Scald|p1a: Snorlax|[from]Sleep Talk","|-damage|p1a: Snorlax|411/523","|move|p1a: Snorlax|Body Slam|p2a: Water Doge","|-damage|p2a: Water Doge|227/404 slp","|","|-weather|none","|-heal|p2a: Water Doge|252/404 slp|[from] item: Leftovers","|-heal|p1a: Snorlax|443/523|[from] item: Leftovers","|turn|20","|","|cant|p2a: Water Doge|slp","|move|p2a: Water Doge|Sleep Talk|p2a: Water Doge","|move|p2a: Water Doge|Scald|p1a: Snorlax|[from]Sleep Talk","|-damage|p1a: Snorlax|356/523","|move|p1a: Snorlax|Heavy Slam|p2a: Water Doge","|-resisted|p2a: Water Doge","|-damage|p2a: Water Doge|229/404 slp","|","|-heal|p2a: Water Doge|254/404 slp|[from] item: Leftovers","|-heal|p1a: Snorlax|388/523|[from] item: Leftovers","|turn|21","|","|-curestatus|p2a: Water Doge|slp","|move|p2a: Water Doge|Calm Mind|p2a: Water Doge","|-boost|p2a: Water Doge|spa|1","|-boost|p2a: Water Doge|spd|1","|move|p1a: Snorlax|Body Slam|p2a: Water Doge","|-damage|p2a: Water Doge|157/404","|","|-heal|p2a: Water Doge|182/404|[from] item: Leftovers","|-heal|p1a: Snorlax|420/523|[from] item: Leftovers","|turn|22","|","|move|p2a: Water Doge|Rest|p2a: Water Doge","|-status|p2a: Water Doge|slp","|-heal|p2a: Water Doge|404/404 slp|[silent]","|-status|p2a: Water Doge|slp|[from] move: Rest","|move|p1a: Snorlax|Body Slam|p2a: Water Doge","|-damage|p2a: Water Doge|308/404 slp","|","|-heal|p2a: Water Doge|333/404 slp|[from] item: Leftovers","|-heal|p1a: Snorlax|452/523|[from] item: Leftovers","|turn|23","|","|cant|p2a: Water Doge|slp","|move|p2a: Water Doge|Sleep Talk|p2a: Water Doge","|move|p2a: Water Doge|Rest|p2a: Water Doge|[from]Sleep Talk","|-fail|p2a: Water Doge","|move|p1a: Snorlax|Zen Headbutt|p2a: Water Doge","|-damage|p2a: Water Doge|277/404 slp","|","|-heal|p2a: Water Doge|302/404 slp|[from] item: Leftovers","|-heal|p1a: Snorlax|484/523|[from] item: Leftovers","|turn|24","|","|cant|p2a: Water Doge|slp","|move|p2a: Water Doge|Sleep Talk|p2a: Water Doge","|move|p2a: Water Doge|Rest|p2a: Water Doge|[from]Sleep Talk","|-fail|p2a: Water Doge","|move|p1a: Snorlax|Body Slam|p2a: Water Doge","|-damage|p2a: Water Doge|196/404 slp","|","|-heal|p2a: Water Doge|221/404 slp|[from] item: Leftovers","|-heal|p1a: Snorlax|516/523|[from] item: Leftovers","|turn|25","|","|-curestatus|p2a: Water Doge|slp","|move|p2a: Water Doge|Scald|p1a: Snorlax","|-damage|p1a: Snorlax|401/523","|move|p1a: Snorlax|Body Slam|p2a: Water Doge","|-damage|p2a: Water Doge|121/404","|","|-heal|p2a: Water Doge|146/404|[from] item: Leftovers","|-heal|p1a: Snorlax|433/523|[from] item: Leftovers","|turn|26","|","|move|p2a: Water Doge|Rest|p2a: Water Doge","|-status|p2a: Water Doge|slp","|-heal|p2a: Water Doge|404/404 slp|[silent]","|-status|p2a: Water Doge|slp|[from] move: Rest","|move|p1a: Snorlax|Body Slam|p2a: Water Doge","|-damage|p2a: Water Doge|310/404 slp","|","|-heal|p2a: Water Doge|335/404 slp|[from] item: Leftovers","|-heal|p1a: Snorlax|465/523|[from] item: Leftovers","|turn|27","|","|cant|p2a: Water Doge|slp","|move|p2a: Water Doge|Sleep Talk|p2a: Water Doge","|move|p2a: Water Doge|Scald|p1a: Snorlax|[from]Sleep Talk","|-crit|p1a: Snorlax","|-damage|p1a: Snorlax|300/523","|-status|p1a: Snorlax|brn","|move|p1a: Snorlax|Body Slam|p2a: Water Doge","|-damage|p2a: Water Doge|290/404 slp","|","|-heal|p2a: Water Doge|315/404 slp|[from] item: Leftovers","|-heal|p1a: Snorlax|332/523 brn|[from] item: Leftovers","|-damage|p1a: Snorlax|267/523 brn|[from] brn","|turn|28","|","|cant|p2a: Water Doge|slp","|move|p2a: Water Doge|Sleep Talk|p2a: Water Doge","|move|p2a: Water Doge|Rest|p2a: Water Doge|[from]Sleep Talk","|-fail|p2a: Water Doge","|move|p1a: Snorlax|Body Slam|p2a: Water Doge","|-damage|p2a: Water Doge|270/404 slp","|","|-heal|p2a: Water Doge|295/404 slp|[from] item: Leftovers","|-heal|p1a: Snorlax|299/523 brn|[from] item: Leftovers","|-damage|p1a: Snorlax|234/523 brn|[from] brn","|turn|29","|","|-curestatus|p2a: Water Doge|slp","|move|p2a: Water Doge|Calm Mind|p2a: Water Doge","|-boost|p2a: Water Doge|spa|1","|-boost|p2a: Water Doge|spd|1","|move|p1a: Snorlax|Body Slam|p2a: Water Doge","|-damage|p2a: Water Doge|244/404","|","|-heal|p2a: Water Doge|269/404|[from] item: Leftovers","|-heal|p1a: Snorlax|266/523 brn|[from] item: Leftovers","|-damage|p1a: Snorlax|201/523 brn|[from] brn","|turn|30","|","|win|Traine✘ Sebastian"],"p1rating":{"entryid":"7525131","serverid":"eos","formatid":"monotype","userid":"realdeal360","username":"RealDeal360","w":"2","l":8,"t":"0","gxe":36.1,"r":1400.1370891078,"rd":89.923703517826,"sigma":"0","rptime":1439197200,"rpr":1388.9108229434,"rprd":87.862487380936,"rpsigma":"0","acre":1015.9039836035,"lacre":1015.9039836035,"oldacre":"1028.0192473764"},"p2rating":{"entryid":"7497648","serverid":"eos","formatid":"monotype","userid":"trainesebastian","username":"Traine✘ Sebastian","w":6,"l":"3","t":"0","gxe":56.7,"r":"1586.0748834996","rd":"99.150231573095","sigma":"0","rptime":"1439197200","rpr":1552.3709885778,"rprd":90.089936226979,"rpsigma":"0","acre":1103.4134685515,"lacre":1103.4134685515,"oldacre":"1079.4599747803"},"endType":"forfeit"}