{"seed":[63310,27881,10301,18555],"turns":27,"p1":"imp jk","p2":"Defender of Sinnoh","p1team":[{"name":"Accelgor","species":"Accelgor","item":"choicespecs","ability":"Sticky Hold","moves":["energyball","bugbuzz","focusblast","sludgebomb"],"nature":"Modest","evs":{"hp":0,"atk":0,"def":0,"spa":252,"spd":0,"spe":252},"ivs":{"hp":31,"atk":30,"def":30,"spa":31,"spd":31,"spe":31}},{"name":"Scizor","species":"Scizor","item":"lifeorb","ability":"Technician","moves":["bulletpunch","knockoff","roost","bugbite"],"nature":"Adamant","evs":{"hp":252,"atk":108,"def":148,"spa":0,"spd":0,"spe":0},"ivs":{"hp":31,"atk":31,"def":31,"spa":31,"spd":31,"spe":31}},{"name":"Armaldo","species":"Armaldo","item":"assaultvest","ability":"Battle Armor","moves":["aquatail","rockblast","rapidspin","knockoff"],"nature":"Adamant","evs":{"hp":252,"atk":4,"def":0,"spa":0,"spd":252,"spe":0},"ivs":{"hp":31,"atk":31,"def":31,"spa":31,"spd":31,"spe":31}},{"name":"Heracross","species":"Heracross","item":"choicescarf","ability":"Swarm","moves":["megahorn","earthquake","stoneedge","closecombat"],"nature":"Jolly","evs":{"hp":0,"atk":252,"def":0,"spa":0,"spd":0,"spe":252},"ivs":{"hp":31,"atk":31,"def":31,"spa":31,"spd":31,"spe":31}},{"name":"Beedrill","species":"Beedrill","item":"beedrillite","ability":"Swarm","moves":["uturn","poisonjab","knockoff","protect"],"nature":"Jolly","evs":{"hp":0,"atk":252,"def":0,"spa":0,"spd":0,"spe":252},"ivs":{"hp":31,"atk":31,"def":31,"spa":31,"spd":31,"spe":31}},{"name":"Yanmega","species":"Yanmega","item":"lifeorb","ability":"Speed Boost","moves":["airslash","bugbuzz","hiddenpowerfire","defog"],"nature":"Modest","evs":{"hp":0,"atk":0,"def":0,"spa":252,"spd":0,"spe":252},"ivs":{"hp":31,"atk":30,"def":31,"spa":30,"spd":31,"spe":30}}],"p2team":[{"name":"Mienshao","species":"Mienshao","item":"lifeorb","ability":"Regenerator","moves":["fakeout","highjumpkick","knockoff","uturn"],"nature":"Jolly","evs":{"hp":0,"atk":252,"def":0,"spa":0,"spd":4,"spe":252},"ivs":{"hp":31,"atk":31,"def":31,"spa":31,"spd":31,"spe":31}},{"name":"Cobalion","species":"Cobalion","item":"airballoon","ability":"Justified","moves":["voltswitch","focusblast","flashcannon","thunderwave"],"nature":"Timid","evs":{"hp":0,"atk":0,"def":0,"spa":252,"spd":4,"spe":252},"ivs":{"hp":31,"atk":31,"def":31,"spa":31,"spd":31,"spe":31}},{"name":"Keldeo-Resolute","species":"Keldeo-Resolute","item":"choicespecs","ability":"Justified","moves":["secretsword","scald","icywind","hiddenpowerfire"],"nature":"Timid","evs":{"hp":0,"atk":0,"def":0,"spa":252,"spd":4,"spe":252},"ivs":{"hp":31,"atk":30,"def":31,"spa":30,"spd":31,"spe":30}},{"name":"Scrafty","species":"Scrafty","item":"chopleberry","ability":"Shed Skin","moves":["rest","drainpunch","crunch","dragondance"],"nature":"Adamant","evs":{"hp":0,"atk":252,"def":0,"spa":0,"spd":4,"spe":252},"ivs":{"hp":31,"atk":31,"def":31,"spa":31,"spd":31,"spe":31}},{"name":"Medicham","species":"Medicham","item":"medichamite","ability":"Pure Power","moves":["fakeout","drainpunch","bulletpunch","psychocut"],"nature":"Jolly","evs":{"hp":0,"atk":252,"def":0,"spa":0,"spd":4,"spe":252},"ivs":{"hp":31,"atk":31,"def":31,"spa":31,"spd":31,"spe":31}},{"name":"Breloom","species":"Breloom","item":"leftovers","ability":"Technician","moves":["forcepalm","spore","substitute","bulletseed"],"nature":"Impish","evs":{"hp":248,"atk":8,"def":252,"spa":0,"spd":0,"spe":0},"ivs":{"hp":31,"atk":31,"def":31,"spa":31,"spd":31,"spe":31}}],"log":["|player|p1|imp jk|196","|player|p2|Defender of Sinnoh|25","|gametype|singles","|gen|6","|tier|Monotype","|rated","|rule|Baton Pass Clause: Limit one Baton Passer, can't pass Spe and other stats simultaneously","|rule|Swagger Clause: Swagger is banned","|rule|Same Type Clause: Pokémon in a team must share a type","|clearpoke","|poke|p1|Accelgor, F","|poke|p1|Scizor, F","|poke|p1|Armaldo, F","|poke|p1|Heracross, F","|poke|p1|Beedrill, M","|poke|p1|Yanmega, F","|poke|p2|Mienshao, F","|poke|p2|Cobalion","|poke|p2|Keldeo-Resolute","|poke|p2|Scrafty, M","|poke|p2|Medicham, M","|poke|p2|Breloom, F","|rule|Sleep Clause Mod: Limit one foe put to sleep","|rule|Species Clause: Limit one of each Pokémon","|rule|OHKO Clause: OHKO moves are banned","|rule|Moody Clause: Moody is banned","|rule|Evasion Moves Clause: Evasion moves are banned","|rule|Endless Battle Clause: Forcing endless battles is banned","|rule|HP Percentage Mod: HP is shown in percentages","|teampreview","|","|start","|switch|p1a: Accelgor|Accelgor, F|301/301","|switch|p2a: Mienshao|Mienshao, F|271/271","|turn|1","|","|switch|p1a: Scizor|Scizor, F|344/344","|move|p2a: Mienshao|Fake Out|p1a: Scizor","|-resisted|p1a: Scizor","|-damage|p1a: Scizor|317/344","|-damage|p2a: Mienshao|244/271|[from] item: Life Orb","|","|turn|2","|","|move|p2a: Mienshao|U-turn|p1a: Scizor","|-resisted|p1a: Scizor","|-damage|p1a: Scizor|268/344","|-damage|p2a: Mienshao|217/271|[from] item: Life Orb","|","|switch|p2a: Breloom|Breloom, F|323/323","|move|p1a: Scizor|Bug Bite|p2a: Breloom","|-damage|p2a: Breloom|154/323","|-damage|p1a: Scizor|234/344|[from] item: Life Orb","|","|-heal|p2a: Breloom|174/323|[from] item: Leftovers","|turn|3","|","|move|p1a: Scizor|Bullet Punch|p2a: Breloom","|-damage|p2a: Breloom|67/323","|-damage|p1a: Scizor|200/344|[from] item: Life Orb","|move|p2a: Breloom|Spore|p1a: Scizor","|-status|p1a: Scizor|slp","|","|-heal|p2a: Breloom|87/323|[from] item: Leftovers","|turn|4","|","|switch|p1a: Armaldo|Armaldo, F|354/354","|move|p2a: Breloom|Substitute|p2a: Breloom","|-start|p2a: Breloom|Substitute","|-damage|p2a: Breloom|7/323","|","|-heal|p2a: Breloom|27/323|[from] item: Leftovers","|turn|5","|","|move|p2a: Breloom|Force Palm|p1a: Armaldo","|-damage|p1a: Armaldo|228/354","|move|p1a: Armaldo|Rock Blast|p2a: Breloom","|-resisted|p2a: Breloom","|-activate|p2a: Breloom|Substitute|[damage]","|-resisted|p2a: Breloom","|-activate|p2a: Breloom|Substitute|[damage]","|-hitcount|p2a: Breloom|2","|","|-heal|p2a: Breloom|47/323|[from] item: Leftovers","|turn|6","|","|move|p2a: Breloom|Bullet Seed|p1a: Armaldo","|-damage|p1a: Armaldo|173/354","|-damage|p1a: Armaldo|118/354","|-hitcount|p1a: Armaldo|2","|move|p1a: Armaldo|Rock Blast|p2a: Breloom","|-resisted|p2a: Breloom","|-activate|p2a: Breloom|Substitute|[damage]","|-resisted|p2a: Breloom","|-activate|p2a: Breloom|Substitute|[damage]","|-resisted|p2a: Breloom","|-end|p2a: Breloom|Substitute","|-resisted|p2a: Breloom","|-damage|p2a: Breloom|31/323","|-hitcount|p2a: Breloom|4","|","|-heal|p2a: Breloom|51/323|[from] item: Leftovers","|turn|7","|","|move|p2a: Breloom|Force Palm|p1a: Armaldo","|-damage|p1a: Armaldo|0 fnt","|faint|p1a: Armaldo","|","|-heal|p2a: Breloom|71/323|[from] item: Leftovers","|","|switch|p1a: Yanmega|Yanmega, F|313/313","|turn|8","|","|move|p1a: Yanmega|Air Slash|p2a: Breloom","|-supereffective|p2a: Breloom","|-damage|p2a: Breloom|0 fnt","|-damage|p1a: Yanmega|282/313|[from] item: Life Orb","|faint|p2a: Breloom","|","|-boost|p1a: Yanmega|spe|1|[from] ability: Speed Boost","|","|switch|p2a: Medicham|Medicham, M|261/261","|turn|9","|","|switch|p1a: Scizor|Scizor, F|200/344 slp","|detailschange|p2a: Medicham|Medicham-Mega, M","|-mega|p2a: Medicham|Medicham|Medichamite","|move|p2a: Medicham|Fake Out|p1a: Scizor","|-resisted|p1a: Scizor","|-damage|p1a: Scizor|166/344 slp","|","|turn|10","|","|cant|p1a: Scizor|slp","|move|p2a: Medicham|Drain Punch|p1a: Scizor","|-damage|p1a: Scizor|0 fnt","|faint|p1a: Scizor","|","|","|switch|p1a: Accelgor|Accelgor, F|301/301","|turn|11","|","|switch|p2a: Cobalion|Cobalion|323/323","|-item|p2a: Cobalion|Air Balloon","|move|p1a: Accelgor|Bug Buzz|p2a: Cobalion","|-resisted|p2a: Cobalion","|-damage|p2a: Cobalion|248/323","|-enditem|p2a: Cobalion|Air Balloon","|-unboost|p2a: Cobalion|spd|1","|","|turn|12","|","|switch|p1a: Yanmega|Yanmega, F|282/313","|move|p2a: Cobalion|Thunder Wave|p1a: Yanmega","|-status|p1a: Yanmega|par","|","|turn|13","|","|move|p2a: Cobalion|Volt Switch|p1a: Yanmega","|-supereffective|p1a: Yanmega","|-damage|p1a: Yanmega|90/313 par","|","|switch|p2a: Mienshao|Mienshao, F|271/271","|cant|p1a: Yanmega|par","|","|-boost|p1a: Yanmega|spe|1|[from] ability: Speed Boost","|turn|14","|","|move|p2a: Mienshao|Fake Out|p1a: Yanmega","|-damage|p1a: Yanmega|19/313 par","|-damage|p2a: Mienshao|244/271|[from] item: Life Orb","|cant|p1a: Yanmega|flinch","|","|-boost|p1a: Yanmega|spe|1|[from] ability: Speed Boost","|turn|15","|","|move|p2a: Mienshao|U-turn|p1a: Yanmega","|-resisted|p1a: Yanmega","|-damage|p1a: Yanmega|0 fnt","|-damage|p2a: Mienshao|217/271|[from] item: Life Orb","|faint|p1a: Yanmega","|","|switch|p2a: Cobalion|Cobalion|248/323","|","|","|switch|p1a: Heracross|Heracross, F|301/301","|turn|16","|","|move|p1a: Heracross|Close Combat|p2a: Cobalion","|-supereffective|p2a: Cobalion","|-damage|p2a: Cobalion|0 fnt","|-unboost|p1a: Heracross|def|1","|-unboost|p1a: Heracross|spd|1","|faint|p2a: Cobalion","|","|","|switch|p2a: Mienshao|Mienshao, F|271/271","|turn|17","|","|switch|p1a: Beedrill|Beedrill, M|271/271","|move|p2a: Mienshao|Fake Out|p1a: Beedrill","|-damage|p1a: Beedrill|148/271","|-damage|p2a: Mienshao|244/271|[from] item: Life Orb","|","|turn|18","|","|detailschange|p1a: Beedrill|Beedrill-Mega, M","|-mega|p1a: Beedrill|Beedrill|Beedrillite","|move|p1a: Beedrill|Protect|p1a: Beedrill","|-singleturn|p1a: Beedrill|Protect","|move|p2a: Mienshao|U-turn|p1a: Beedrill","|-activate|p1a: Beedrill|Protect","|","|turn|19","|","|move|p1a: Beedrill|Poison Jab|p2a: Mienshao","|-damage|p2a: Mienshao|0 fnt","|faint|p2a: Mienshao","|","|","|switch|p2a: Medicham|Medicham-Mega, M|261/261","|turn|20","|","|move|p1a: Beedrill|Protect|p1a: Beedrill","|-singleturn|p1a: Beedrill|Protect","|move|p2a: Medicham|Fake Out|p1a: Beedrill","|-activate|p1a: Beedrill|Protect","|","|turn|21","|","|move|p1a: Beedrill|Poison Jab|p2a: Medicham","|-damage|p2a: Medicham|5/261","|move|p2a: Medicham|Psycho Cut|p1a: Beedrill","|-supereffective|p1a: Beedrill","|-damage|p1a: Beedrill|0 fnt","|faint|p1a: Beedrill","|","|","|switch|p1a: Accelgor|Accelgor, F|301/301","|turn|22","|","|switch|p2a: Scrafty|Scrafty, M|271/271","|move|p1a: Accelgor|Bug Buzz|p2a: Scrafty","|-damage|p2a: Scrafty|67/271","|","|turn|23","|","|move|p1a: Accelgor|Bug Buzz|p2a: Scrafty","|-damage|p2a: Scrafty|0 fnt","|faint|p2a: Scrafty","|","|","|switch|p2a: Keldeo-Resolute|Keldeo-Resolute|323/323","|turn|24","|","|move|p1a: Accelgor|Bug Buzz|p2a: Keldeo-Resolute","|-resisted|p2a: Keldeo-Resolute","|-damage|p2a: Keldeo-Resolute|203/323","|move|p2a: Keldeo-Resolute|Scald|p1a: Accelgor","|-damage|p1a: Accelgor|0 fnt","|faint|p1a: Accelgor","|","|","|switch|p1a: Heracross|Heracross, F|301/301","|turn|25","|","|move|p1a: Heracross|Close Combat|p2a: Keldeo-Resolute","|-damage|p2a: Keldeo-Resolute|0 fnt","|-unboost|p1a: Heracross|def|1","|-unboost|p1a: Heracross|spd|1","|faint|p2a: Keldeo-Resolute","|","|","|switch|p2a: Medicham|Medicham-Mega, M|5/261","|turn|26","|","|move|p2a: Medicham|Fake Out|p1a: Heracross","|-damage|p1a: Heracross|137/301","|cant|p1a: Heracross|flinch","|","|turn|27","|","|move|p2a: Medicham|Bullet Punch|p1a: Heracross","|-damage|p1a: Heracross|0 fnt","|faint|p1a: Heracross","|","|win|Defender of Sinnoh"],"p1rating":{"entryid":"7537159","serverid":"eos","formatid":"monotype","userid":"impjk","username":"Imp❇ Jk","w":"4","l":5,"t":"0","gxe":42.6,"r":"1500","rd":"130","sigma":"0","rptime":"1439197200","rpr":1442.0800576547,"rprd":89.189927896306,"rpsigma":"0","acre":1088.1057301101,"lacre":1088.1057301101,"oldacre":"1113.6933465203"},"p2rating":{"entryid":"6083148","serverid":"eos","formatid":"monotype","userid":"defenderofsinnoh","username":"Defender Of Sinnoh","w":50,"l":"64","t":"0","gxe":44.3,"r":"1458.3033673695","rd":"41.290502805627","sigma":"0","rptime":"1439197200","rpr":1456.3414574948,"rprd":38.670734869613,"rpsigma":"0","acre":1131.1131044851,"lacre":1131.1131044851,"oldacre":"1105.5254880749"},"endType":"normal"}