{"seed":[35986,60707,46708,36882],"turns":25,"p1":"StormiClouds","p2":"Inferno Sasuke","p1team":[{"name":"Weezing","species":"Weezing","item":"blacksludge","ability":"Levitate","moves":["sludgewave","flamethrower","darkpulse","willowisp"],"nature":"Modest","evs":{"hp":252,"atk":0,"def":0,"spa":252,"spd":4,"spe":0},"shiny":true,"ivs":{"hp":31,"atk":31,"def":31,"spa":31,"spd":31,"spe":31}},{"name":"Dragalge","species":"Dragalge","item":"blacksludge","ability":"Adaptability","moves":["dragonpulse","sludgewave","toxicspikes","scald"],"nature":"Modest","evs":{"hp":252,"atk":0,"def":0,"spa":252,"spd":4,"spe":0},"shiny":true,"ivs":{"hp":31,"atk":31,"def":31,"spa":31,"spd":31,"spe":31}},{"name":"Crobat","species":"Crobat","item":"blacksludge","ability":"Infiltrator","moves":["bravebird","superfang","crosspoison","confuseray"],"nature":"Jolly","evs":{"hp":0,"atk":252,"def":0,"spa":0,"spd":4,"spe":252},"ivs":{"hp":31,"atk":31,"def":31,"spa":31,"spd":31,"spe":31}},{"name":"Venusaur","species":"Venusaur","item":"venusaurite","ability":"Chlorophyll","moves":["leechseed","earthquake","gigadrain","sludgebomb"],"nature":"Mild","evs":{"hp":0,"atk":4,"def":0,"spa":252,"spd":0,"spe":252},"shiny":true,"ivs":{"hp":31,"atk":31,"def":31,"spa":31,"spd":31,"spe":31}},{"name":"Drapion","species":"Drapion","item":"razorclaw","ability":"Sniper","moves":["crosspoison","nightslash","earthquake","swordsdance"],"nature":"Adamant","evs":{"hp":248,"atk":252,"def":0,"spa":0,"spd":8,"spe":0},"ivs":{"hp":31,"atk":31,"def":31,"spa":31,"spd":31,"spe":31}},{"name":"Scolipede","species":"Scolipede","item":"lifeorb","ability":"Speed Boost","moves":["megahorn","poisonjab","earthquake","protect"],"nature":"Adamant","evs":{"hp":0,"atk":252,"def":0,"spa":0,"spd":4,"spe":252},"shiny":true,"ivs":{"hp":31,"atk":31,"def":31,"spa":31,"spd":31,"spe":31}}],"p2team":[{"name":"Skarmory","species":"Skarmory","item":"leftovers","ability":"Sturdy","moves":["bravebird","stealthrock","spikes","tailwind"],"nature":"Jolly","evs":{"hp":4,"atk":252,"def":0,"spa":0,"spd":0,"spe":252},"ivs":{"hp":31,"atk":31,"def":31,"spa":31,"spd":31,"spe":31}},{"name":"Bisharp","species":"Bisharp","item":"focussash","ability":"Defiant","moves":["suckerpunch","knockoff","psychocut","swordsdance"],"nature":"Adamant","evs":{"hp":0,"atk":252,"def":4,"spa":0,"spd":0,"spe":252},"ivs":{"hp":31,"atk":31,"def":31,"spa":31,"spd":31,"spe":31}},{"name":"Doublade","species":"Doublade","item":"eviolite","ability":"No Guard","moves":["shadowsneak","swordsdance","gyroball","sacredsword"],"nature":"Brave","evs":{"hp":252,"atk":252,"def":4,"spa":0,"spd":0,"spe":0},"ivs":{"hp":31,"atk":31,"def":31,"spa":31,"spd":31,"spe":0}},{"name":"Heatran","species":"Heatran","item":"airballoon","ability":"Flash Fire","moves":["stoneedge","hiddenpowerice","fireblast","earthpower"],"nature":"Modest","evs":{"hp":0,"atk":0,"def":0,"spa":252,"spd":52,"spe":204},"ivs":{"hp":31,"atk":30,"def":30,"spa":31,"spd":31,"spe":31}},{"name":"Scizor","species":"Scizor","item":"scizorite","ability":"Technician","moves":["swordsdance","bulletpunch","bugbite","roost"],"nature":"Adamant","evs":{"hp":248,"atk":252,"def":0,"spa":0,"spd":8,"spe":0},"ivs":{"hp":31,"atk":31,"def":31,"spa":31,"spd":31,"spe":31}},{"name":"Lucario","species":"Lucario","item":"lifeorb","ability":"Inner Focus","moves":["bulletpunch","extremespeed","closecombat","swordsdance"],"nature":"Jolly","evs":{"hp":0,"atk":252,"def":4,"spa":0,"spd":0,"spe":252},"ivs":{"hp":31,"atk":31,"def":31,"spa":31,"spd":31,"spe":31}}],"log":["|player|p1|StormiClouds|154","|player|p2|Inferno Sasuke|281","|gametype|singles","|gen|6","|tier|Monotype","|rated","|rule|Baton Pass Clause: Limit one Baton Passer, can't pass Spe and other stats simultaneously","|rule|Swagger Clause: Swagger is banned","|rule|Same Type Clause: Pokémon in a team must share a type","|clearpoke","|poke|p1|Weezing, F, shiny","|poke|p1|Dragalge, F, shiny","|poke|p1|Crobat, M","|poke|p1|Venusaur, F, shiny","|poke|p1|Drapion, F","|poke|p1|Scolipede, M, shiny","|poke|p2|Skarmory, M","|poke|p2|Bisharp, M","|poke|p2|Doublade, F","|poke|p2|Heatran, M","|poke|p2|Scizor, M","|poke|p2|Lucario, M","|rule|Sleep Clause Mod: Limit one foe put to sleep","|rule|Species Clause: Limit one of each Pokémon","|rule|OHKO Clause: OHKO moves are banned","|rule|Moody Clause: Moody is banned","|rule|Evasion Moves Clause: Evasion moves are banned","|rule|Endless Battle Clause: Forcing endless battles is banned","|rule|HP Percentage Mod: HP is shown in percentages","|teampreview","|","|start","|switch|p1a: Venusaur|Venusaur, F, shiny|301/301","|switch|p2a: Bisharp|Bisharp, M|271/271","|turn|1","|","|detailschange|p1a: Venusaur|Venusaur-Mega, F, shiny","|-mega|p1a: Venusaur|Venusaur|Venusaurite","|move|p1a: Venusaur|Leech Seed|p2a: Bisharp|[miss]","|-miss|p1a: Venusaur|p2a: Bisharp","|move|p2a: Bisharp|Psycho Cut|p1a: Venusaur","|-supereffective|p1a: Venusaur","|-damage|p1a: Venusaur|121/301","|","|turn|2","|","|switch|p1a: Weezing|Weezing, F, shiny|334/334","|move|p2a: Bisharp|Knock Off|p1a: Weezing","|-damage|p1a: Weezing|175/334","|-enditem|p1a: Weezing|Black Sludge|[from] move: Knock Off|[of] p2a: Bisharp","|","|turn|3","|","|move|p2a: Bisharp|Knock Off|p1a: Weezing","|-damage|p1a: Weezing|78/334","|move|p1a: Weezing|Will-O-Wisp|p2a: Bisharp","|-status|p2a: Bisharp|brn","|","|-damage|p2a: Bisharp|238/271 brn|[from] brn","|turn|4","|","|switch|p1a: Venusaur|Venusaur-Mega, F, shiny|121/301","|move|p2a: Bisharp|Psycho Cut|p1a: Venusaur","|-supereffective|p1a: Venusaur","|-damage|p1a: Venusaur|37/301","|","|-damage|p2a: Bisharp|205/271 brn|[from] brn","|turn|5","|","|move|p1a: Venusaur|Leech Seed|p2a: Bisharp","|-start|p2a: Bisharp|move: Leech Seed","|move|p2a: Bisharp|Knock Off|p1a: Venusaur","|-crit|p1a: Venusaur","|-damage|p1a: Venusaur|0 fnt","|faint|p1a: Venusaur","|","|-damage|p2a: Bisharp|172/271 brn|[from] brn","|","|switch|p1a: Scolipede|Scolipede, M, shiny|261/261","|turn|6","|","|switch|p2a: Heatran|Heatran, M|323/323","|-item|p2a: Heatran|Air Balloon","|move|p1a: Scolipede|Earthquake|p2a: Heatran","|-immune|p2a: Heatran|[msg]","|","|-boost|p1a: Scolipede|spe|1|[from] ability: Speed Boost","|turn|7","|","|switch|p1a: Weezing|Weezing, F, shiny|78/334","|move|p2a: Heatran|Stone Edge|p1a: Weezing","|-damage|p1a: Weezing|20/334","|","|turn|8","|","|move|p2a: Heatran|Fire Blast|p1a: Weezing","|-crit|p1a: Weezing","|-damage|p1a: Weezing|0 fnt","|faint|p1a: Weezing","|","|","|switch|p1a: Dragalge|Dragalge, F, shiny|334/334","|turn|9","|","|move|p2a: Heatran|Earth Power|p1a: Dragalge","|-supereffective|p1a: Dragalge","|-damage|p1a: Dragalge|126/334","|move|p1a: Dragalge|Scald|p2a: Heatran","|-supereffective|p2a: Heatran","|-damage|p2a: Heatran|161/323","|-enditem|p2a: Heatran|Air Balloon","|","|-heal|p1a: Dragalge|146/334|[from] item: Black Sludge","|turn|10","|","|switch|p1a: Crobat|Crobat, M|311/311","|move|p2a: Heatran|Earth Power|p1a: Crobat","|-immune|p1a: Crobat|[msg]","|","|turn|11","|","|move|p1a: Crobat|Confuse Ray|p2a: Heatran","|-start|p2a: Heatran|confusion","|-activate|p2a: Heatran|confusion","|-damage|p2a: Heatran|134/323|[from] confusion","|","|turn|12","|","|move|p1a: Crobat|Super Fang|p2a: Heatran","|-damage|p2a: Heatran|67/323","|-end|p2a: Heatran|confusion","|move|p2a: Heatran|Stone Edge|p1a: Crobat","|-supereffective|p1a: Crobat","|-damage|p1a: Crobat|167/311","|","|-heal|p1a: Crobat|186/311|[from] item: Black Sludge","|turn|13","|","|switch|p2a: Doublade|Doublade, F|322/322","|move|p1a: Crobat|Confuse Ray|p2a: Doublade","|-start|p2a: Doublade|confusion","|","|-heal|p1a: Crobat|205/311|[from] item: Black Sludge","|turn|14","|","|switch|p1a: Dragalge|Dragalge, F, shiny|146/334","|-activate|p2a: Doublade|confusion","|move|p2a: Doublade|Gyro Ball|p1a: Dragalge","|-damage|p1a: Dragalge|59/334","|","|-heal|p1a: Dragalge|79/334|[from] item: Black Sludge","|turn|15","|","|-activate|p2a: Doublade|confusion","|move|p2a: Doublade|Shadow Sneak|p1a: Dragalge","|-damage|p1a: Dragalge|6/334","|move|p1a: Dragalge|Scald|p2a: Doublade","|-damage|p2a: Doublade|219/322","|-status|p2a: Doublade|brn","|","|-heal|p1a: Dragalge|26/334|[from] item: Black Sludge","|-damage|p2a: Doublade|179/322 brn|[from] brn","|turn|16","|","|switch|p1a: Drapion|Drapion, F|343/343","|-activate|p2a: Doublade|confusion","|move|p2a: Doublade|Shadow Sneak|p1a: Drapion","|-resisted|p1a: Drapion","|-damage|p1a: Drapion|326/343","|","|-damage|p2a: Doublade|139/322 brn|[from] brn","|turn|17","|","|switch|p2a: Scizor|Scizor, M|343/343","|move|p1a: Drapion|Swords Dance|p1a: Drapion","|-boost|p1a: Drapion|atk|2","|","|turn|18","|","|detailschange|p2a: Scizor|Scizor-Mega, M","|-mega|p2a: Scizor|Scizor|Scizorite","|move|p1a: Drapion|Earthquake|p2a: Scizor","|-crit|p2a: Scizor","|-damage|p2a: Scizor|1/343","|move|p2a: Scizor|Bug Bite|p1a: Drapion","|-damage|p1a: Drapion|148/343","|","|turn|19","|","|switch|p1a: Dragalge|Dragalge, F, shiny|26/334","|move|p2a: Scizor|Bullet Punch|p1a: Dragalge","|-damage|p1a: Dragalge|0 fnt","|faint|p1a: Dragalge","|","|","|switch|p1a: Crobat|Crobat, M|205/311","|turn|20","|","|move|p2a: Scizor|Bullet Punch|p1a: Crobat","|-damage|p1a: Crobat|45/311","|move|p1a: Crobat|Super Fang|p2a: Scizor","|-damage|p2a: Scizor|0 fnt","|faint|p2a: Scizor","|","|-heal|p1a: Crobat|64/311|[from] item: Black Sludge","|","|switch|p2a: Lucario|Lucario, M|281/281","|turn|21","|","|move|p2a: Lucario|Extreme Speed|p1a: Crobat","|-damage|p1a: Crobat|0 fnt","|-damage|p2a: Lucario|253/281|[from] item: Life Orb","|faint|p1a: Crobat","|","|","|switch|p1a: Scolipede|Scolipede, M, shiny|261/261","|turn|22","|","|switch|p2a: Skarmory|Skarmory, M|272/272","|move|p1a: Scolipede|Protect|p1a: Scolipede","|-fail|p1a: Scolipede","|","|-boost|p1a: Scolipede|spe|1|[from] ability: Speed Boost","|turn|23","|","|switch|p1a: Drapion|Drapion, F|148/343","|move|p2a: Skarmory|Brave Bird|p1a: Drapion","|-damage|p1a: Drapion|7/343","|-damage|p2a: Skarmory|225/272|[from] recoil|[of] p1a: Drapion","|","|-heal|p2a: Skarmory|242/272|[from] item: Leftovers","|turn|24","|","|move|p2a: Skarmory|Brave Bird|p1a: Drapion","|-crit|p1a: Drapion","|-damage|p1a: Drapion|0 fnt","|-damage|p2a: Skarmory|240/272|[from] recoil|[of] p1a: Drapion","|faint|p1a: Drapion","|","|-heal|p2a: Skarmory|257/272|[from] item: Leftovers","|","|switch|p1a: Scolipede|Scolipede, M, shiny|261/261","|turn|25","|","|move|p1a: Scolipede|Megahorn|p2a: Skarmory","|-resisted|p2a: Skarmory","|-damage|p2a: Skarmory|209/272","|-damage|p1a: Scolipede|235/261|[from] item: Life Orb","|move|p2a: Skarmory|Brave Bird|p1a: Scolipede","|-supereffective|p1a: Scolipede","|-damage|p1a: Scolipede|0 fnt","|-damage|p2a: Skarmory|131/272|[from] recoil|[of] p1a: Scolipede","|faint|p1a: Scolipede","|","|win|Inferno Sasuke"],"p1rating":{"entryid":"7529280","serverid":"eos","formatid":"monotype","userid":"stormiclouds","username":"StormiClouds","w":"2","l":8,"t":"0","gxe":33.7,"r":"1480.9299357284","rd":"112.13270210657","sigma":"0","rptime":"1439197200","rpr":1368.8101818469,"rprd":87.544367802803,"rpsigma":"0","acre":1001.4178811663,"lacre":1001.4178811663,"oldacre":"1010.6967095155"},"p2rating":{"entryid":"7291991","serverid":"eos","formatid":"monotype","userid":"infernosasuke","username":"Inferno Sasuke","w":19,"l":"65","t":"0","gxe":24.9,"r":"1273.8127183727","rd":"43.078459761346","sigma":"0","rptime":"1439197200","rpr":1290.9331541976,"rprd":42.185211305439,"rpsigma":"0","acre":1103.5168900863,"lacre":1103.5168900863,"oldacre":"1081.2822007143"},"endType":"normal"}