{"seed":[17457,43732,39255,27288],"turns":26,"p1":"KGBeast","p2":"LightOfAKnowing","p1team":[{"name":"Hippowdon","species":"Hippowdon","item":"rockyhelmet","ability":"Sand Stream","moves":["stealthrock","earthquake","whirlwind","slackoff"],"nature":"Impish","evs":{"hp":252,"atk":4,"def":252,"spa":0,"spd":0,"spe":0},"ivs":{"hp":31,"atk":31,"def":31,"spa":31,"spd":31,"spe":31}},{"name":"Landorus","species":"Landorus","item":"lifeorb","ability":"Sheer Force","moves":["earthpower","sludgewave","substitute","gravity"],"nature":"Modest","evs":{"hp":0,"atk":0,"def":0,"spa":252,"spd":4,"spe":252},"ivs":{"hp":31,"atk":0,"def":31,"spa":31,"spd":31,"spe":31}},{"name":"Mamoswine","species":"Mamoswine","item":"lifeorb","ability":"Thick Fat","moves":["iceshard","iciclespear","knockoff","superpower"],"nature":"Adamant","evs":{"hp":0,"atk":252,"def":4,"spa":0,"spd":0,"spe":252},"ivs":{"hp":31,"atk":31,"def":31,"spa":31,"spd":31,"spe":31}},{"name":"Camerupt","species":"Camerupt","item":"cameruptite","ability":"Solid Rock","moves":["willowisp","flamethrower","earthpower","ancientpower"],"nature":"Modest","evs":{"hp":168,"atk":0,"def":0,"spa":252,"spd":0,"spe":88},"ivs":{"hp":31,"atk":0,"def":31,"spa":31,"spd":31,"spe":31}},{"name":"Excadrill","species":"Excadrill","item":"choiceband","ability":"Sand Rush","moves":["ironhead","earthquake","rockslide","rapidspin"],"nature":"Adamant","evs":{"hp":4,"atk":252,"def":0,"spa":0,"spd":0,"spe":252},"ivs":{"hp":31,"atk":31,"def":31,"spa":31,"spd":31,"spe":31}},{"name":"Seismitoad","species":"Seismitoad","item":"choicespecs","ability":"Water Absorb","moves":["scald","grassknot","sludgewave","earthpower"],"nature":"Modest","evs":{"hp":72,"atk":0,"def":0,"spa":252,"spd":0,"spe":184},"ivs":{"hp":31,"atk":0,"def":31,"spa":31,"spd":31,"spe":31}}],"p2team":[{"name":"Vespiquen","species":"Vespiquen","item":"laxincense","ability":"Pressure","moves":["defendorder","infestation","mudslap","roost"],"nature":"Gentle","evs":{"hp":248,"atk":8,"def":0,"spa":0,"spd":252,"spe":0},"ivs":{"hp":31,"atk":31,"def":31,"spa":31,"spd":31,"spe":31}},{"name":"Heracross","species":"Heracross","item":"choicescarf","ability":"Moxie","moves":["closecombat","megahorn","knockoff","pursuit"],"nature":"Jolly","evs":{"hp":0,"atk":252,"def":0,"spa":0,"spd":4,"spe":252},"ivs":{"hp":31,"atk":31,"def":31,"spa":31,"spd":31,"spe":31}},{"name":"Forretress","species":"Forretress","item":"custapberry","ability":"Sturdy","moves":["stealthrock","rapidspin","explosion","spikes"],"nature":"Impish","evs":{"hp":248,"atk":8,"def":252,"spa":0,"spd":0,"spe":0},"ivs":{"hp":31,"atk":31,"def":31,"spa":31,"spd":31,"spe":31}},{"name":"Galvantula","species":"Galvantula","item":"focussash","ability":"Swarm","moves":["stickyweb","bugbuzz","voltswitch","suckerpunch"],"nature":"Hasty","evs":{"hp":0,"atk":4,"def":0,"spa":252,"spd":0,"spe":252},"ivs":{"hp":31,"atk":31,"def":31,"spa":31,"spd":31,"spe":31}},{"name":"Pinsir","species":"Pinsir","item":"pinsirite","ability":"Moxie","moves":["quickattack","xscissor","frustration","closecombat"],"nature":"Adamant","evs":{"hp":248,"atk":252,"def":0,"spa":0,"spd":8,"spe":0},"happiness":0,"ivs":{"hp":31,"atk":31,"def":31,"spa":31,"spd":31,"spe":31}},{"name":"Genesect","species":"Genesect","item":"choicescarf","ability":"Download","moves":["extremespeed","blazekick","uturn","ironhead"],"nature":"Hasty","evs":{"hp":0,"atk":252,"def":0,"spa":0,"spd":4,"spe":252},"shiny":true,"ivs":{"hp":31,"atk":31,"def":31,"spa":31,"spd":31,"spe":31}}],"log":["|player|p1|KGBeast|kgbeast.png","|player|p2|LightOfAKnowing|lightofaknowing.gif","|gametype|singles","|gen|6","|tier|Monotype","|rated","|rule|Baton Pass Clause: Limit one Baton Passer, can't pass Spe and other stats simultaneously","|rule|Swagger Clause: Swagger is banned","|rule|Same Type Clause: Pokémon in a team must share a type","|clearpoke","|poke|p1|Hippowdon, F","|poke|p1|Landorus, M","|poke|p1|Mamoswine, F","|poke|p1|Camerupt, M","|poke|p1|Excadrill, M","|poke|p1|Seismitoad, F","|poke|p2|Vespiquen, F","|poke|p2|Heracross, F","|poke|p2|Forretress, M","|poke|p2|Galvantula, M","|poke|p2|Pinsir, M","|poke|p2|Genesect-*, shiny","|rule|Sleep Clause Mod: Limit one foe put to sleep","|rule|Species Clause: Limit one of each Pokémon","|rule|OHKO Clause: OHKO moves are banned","|rule|Moody Clause: Moody is banned","|rule|Evasion Moves Clause: Evasion moves are banned","|rule|Endless Battle Clause: Forcing endless battles is banned","|rule|HP Percentage Mod: HP is shown in percentages","|teampreview","|","|start","|switch|p1a: Hippowdon|Hippowdon, F|420/420","|switch|p2a: Galvantula|Galvantula, M|281/281","|-weather|Sandstorm","|turn|1","|","|move|p2a: Galvantula|Sticky Web|p1a: Hippowdon","|-sidestart|p1: KGBeast|move: Sticky Web","|move|p1a: Hippowdon|Earthquake|p2a: Galvantula","|-damage|p2a: Galvantula|80/281","|","|-weather|Sandstorm|[upkeep]","|-damage|p2a: Galvantula|63/281|[from] sandstorm","|turn|2","|","|switch|p1a: Excadrill|Excadrill, M|362/362","|-activate|p1a: Excadrill|move: Sticky Web","|-unboost|p1a: Excadrill|spe|1","|move|p2a: Galvantula|Bug Buzz|p1a: Excadrill","|-resisted|p1a: Excadrill","|-damage|p1a: Excadrill|224/362","|","|-weather|Sandstorm|[upkeep]","|-damage|p2a: Galvantula|46/281|[from] sandstorm","|turn|3","|","|move|p1a: Excadrill|Rapid Spin|p2a: Galvantula","|-damage|p2a: Galvantula|0 fnt","|-sideend|p1: KGBeast|Sticky Web|[from] move: Rapid Spin|[of] p1a: Excadrill","|faint|p2a: Galvantula","|","|-weather|Sandstorm|[upkeep]","|","|switch|p2a: Heracross|Heracross, F|301/301","|turn|4","|","|switch|p1a: Hippowdon|Hippowdon, F|420/420","|move|p2a: Heracross|Close Combat|p1a: Hippowdon","|-damage|p1a: Hippowdon|290/420","|-damage|p2a: Heracross|251/301|[from] item: Rocky Helmet|[of] p1a: Hippowdon","|-unboost|p2a: Heracross|def|1","|-unboost|p2a: Heracross|spd|1","|","|-weather|Sandstorm|[upkeep]","|-damage|p2a: Heracross|233/301|[from] sandstorm","|turn|5","|","|switch|p2a: Forretress|Forretress, M|353/353","|move|p1a: Hippowdon|Stealth Rock|p2a: Forretress","|-sidestart|p2: LightOfAKnowing|move: Stealth Rock","|","|-weather|none","|turn|6","|","|move|p1a: Hippowdon|Earthquake|p2a: Forretress","|-damage|p2a: Forretress|284/353","|move|p2a: Forretress|Stealth Rock|p1a: Hippowdon","|-sidestart|p1: KGBeast|move: Stealth Rock","|","|turn|7","|","|switch|p1a: Landorus|Landorus, M|319/319","|-damage|p1a: Landorus|280/319|[from] Stealth Rock","|move|p2a: Forretress|Rapid Spin|p1a: Landorus","|-damage|p1a: Landorus|262/319","|-sideend|p2: LightOfAKnowing|Stealth Rock|[from] move: Rapid Spin|[of] p2a: Forretress","|","|turn|8","|","|move|p1a: Landorus|Gravity|p1a: Landorus","|-fieldstart|move: Gravity","|move|p2a: Forretress|Explosion|p1a: Landorus","|-damage|p1a: Landorus|62/319","|faint|p2a: Forretress","|","|","|switch|p2a: Heracross|Heracross, F|233/301","|turn|9","|","|switch|p1a: Hippowdon|Hippowdon, F|290/420","|-damage|p1a: Hippowdon|264/420|[from] Stealth Rock","|-weather|Sandstorm","|move|p2a: Heracross|Knock Off|p1a: Hippowdon","|-damage|p1a: Hippowdon|192/420","|-damage|p2a: Heracross|183/301|[from] item: Rocky Helmet|[of] p1a: Hippowdon","|-enditem|p1a: Hippowdon|Rocky Helmet|[from] move: Knock Off|[of] p2a: Heracross","|","|-weather|Sandstorm|[upkeep]","|-damage|p2a: Heracross|165/301|[from] sandstorm","|turn|10","|","|switch|p2a: Genesect|Genesect, shiny|283/283","|-boost|p2a: Genesect|spa|1|[from] ability: Download","|move|p1a: Hippowdon|Slack Off|p1a: Hippowdon","|-heal|p1a: Hippowdon|402/420","|","|-weather|Sandstorm|[upkeep]","|turn|11","|","|switch|p1a: Landorus|Landorus, M|62/319","|-damage|p1a: Landorus|23/319|[from] Stealth Rock","|move|p2a: Genesect|U-turn|p1a: Landorus","|-crit|p1a: Landorus","|-resisted|p1a: Landorus","|-damage|p1a: Landorus|0 fnt","|faint|p1a: Landorus","|","|switch|p2a: Heracross|Heracross, F|165/301","|","|-weather|Sandstorm|[upkeep]","|-damage|p2a: Heracross|147/301|[from] sandstorm","|","|switch|p1a: Excadrill|Excadrill, M|224/362","|-damage|p1a: Excadrill|213/362|[from] Stealth Rock","|turn|12","|","|move|p1a: Excadrill|Earthquake|p2a: Heracross","|-resisted|p2a: Heracross","|-damage|p2a: Heracross|0 fnt","|faint|p2a: Heracross","|","|-weather|Sandstorm|[upkeep]","|-fieldend|move: Gravity","|","|switch|p2a: Pinsir|Pinsir, M|333/333","|turn|13","|","|switch|p1a: Mamoswine|Mamoswine, F|361/361","|-damage|p1a: Mamoswine|316/361|[from] Stealth Rock","|switch|p2a: Genesect|Genesect, shiny|283/283","|-boost|p2a: Genesect|spa|1|[from] ability: Download","|","|-weather|none","|turn|14","|","|move|p2a: Genesect|Iron Head|p1a: Mamoswine","|-supereffective|p1a: Mamoswine","|-damage|p1a: Mamoswine|0 fnt","|faint|p1a: Mamoswine","|","|","|switch|p1a: Seismitoad|Seismitoad, F|369/369","|-damage|p1a: Seismitoad|346/369|[from] Stealth Rock","|turn|15","|","|switch|p2a: Vespiquen|Vespiquen, F|343/343","|-ability|p2a: Vespiquen|Pressure","|move|p1a: Seismitoad|Scald|p2a: Vespiquen","|-crit|p2a: Vespiquen","|-damage|p2a: Vespiquen|147/343","|","|turn|16","|","|move|p1a: Seismitoad|Scald|p2a: Vespiquen","|-damage|p2a: Vespiquen|15/343","|-status|p2a: Vespiquen|brn","|move|p2a: Vespiquen|Roost|p2a: Vespiquen","|-heal|p2a: Vespiquen|187/343 brn","|","|-damage|p2a: Vespiquen|145/343 brn|[from] brn","|turn|17","|","|switch|p1a: Camerupt|Camerupt, M|323/323","|-damage|p1a: Camerupt|283/323|[from] Stealth Rock","|move|p2a: Vespiquen|Mud-Slap|p1a: Camerupt","|-supereffective|p1a: Camerupt","|-damage|p1a: Camerupt|258/323","|-unboost|p1a: Camerupt|accuracy|1","|","|-damage|p2a: Vespiquen|103/343 brn|[from] brn","|turn|18","|","|detailschange|p1a: Camerupt|Camerupt-Mega, M","|-mega|p1a: Camerupt|Camerupt|Cameruptite","|move|p1a: Camerupt|Flamethrower|p2a: Vespiquen|[miss]","|-miss|p1a: Camerupt|p2a: Vespiquen","|move|p2a: Vespiquen|Roost|p2a: Vespiquen","|-heal|p2a: Vespiquen|275/343 brn","|","|-damage|p2a: Vespiquen|233/343 brn|[from] brn","|turn|19","|","|move|p2a: Vespiquen|Mud-Slap|p1a: Camerupt","|-supereffective|p1a: Camerupt","|-damage|p1a: Camerupt|232/323","|-unboost|p1a: Camerupt|accuracy|1","|move|p1a: Camerupt|Flamethrower|p2a: Vespiquen|[miss]","|-miss|p1a: Camerupt|p2a: Vespiquen","|","|-damage|p2a: Vespiquen|191/343 brn|[from] brn","|turn|20","|","|move|p2a: Vespiquen|Roost|p2a: Vespiquen","|-heal|p2a: Vespiquen|343/343 brn","|move|p1a: Camerupt|Flamethrower|p2a: Vespiquen","|-supereffective|p2a: Vespiquen","|-damage|p2a: Vespiquen|0 fnt","|faint|p2a: Vespiquen","|","|","|switch|p2a: Pinsir|Pinsir, M|333/333","|turn|21","|","|switch|p1a: Hippowdon|Hippowdon, F|402/420","|-damage|p1a: Hippowdon|376/420|[from] Stealth Rock","|-weather|Sandstorm","|detailschange|p2a: Pinsir|Pinsir-Mega, M","|-mega|p2a: Pinsir|Pinsir|Pinsirite","|move|p2a: Pinsir|Frustration|p1a: Hippowdon","|-damage|p1a: Hippowdon|190/420","|","|-weather|Sandstorm|[upkeep]","|-damage|p2a: Pinsir|313/333|[from] sandstorm","|turn|22","|","|move|p2a: Pinsir|Close Combat|p1a: Hippowdon","|-damage|p1a: Hippowdon|69/420","|-unboost|p2a: Pinsir|def|1","|-unboost|p2a: Pinsir|spd|1","|move|p1a: Hippowdon|Whirlwind|p2a: Pinsir","|drag|p2a: Genesect|Genesect, shiny|283/283","|-boost|p2a: Genesect|spa|1|[from] ability: Download","|","|-weather|Sandstorm|[upkeep]","|turn|23","|","|move|p2a: Genesect|Extreme Speed|p1a: Hippowdon","|-damage|p1a: Hippowdon|7/420","|move|p1a: Hippowdon|Earthquake|p2a: Genesect","|-damage|p2a: Genesect|129/283","|","|-weather|Sandstorm|[upkeep]","|turn|24","|","|switch|p1a: Excadrill|Excadrill, M|213/362","|-damage|p1a: Excadrill|202/362|[from] Stealth Rock","|move|p2a: Genesect|Extreme Speed|p1a: Excadrill","|-resisted|p1a: Excadrill","|-damage|p1a: Excadrill|138/362","|","|-weather|Sandstorm|[upkeep]","|turn|25","|","|move|p2a: Genesect|Extreme Speed|p1a: Excadrill","|-resisted|p1a: Excadrill","|-damage|p1a: Excadrill|70/362","|move|p1a: Excadrill|Rock Slide|p2a: Genesect","|-damage|p2a: Genesect|0 fnt","|faint|p2a: Genesect","|","|-weather|none","|","|switch|p2a: Pinsir|Pinsir-Mega, M|313/333","|turn|26","|","|move|p1a: Excadrill|Rock Slide|p2a: Pinsir","|-supereffective|p2a: Pinsir","|-damage|p2a: Pinsir|0 fnt","|faint|p2a: Pinsir","|","|win|KGBeast"],"p1rating":{"entryid":"6349485","serverid":"eos","formatid":"monotype","userid":"kgbeast","username":"KGBeast","w":73,"l":"42","t":"0","gxe":61.8,"r":"1593.7763803881","rd":"36.727677193891","sigma":"0","rptime":"1439197200","rpr":1590.6392913939,"rprd":36.405411503485,"rpsigma":"0","acre":1163.9103958024,"lacre":1163.9103958024,"oldacre":"1139.6462659544"},"p2rating":{"entryid":"6481865","serverid":"eos","formatid":"monotype","userid":"lightofaknowing","username":"Light-Of-A-Knowing","w":"126","l":168,"t":"0","gxe":41.7,"r":"1428.1223767321","rd":"29.192619857657","sigma":"0","rptime":"1439197200","rpr":1436.4234398786,"rprd":28.688365838792,"rpsigma":"0","acre":1105.1524819872,"lacre":1105.1524819872,"oldacre":"1129.4166118352"},"endType":"normal"}