{"seed":[38962,40399,24286,45086],"turns":41,"p1":"SailorStarshine","p2":"Rain ☆ Suichika","p1team":[{"name":"Klefki","species":"Klefki","item":"choicescarf","ability":"Prankster","moves":["thunderwave","calmmind","switcheroo","drainingkiss"],"nature":"Bold","evs":{"hp":252,"atk":0,"def":252,"spa":4,"spd":0,"spe":0},"ivs":{"hp":31,"atk":31,"def":31,"spa":31,"spd":31,"spe":31}},{"name":"Togekiss","species":"Togekiss","item":"babiriberry","ability":"Serene Grace","moves":["flamethrower","airslash","roost","nastyplot"],"nature":"Calm","evs":{"hp":248,"atk":0,"def":0,"spa":8,"spd":252,"spe":0},"ivs":{"hp":31,"atk":31,"def":31,"spa":31,"spd":31,"spe":31}},{"name":"Gardevoir","species":"Gardevoir","item":"assaultvest","ability":"Trace","moves":["psychic","moonblast","focusblast","energyball"],"nature":"Modest","evs":{"hp":248,"atk":0,"def":0,"spa":252,"spd":8,"spe":0},"ivs":{"hp":31,"atk":31,"def":31,"spa":31,"spd":31,"spe":31}},{"name":"Azumarill","species":"Azumarill","item":"sitrusberry","ability":"Huge Power","moves":["playrough","aquatail","superpower","icepunch"],"nature":"Adamant","evs":{"hp":248,"atk":252,"def":0,"spa":0,"spd":8,"spe":0},"ivs":{"hp":31,"atk":31,"def":31,"spa":31,"spd":31,"spe":31}},{"name":"Whimsicott","species":"Whimsicott","item":"leftovers","ability":"Prankster","moves":["stunspore","encore","leechseed","uturn"],"nature":"Bold","evs":{"hp":252,"atk":0,"def":128,"spa":0,"spd":128,"spe":0},"ivs":{"hp":31,"atk":31,"def":31,"spa":31,"spd":31,"spe":31}},{"name":"Diancie","species":"Diancie","item":"diancite","ability":"Clear Body","moves":["moonblast","diamondstorm","earthpower","protect"],"nature":"","evs":{"hp":252,"atk":0,"def":0,"spa":252,"spd":4,"spe":0},"ivs":{"hp":31,"atk":31,"def":31,"spa":31,"spd":31,"spe":31}}],"p2team":[{"name":"Articuno","species":"Articuno","item":"leftovers","ability":"Pressure","moves":["freezedry","hurricane","roost","defog"],"nature":"Calm","evs":{"hp":252,"atk":0,"def":0,"spa":4,"spd":252,"spe":0},"ivs":{"hp":31,"atk":31,"def":31,"spa":31,"spd":31,"spe":31}},{"name":"Jynx","species":"Jynx","item":"focussash","ability":"Oblivious","moves":["icebeam","psychic","shadowball","lovelykiss"],"nature":"Timid","evs":{"hp":4,"atk":0,"def":0,"spa":252,"spd":0,"spe":252},"ivs":{"hp":31,"atk":31,"def":31,"spa":31,"spd":31,"spe":31}},{"name":"Abomasnow","species":"Abomasnow","item":"abomasite","ability":"Snow Warning","moves":["blizzard","iceshard","gigadrain","rockslide"],"nature":"Brave","evs":{"hp":252,"atk":128,"def":0,"spa":128,"spd":0,"spe":0},"ivs":{"hp":31,"atk":31,"def":31,"spa":31,"spd":31,"spe":31}},{"name":"Cloyster","species":"Cloyster","item":"focussash","ability":"Skill Link","moves":["iciclespear","iceshard","shellsmash","rockblast"],"nature":"Adamant","evs":{"hp":4,"atk":252,"def":84,"spa":0,"spd":0,"spe":168},"ivs":{"hp":31,"atk":31,"def":31,"spa":31,"spd":31,"spe":31}},{"name":"Weavile","species":"Weavile","item":"lifeorb","ability":"Pressure","moves":["fakeout","iceshard","icepunch","knockoff"],"nature":"Jolly","evs":{"hp":4,"atk":252,"def":0,"spa":0,"spd":0,"spe":252},"ivs":{"hp":31,"atk":31,"def":31,"spa":31,"spd":31,"spe":31}},{"name":"Avalugg","species":"Avalugg","item":"leftovers","ability":"Sturdy","moves":["recover","avalanche","earthquake","rapidspin"],"nature":"Brave","evs":{"hp":252,"atk":252,"def":0,"spa":0,"spd":4,"spe":0},"ivs":{"hp":31,"atk":31,"def":31,"spa":31,"spd":31,"spe":0}}],"log":["|player|p1|SailorStarshine|101","|player|p2|Rain ☆ Suichika|rainsuichika.png","|gametype|singles","|gen|6","|tier|Monotype","|rated","|rule|Baton Pass Clause: Limit one Baton Passer, can't pass Spe and other stats simultaneously","|rule|Swagger Clause: Swagger is banned","|rule|Same Type Clause: Pokémon in a team must share a type","|clearpoke","|poke|p1|Klefki, M","|poke|p1|Togekiss, M","|poke|p1|Gardevoir, F","|poke|p1|Azumarill, M","|poke|p1|Whimsicott, M","|poke|p1|Diancie","|poke|p2|Articuno","|poke|p2|Jynx, F","|poke|p2|Abomasnow, F","|poke|p2|Cloyster, M","|poke|p2|Weavile, F","|poke|p2|Avalugg, F","|rule|Sleep Clause Mod: Limit one foe put to sleep","|rule|Species Clause: Limit one of each Pokémon","|rule|OHKO Clause: OHKO moves are banned","|rule|Moody Clause: Moody is banned","|rule|Evasion Moves Clause: Evasion moves are banned","|rule|Endless Battle Clause: Forcing endless battles is banned","|rule|HP Percentage Mod: HP is shown in percentages","|teampreview","|","|start","|switch|p1a: Klefki|Klefki, M|318/318","|switch|p2a: Jynx|Jynx, F|272/272","|turn|1","|","|switch|p2a: Abomasnow|Abomasnow, F|384/384","|-weather|Hail","|move|p1a: Klefki|Switcheroo|p2a: Abomasnow","|-fail|p2a: Abomasnow","|","|-weather|Hail|[upkeep]","|-damage|p1a: Klefki|299/318|[from] hail","|turn|2","|","|switch|p1a: Togekiss|Togekiss, M|373/373","|detailschange|p2a: Abomasnow|Abomasnow-Mega, F","|-mega|p2a: Abomasnow|Abomasnow|Abomasite","|move|p2a: Abomasnow|Blizzard|p1a: Togekiss","|-supereffective|p1a: Togekiss","|-damage|p1a: Togekiss|155/373","|","|-weather|Hail|[upkeep]","|-damage|p1a: Togekiss|132/373|[from] hail","|turn|3","|","|move|p2a: Abomasnow|Ice Shard|p1a: Togekiss","|-supereffective|p1a: Togekiss","|-damage|p1a: Togekiss|0 fnt","|faint|p1a: Togekiss","|","|-weather|Hail|[upkeep]","|","|switch|p1a: Gardevoir|Gardevoir, F|339/339","|-ability|p1a: Gardevoir|Snow Warning|[from] ability: Trace|[of] p2a: Abomasnow","|turn|4","|","|move|p1a: Gardevoir|Focus Blast|p2a: Abomasnow","|-supereffective|p2a: Abomasnow","|-damage|p2a: Abomasnow|72/384","|move|p2a: Abomasnow|Blizzard|p1a: Gardevoir","|-damage|p1a: Gardevoir|234/339","|","|-weather|Hail|[upkeep]","|-damage|p1a: Gardevoir|213/339|[from] hail","|turn|5","|","|move|p2a: Abomasnow|Ice Shard|p1a: Gardevoir","|-damage|p1a: Gardevoir|110/339","|move|p1a: Gardevoir|Moonblast|p2a: Abomasnow","|-damage|p2a: Abomasnow|0 fnt","|faint|p2a: Abomasnow","|","|-weather|none","|","|switch|p2a: Weavile|Weavile, F|282/282","|-ability|p2a: Weavile|Pressure","|turn|6","|","|switch|p1a: Klefki|Klefki, M|299/318","|move|p2a: Weavile|Fake Out|p1a: Klefki","|-resisted|p1a: Klefki","|-damage|p1a: Klefki|277/318","|-damage|p2a: Weavile|254/282|[from] item: Life Orb","|","|turn|7","|","|switch|p2a: Avalugg|Avalugg, F|394/394","|move|p1a: Klefki|Switcheroo|p2a: Avalugg","|-activate|p1a: Klefki|move: Trick|[of] p2a: Avalugg","|-item|p2a: Avalugg|Choice Scarf|[from] Trick","|-item|p1a: Klefki|Leftovers|[from] Trick","|","|-heal|p1a: Klefki|296/318|[from] item: Leftovers","|turn|8","|","|move|p1a: Klefki|Thunder Wave|p2a: Avalugg","|-status|p2a: Avalugg|par","|move|p2a: Avalugg|Earthquake|p1a: Klefki","|-supereffective|p1a: Klefki","|-damage|p1a: Klefki|120/318","|","|-heal|p1a: Klefki|139/318|[from] item: Leftovers","|turn|9","|","|move|p1a: Klefki|Draining Kiss|p2a: Avalugg","|-damage|p2a: Avalugg|295/394 par","|-heal|p1a: Klefki|214/318|[from] drain|[of] p2a: Avalugg","|move|p2a: Avalugg|Earthquake|p1a: Klefki","|-supereffective|p1a: Klefki","|-damage|p1a: Klefki|30/318","|","|-heal|p1a: Klefki|49/318|[from] item: Leftovers","|turn|10","|","|switch|p1a: Whimsicott|Whimsicott, M|324/324","|move|p2a: Avalugg|Earthquake|p1a: Whimsicott","|-resisted|p1a: Whimsicott","|-damage|p1a: Whimsicott|267/324","|","|-heal|p1a: Whimsicott|287/324|[from] item: Leftovers","|turn|11","|","|switch|p2a: Articuno|Articuno|384/384","|-ability|p2a: Articuno|Pressure","|move|p1a: Whimsicott|Leech Seed|p2a: Articuno","|-start|p2a: Articuno|move: Leech Seed","|","|-heal|p1a: Whimsicott|307/324|[from] item: Leftovers","|-damage|p2a: Articuno|336/384|[from] Leech Seed|[of] p1a: Whimsicott","|-heal|p1a: Whimsicott|324/324|[silent]","|turn|12","|","|move|p1a: Whimsicott|Stun Spore|p2a: Articuno|[miss]","|-miss|p1a: Whimsicott|p2a: Articuno","|move|p2a: Articuno|Freeze-Dry|p1a: Whimsicott","|-supereffective|p1a: Whimsicott","|-damage|p1a: Whimsicott|154/324","|-status|p1a: Whimsicott|frz","|","|-heal|p1a: Whimsicott|174/324 frz|[from] item: Leftovers","|-heal|p2a: Articuno|360/384|[from] item: Leftovers","|-damage|p2a: Articuno|312/384|[from] Leech Seed|[of] p1a: Whimsicott","|-heal|p1a: Whimsicott|222/324 frz|[silent]","|turn|13","|","|switch|p1a: Diancie|Diancie|304/304","|move|p2a: Articuno|Hurricane|p1a: Diancie","|-resisted|p1a: Diancie","|-damage|p1a: Diancie|257/304","|","|-heal|p2a: Articuno|336/384|[from] item: Leftovers","|-damage|p2a: Articuno|288/384|[from] Leech Seed|[of] p1a: Diancie","|-heal|p1a: Diancie|304/304|[silent]","|turn|14","|","|switch|p2a: Avalugg|Avalugg, F|295/394 par","|detailschange|p1a: Diancie|Diancie-Mega","|-mega|p1a: Diancie|Diancie|Diancite","|move|p1a: Diancie|Diamond Storm|p2a: Avalugg","|-supereffective|p2a: Avalugg","|-damage|p2a: Avalugg|83/394 par","|-boost|p1a: Diancie|def|1","|","|turn|15","|","|move|p1a: Diancie|Diamond Storm|p2a: Avalugg","|-supereffective|p2a: Avalugg","|-damage|p2a: Avalugg|0 fnt","|faint|p2a: Avalugg","|","|","|switch|p2a: Cloyster|Cloyster, M|242/242","|turn|16","|","|move|p1a: Diancie|Diamond Storm|p2a: Cloyster","|-supereffective|p2a: Cloyster","|-damage|p2a: Cloyster|32/242","|-boost|p1a: Diancie|def|1","|move|p2a: Cloyster|Shell Smash|p2a: Cloyster","|-unboost|p2a: Cloyster|def|1","|-unboost|p2a: Cloyster|spd|1","|-boost|p2a: Cloyster|atk|2","|-boost|p2a: Cloyster|spa|2","|-boost|p2a: Cloyster|spe|2","|","|turn|17","|","|move|p2a: Cloyster|Icicle Spear|p1a: Diancie","|-damage|p1a: Diancie|268/304","|-damage|p1a: Diancie|232/304","|-damage|p1a: Diancie|196/304","|-damage|p1a: Diancie|160/304","|-damage|p1a: Diancie|121/304","|-hitcount|p1a: Diancie|5","|move|p1a: Diancie|Diamond Storm|p2a: Cloyster","|-supereffective|p2a: Cloyster","|-damage|p2a: Cloyster|0 fnt","|faint|p2a: Cloyster","|","|","|switch|p2a: Jynx|Jynx, F|272/272","|turn|18","|","|move|p2a: Jynx|Ice Beam|p1a: Diancie","|-damage|p1a: Diancie|0 fnt","|faint|p1a: Diancie","|","|","|switch|p1a: Klefki|Klefki, M|49/318","|turn|19","|","|switch|p2a: Articuno|Articuno|288/384","|-ability|p2a: Articuno|Pressure","|move|p1a: Klefki|Thunder Wave|p2a: Articuno","|-status|p2a: Articuno|par","|","|-heal|p1a: Klefki|68/318|[from] item: Leftovers","|-heal|p2a: Articuno|312/384 par|[from] item: Leftovers","|turn|20","|","|move|p1a: Klefki|Draining Kiss|p2a: Articuno","|-damage|p2a: Articuno|279/384 par","|-heal|p1a: Klefki|93/318|[from] drain|[of] p2a: Articuno","|move|p2a: Articuno|Freeze-Dry|p1a: Klefki","|-resisted|p1a: Klefki","|-damage|p1a: Klefki|49/318","|","|-heal|p1a: Klefki|68/318|[from] item: Leftovers","|-heal|p2a: Articuno|303/384 par|[from] item: Leftovers","|turn|21","|","|move|p1a: Klefki|Calm Mind|p1a: Klefki","|-boost|p1a: Klefki|spa|1","|-boost|p1a: Klefki|spd|1","|move|p2a: Articuno|Hurricane|p1a: Klefki","|-resisted|p1a: Klefki","|-damage|p1a: Klefki|19/318","|","|-heal|p1a: Klefki|38/318|[from] item: Leftovers","|-heal|p2a: Articuno|327/384 par|[from] item: Leftovers","|turn|22","|","|move|p1a: Klefki|Draining Kiss|p2a: Articuno","|-damage|p2a: Articuno|281/384 par","|-heal|p1a: Klefki|73/318|[from] drain|[of] p2a: Articuno","|move|p2a: Articuno|Hurricane|p1a: Klefki","|-resisted|p1a: Klefki","|-damage|p1a: Klefki|26/318","|-start|p1a: Klefki|confusion","|","|-heal|p1a: Klefki|45/318|[from] item: Leftovers","|-heal|p2a: Articuno|305/384 par|[from] item: Leftovers","|turn|23","|","|-activate|p1a: Klefki|confusion","|move|p1a: Klefki|Draining Kiss|p2a: Articuno","|-damage|p2a: Articuno|256/384 par","|-heal|p1a: Klefki|82/318|[from] drain|[of] p2a: Articuno","|move|p2a: Articuno|Hurricane|p1a: Klefki|[miss]","|-miss|p2a: Articuno|p1a: Klefki","|","|-heal|p1a: Klefki|101/318|[from] item: Leftovers","|-heal|p2a: Articuno|280/384 par|[from] item: Leftovers","|turn|24","|","|switch|p2a: Weavile|Weavile, F|254/282","|-ability|p2a: Weavile|Pressure","|-activate|p1a: Klefki|confusion","|move|p1a: Klefki|Draining Kiss|p2a: Weavile","|-supereffective|p2a: Weavile","|-damage|p2a: Weavile|72/282","|-heal|p1a: Klefki|238/318|[from] drain|[of] p2a: Weavile","|","|-heal|p1a: Klefki|257/318|[from] item: Leftovers","|turn|25","|","|move|p2a: Weavile|Fake Out|p1a: Klefki","|-resisted|p1a: Klefki","|-damage|p1a: Klefki|235/318","|-damage|p2a: Weavile|44/282|[from] item: Life Orb","|cant|p1a: Klefki|flinch","|","|-heal|p1a: Klefki|254/318|[from] item: Leftovers","|turn|26","|","|-activate|p1a: Klefki|confusion","|move|p1a: Klefki|Thunder Wave|p2a: Weavile","|-status|p2a: Weavile|par","|move|p2a: Weavile|Knock Off|p1a: Klefki","|-resisted|p1a: Klefki","|-damage|p1a: Klefki|167/318","|-enditem|p1a: Klefki|Leftovers|[from] move: Knock Off|[of] p2a: Weavile","|-damage|p2a: Weavile|16/282 par|[from] item: Life Orb","|","|turn|27","|","|move|p2a: Weavile|Ice Shard|p1a: Klefki","|-resisted|p1a: Klefki","|-damage|p1a: Klefki|136/318","|-damage|p2a: Weavile|0 fnt|[from] item: Life Orb","|faint|p2a: Weavile","|-activate|p1a: Klefki|confusion","|-damage|p1a: Klefki|116/318|[from] confusion","|","|","|switch|p2a: Articuno|Articuno|280/384 par","|-ability|p2a: Articuno|Pressure","|turn|28","|","|-end|p1a: Klefki|confusion","|move|p1a: Klefki|Draining Kiss|p2a: Articuno","|-damage|p2a: Articuno|231/384 par","|-heal|p1a: Klefki|153/318|[from] drain|[of] p2a: Articuno","|cant|p2a: Articuno|par","|","|-heal|p2a: Articuno|255/384 par|[from] item: Leftovers","|turn|29","|","|move|p1a: Klefki|Calm Mind|p1a: Klefki","|-boost|p1a: Klefki|spa|1","|-boost|p1a: Klefki|spd|1","|cant|p2a: Articuno|par","|","|-heal|p2a: Articuno|279/384 par|[from] item: Leftovers","|turn|30","|","|move|p1a: Klefki|Calm Mind|p1a: Klefki","|-boost|p1a: Klefki|spa|1","|-boost|p1a: Klefki|spd|1","|move|p2a: Articuno|Hurricane|p1a: Klefki","|-resisted|p1a: Klefki","|-damage|p1a: Klefki|126/318","|-start|p1a: Klefki|confusion","|","|-heal|p2a: Articuno|303/384 par|[from] item: Leftovers","|turn|31","|","|-activate|p1a: Klefki|confusion","|move|p1a: Klefki|Draining Kiss|p2a: Articuno","|-damage|p2a: Articuno|221/384 par","|-heal|p1a: Klefki|188/318|[from] drain|[of] p2a: Articuno","|cant|p2a: Articuno|par","|","|-heal|p2a: Articuno|245/384 par|[from] item: Leftovers","|turn|32","|","|-end|p1a: Klefki|confusion","|move|p1a: Klefki|Draining Kiss|p2a: Articuno","|-damage|p2a: Articuno|172/384 par","|-heal|p1a: Klefki|243/318|[from] drain|[of] p2a: Articuno","|move|p2a: Articuno|Hurricane|p1a: Klefki","|-resisted|p1a: Klefki","|-damage|p1a: Klefki|213/318","|-start|p1a: Klefki|confusion","|","|-heal|p2a: Articuno|196/384 par|[from] item: Leftovers","|turn|33","|","|switch|p2a: Jynx|Jynx, F|272/272","|-activate|p1a: Klefki|confusion","|-damage|p1a: Klefki|194/318|[from] confusion","|","|turn|34","|","|-activate|p1a: Klefki|confusion","|-damage|p1a: Klefki|176/318|[from] confusion","|move|p2a: Jynx|Lovely Kiss|p1a: Klefki","|-status|p1a: Klefki|slp","|","|turn|35","|","|switch|p1a: Azumarill|Azumarill, M|403/403","|move|p2a: Jynx|Shadow Ball|p1a: Azumarill","|-damage|p1a: Azumarill|301/403","|","|turn|36","|","|move|p2a: Jynx|Psychic|p1a: Azumarill","|-damage|p1a: Azumarill|136/403","|-unboost|p1a: Azumarill|spd|1","|-enditem|p1a: Azumarill|Sitrus Berry|[eat]","|-heal|p1a: Azumarill|236/403|[from] item: Sitrus Berry","|move|p1a: Azumarill|Play Rough|p2a: Jynx","|-enditem|p2a: Jynx|Focus Sash","|-damage|p2a: Jynx|1/272","|","|turn|37","|","|switch|p2a: Articuno|Articuno|196/384 par","|-ability|p2a: Articuno|Pressure","|move|p1a: Azumarill|Aqua Tail|p2a: Articuno","|-damage|p2a: Articuno|4/384 par","|","|-heal|p2a: Articuno|28/384 par|[from] item: Leftovers","|turn|38","|","|move|p1a: Azumarill|Play Rough|p2a: Articuno","|-damage|p2a: Articuno|0 fnt","|faint|p2a: Articuno","|","|","|switch|p2a: Jynx|Jynx, F|1/272","|turn|39","|","|switch|p1a: Whimsicott|Whimsicott, M|222/324 frz","|move|p2a: Jynx|Psychic|p1a: Whimsicott","|-damage|p1a: Whimsicott|56/324 frz","|","|-heal|p1a: Whimsicott|76/324 frz|[from] item: Leftovers","|turn|40","|","|cant|p1a: Whimsicott|frz","|move|p2a: Jynx|Shadow Ball|p1a: Whimsicott","|-crit|p1a: Whimsicott","|-damage|p1a: Whimsicott|0 fnt","|faint|p1a: Whimsicott","|","|","|switch|p1a: Gardevoir|Gardevoir, F|110/339","|-ability|p1a: Gardevoir|Oblivious|[from] ability: Trace|[of] p2a: Jynx","|turn|41","|","|move|p2a: Jynx|Shadow Ball|p1a: Gardevoir","|-supereffective|p1a: Gardevoir","|-damage|p1a: Gardevoir|8/339","|move|p1a: Gardevoir|Moonblast|p2a: Jynx","|-damage|p2a: Jynx|0 fnt","|faint|p2a: Jynx","|","|win|SailorStarshine"],"p1rating":{"entryid":"7452383","serverid":"eos","formatid":"monotype","userid":"sailorstarshine","username":"SailorStarshine","w":7,"l":"4","t":"0","gxe":58.4,"r":"1482.7234913852","rd":"96.172586501384","sigma":"0","rptime":"1439197200","rpr":1565.4873031786,"rprd":85.28576743741,"rpsigma":"0","acre":1170.7915536028,"lacre":1170.7915536028,"oldacre":"1140.6456270526"},"p2rating":{"entryid":"6383869","serverid":"eos","formatid":"monotype","userid":"rainsuichika","username":"Rain ☆ Suichika","w":"55","l":34,"t":"0","gxe":59.9,"r":"1602.1504643903","rd":"47.227508657894","sigma":"0","rptime":"1439197200","rpr":1576.3295286143,"rprd":44.555494004375,"rpsigma":"0","acre":1183.0513054841,"lacre":1183.0513054841,"oldacre":"1213.1972320343"},"endType":"normal"}