{"seed":[22300,53825,51690,41545],"turns":36,"p1":"RealDeal360","p2":"Imp❇ Jk","p1team":[{"name":"Genesect","species":"Genesect","item":"choicescarf","ability":"Download","moves":["energyball","icebeam","uturn","ironhead"],"nature":"Hasty","evs":{"hp":0,"atk":4,"def":0,"spa":252,"spd":0,"spe":252},"ivs":{"hp":31,"atk":31,"def":31,"spa":31,"spd":31,"spe":31}},{"name":"Pinsir","species":"Pinsir","item":"pinsirite","ability":"Moxie","moves":["feint","earthquake","frustration","swordsdance"],"nature":"Jolly","evs":{"hp":252,"atk":0,"def":0,"spa":0,"spd":4,"spe":252},"happiness":0,"ivs":{"hp":31,"atk":31,"def":31,"spa":31,"spd":31,"spe":31}},{"name":"Shuckle","species":"Shuckle","item":"mentalherb","ability":"Sturdy","moves":["stealthrock","stickyweb","toxic","encore"],"nature":"Calm","evs":{"hp":248,"atk":0,"def":8,"spa":0,"spd":252,"spe":0},"ivs":{"hp":31,"atk":31,"def":31,"spa":31,"spd":31,"spe":31}},{"name":"Volcarona","species":"Volcarona","item":"lumberry","ability":"Flame Body","moves":["quiverdance","roost","hiddenpowerground","fierydance"],"nature":"Bold","evs":{"hp":248,"atk":0,"def":208,"spa":0,"spd":0,"spe":52},"ivs":{"hp":31,"atk":0,"def":31,"spa":30,"spd":30,"spe":31}},{"name":"Scizor","species":"Scizor","item":"leftovers","ability":"Technician","moves":["bulletpunch","uturn","roost","defog"],"nature":"Impish","evs":{"hp":248,"atk":8,"def":0,"spa":0,"spd":0,"spe":252},"ivs":{"hp":31,"atk":31,"def":31,"spa":31,"spd":31,"spe":31}},{"name":"Heracross","species":"Heracross","item":"choicescarf","ability":"Moxie","moves":["closecombat","earthquake","megahorn","stoneedge"],"nature":"Jolly","evs":{"hp":0,"atk":252,"def":0,"spa":0,"spd":4,"spe":252},"ivs":{"hp":31,"atk":31,"def":31,"spa":31,"spd":31,"spe":31}}],"p2team":[{"name":"toges.copy","species":"cobalion","item":"leftovers","ability":"Justified","moves":["stealthrock","taunt","ironhead","thunderwave"],"nature":"Impish","evs":{"hp":252,"atk":0,"def":212,"spa":0,"spd":0,"spe":44},"ivs":{"hp":31,"atk":31,"def":31,"spa":31,"spd":31,"spe":31}},{"name":"beyblade","species":"hitmontop","item":"assaultvest","ability":"Intimidate","moves":["endeavor","highjumpkick","suckerpunch","rapidspin"],"nature":"Careful","evs":{"hp":252,"atk":0,"def":16,"spa":0,"spd":240,"spe":0},"ivs":{"hp":31,"atk":31,"def":31,"spa":31,"spd":31,"spe":31}},{"name":"the.punk","species":"scrafty","item":"leftovers","ability":"Shed Skin","moves":["crunch","drainpunch","bulkup","icepunch"],"nature":"Careful","evs":{"hp":252,"atk":4,"def":0,"spa":0,"spd":252,"spe":0},"ivs":{"hp":31,"atk":31,"def":31,"spa":31,"spd":31,"spe":31}},{"name":"diddy.kong","species":"infernape","item":"focussash","ability":"Blaze","moves":["flamethrower","vacuumwave","encore","nastyplot"],"nature":"Timid","evs":{"hp":0,"atk":0,"def":0,"spa":252,"spd":0,"spe":252},"ivs":{"hp":31,"atk":31,"def":31,"spa":31,"spd":31,"spe":31}},{"name":"beetle.juice","species":"heracross","item":"heracronite","ability":"Moxie","moves":["bulletseed","rockblast","closecombat","pinmissile"],"nature":"Adamant","evs":{"hp":252,"atk":232,"def":24,"spa":0,"spd":0,"spe":0},"ivs":{"hp":31,"atk":31,"def":31,"spa":31,"spd":31,"spe":31}},{"name":"doggy","species":"terrakion","item":"choicescarf","ability":"Justified","moves":["earthquake","ironhead","stoneedge","closecombat"],"nature":"Adamant","evs":{"hp":0,"atk":252,"def":0,"spa":0,"spd":0,"spe":252},"ivs":{"hp":31,"atk":31,"def":31,"spa":31,"spd":31,"spe":31}}],"log":["|player|p1|RealDeal360|153","|player|p2|Imp❇ Jk|196","|gametype|singles","|gen|6","|tier|Monotype","|rated","|rule|Baton Pass Clause: Limit one Baton Passer, can't pass Spe and other stats simultaneously","|rule|Swagger Clause: Swagger is banned","|rule|Same Type Clause: Pokémon in a team must share a type","|clearpoke","|poke|p1|Genesect-*","|poke|p1|Pinsir, F","|poke|p1|Shuckle, F","|poke|p1|Volcarona, M","|poke|p1|Scizor, F","|poke|p1|Heracross, F","|poke|p2|Cobalion","|poke|p2|Hitmontop, M","|poke|p2|Scrafty, M","|poke|p2|Infernape, M","|poke|p2|Heracross, F","|poke|p2|Terrakion","|rule|Sleep Clause Mod: Limit one foe put to sleep","|rule|Species Clause: Limit one of each Pokémon","|rule|OHKO Clause: OHKO moves are banned","|rule|Moody Clause: Moody is banned","|rule|Evasion Moves Clause: Evasion moves are banned","|rule|Endless Battle Clause: Forcing endless battles is banned","|rule|HP Percentage Mod: HP is shown in percentages","|teampreview","|","|start","|switch|p1a: Shuckle|Shuckle, F|243/243","|switch|p2a: toges.copy|Cobalion|386/386","|turn|1","|","|move|p2a: toges.copy|Taunt|p1a: Shuckle","|-start|p1a: Shuckle|move: Taunt","|-enditem|p1a: Shuckle|Mental Herb","|-end|p1a: Shuckle|move: Attract|[from] item: Mental Herb","|-end|p1a: Shuckle|move: Taunt","|move|p1a: Shuckle|Encore|p2a: toges.copy","|-start|p2a: toges.copy|Encore","|","|turn|2","|","|switch|p2a: diddy.kong|Infernape, M|293/293","|move|p1a: Shuckle|Toxic|p2a: diddy.kong|[miss]","|-miss|p1a: Shuckle|p2a: diddy.kong","|","|turn|3","|","|switch|p2a: toges.copy|Cobalion|386/386","|move|p1a: Shuckle|Stealth Rock|p2a: toges.copy","|-sidestart|p2: Imp❇ Jk|move: Stealth Rock","|","|turn|4","|","|move|p2a: toges.copy|Thunder Wave|p1a: Shuckle","|-status|p1a: Shuckle|par","|cant|p1a: Shuckle|par","|","|turn|5","|","|move|p2a: toges.copy|Taunt|p1a: Shuckle","|-start|p1a: Shuckle|move: Taunt","|cant|p1a: Shuckle|move: Taunt|Sticky Web","|","|turn|6","|","|move|p2a: toges.copy|Stealth Rock|p1a: Shuckle","|-sidestart|p1: RealDeal360|move: Stealth Rock","|-activate|p1a: Shuckle|move: Struggle","|move|p1a: Shuckle|Struggle|p2a: toges.copy","|-damage|p2a: toges.copy|380/386","|-damage|p1a: Shuckle|183/243 par|[from] recoil","|","|-heal|p2a: toges.copy|386/386|[from] item: Leftovers","|turn|7","|","|move|p2a: toges.copy|Thunder Wave|p1a: Shuckle","|-fail|p1a: Shuckle|par","|cant|p1a: Shuckle|par","|","|-end|p1a: Shuckle|move: Taunt","|turn|8","|","|move|p2a: toges.copy|Taunt|p1a: Shuckle","|-start|p1a: Shuckle|move: Taunt","|cant|p1a: Shuckle|move: Taunt|Toxic","|","|turn|9","|","|switch|p2a: beyblade|Hitmontop, M|304/304","|-damage|p2a: beyblade|285/304|[from] Stealth Rock","|-ability|p2a: beyblade|Intimidate","|-unboost|p1a: Shuckle|atk|1","|-activate|p1a: Shuckle|move: Struggle","|move|p1a: Shuckle|Struggle|p2a: beyblade","|-damage|p2a: beyblade|278/304","|-damage|p1a: Shuckle|123/243 par|[from] recoil","|","|turn|10","|","|move|p2a: beyblade|Rapid Spin|p1a: Shuckle","|-resisted|p1a: Shuckle","|-damage|p1a: Shuckle|119/243 par","|-sideend|p2: Imp❇ Jk|Stealth Rock|[from] move: Rapid Spin|[of] p2a: beyblade","|-activate|p1a: Shuckle|move: Struggle","|move|p1a: Shuckle|Struggle|p2a: beyblade","|-damage|p2a: beyblade|271/304","|-damage|p1a: Shuckle|59/243 par|[from] recoil","|","|-end|p1a: Shuckle|move: Taunt","|turn|11","|","|switch|p2a: toges.copy|Cobalion|386/386","|cant|p1a: Shuckle|par","|","|turn|12","|","|move|p2a: toges.copy|Taunt|p1a: Shuckle","|-start|p1a: Shuckle|move: Taunt","|cant|p1a: Shuckle|move: Taunt|Encore","|","|turn|13","|","|move|p2a: toges.copy|Iron Head|p1a: Shuckle","|-supereffective|p1a: Shuckle","|-damage|p1a: Shuckle|0 fnt","|faint|p1a: Shuckle","|","|","|switch|p1a: Scizor|Scizor, F|343/343","|-damage|p1a: Scizor|301/343|[from] Stealth Rock","|turn|14","|","|move|p2a: toges.copy|Taunt|p1a: Scizor","|-start|p1a: Scizor|move: Taunt","|cant|p1a: Scizor|move: Taunt|Defog","|","|-heal|p1a: Scizor|322/343|[from] item: Leftovers","|turn|15","|","|move|p1a: Scizor|Bullet Punch|p2a: toges.copy","|-resisted|p2a: toges.copy","|-damage|p2a: toges.copy|359/386","|move|p2a: toges.copy|Thunder Wave|p1a: Scizor","|-status|p1a: Scizor|par","|","|-heal|p2a: toges.copy|383/386|[from] item: Leftovers","|-heal|p1a: Scizor|343/343 par|[from] item: Leftovers","|turn|16","|","|move|p2a: toges.copy|Iron Head|p1a: Scizor","|-resisted|p1a: Scizor","|-damage|p1a: Scizor|302/343 par","|cant|p1a: Scizor|flinch","|","|-heal|p2a: toges.copy|386/386|[from] item: Leftovers","|-heal|p1a: Scizor|323/343 par|[from] item: Leftovers","|-end|p1a: Scizor|move: Taunt","|turn|17","|","|move|p2a: toges.copy|Taunt|p1a: Scizor","|-start|p1a: Scizor|move: Taunt","|cant|p1a: Scizor|move: Taunt|Defog","|","|-heal|p1a: Scizor|343/343 par|[from] item: Leftovers","|turn|18","|","|switch|p2a: beetle.juice|Heracross, F|364/364","|cant|p1a: Scizor|par","|","|turn|19","|","|detailschange|p2a: beetle.juice|Heracross-Mega, F","|-mega|p2a: beetle.juice|Heracross|Heracronite","|move|p2a: beetle.juice|Rock Blast|p1a: Scizor","|-damage|p1a: Scizor|301/343 par","|-damage|p1a: Scizor|264/343 par","|-damage|p1a: Scizor|224/343 par","|-damage|p1a: Scizor|185/343 par","|-damage|p1a: Scizor|148/343 par","|-hitcount|p1a: Scizor|5","|move|p1a: Scizor|U-turn|p2a: beetle.juice","|-resisted|p2a: beetle.juice","|-damage|p2a: beetle.juice|320/364","|","|switch|p1a: Volcarona|Volcarona, M|373/373","|-damage|p1a: Volcarona|187/373|[from] Stealth Rock","|","|turn|20","|","|move|p1a: Volcarona|Fiery Dance|p2a: beetle.juice","|-supereffective|p2a: beetle.juice","|-damage|p2a: beetle.juice|84/364","|-boost|p1a: Volcarona|spa|1","|move|p2a: beetle.juice|Rock Blast|p1a: Volcarona","|-supereffective|p1a: Volcarona","|-damage|p1a: Volcarona|15/373","|-supereffective|p1a: Volcarona","|-damage|p1a: Volcarona|0 fnt","|-hitcount|p1a: Volcarona|2","|faint|p1a: Volcarona","|","|","|switch|p1a: Heracross|Heracross, F|301/301","|-damage|p1a: Heracross|264/301|[from] Stealth Rock","|turn|21","|","|switch|p2a: beyblade|Hitmontop, M|271/304","|-ability|p2a: beyblade|Intimidate","|-unboost|p1a: Heracross|atk|1","|move|p1a: Heracross|Earthquake|p2a: beyblade","|-damage|p2a: beyblade|198/304","|","|turn|22","|","|move|p1a: Heracross|Earthquake|p2a: beyblade","|-damage|p2a: beyblade|114/304","|move|p2a: beyblade|High Jump Kick|p1a: Heracross","|-resisted|p1a: Heracross","|-damage|p1a: Heracross|177/301","|","|turn|23","|","|move|p1a: Heracross|Earthquake|p2a: beyblade","|-damage|p2a: beyblade|37/304","|move|p2a: beyblade|Endeavor|p1a: Heracross","|-damage|p1a: Heracross|37/301","|","|turn|24","|","|move|p2a: beyblade|Sucker Punch|p1a: Heracross","|-resisted|p1a: Heracross","|-damage|p1a: Heracross|0 fnt","|faint|p1a: Heracross","|","|","|switch|p1a: Scizor|Scizor, F|148/343 par","|-damage|p1a: Scizor|106/343 par|[from] Stealth Rock","|turn|25","|","|move|p1a: Scizor|Bullet Punch|p2a: beyblade","|-damage|p2a: beyblade|0 fnt","|faint|p2a: beyblade","|","|-heal|p1a: Scizor|127/343 par|[from] item: Leftovers","|","|switch|p2a: beetle.juice|Heracross-Mega, F|84/364","|turn|26","|","|move|p2a: beetle.juice|Rock Blast|p1a: Scizor","|-damage|p1a: Scizor|87/343 par","|-damage|p1a: Scizor|46/343 par","|-crit|p1a: Scizor","|-damage|p1a: Scizor|0 fnt","|-hitcount|p1a: Scizor|3","|faint|p1a: Scizor","|","|","|switch|p1a: Genesect|Genesect|283/283","|-damage|p1a: Genesect|248/283|[from] Stealth Rock","|-boost|p1a: Genesect|spa|1|[from] ability: Download","|turn|27","|","|switch|p2a: the.punk|Scrafty, M|334/334","|move|p1a: Genesect|Ice Beam|p2a: the.punk","|-damage|p2a: the.punk|231/334","|","|-heal|p2a: the.punk|251/334|[from] item: Leftovers","|turn|28","|","|move|p1a: Genesect|Ice Beam|p2a: the.punk","|-damage|p2a: the.punk|156/334","|move|p2a: the.punk|Crunch|p1a: Genesect","|-damage|p1a: Genesect|140/283","|","|-heal|p2a: the.punk|176/334|[from] item: Leftovers","|turn|29","|","|move|p1a: Genesect|Ice Beam|p2a: the.punk","|-damage|p2a: the.punk|78/334","|move|p2a: the.punk|Crunch|p1a: Genesect","|-damage|p1a: Genesect|35/283","|","|-heal|p2a: the.punk|98/334|[from] item: Leftovers","|turn|30","|","|move|p1a: Genesect|Ice Beam|p2a: the.punk","|-damage|p2a: the.punk|3/334","|move|p2a: the.punk|Crunch|p1a: Genesect","|-damage|p1a: Genesect|0 fnt","|faint|p1a: Genesect","|","|-heal|p2a: the.punk|23/334|[from] item: Leftovers","|","|switch|p1a: Pinsir|Pinsir, F|334/334","|-damage|p1a: Pinsir|251/334|[from] Stealth Rock","|turn|31","|","|switch|p2a: toges.copy|Cobalion|386/386","|detailschange|p1a: Pinsir|Pinsir-Mega, F","|-mega|p1a: Pinsir|Pinsir|Pinsirite","|move|p1a: Pinsir|Swords Dance|p1a: Pinsir","|-boost|p1a: Pinsir|atk|2","|","|turn|32","|","|move|p1a: Pinsir|Frustration|p2a: toges.copy","|-damage|p2a: toges.copy|85/386","|move|p2a: toges.copy|Thunder Wave|p1a: Pinsir","|-status|p1a: Pinsir|par","|","|-heal|p2a: toges.copy|109/386|[from] item: Leftovers","|turn|33","|","|move|p2a: toges.copy|Iron Head|p1a: Pinsir","|-damage|p1a: Pinsir|184/334 par","|cant|p1a: Pinsir|flinch","|","|-heal|p2a: toges.copy|133/386|[from] item: Leftovers","|turn|34","|","|move|p2a: toges.copy|Iron Head|p1a: Pinsir","|-damage|p1a: Pinsir|114/334 par","|cant|p1a: Pinsir|par","|","|-heal|p2a: toges.copy|157/386|[from] item: Leftovers","|turn|35","|","|move|p2a: toges.copy|Iron Head|p1a: Pinsir","|-damage|p1a: Pinsir|45/334 par","|move|p1a: Pinsir|Frustration|p2a: toges.copy","|-damage|p2a: toges.copy|0 fnt","|faint|p2a: toges.copy","|","|","|switch|p2a: diddy.kong|Infernape, M|293/293","|turn|36","|","|move|p2a: diddy.kong|Flamethrower|p1a: Pinsir","|-supereffective|p1a: Pinsir","|-damage|p1a: Pinsir|0 fnt","|faint|p1a: Pinsir","|","|win|Imp❇ Jk"],"p1rating":{"entryid":"7525131","serverid":"eos","formatid":"monotype","userid":"realdeal360","username":"RealDeal360","w":"5","l":11,"t":"0","gxe":39.3,"r":"1400.1370891078","rd":"89.923703517826","sigma":"0","rptime":"1439197200","rpr":1416.0911267764,"rprd":76.36219736609,"rpsigma":"0","acre":1064.6397913817,"lacre":1064.6397913817,"oldacre":"1095.4833215933"},"p2rating":{"entryid":7537159,"formatid":"monotype","userid":"impjk","username":"Imp❇ Jk","r":1500,"rd":130,"sigma":0,"rpr":1530.5037944952,"rprd":122.8356036374,"rpsigma":0,"rptime":1439197200,"w":1,"l":0,"t":0,"gxe":53.8,"acre":1050.7242798969,"lacre":1050.7242798969,"oldacre":1000},"endType":"normal"}