{"seed":[14115,50839,12182,55605],"turns":20,"p1":"SL~Kingdra","p2":"BagelBeagle","p1team":[{"name":"Smegle","species":"smeargle","item":"focussash","ability":"Own Tempo","moves":["spore","stickyweb","stealthrock","transform"],"nature":"Timid","evs":{"hp":252,"atk":0,"def":4,"spa":0,"spd":0,"spe":252},"ivs":{"hp":31,"atk":31,"def":31,"spa":31,"spd":31,"spe":31}},{"name":"Pun Pun","species":"lopunny","item":"lopunnite","ability":"Limber","moves":["fakeout","firepunch","highjumpkick","return"],"nature":"Jolly","evs":{"hp":4,"atk":252,"def":0,"spa":0,"spd":0,"spe":252},"ivs":{"hp":31,"atk":31,"def":31,"spa":31,"spd":31,"spe":31}},{"name":"Mel-B","species":"meloetta","item":"leftovers","ability":"Serene Grace","moves":["psychic","shadowball","hypervoice","calmmind"],"nature":"Calm","evs":{"hp":252,"atk":0,"def":0,"spa":4,"spd":252,"spe":0},"ivs":{"hp":31,"atk":31,"def":30,"spa":30,"spd":30,"spe":31}},{"name":"Demolition","species":"diggersby","item":"lifeorb","ability":"Huge Power","moves":["earthquake","quickattack","return","firepunch"],"nature":"Adamant","evs":{"hp":4,"atk":252,"def":0,"spa":0,"spd":0,"spe":252},"ivs":{"hp":31,"atk":31,"def":31,"spa":31,"spd":31,"spe":31}},{"name":"Cute Blob","species":"ditto","item":"choicescarf","ability":"Imposter","moves":["transform"],"nature":"Timid","evs":{"hp":252,"atk":0,"def":4,"spa":0,"spd":0,"spe":252},"ivs":{"hp":31,"atk":31,"def":31,"spa":31,"spd":31,"spe":31}},{"name":"Corey","species":"porygonz","item":"focussash","ability":"Adaptability","moves":["triattack","icebeam","hiddenpowerfire","nastyplot"],"nature":"Timid","evs":{"hp":4,"atk":0,"def":0,"spa":0,"spd":0,"spe":252},"ivs":{"hp":31,"atk":30,"def":31,"spa":30,"spd":31,"spe":30}}],"p2team":[{"name":"Venusaur","species":"Venusaur","item":"venusaurite","ability":"Overgrow","moves":["gigadrain","synthesis","sludgebomb","sleeppowder"],"nature":"Modest","evs":{"hp":248,"atk":0,"def":0,"spa":252,"spd":8,"spe":0},"ivs":{"hp":31,"atk":31,"def":31,"spa":31,"spd":31,"spe":31}},{"name":"Ferrothorn","species":"Ferrothorn","item":"rockyhelmet","ability":"Iron Barbs","moves":["ironhead","protect","toxic","powerwhip"],"nature":"Impish","evs":{"hp":248,"atk":8,"def":252,"spa":0,"spd":0,"spe":0},"ivs":{"hp":31,"atk":31,"def":31,"spa":31,"spd":31,"spe":31}},{"name":"Whimsicott","species":"Whimsicott","item":"leftovers","ability":"Prankster","moves":["cottonguard","moonblast","leechseed","tailwind"],"nature":"Calm","evs":{"hp":252,"atk":0,"def":0,"spa":4,"spd":252,"spe":0},"ivs":{"hp":31,"atk":31,"def":31,"spa":31,"spd":31,"spe":31}},{"name":"Breloom","species":"Breloom","item":"focussash","ability":"Technician","moves":["bulletseed","machpunch","spore","rocktomb"],"nature":"Jolly","evs":{"hp":0,"atk":252,"def":0,"spa":0,"spd":4,"spe":252},"ivs":{"hp":31,"atk":31,"def":31,"spa":31,"spd":31,"spe":31}},{"name":"Serperior","species":"Serperior","item":"lifeorb","ability":"Contrary","moves":["dragonpulse","substitute","leafstorm","hiddenpowerrock"],"nature":"Timid","evs":{"hp":0,"atk":0,"def":0,"spa":252,"spd":4,"spe":252},"ivs":{"hp":31,"atk":31,"def":30,"spa":31,"spd":30,"spe":30}},{"name":"Tangrowth","species":"Tangrowth","item":"leftovers","ability":"Regenerator","moves":["ancientpower","leechseed","gigadrain","synthesis"],"nature":"Bold","evs":{"hp":252,"atk":0,"def":252,"spa":4,"spd":0,"spe":0},"ivs":{"hp":31,"atk":31,"def":31,"spa":31,"spd":31,"spe":31}}],"log":["|player|p1|SL~Kingdra|99","|player|p2|BagelBeagle|107","|gametype|singles","|gen|6","|tier|Monotype","|rated","|rule|Baton Pass Clause: Limit one Baton Passer, can't pass Spe and other stats simultaneously","|rule|Swagger Clause: Swagger is banned","|rule|Same Type Clause: Pokémon in a team must share a type","|clearpoke","|poke|p1|Smeargle, M","|poke|p1|Lopunny, F","|poke|p1|Meloetta","|poke|p1|Diggersby, M","|poke|p1|Ditto","|poke|p1|Porygon-Z","|poke|p2|Venusaur, M","|poke|p2|Ferrothorn, M","|poke|p2|Whimsicott, M","|poke|p2|Breloom, M","|poke|p2|Serperior, M","|poke|p2|Tangrowth, F","|rule|Sleep Clause Mod: Limit one foe put to sleep","|rule|Species Clause: Limit one of each Pokémon","|rule|OHKO Clause: OHKO moves are banned","|rule|Moody Clause: Moody is banned","|rule|Evasion Moves Clause: Evasion moves are banned","|rule|Endless Battle Clause: Forcing endless battles is banned","|rule|HP Percentage Mod: HP is shown in percentages","|teampreview","|","|start","|switch|p1a: Smegle|Smeargle, M|314/314","|switch|p2a: Serperior|Serperior, M|291/291","|turn|1","|","|move|p2a: Serperior|Substitute|p2a: Serperior","|-start|p2a: Serperior|Substitute","|-damage|p2a: Serperior|219/291","|move|p1a: Smegle|Sticky Web|p2a: Serperior","|-sidestart|p2: BagelBeagle|move: Sticky Web","|","|turn|2","|","|move|p2a: Serperior|Leaf Storm|p1a: Smegle","|-crit|p1a: Smegle","|-enditem|p1a: Smegle|Focus Sash","|-damage|p1a: Smegle|1/314","|-boost|p2a: Serperior|spa|2","|-damage|p2a: Serperior|190/291|[from] item: Life Orb","|move|p1a: Smegle|Stealth Rock|p2a: Serperior","|-sidestart|p2: BagelBeagle|move: Stealth Rock","|","|turn|3","|","|move|p2a: Serperior|Leaf Storm|p1a: Smegle","|-damage|p1a: Smegle|0 fnt","|-boost|p2a: Serperior|spa|2","|-damage|p2a: Serperior|161/291|[from] item: Life Orb","|faint|p1a: Smegle","|","|","|switch|p1a: Corey|Porygon-Z|312/312","|turn|4","|","|move|p2a: Serperior|Leaf Storm|p1a: Corey","|-enditem|p1a: Corey|Focus Sash","|-damage|p1a: Corey|1/312","|-boost|p2a: Serperior|spa|2","|-damage|p2a: Serperior|132/291|[from] item: Life Orb","|move|p1a: Corey|Hidden Power|p2a: Serperior","|-supereffective|p2a: Serperior","|-end|p2a: Serperior|Substitute","|","|turn|5","|","|switch|p1a: Cute Blob|Ditto|300/300","|-transform|p1a: Cute Blob|p2a: Serperior","|move|p2a: Serperior|Dragon Pulse|p1a: Cute Blob","|-damage|p1a: Cute Blob|0 fnt","|-damage|p2a: Serperior|103/291|[from] item: Life Orb","|faint|p1a: Cute Blob","|","|","|switch|p1a: Pun Pun|Lopunny, F|272/272","|turn|6","|","|detailschange|p1a: Pun Pun|Lopunny-Mega, F","|-mega|p1a: Pun Pun|Lopunny|Lopunnite","|move|p1a: Pun Pun|Fake Out|p2a: Serperior","|-damage|p2a: Serperior|27/291","|cant|p2a: Serperior|flinch","|","|turn|7","|","|switch|p1a: Corey|Porygon-Z|1/312","|move|p2a: Serperior|Leaf Storm|p1a: Corey","|-crit|p1a: Corey","|-damage|p1a: Corey|0 fnt","|-damage|p2a: Serperior|0 fnt|[from] item: Life Orb","|faint|p1a: Corey","|faint|p2a: Serperior","|","|","|switch|p1a: Pun Pun|Lopunny-Mega, F|272/272","|switch|p2a: Whimsicott|Whimsicott, M|324/324","|-activate|p2a: Whimsicott|move: Sticky Web","|-unboost|p2a: Whimsicott|spe|1","|-damage|p2a: Whimsicott|284/324|[from] Stealth Rock","|turn|8","|","|move|p1a: Pun Pun|Fake Out|p2a: Whimsicott","|-damage|p2a: Whimsicott|194/324","|cant|p2a: Whimsicott|flinch","|","|-heal|p2a: Whimsicott|214/324|[from] item: Leftovers","|turn|9","|","|move|p2a: Whimsicott|Cotton Guard|p2a: Whimsicott","|-boost|p2a: Whimsicott|def|3","|move|p1a: Pun Pun|Fire Punch|p2a: Whimsicott","|-supereffective|p2a: Whimsicott","|-damage|p2a: Whimsicott|128/324","|","|-heal|p2a: Whimsicott|148/324|[from] item: Leftovers","|turn|10","|","|move|p2a: Whimsicott|Cotton Guard|p2a: Whimsicott","|-boost|p2a: Whimsicott|def|3","|move|p1a: Pun Pun|Fire Punch|p2a: Whimsicott","|-crit|p2a: Whimsicott","|-supereffective|p2a: Whimsicott","|-damage|p2a: Whimsicott|0 fnt","|faint|p2a: Whimsicott","|","|","|switch|p2a: Breloom|Breloom, M|261/261","|-damage|p2a: Breloom|245/261|[from] Stealth Rock","|-activate|p2a: Breloom|move: Sticky Web","|-unboost|p2a: Breloom|spe|1","|turn|11","|","|move|p2a: Breloom|Mach Punch|p1a: Pun Pun","|-supereffective|p1a: Pun Pun","|-damage|p1a: Pun Pun|62/272","|move|p1a: Pun Pun|Fire Punch|p2a: Breloom","|-supereffective|p2a: Breloom","|-damage|p2a: Breloom|17/261","|","|turn|12","|","|move|p2a: Breloom|Mach Punch|p1a: Pun Pun","|-supereffective|p1a: Pun Pun","|-damage|p1a: Pun Pun|0 fnt","|faint|p1a: Pun Pun","|","|","|switch|p1a: Demolition|Diggersby, M|312/312","|turn|13","|","|move|p1a: Demolition|Quick Attack|p2a: Breloom","|-damage|p2a: Breloom|0 fnt","|-damage|p1a: Demolition|281/312|[from] item: Life Orb","|faint|p2a: Breloom","|","|","|switch|p2a: Tangrowth|Tangrowth, F|404/404","|-activate|p2a: Tangrowth|move: Sticky Web","|-unboost|p2a: Tangrowth|spe|1","|-damage|p2a: Tangrowth|354/404|[from] Stealth Rock","|turn|14","|","|move|p1a: Demolition|Fire Punch|p2a: Tangrowth","|-supereffective|p2a: Tangrowth","|-damage|p2a: Tangrowth|169/404","|-damage|p1a: Demolition|250/312|[from] item: Life Orb","|move|p2a: Tangrowth|Giga Drain|p1a: Demolition","|-supereffective|p1a: Demolition","|-damage|p1a: Demolition|28/312","|-heal|p2a: Tangrowth|280/404|[from] drain|[of] p1a: Demolition","|","|-heal|p2a: Tangrowth|305/404|[from] item: Leftovers","|turn|15","|","|move|p1a: Demolition|Fire Punch|p2a: Tangrowth","|-supereffective|p2a: Tangrowth","|-damage|p2a: Tangrowth|131/404","|-damage|p1a: Demolition|0 fnt|[from] item: Life Orb","|faint|p1a: Demolition","|move|p2a: Tangrowth|Giga Drain|p1: Demolition|[notarget]","|-notarget","|","|-heal|p2a: Tangrowth|156/404|[from] item: Leftovers","|","|switch|p1a: Mel-B|Meloetta|404/404","|turn|16","|","|move|p1a: Mel-B|Calm Mind|p1a: Mel-B","|-boost|p1a: Mel-B|spa|1","|-boost|p1a: Mel-B|spd|1","|move|p2a: Tangrowth|Leech Seed|p1a: Mel-B","|-start|p1a: Mel-B|move: Leech Seed","|","|-heal|p2a: Tangrowth|181/404|[from] item: Leftovers","|-damage|p1a: Mel-B|354/404|[from] Leech Seed|[of] p2a: Tangrowth","|-heal|p2a: Tangrowth|231/404|[silent]","|turn|17","|","|move|p1a: Mel-B|Psychic|p2a: Tangrowth","|-damage|p2a: Tangrowth|0 fnt","|faint|p2a: Tangrowth","|","|-heal|p1a: Mel-B|379/404|[from] item: Leftovers","|","|switch|p2a: Ferrothorn|Ferrothorn, M|351/351","|-activate|p2a: Ferrothorn|move: Sticky Web","|-unboost|p2a: Ferrothorn|spe|1","|-damage|p2a: Ferrothorn|330/351|[from] Stealth Rock","|turn|18","|","|move|p1a: Mel-B|Shadow Ball|p2a: Ferrothorn","|-damage|p2a: Ferrothorn|226/351","|-unboost|p2a: Ferrothorn|spd|1","|move|p2a: Ferrothorn|Toxic|p1a: Mel-B","|-status|p1a: Mel-B|tox","|","|-heal|p1a: Mel-B|404/404 tox|[from] item: Leftovers","|-damage|p1a: Mel-B|354/404 tox|[from] Leech Seed|[of] p2a: Ferrothorn","|-heal|p2a: Ferrothorn|276/351|[silent]","|-damage|p1a: Mel-B|329/404 tox|[from] psn","|turn|19","|","|move|p2a: Ferrothorn|Protect|p2a: Ferrothorn","|-singleturn|p2a: Ferrothorn|Protect","|move|p1a: Mel-B|Shadow Ball|p2a: Ferrothorn","|-activate|p2a: Ferrothorn|Protect","|","|-heal|p1a: Mel-B|354/404 tox|[from] item: Leftovers","|-damage|p1a: Mel-B|304/404 tox|[from] Leech Seed|[of] p2a: Ferrothorn","|-heal|p2a: Ferrothorn|326/351|[silent]","|-damage|p1a: Mel-B|254/404 tox|[from] psn","|turn|20","|","|move|p1a: Mel-B|Shadow Ball|p2a: Ferrothorn","|-damage|p2a: Ferrothorn|170/351","|-unboost|p2a: Ferrothorn|spd|1","|move|p2a: Ferrothorn|Power Whip|p1a: Mel-B","|-damage|p1a: Mel-B|86/404 tox","|","|-heal|p1a: Mel-B|111/404 tox|[from] item: Leftovers","|-damage|p1a: Mel-B|61/404 tox|[from] Leech Seed|[of] p2a: Ferrothorn","|-heal|p2a: Ferrothorn|220/351|[silent]","|-damage|p1a: Mel-B|0 fnt|[from] psn","|faint|p1a: Mel-B","|","|win|BagelBeagle"],"p1rating":{"entryid":7548471,"formatid":"monotype","userid":"slkingdra","username":"SL~Kingdra","r":1500,"rd":130,"sigma":0,"rpr":1450.1202535521,"rprd":122.35561807431,"rpsigma":0,"rptime":1439197200,"w":0,"l":1,"t":0,"gxe":43.8,"acre":1000,"lacre":1000,"oldacre":1000},"p2rating":{"entryid":"7518165","serverid":"eos","formatid":"monotype","userid":"bagelbeagle","username":"BagelBeagle","w":14,"l":"24","t":"0","gxe":38.3,"r":"1433.1656889509","rd":"69.791266122081","sigma":"0","rptime":"1439197200","rpr":1408.9796409045,"rprd":54.964456877435,"rpsigma":"0","acre":1054.1666637297,"lacre":1054.1666637297,"oldacre":"1019.0615215436"},"endType":"normal"}