{"seed":[25595,42279,32935,15955],"turns":61,"p1":"Flygon For Ubers","p2":"Intern Runn","p1team":[{"name":"Pidgeot","species":"Pidgeot","item":"pidgeotite","ability":"Keen Eye","moves":["hurricane","heatwave","roost","uturn"],"nature":"Naive","evs":{"hp":0,"atk":4,"def":0,"spa":252,"spd":0,"spe":252},"shiny":true,"ivs":{"hp":31,"atk":31,"def":31,"spa":31,"spd":31,"spe":31}},{"name":"Porygon2","species":"Porygon2","item":"eviolite","ability":"Download","moves":["recover","rest","sleeptalk","triattack"],"nature":"Calm","evs":{"hp":248,"atk":0,"def":0,"spa":8,"spd":252,"spe":0},"ivs":{"hp":31,"atk":31,"def":31,"spa":31,"spd":31,"spe":31}},{"name":"Blissey","species":"Blissey","item":"leftovers","ability":"Natural Cure","moves":["toxic","healbell","seismictoss","softboiled"],"nature":"Bold","evs":{"hp":252,"atk":0,"def":252,"spa":0,"spd":4,"spe":0},"ivs":{"hp":31,"atk":31,"def":31,"spa":31,"spd":31,"spe":31}},{"name":"Meloetta","species":"Meloetta","item":"assaultvest","ability":"Serene Grace","moves":["psychic","relicsong","drainpunch","uturn"],"nature":"Mild","evs":{"hp":248,"atk":8,"def":0,"spa":252,"spd":0,"spe":0},"ivs":{"hp":31,"atk":31,"def":31,"spa":31,"spd":31,"spe":31}},{"name":"Miltank","species":"Miltank","item":"leftovers","ability":"Thick Fat","moves":["milkdrink","thunderwave","stomp","stealthrock"],"nature":"Impish","evs":{"hp":252,"atk":4,"def":124,"spa":0,"spd":128,"spe":0},"shiny":true,"ivs":{"hp":31,"atk":31,"def":31,"spa":31,"spd":31,"spe":31}},{"name":"Heliolisk","species":"Heliolisk","item":"lifeorb","ability":"Dry Skin","moves":["thunderbolt","voltswitch","surf","hypervoice"],"nature":"Timid","evs":{"hp":0,"atk":0,"def":0,"spa":252,"spd":4,"spe":252},"ivs":{"hp":31,"atk":31,"def":31,"spa":31,"spd":31,"spe":31}}],"p2team":[{"name":"Hippowdon","species":"Hippowdon","item":"leftovers","ability":"Sand Stream","moves":["earthquake","whirlwind","stealthrock","icefang"],"nature":"Careful","evs":{"hp":252,"atk":252,"def":0,"spa":0,"spd":4,"spe":0},"ivs":{"hp":31,"atk":31,"def":31,"spa":31,"spd":31,"spe":31}},{"name":"Steelix","species":"Steelix","item":"steelixite","ability":"Sturdy","moves":["rockslide","earthquake","ironhead","icefang"],"nature":"Sassy","evs":{"hp":4,"atk":252,"def":0,"spa":0,"spd":252,"spe":0},"ivs":{"hp":31,"atk":31,"def":31,"spa":31,"spd":31,"spe":31}},{"name":"Diggersby","species":"Diggersby","item":"assaultvest","ability":"Huge Power","moves":["earthquake","uturn","hammerarm","firepunch"],"nature":"Jolly","evs":{"hp":4,"atk":252,"def":0,"spa":0,"spd":0,"spe":252},"ivs":{"hp":31,"atk":31,"def":31,"spa":31,"spd":31,"spe":31}},{"name":"Rhyperior","species":"Rhyperior","item":"leftovers","ability":"Solid Rock","moves":["icepunch","earthquake","stoneedge","toxic"],"nature":"Adamant","evs":{"hp":212,"atk":44,"def":252,"spa":0,"spd":0,"spe":0},"ivs":{"hp":31,"atk":31,"def":31,"spa":31,"spd":31,"spe":31}},{"name":"Quagsire","species":"Quagsire","item":"sitrusberry","ability":"Unaware","moves":["stockpile","yawn","infestation","recover"],"nature":"Impish","evs":{"hp":240,"atk":0,"def":216,"spa":0,"spd":52,"spe":0},"ivs":{"hp":31,"atk":31,"def":31,"spa":31,"spd":31,"spe":31}},{"name":"Gliscor","species":"Gliscor","item":"toxicorb","ability":"Poison Heal","moves":["earthquake","taunt","icefang","roost"],"nature":"Impish","evs":{"hp":244,"atk":0,"def":248,"spa":0,"spd":0,"spe":16},"ivs":{"hp":31,"atk":31,"def":31,"spa":31,"spd":31,"spe":31}}],"log":["|player|p1|Flygon For Ubers|30","|player|p2|Intern Runn|170","|gametype|singles","|gen|6","|tier|Monotype","|rated","|rule|Baton Pass Clause: Limit one Baton Passer, can't pass Spe and other stats simultaneously","|rule|Swagger Clause: Swagger is banned","|rule|Same Type Clause: Pokémon in a team must share a type","|clearpoke","|poke|p1|Pidgeot, F, shiny","|poke|p1|Porygon2","|poke|p1|Blissey, F","|poke|p1|Meloetta","|poke|p1|Miltank, F, shiny","|poke|p1|Heliolisk, F","|poke|p2|Hippowdon, M","|poke|p2|Steelix, M","|poke|p2|Diggersby, M","|poke|p2|Rhyperior, M","|poke|p2|Quagsire, M","|poke|p2|Gliscor, M","|rule|Sleep Clause Mod: Limit one foe put to sleep","|rule|Species Clause: Limit one of each Pokémon","|rule|OHKO Clause: OHKO moves are banned","|rule|Moody Clause: Moody is banned","|rule|Evasion Moves Clause: Evasion moves are banned","|rule|Endless Battle Clause: Forcing endless battles is banned","|rule|HP Percentage Mod: HP is shown in percentages","|teampreview","|","|start","|switch|p1a: Miltank|Miltank, F, shiny|394/394","|switch|p2a: Hippowdon|Hippowdon, M|420/420","|-weather|Sandstorm","|turn|1","|","|move|p1a: Miltank|Stealth Rock|p2a: Hippowdon","|-sidestart|p2: Intern Runn|move: Stealth Rock","|move|p2a: Hippowdon|Stealth Rock|p1a: Miltank","|-sidestart|p1: Flygon For Ubers|move: Stealth Rock","|","|-weather|Sandstorm|[upkeep]","|-damage|p1a: Miltank|370/394|[from] sandstorm","|-heal|p1a: Miltank|394/394|[from] item: Leftovers","|turn|2","|","|move|p1a: Miltank|Stomp|p2a: Hippowdon","|-damage|p2a: Hippowdon|362/420","|cant|p2a: Hippowdon|flinch","|","|-weather|Sandstorm|[upkeep]","|-damage|p1a: Miltank|370/394|[from] sandstorm","|-heal|p1a: Miltank|394/394|[from] item: Leftovers","|-heal|p2a: Hippowdon|388/420|[from] item: Leftovers","|turn|3","|","|move|p1a: Miltank|Stomp|p2a: Hippowdon","|-damage|p2a: Hippowdon|337/420","|cant|p2a: Hippowdon|flinch","|","|-weather|Sandstorm|[upkeep]","|-damage|p1a: Miltank|370/394|[from] sandstorm","|-heal|p1a: Miltank|394/394|[from] item: Leftovers","|-heal|p2a: Hippowdon|363/420|[from] item: Leftovers","|turn|4","|","|switch|p1a: Porygon2|Porygon2|373/373","|-damage|p1a: Porygon2|327/373|[from] Stealth Rock","|-boost|p1a: Porygon2|spa|1|[from] ability: Download","|move|p2a: Hippowdon|Whirlwind|p1a: Porygon2","|drag|p1a: Blissey|Blissey, F|714/714","|-damage|p1a: Blissey|625/714|[from] Stealth Rock","|","|-weather|Sandstorm|[upkeep]","|-damage|p1a: Blissey|581/714|[from] sandstorm","|-heal|p1a: Blissey|625/714|[from] item: Leftovers","|-heal|p2a: Hippowdon|389/420|[from] item: Leftovers","|turn|5","|","|switch|p2a: Diggersby|Diggersby, M|312/312","|-damage|p2a: Diggersby|293/312|[from] Stealth Rock","|move|p1a: Blissey|Toxic|p2a: Diggersby|[miss]","|-miss|p1a: Blissey|p2a: Diggersby","|","|-weather|none","|-heal|p1a: Blissey|669/714|[from] item: Leftovers","|turn|6","|","|move|p2a: Diggersby|U-turn|p1a: Blissey","|-damage|p1a: Blissey|502/714","|","|switch|p2a: Gliscor|Gliscor, M|352/352","|-damage|p2a: Gliscor|308/352|[from] Stealth Rock","|move|p1a: Blissey|Seismic Toss|p2a: Gliscor","|-damage|p2a: Gliscor|208/352","|","|-heal|p1a: Blissey|546/714|[from] item: Leftovers","|-status|p2a: Gliscor|tox|[from] item: Toxic Orb","|turn|7","|","|move|p2a: Gliscor|Taunt|p1a: Blissey","|-start|p1a: Blissey|move: Taunt","|move|p1a: Blissey|Seismic Toss|p2a: Gliscor","|-damage|p2a: Gliscor|108/352 tox","|","|-heal|p1a: Blissey|590/714|[from] item: Leftovers","|-heal|p2a: Gliscor|152/352 tox|[from] ability: Poison Heal","|turn|8","|","|switch|p1a: Porygon2|Porygon2|327/373","|-damage|p1a: Porygon2|281/373|[from] Stealth Rock","|-boost|p1a: Porygon2|spa|1|[from] ability: Download","|move|p2a: Gliscor|Roost|p2a: Gliscor","|-heal|p2a: Gliscor|328/352 tox","|","|-heal|p2a: Gliscor|352/352 tox|[from] ability: Poison Heal","|turn|9","|","|move|p2a: Gliscor|Ice Fang|p1a: Porygon2|[miss]","|-miss|p2a: Gliscor|p1a: Porygon2","|move|p1a: Porygon2|Tri Attack|p2a: Gliscor","|-damage|p2a: Gliscor|174/352 tox","|","|-heal|p2a: Gliscor|218/352 tox|[from] ability: Poison Heal","|turn|10","|","|move|p2a: Gliscor|Ice Fang|p1a: Porygon2","|-damage|p1a: Porygon2|241/373","|move|p1a: Porygon2|Tri Attack|p2a: Gliscor","|-damage|p2a: Gliscor|46/352 tox","|","|-heal|p2a: Gliscor|90/352 tox|[from] ability: Poison Heal","|turn|11","|","|switch|p2a: Diggersby|Diggersby, M|293/312","|-damage|p2a: Diggersby|274/312|[from] Stealth Rock","|move|p1a: Porygon2|Tri Attack|p2a: Diggersby","|-damage|p2a: Diggersby|157/312","|","|turn|12","|","|move|p2a: Diggersby|Hammer Arm|p1a: Porygon2","|-supereffective|p1a: Porygon2","|-damage|p1a: Porygon2|47/373","|-unboost|p2a: Diggersby|spe|1","|move|p1a: Porygon2|Rest|p1a: Porygon2","|-status|p1a: Porygon2|slp","|-heal|p1a: Porygon2|373/373 slp|[silent]","|-status|p1a: Porygon2|slp|[from] move: Rest","|","|turn|13","|","|move|p2a: Diggersby|Hammer Arm|p1a: Porygon2|[miss]","|-miss|p2a: Diggersby|p1a: Porygon2","|cant|p1a: Porygon2|slp","|move|p1a: Porygon2|Sleep Talk|p1a: Porygon2","|move|p1a: Porygon2|Recover|p1a: Porygon2|[from]Sleep Talk","|-fail|p1a: Porygon2","|","|turn|14","|","|move|p2a: Diggersby|Hammer Arm|p1a: Porygon2","|-supereffective|p1a: Porygon2","|-damage|p1a: Porygon2|181/373 slp","|-unboost|p2a: Diggersby|spe|1","|cant|p1a: Porygon2|slp","|move|p1a: Porygon2|Sleep Talk|p1a: Porygon2","|move|p1a: Porygon2|Recover|p1a: Porygon2|[from]Sleep Talk","|-heal|p1a: Porygon2|368/373 slp","|","|turn|15","|","|-curestatus|p1a: Porygon2|slp","|move|p1a: Porygon2|Tri Attack|p2a: Diggersby","|-damage|p2a: Diggersby|37/312","|-status|p2a: Diggersby|par","|move|p2a: Diggersby|Hammer Arm|p1a: Porygon2","|-supereffective|p1a: Porygon2","|-damage|p1a: Porygon2|172/373","|-unboost|p2a: Diggersby|spe|1","|","|turn|16","|","|move|p1a: Porygon2|Recover|p1a: Porygon2","|-heal|p1a: Porygon2|359/373","|move|p2a: Diggersby|U-turn|p1a: Porygon2","|-damage|p1a: Porygon2|281/373","|","|switch|p2a: Quagsire|Quagsire, M|391/391","|-damage|p2a: Quagsire|367/391|[from] Stealth Rock","|","|turn|17","|","|move|p1a: Porygon2|Tri Attack|p2a: Quagsire","|-damage|p2a: Quagsire|226/391","|-status|p2a: Quagsire|par","|move|p2a: Quagsire|Yawn|p1a: Porygon2","|-start|p1a: Porygon2|move: Yawn|[of] p2a: Quagsire","|","|turn|18","|","|move|p1a: Porygon2|Tri Attack|p2a: Quagsire","|-damage|p2a: Quagsire|100/391 par","|-enditem|p2a: Quagsire|Sitrus Berry|[eat]","|-heal|p2a: Quagsire|197/391 par|[from] item: Sitrus Berry","|cant|p2a: Quagsire|par","|","|-end|p1a: Porygon2|move: Yawn|[silent]","|-status|p1a: Porygon2|slp","|turn|19","|","|cant|p1a: Porygon2|slp","|move|p1a: Porygon2|Sleep Talk|p1a: Porygon2","|move|p1a: Porygon2|Recover|p1a: Porygon2|[from]Sleep Talk","|-heal|p1a: Porygon2|373/373 slp","|move|p2a: Quagsire|Stockpile|p2a: Quagsire","|-start|p2a: Quagsire|stockpile1","|-boost|p2a: Quagsire|def|1","|-boost|p2a: Quagsire|spd|1","|","|turn|20","|","|cant|p1a: Porygon2|slp","|move|p1a: Porygon2|Sleep Talk|p1a: Porygon2","|move|p1a: Porygon2|Tri Attack|p2a: Quagsire|[from]Sleep Talk","|-damage|p2a: Quagsire|116/391 par","|move|p2a: Quagsire|Stockpile|p2a: Quagsire","|-start|p2a: Quagsire|stockpile2","|-boost|p2a: Quagsire|def|1","|-boost|p2a: Quagsire|spd|1","|","|turn|21","|","|cant|p1a: Porygon2|slp","|cant|p2a: Quagsire|par","|","|turn|22","|","|-curestatus|p1a: Porygon2|slp","|move|p1a: Porygon2|Tri Attack|p2a: Quagsire","|-damage|p2a: Quagsire|46/391 par","|move|p2a: Quagsire|Recover|p2a: Quagsire","|-heal|p2a: Quagsire|242/391 par","|","|turn|23","|","|switch|p1a: Blissey|Blissey, F|590/714","|-damage|p1a: Blissey|501/714|[from] Stealth Rock","|move|p2a: Quagsire|Recover|p2a: Quagsire","|-heal|p2a: Quagsire|391/391 par","|","|-heal|p1a: Blissey|545/714|[from] item: Leftovers","|turn|24","|","|move|p1a: Blissey|Seismic Toss|p2a: Quagsire","|-damage|p2a: Quagsire|291/391 par","|move|p2a: Quagsire|Yawn|p1a: Blissey","|-start|p1a: Blissey|move: Yawn|[of] p2a: Quagsire","|","|-heal|p1a: Blissey|589/714|[from] item: Leftovers","|turn|25","|","|switch|p1a: Heliolisk|Heliolisk, F|265/265","|-damage|p1a: Heliolisk|232/265|[from] Stealth Rock","|cant|p2a: Quagsire|par","|","|turn|26","|","|move|p1a: Heliolisk|Hyper Voice|p2a: Quagsire","|-damage|p2a: Quagsire|177/391 par","|-damage|p1a: Heliolisk|206/265|[from] item: Life Orb","|move|p2a: Quagsire|Infestation|p1a: Heliolisk","|-damage|p1a: Heliolisk|193/265","|-activate|p1a: Heliolisk|move: Infestation|[of] p2a: Quagsire","|","|-damage|p1a: Heliolisk|160/265|[from] move: Infestation|[partiallytrapped]","|turn|27","|","|move|p1a: Heliolisk|Surf|p2a: Quagsire","|-damage|p2a: Quagsire|100/391 par","|-damage|p1a: Heliolisk|134/265|[from] item: Life Orb","|move|p2a: Quagsire|Recover|p2a: Quagsire","|-heal|p2a: Quagsire|296/391 par","|","|-damage|p1a: Heliolisk|101/265|[from] move: Infestation|[partiallytrapped]","|turn|28","|","|move|p1a: Heliolisk|Hyper Voice|p2a: Quagsire","|-damage|p2a: Quagsire|178/391 par","|-damage|p1a: Heliolisk|75/265|[from] item: Life Orb","|move|p2a: Quagsire|Stockpile|p2a: Quagsire","|-start|p2a: Quagsire|stockpile3","|-boost|p2a: Quagsire|def|1","|-boost|p2a: Quagsire|spd|1","|","|-damage|p1a: Heliolisk|42/265|[from] move: Infestation|[partiallytrapped]","|turn|29","|","|move|p1a: Heliolisk|Hyper Voice|p2a: Quagsire","|-damage|p2a: Quagsire|79/391 par","|-damage|p1a: Heliolisk|16/265|[from] item: Life Orb","|move|p2a: Quagsire|Recover|p2a: Quagsire","|-heal|p2a: Quagsire|275/391 par","|","|-damage|p1a: Heliolisk|0 fnt|[from] move: Infestation|[partiallytrapped]","|faint|p1a: Heliolisk","|","|switch|p1a: Blissey|Blissey, F|589/714","|-damage|p1a: Blissey|500/714|[from] Stealth Rock","|turn|30","|","|move|p1a: Blissey|Seismic Toss|p2a: Quagsire","|-damage|p2a: Quagsire|175/391 par","|move|p2a: Quagsire|Infestation|p1a: Blissey","|-damage|p1a: Blissey|492/714","|-activate|p1a: Blissey|move: Infestation|[of] p2a: Quagsire","|","|-heal|p1a: Blissey|536/714|[from] item: Leftovers","|-damage|p1a: Blissey|447/714|[from] move: Infestation|[partiallytrapped]","|turn|31","|","|move|p1a: Blissey|Seismic Toss|p2a: Quagsire","|-damage|p2a: Quagsire|75/391 par","|move|p2a: Quagsire|Yawn|p1a: Blissey","|-start|p1a: Blissey|move: Yawn|[of] p2a: Quagsire","|","|-heal|p1a: Blissey|491/714|[from] item: Leftovers","|-damage|p1a: Blissey|402/714|[from] move: Infestation|[partiallytrapped]","|turn|32","|","|move|p1a: Blissey|Seismic Toss|p2a: Quagsire","|-damage|p2a: Quagsire|0 fnt","|faint|p2a: Quagsire","|","|-end|p1a: Blissey|move: Yawn|[silent]","|-status|p1a: Blissey|slp","|-heal|p1a: Blissey|446/714 slp|[from] item: Leftovers","|","|switch|p2a: Diggersby|Diggersby, M|37/312 par","|-damage|p2a: Diggersby|18/312 par|[from] Stealth Rock","|turn|33","|","|cant|p1a: Blissey|slp","|move|p2a: Diggersby|Hammer Arm|p1a: Blissey","|-supereffective|p1a: Blissey","|-damage|p1a: Blissey|0 fnt","|-unboost|p2a: Diggersby|spe|1","|faint|p1a: Blissey","|","|","|switch|p1a: Pidgeot|Pidgeot, F, shiny|307/307","|-damage|p1a: Pidgeot|231/307|[from] Stealth Rock","|turn|34","|","|detailschange|p1a: Pidgeot|Pidgeot-Mega, F, shiny","|-mega|p1a: Pidgeot|Pidgeot|Pidgeotite","|move|p1a: Pidgeot|Hurricane|p2a: Diggersby","|-damage|p2a: Diggersby|0 fnt","|faint|p2a: Diggersby","|","|","|switch|p2a: Rhyperior|Rhyperior, M|424/424","|-damage|p2a: Rhyperior|398/424|[from] Stealth Rock","|turn|35","|","|move|p1a: Pidgeot|U-turn|p2a: Rhyperior","|-damage|p2a: Rhyperior|364/424","|","|switch|p1a: Porygon2|Porygon2|373/373","|-damage|p1a: Porygon2|327/373|[from] Stealth Rock","|-boost|p1a: Porygon2|spa|1|[from] ability: Download","|move|p2a: Rhyperior|Stone Edge|p1a: Porygon2","|-damage|p1a: Porygon2|188/373","|","|-heal|p2a: Rhyperior|390/424|[from] item: Leftovers","|turn|36","|","|move|p1a: Porygon2|Recover|p1a: Porygon2","|-heal|p1a: Porygon2|373/373","|move|p2a: Rhyperior|Toxic|p1a: Porygon2","|-status|p1a: Porygon2|tox","|","|-heal|p2a: Rhyperior|416/424|[from] item: Leftovers","|-damage|p1a: Porygon2|350/373 tox|[from] psn","|turn|37","|","|move|p1a: Porygon2|Tri Attack|p2a: Rhyperior","|-resisted|p2a: Rhyperior","|-damage|p2a: Rhyperior|288/424","|move|p2a: Rhyperior|Earthquake|p1a: Porygon2","|-damage|p1a: Porygon2|227/373 tox","|","|-heal|p2a: Rhyperior|314/424|[from] item: Leftovers","|-damage|p1a: Porygon2|181/373 tox|[from] psn","|turn|38","|","|move|p1a: Porygon2|Tri Attack|p2a: Rhyperior","|-resisted|p2a: Rhyperior","|-damage|p2a: Rhyperior|189/424","|-status|p2a: Rhyperior|brn","|move|p2a: Rhyperior|Earthquake|p1a: Porygon2","|-damage|p1a: Porygon2|120/373 tox","|","|-heal|p2a: Rhyperior|215/424 brn|[from] item: Leftovers","|-damage|p1a: Porygon2|51/373 tox|[from] psn","|-damage|p2a: Rhyperior|162/424 brn|[from] brn","|turn|39","|","|switch|p2a: Steelix|Steelix, M|292/292","|-damage|p2a: Steelix|283/292|[from] Stealth Rock","|move|p1a: Porygon2|Rest|p1a: Porygon2","|-status|p1a: Porygon2|slp","|-heal|p1a: Porygon2|373/373 slp|[silent]","|-status|p1a: Porygon2|slp|[from] move: Rest","|","|turn|40","|","|detailschange|p2a: Steelix|Steelix-Mega, M","|-mega|p2a: Steelix|Steelix|Steelixite","|cant|p1a: Porygon2|slp","|move|p1a: Porygon2|Sleep Talk|p1a: Porygon2","|move|p1a: Porygon2|Recover|p1a: Porygon2|[from]Sleep Talk","|-fail|p1a: Porygon2","|move|p2a: Steelix|Iron Head|p1a: Porygon2","|-damage|p1a: Porygon2|267/373 slp","|","|turn|41","|","|cant|p1a: Porygon2|slp","|move|p1a: Porygon2|Sleep Talk|p1a: Porygon2","|move|p1a: Porygon2|Rest|p1a: Porygon2|[from]Sleep Talk","|-fail|p1a: Porygon2","|move|p2a: Steelix|Earthquake|p1a: Porygon2","|-damage|p1a: Porygon2|132/373 slp","|","|turn|42","|","|-curestatus|p1a: Porygon2|slp","|move|p1a: Porygon2|Recover|p1a: Porygon2","|-heal|p1a: Porygon2|319/373","|move|p2a: Steelix|Earthquake|p1a: Porygon2","|-damage|p1a: Porygon2|193/373","|","|turn|43","|","|move|p1a: Porygon2|Recover|p1a: Porygon2","|-heal|p1a: Porygon2|373/373","|move|p2a: Steelix|Rock Slide|p1a: Porygon2","|-miss|p2a: Steelix|p1a: Porygon2","|","|turn|44","|","|move|p1a: Porygon2|Tri Attack|p2a: Steelix","|-resisted|p2a: Steelix","|-damage|p2a: Steelix|229/292","|move|p2a: Steelix|Rock Slide|p1a: Porygon2","|-damage|p1a: Porygon2|314/373","|","|turn|45","|","|move|p1a: Porygon2|Tri Attack|p2a: Steelix","|-resisted|p2a: Steelix","|-damage|p2a: Steelix|178/292","|move|p2a: Steelix|Earthquake|p1a: Porygon2","|-damage|p1a: Porygon2|181/373","|","|turn|46","|","|move|p1a: Porygon2|Tri Attack|p2a: Steelix","|-resisted|p2a: Steelix","|-damage|p2a: Steelix|119/292","|move|p2a: Steelix|Earthquake|p1a: Porygon2","|-damage|p1a: Porygon2|60/373","|","|turn|47","|","|move|p1a: Porygon2|Recover|p1a: Porygon2","|-heal|p1a: Porygon2|247/373","|move|p2a: Steelix|Earthquake|p1a: Porygon2","|-damage|p1a: Porygon2|109/373","|","|turn|48","|","|move|p1a: Porygon2|Rest|p1a: Porygon2","|-status|p1a: Porygon2|slp","|-heal|p1a: Porygon2|373/373 slp|[silent]","|-status|p1a: Porygon2|slp|[from] move: Rest","|move|p2a: Steelix|Earthquake|p1a: Porygon2","|-damage|p1a: Porygon2|253/373 slp","|","|turn|49","|","|cant|p1a: Porygon2|slp","|move|p1a: Porygon2|Sleep Talk|p1a: Porygon2","|move|p1a: Porygon2|Recover|p1a: Porygon2|[from]Sleep Talk","|-heal|p1a: Porygon2|373/373 slp","|move|p2a: Steelix|Earthquake|p1a: Porygon2","|-damage|p1a: Porygon2|240/373 slp","|","|turn|50","|","|cant|p1a: Porygon2|slp","|move|p1a: Porygon2|Sleep Talk|p1a: Porygon2","|move|p1a: Porygon2|Recover|p1a: Porygon2|[from]Sleep Talk","|-heal|p1a: Porygon2|373/373 slp","|move|p2a: Steelix|Earthquake|p1a: Porygon2","|-damage|p1a: Porygon2|252/373 slp","|","|turn|51","|","|-curestatus|p1a: Porygon2|slp","|move|p1a: Porygon2|Tri Attack|p2a: Steelix","|-resisted|p2a: Steelix","|-damage|p2a: Steelix|59/292","|-status|p2a: Steelix|par","|move|p2a: Steelix|Earthquake|p1a: Porygon2","|-damage|p1a: Porygon2|131/373","|","|turn|52","|","|move|p1a: Porygon2|Tri Attack|p2a: Steelix","|-resisted|p2a: Steelix","|-damage|p2a: Steelix|6/292 par","|move|p2a: Steelix|Earthquake|p1a: Porygon2","|-damage|p1a: Porygon2|11/373","|","|turn|53","|","|switch|p2a: Hippowdon|Hippowdon, M|389/420","|-damage|p2a: Hippowdon|363/420|[from] Stealth Rock","|-weather|Sandstorm","|move|p1a: Porygon2|Rest|p1a: Porygon2","|-status|p1a: Porygon2|slp","|-heal|p1a: Porygon2|373/373 slp|[silent]","|-status|p1a: Porygon2|slp|[from] move: Rest","|","|-weather|Sandstorm|[upkeep]","|-damage|p1a: Porygon2|350/373 slp|[from] sandstorm","|-heal|p2a: Hippowdon|389/420|[from] item: Leftovers","|turn|54","|","|cant|p1a: Porygon2|slp","|move|p1a: Porygon2|Sleep Talk|p1a: Porygon2","|move|p1a: Porygon2|Rest|p1a: Porygon2|[from]Sleep Talk","|-fail|p1a: Porygon2","|move|p2a: Hippowdon|Earthquake|p1a: Porygon2","|-damage|p1a: Porygon2|238/373 slp","|","|-weather|Sandstorm|[upkeep]","|-damage|p1a: Porygon2|215/373 slp|[from] sandstorm","|-heal|p2a: Hippowdon|415/420|[from] item: Leftovers","|turn|55","|","|cant|p1a: Porygon2|slp","|move|p1a: Porygon2|Sleep Talk|p1a: Porygon2","|move|p1a: Porygon2|Rest|p1a: Porygon2|[from]Sleep Talk","|-fail|p1a: Porygon2","|move|p2a: Hippowdon|Earthquake|p1a: Porygon2","|-damage|p1a: Porygon2|104/373 slp","|","|-weather|Sandstorm|[upkeep]","|-damage|p1a: Porygon2|81/373 slp|[from] sandstorm","|-heal|p2a: Hippowdon|420/420|[from] item: Leftovers","|turn|56","|","|-curestatus|p1a: Porygon2|slp","|move|p1a: Porygon2|Tri Attack|p2a: Hippowdon","|-damage|p2a: Hippowdon|257/420","|move|p2a: Hippowdon|Earthquake|p1a: Porygon2","|-damage|p1a: Porygon2|0 fnt","|faint|p1a: Porygon2","|","|-weather|Sandstorm|[upkeep]","|-heal|p2a: Hippowdon|283/420|[from] item: Leftovers","|","|switch|p1a: Meloetta|Meloetta|403/403","|-damage|p1a: Meloetta|353/403|[from] Stealth Rock","|turn|57","|","|move|p1a: Meloetta|Psychic|p2a: Hippowdon","|-damage|p2a: Hippowdon|90/420","|move|p2a: Hippowdon|Whirlwind|p1a: Meloetta","|drag|p1a: Pidgeot|Pidgeot-Mega, F, shiny|231/307","|-damage|p1a: Pidgeot|155/307|[from] Stealth Rock","|","|-weather|none","|-heal|p2a: Hippowdon|116/420|[from] item: Leftovers","|turn|58","|","|move|p1a: Pidgeot|Hurricane|p2a: Hippowdon","|-damage|p2a: Hippowdon|0 fnt","|faint|p2a: Hippowdon","|","|","|switch|p2a: Rhyperior|Rhyperior, M|162/424 brn","|-damage|p2a: Rhyperior|136/424 brn|[from] Stealth Rock","|turn|59","|","|move|p1a: Pidgeot|U-turn|p2a: Rhyperior","|-damage|p2a: Rhyperior|103/424 brn","|","|switch|p1a: Meloetta|Meloetta|353/403","|-damage|p1a: Meloetta|303/403|[from] Stealth Rock","|move|p2a: Rhyperior|Stone Edge|p1a: Meloetta","|-damage|p1a: Meloetta|176/403","|","|-heal|p2a: Rhyperior|129/424 brn|[from] item: Leftovers","|-damage|p2a: Rhyperior|76/424 brn|[from] brn","|turn|60","|","|move|p1a: Meloetta|Relic Song|p2a: Rhyperior","|-resisted|p2a: Rhyperior","|-damage|p2a: Rhyperior|0 fnt","|-formechange|p1a: Meloetta|Meloetta-Pirouette|[msg]","|faint|p2a: Rhyperior","|","|","|switch|p2a: Gliscor|Gliscor, M|90/352 tox","|-damage|p2a: Gliscor|46/352 tox|[from] Stealth Rock","|turn|61","|","|move|p1a: Meloetta|Psychic|p2a: Gliscor","|-damage|p2a: Gliscor|0 fnt","|faint|p2a: Gliscor","|","|","|switch|p2a: Steelix|Steelix-Mega, M|6/292 par","|-damage|p2a: Steelix|0 fnt|[from] Stealth Rock","|faint|p2a: Steelix","|","|win|Flygon For Ubers"],"p1rating":{"entryid":"6024963","serverid":"eos","formatid":"monotype","userid":"flygonforubers","username":"Flygon For Ubers","w":28,"l":"33","t":"0","gxe":46.4,"r":"1438.6407953695","rd":"68.881699525711","sigma":"0","rptime":"1439197200","rpr":1472.3330192343,"rprd":53.739660452298,"rpsigma":"0","acre":1106.2726448861,"lacre":1106.2726448861,"oldacre":"1083.92359285"},"p2rating":{"entryid":"7324952","serverid":"eos","formatid":"monotype","userid":"internrunn","username":"Intern Runn","w":"1","l":3,"t":"0","gxe":40.5,"r":1458.4431321782,"rd":111.82287269723,"sigma":"0","rptime":1439197200,"rpr":1424.657216902,"rprd":106.68887142483,"rpsigma":"0","acre":1008.5351169691,"lacre":1008.5351169691,"oldacre":"1019.0136158372"},"endType":"normal"}