{"seed":[60695,26626,14557,62397],"turns":49,"p1":"GTX♅Bzumzum","p2":"BagelBeagle","p1team":[{"name":"Flappy Fluff","species":"altaria","item":"habanberry","ability":"Cloud Nine","moves":["dragondance","earthquake","outrage","healbell"],"nature":"Jolly","evs":{"hp":0,"atk":252,"def":0,"spa":0,"spd":4,"spe":252},"gender":"M","shiny":true,"ivs":{"hp":31,"atk":31,"def":31,"spa":31,"spd":31,"spe":31}},{"name":"Annoyance","species":"mandibuzz","item":"leftovers","ability":"Overcoat","moves":["roost","knockoff","bravebird","attract"],"nature":"Impish","evs":{"hp":252,"atk":0,"def":252,"spa":0,"spd":4,"spe":0},"shiny":true,"ivs":{"hp":31,"atk":31,"def":31,"spa":31,"spd":31,"spe":31}},{"name":"Scorpoisoned","species":"gliscor","item":"toxicorb","ability":"Poison Heal","moves":["earthquake","protect","quickattack","icefang"],"nature":"Adamant","evs":{"hp":184,"atk":252,"def":0,"spa":0,"spd":0,"spe":72},"gender":"M","shiny":true,"ivs":{"hp":31,"atk":31,"def":31,"spa":31,"spd":31,"spe":31}},{"name":"Orval","species":"pidgeot","item":"pidgeotite","ability":"Big Pecks","moves":["heatwave","hurricane","roost","airslash"],"nature":"Timid","evs":{"hp":4,"atk":0,"def":0,"spa":252,"spd":0,"spe":252},"gender":"M","shiny":true,"ivs":{"hp":31,"atk":31,"def":31,"spa":31,"spd":31,"spe":31}},{"name":"Fortune","species":"xatu","item":"chartiberry","ability":"Synchronize","moves":["calmmind","batonpass","defog","roost"],"nature":"Calm","evs":{"hp":248,"atk":0,"def":252,"spa":0,"spd":8,"spe":0},"gender":"M","shiny":true,"ivs":{"hp":31,"atk":31,"def":31,"spa":31,"spd":31,"spe":31}},{"name":"What is it???","species":"skarmory","item":"leftovers","ability":"Keen Eye","moves":["defog","roost","stealthrock","steelwing"],"nature":"Impish","evs":{"hp":252,"atk":0,"def":232,"spa":0,"spd":0,"spe":24},"gender":"M","ivs":{"hp":31,"atk":31,"def":31,"spa":31,"spd":31,"spe":31}}],"p2team":[{"name":"Eat/Chew/Drink~","species":"aerodactyl","item":"choiceband","ability":"Rock Head","moves":["aerialace","earthquake","crunch","stoneedge"],"nature":"Jolly","evs":{"hp":0,"atk":252,"def":0,"spa":0,"spd":4,"spe":252},"gender":"M","shiny":true,"ivs":{"hp":31,"atk":31,"def":31,"spa":31,"spd":31,"spe":31}},{"name":"DrySkin✬Dan","species":"rhyperior","item":"weaknesspolicy","ability":"Solid Rock","moves":["earthquake","megahorn","rockslide","outrage"],"nature":"Adamant","evs":{"hp":248,"atk":252,"def":0,"spa":0,"spd":8,"spe":0},"gender":"M","shiny":true,"ivs":{"hp":31,"atk":31,"def":31,"spa":31,"spd":31,"spe":31}},{"name":"Boo-Berry Huckle","species":"shuckle","item":"leftovers","ability":"Sturdy","moves":["encore","stickyweb","toxic","infestation"],"nature":"Careful","evs":{"hp":252,"atk":4,"def":0,"spa":0,"spd":252,"spe":0},"gender":"M","shiny":true,"ivs":{"hp":31,"atk":31,"def":31,"spa":31,"spd":31,"spe":31}},{"name":"Sonic The T-Rex","species":"tyrantrum","item":"lifeorb","ability":"Rock Head","moves":["dragonclaw","ironhead","headsmash","superpower"],"nature":"Jolly","evs":{"hp":0,"atk":252,"def":0,"spa":0,"spd":4,"spe":252},"gender":"M","shiny":true,"ivs":{"hp":31,"atk":31,"def":31,"spa":31,"spd":31,"spe":31}},{"name":"Classic Toast","species":"tyranitar","item":"leftovers","ability":"Sand Stream","moves":["crunch","rockslide","thunderwave","stealthrock"],"nature":"Adamant","evs":{"hp":252,"atk":252,"def":0,"spa":0,"spd":4,"spe":0},"gender":"M","shiny":true,"ivs":{"hp":31,"atk":31,"def":31,"spa":31,"spd":31,"spe":31}},{"name":"MySpace.com","species":"cradily","item":"leftovers","ability":"Storm Drain","moves":["energyball","earthpower","recover","toxic"],"nature":"Calm","evs":{"hp":252,"atk":0,"def":0,"spa":4,"spd":252,"spe":0},"gender":"M","shiny":true,"ivs":{"hp":31,"atk":31,"def":31,"spa":31,"spd":31,"spe":31}}],"log":["|player|p1|GTX♅Bzumzum|225","|player|p2|BagelBeagle|107","|gametype|singles","|gen|6","|tier|Monotype","|rated","|rule|Baton Pass Clause: Limit one Baton Passer, can't pass Spe and other stats simultaneously","|rule|Swagger Clause: Swagger is banned","|rule|Same Type Clause: Pokémon in a team must share a type","|clearpoke","|poke|p1|Altaria, M, shiny","|poke|p1|Mandibuzz, F, shiny","|poke|p1|Gliscor, M, shiny","|poke|p1|Pidgeot, M, shiny","|poke|p1|Xatu, M, shiny","|poke|p1|Skarmory, M","|poke|p2|Aerodactyl, M, shiny","|poke|p2|Rhyperior, M, shiny","|poke|p2|Shuckle, M, shiny","|poke|p2|Tyrantrum, M, shiny","|poke|p2|Tyranitar, M, shiny","|poke|p2|Cradily, M, shiny","|rule|Sleep Clause Mod: Limit one foe put to sleep","|rule|Species Clause: Limit one of each Pokémon","|rule|OHKO Clause: OHKO moves are banned","|rule|Moody Clause: Moody is banned","|rule|Evasion Moves Clause: Evasion moves are banned","|rule|Endless Battle Clause: Forcing endless battles is banned","|rule|HP Percentage Mod: HP is shown in percentages","|teampreview","|","|start","|switch|p1a: Annoyance|Mandibuzz, F, shiny|424/424","|switch|p2a: Classic Toast|Tyranitar, M, shiny|404/404","|-weather|Sandstorm","|turn|1","|","|move|p1a: Annoyance|Attract|p2a: Classic Toast","|-start|p2a: Classic Toast|Attract","|-activate|p2a: Classic Toast|Attract|[of] p1a: Annoyance","|cant|p2a: Classic Toast|Attract","|","|-weather|Sandstorm|[upkeep]","|turn|2","|","|move|p1a: Annoyance|Knock Off|p2a: Classic Toast","|-resisted|p2a: Classic Toast","|-damage|p2a: Classic Toast|370/404","|-enditem|p2a: Classic Toast|Leftovers|[from] move: Knock Off|[of] p1a: Annoyance","|-activate|p2a: Classic Toast|Attract|[of] p1a: Annoyance","|cant|p2a: Classic Toast|Attract","|","|-weather|Sandstorm|[upkeep]","|turn|3","|","|switch|p2a: DrySkin✬Dan|Rhyperior, M, shiny|433/433","|move|p1a: Annoyance|Brave Bird|p2a: DrySkin✬Dan","|-resisted|p2a: DrySkin✬Dan","|-damage|p2a: DrySkin✬Dan|397/433","|-damage|p1a: Annoyance|412/424|[from] recoil|[of] p2a: DrySkin✬Dan","|","|-weather|Sandstorm|[upkeep]","|-heal|p1a: Annoyance|424/424|[from] item: Leftovers","|turn|4","|","|move|p1a: Annoyance|Attract|p2a: DrySkin✬Dan","|-start|p2a: DrySkin✬Dan|Attract","|-activate|p2a: DrySkin✬Dan|Attract|[of] p1a: Annoyance","|cant|p2a: DrySkin✬Dan|Attract","|","|-weather|Sandstorm|[upkeep]","|turn|5","|","|switch|p2a: MySpace.com|Cradily, M, shiny|376/376","|move|p1a: Annoyance|Knock Off|p2a: MySpace.com","|-damage|p2a: MySpace.com|300/376","|-enditem|p2a: MySpace.com|Leftovers|[from] move: Knock Off|[of] p1a: Annoyance","|","|-weather|none","|turn|6","|","|move|p1a: Annoyance|Attract|p2a: MySpace.com","|-start|p2a: MySpace.com|Attract","|-activate|p2a: MySpace.com|Attract|[of] p1a: Annoyance","|move|p2a: MySpace.com|Toxic|p1a: Annoyance","|-status|p1a: Annoyance|tox","|","|-damage|p1a: Annoyance|398/424 tox|[from] psn","|turn|7","|","|switch|p2a: Classic Toast|Tyranitar, M, shiny|370/404","|-weather|Sandstorm","|move|p1a: Annoyance|Brave Bird|p2a: Classic Toast","|-resisted|p2a: Classic Toast","|-damage|p2a: Classic Toast|322/404","|-damage|p1a: Annoyance|382/424 tox|[from] recoil|[of] p2a: Classic Toast","|","|-weather|Sandstorm|[upkeep]","|-heal|p1a: Annoyance|408/424 tox|[from] item: Leftovers","|-damage|p1a: Annoyance|356/424 tox|[from] psn","|turn|8","|","|switch|p1a: Scorpoisoned|Gliscor, M, shiny|337/337","|move|p2a: Classic Toast|Rock Slide|p1a: Scorpoisoned","|-damage|p1a: Scorpoisoned|207/337","|","|-weather|Sandstorm|[upkeep]","|-status|p1a: Scorpoisoned|tox|[from] item: Toxic Orb","|turn|9","|","|switch|p2a: DrySkin✬Dan|Rhyperior, M, shiny|397/433","|move|p1a: Scorpoisoned|Ice Fang|p2a: DrySkin✬Dan","|-supereffective|p2a: DrySkin✬Dan","|-damage|p2a: DrySkin✬Dan|312/433","|-enditem|p2a: DrySkin✬Dan|Weakness Policy","|-boost|p2a: DrySkin✬Dan|atk|2|[from] item: Weakness Policy","|-boost|p2a: DrySkin✬Dan|spa|2|[from] item: Weakness Policy","|","|-weather|Sandstorm|[upkeep]","|-heal|p1a: Scorpoisoned|249/337 tox|[from] ability: Poison Heal","|turn|10","|","|move|p1a: Scorpoisoned|Protect|p1a: Scorpoisoned","|-singleturn|p1a: Scorpoisoned|Protect","|move|p2a: DrySkin✬Dan|Rock Slide|p1a: Scorpoisoned","|-activate|p1a: Scorpoisoned|Protect","|","|-weather|Sandstorm|[upkeep]","|-heal|p1a: Scorpoisoned|291/337 tox|[from] ability: Poison Heal","|turn|11","|","|move|p1a: Scorpoisoned|Earthquake|p2a: DrySkin✬Dan","|-supereffective|p2a: DrySkin✬Dan","|-damage|p2a: DrySkin✬Dan|131/433","|move|p2a: DrySkin✬Dan|Rock Slide|p1a: Scorpoisoned","|-damage|p1a: Scorpoisoned|20/337 tox","|","|-weather|none","|-heal|p1a: Scorpoisoned|62/337 tox|[from] ability: Poison Heal","|turn|12","|","|switch|p2a: Eat/Chew/Drink~|Aerodactyl, M, shiny|301/301","|move|p1a: Scorpoisoned|Protect|p1a: Scorpoisoned","|-fail|p1a: Scorpoisoned","|","|-heal|p1a: Scorpoisoned|104/337 tox|[from] ability: Poison Heal","|turn|13","|","|move|p2a: Eat/Chew/Drink~|Crunch|p1a: Scorpoisoned","|-damage|p1a: Scorpoisoned|3/337 tox","|move|p1a: Scorpoisoned|Ice Fang|p2a: Eat/Chew/Drink~","|-supereffective|p2a: Eat/Chew/Drink~","|-damage|p2a: Eat/Chew/Drink~|119/301","|","|-heal|p1a: Scorpoisoned|45/337 tox|[from] ability: Poison Heal","|turn|14","|","|move|p1a: Scorpoisoned|Protect|p1a: Scorpoisoned","|-singleturn|p1a: Scorpoisoned|Protect","|move|p2a: Eat/Chew/Drink~|Crunch|p1a: Scorpoisoned","|-activate|p1a: Scorpoisoned|Protect","|","|-heal|p1a: Scorpoisoned|87/337 tox|[from] ability: Poison Heal","|turn|15","|","|switch|p1a: Annoyance|Mandibuzz, F, shiny|356/424 tox","|move|p2a: Eat/Chew/Drink~|Crunch|p1a: Annoyance","|-resisted|p1a: Annoyance","|-damage|p1a: Annoyance|317/424 tox","|","|-heal|p1a: Annoyance|343/424 tox|[from] item: Leftovers","|-damage|p1a: Annoyance|317/424 tox|[from] psn","|turn|16","|","|switch|p2a: Classic Toast|Tyranitar, M, shiny|322/404","|-weather|Sandstorm","|move|p1a: Annoyance|Knock Off|p2a: Classic Toast","|-resisted|p2a: Classic Toast","|-damage|p2a: Classic Toast|298/404","|","|-weather|Sandstorm|[upkeep]","|-heal|p1a: Annoyance|343/424 tox|[from] item: Leftovers","|-damage|p1a: Annoyance|291/424 tox|[from] psn","|turn|17","|","|move|p1a: Annoyance|Attract|p2a: Classic Toast","|-start|p2a: Classic Toast|Attract","|-activate|p2a: Classic Toast|Attract|[of] p1a: Annoyance","|cant|p2a: Classic Toast|Attract","|","|-weather|Sandstorm|[upkeep]","|-heal|p1a: Annoyance|317/424 tox|[from] item: Leftovers","|-damage|p1a: Annoyance|239/424 tox|[from] psn","|turn|18","|","|move|p1a: Annoyance|Brave Bird|p2a: Classic Toast","|-resisted|p2a: Classic Toast","|-damage|p2a: Classic Toast|253/404","|-damage|p1a: Annoyance|224/424 tox|[from] recoil|[of] p2a: Classic Toast","|-activate|p2a: Classic Toast|Attract|[of] p1a: Annoyance","|move|p2a: Classic Toast|Stealth Rock|p1a: Annoyance","|-sidestart|p1: GTX♅Bzumzum|move: Stealth Rock","|","|-weather|Sandstorm|[upkeep]","|-heal|p1a: Annoyance|250/424 tox|[from] item: Leftovers","|-damage|p1a: Annoyance|146/424 tox|[from] psn","|turn|19","|","|move|p1a: Annoyance|Roost|p1a: Annoyance","|-heal|p1a: Annoyance|358/424 tox","|-activate|p2a: Classic Toast|Attract|[of] p1a: Annoyance","|move|p2a: Classic Toast|Rock Slide|p1a: Annoyance","|-damage|p1a: Annoyance|261/424 tox","|","|-weather|Sandstorm|[upkeep]","|-heal|p1a: Annoyance|287/424 tox|[from] item: Leftovers","|-damage|p1a: Annoyance|157/424 tox|[from] psn","|turn|20","|","|switch|p2a: Eat/Chew/Drink~|Aerodactyl, M, shiny|119/301","|move|p1a: Annoyance|Roost|p1a: Annoyance","|-heal|p1a: Annoyance|369/424 tox","|","|-weather|none","|-heal|p1a: Annoyance|395/424 tox|[from] item: Leftovers","|-damage|p1a: Annoyance|239/424 tox|[from] psn","|turn|21","|","|switch|p1a: What is it???|Skarmory, M|334/334","|-damage|p1a: What is it???|293/334|[from] Stealth Rock","|move|p2a: Eat/Chew/Drink~|Stone Edge|p1a: What is it???","|-damage|p1a: What is it???|163/334","|","|-heal|p1a: What is it???|183/334|[from] item: Leftovers","|turn|22","|","|move|p2a: Eat/Chew/Drink~|Stone Edge|p1a: What is it???","|-damage|p1a: What is it???|59/334","|move|p1a: What is it???|Defog|p2a: Eat/Chew/Drink~","|-unboost|p2a: Eat/Chew/Drink~|evasion|1","|-sideend|p1: GTX♅Bzumzum|Stealth Rock|[from] move: Defog|[of] p1a: What is it???","|","|-heal|p1a: What is it???|79/334|[from] item: Leftovers","|turn|23","|","|switch|p1a: Annoyance|Mandibuzz, F, shiny|239/424 tox","|move|p2a: Eat/Chew/Drink~|Stone Edge|p1a: Annoyance","|-supereffective|p1a: Annoyance","|-damage|p1a: Annoyance|0 fnt","|faint|p1a: Annoyance","|","|","|switch|p1a: Scorpoisoned|Gliscor, M, shiny|87/337 tox","|turn|24","|","|switch|p2a: Classic Toast|Tyranitar, M, shiny|253/404","|-weather|Sandstorm","|move|p1a: Scorpoisoned|Protect|p1a: Scorpoisoned","|-fail|p1a: Scorpoisoned","|","|-weather|Sandstorm|[upkeep]","|-heal|p1a: Scorpoisoned|129/337 tox|[from] ability: Poison Heal","|turn|25","|","|move|p1a: Scorpoisoned|Protect|p1a: Scorpoisoned","|-singleturn|p1a: Scorpoisoned|Protect","|move|p2a: Classic Toast|Rock Slide|p1a: Scorpoisoned","|-activate|p1a: Scorpoisoned|Protect","|","|-weather|Sandstorm|[upkeep]","|-heal|p1a: Scorpoisoned|171/337 tox|[from] ability: Poison Heal","|turn|26","|","|move|p1a: Scorpoisoned|Ice Fang|p2a: Classic Toast","|-damage|p2a: Classic Toast|187/404","|move|p2a: Classic Toast|Crunch|p1a: Scorpoisoned","|-damage|p1a: Scorpoisoned|35/337 tox","|","|-weather|Sandstorm|[upkeep]","|-heal|p1a: Scorpoisoned|77/337 tox|[from] ability: Poison Heal","|turn|27","|","|switch|p2a: Sonic The T-Rex|Tyrantrum, M, shiny|305/305","|move|p1a: Scorpoisoned|Protect|p1a: Scorpoisoned","|-fail|p1a: Scorpoisoned","|","|-weather|Sandstorm|[upkeep]","|-heal|p1a: Scorpoisoned|119/337 tox|[from] ability: Poison Heal","|turn|28","|","|move|p1a: Scorpoisoned|Protect|p1a: Scorpoisoned","|-singleturn|p1a: Scorpoisoned|Protect","|move|p2a: Sonic The T-Rex|Dragon Claw|p1a: Scorpoisoned","|-activate|p1a: Scorpoisoned|Protect","|","|-weather|none","|-heal|p1a: Scorpoisoned|161/337 tox|[from] ability: Poison Heal","|turn|29","|","|move|p2a: Sonic The T-Rex|Head Smash|p1a: Scorpoisoned|[miss]","|-miss|p2a: Sonic The T-Rex|p1a: Scorpoisoned","|move|p1a: Scorpoisoned|Ice Fang|p2a: Sonic The T-Rex","|-supereffective|p2a: Sonic The T-Rex","|-damage|p2a: Sonic The T-Rex|175/305","|","|-heal|p1a: Scorpoisoned|203/337 tox|[from] ability: Poison Heal","|turn|30","|","|move|p1a: Scorpoisoned|Protect|p1a: Scorpoisoned","|-singleturn|p1a: Scorpoisoned|Protect","|move|p2a: Sonic The T-Rex|Head Smash|p1a: Scorpoisoned","|-activate|p1a: Scorpoisoned|Protect","|","|-heal|p1a: Scorpoisoned|245/337 tox|[from] ability: Poison Heal","|turn|31","|","|move|p2a: Sonic The T-Rex|Head Smash|p1a: Scorpoisoned","|-damage|p1a: Scorpoisoned|0 fnt","|-damage|p2a: Sonic The T-Rex|145/305|[from] item: Life Orb","|faint|p1a: Scorpoisoned","|","|","|switch|p1a: Flappy Fluff|Altaria, M, shiny|291/291","|-ability|p1a: Flappy Fluff|Cloud Nine","|turn|32","|","|move|p1a: Flappy Fluff|Dragon Dance|p1a: Flappy Fluff","|-boost|p1a: Flappy Fluff|atk|1","|-boost|p1a: Flappy Fluff|spe|1","|move|p2a: Sonic The T-Rex|Iron Head|p1a: Flappy Fluff","|-damage|p1a: Flappy Fluff|162/291","|-damage|p2a: Sonic The T-Rex|115/305|[from] item: Life Orb","|","|turn|33","|","|move|p1a: Flappy Fluff|Earthquake|p2a: Sonic The T-Rex","|-supereffective|p2a: Sonic The T-Rex","|-damage|p2a: Sonic The T-Rex|0 fnt","|faint|p2a: Sonic The T-Rex","|","|","|switch|p2a: Boo-Berry Huckle|Shuckle, M, shiny|244/244","|turn|34","|","|move|p1a: Flappy Fluff|Dragon Dance|p1a: Flappy Fluff","|-boost|p1a: Flappy Fluff|atk|1","|-boost|p1a: Flappy Fluff|spe|1","|move|p2a: Boo-Berry Huckle|Encore|p1a: Flappy Fluff","|-start|p1a: Flappy Fluff|Encore","|","|turn|35","|","|move|p1a: Flappy Fluff|Dragon Dance|p1a: Flappy Fluff","|-boost|p1a: Flappy Fluff|atk|1","|-boost|p1a: Flappy Fluff|spe|1","|move|p2a: Boo-Berry Huckle|Toxic|p1a: Flappy Fluff","|-status|p1a: Flappy Fluff|tox","|","|-damage|p1a: Flappy Fluff|144/291 tox|[from] psn","|turn|36","|","|move|p1a: Flappy Fluff|Dragon Dance|p1a: Flappy Fluff","|-boost|p1a: Flappy Fluff|atk|1","|-boost|p1a: Flappy Fluff|spe|1","|move|p2a: Boo-Berry Huckle|Infestation|p1a: Flappy Fluff","|-resisted|p1a: Flappy Fluff","|-damage|p1a: Flappy Fluff|141/291 tox","|-activate|p1a: Flappy Fluff|move: Infestation|[of] p2a: Boo-Berry Huckle","|","|-damage|p1a: Flappy Fluff|105/291 tox|[from] psn","|-damage|p1a: Flappy Fluff|69/291 tox|[from] move: Infestation|[partiallytrapped]","|turn|37","|","|move|p1a: Flappy Fluff|Dragon Dance|p1a: Flappy Fluff","|-boost|p1a: Flappy Fluff|atk|1","|-boost|p1a: Flappy Fluff|spe|1","|move|p2a: Boo-Berry Huckle|Infestation|p1a: Flappy Fluff","|-resisted|p1a: Flappy Fluff","|-damage|p1a: Flappy Fluff|66/291 tox","|","|-damage|p1a: Flappy Fluff|12/291 tox|[from] psn","|-damage|p1a: Flappy Fluff|0 fnt|[from] move: Infestation|[partiallytrapped]","|faint|p1a: Flappy Fluff","|","|switch|p1a: What is it???|Skarmory, M|79/334","|turn|38","|","|move|p1a: What is it???|Roost|p1a: What is it???","|-heal|p1a: What is it???|246/334","|move|p2a: Boo-Berry Huckle|Infestation|p1a: What is it???","|-resisted|p1a: What is it???","|-damage|p1a: What is it???|243/334","|-activate|p1a: What is it???|move: Infestation|[of] p2a: Boo-Berry Huckle","|","|-heal|p1a: What is it???|263/334|[from] item: Leftovers","|-damage|p1a: What is it???|222/334|[from] move: Infestation|[partiallytrapped]","|turn|39","|","|switch|p2a: Classic Toast|Tyranitar, M, shiny|187/404","|-weather|Sandstorm","|move|p1a: What is it???|Steel Wing|p2a: Classic Toast","|-supereffective|p2a: Classic Toast","|-damage|p2a: Classic Toast|59/404","|","|-weather|Sandstorm|[upkeep]","|-heal|p1a: What is it???|242/334|[from] item: Leftovers","|turn|40","|","|move|p1a: What is it???|Steel Wing|p2a: Classic Toast|[miss]","|-miss|p1a: What is it???|p2a: Classic Toast","|move|p2a: Classic Toast|Thunder Wave|p1a: What is it???","|-status|p1a: What is it???|par","|","|-weather|Sandstorm|[upkeep]","|-heal|p1a: What is it???|262/334 par|[from] item: Leftovers","|turn|41","|","|move|p2a: Classic Toast|Rock Slide|p1a: What is it???","|-damage|p1a: What is it???|181/334 par","|move|p1a: What is it???|Steel Wing|p2a: Classic Toast","|-supereffective|p2a: Classic Toast","|-damage|p2a: Classic Toast|0 fnt","|faint|p2a: Classic Toast","|","|-weather|Sandstorm|[upkeep]","|-heal|p1a: What is it???|201/334 par|[from] item: Leftovers","|","|switch|p2a: Eat/Chew/Drink~|Aerodactyl, M, shiny|119/301","|turn|42","|","|move|p2a: Eat/Chew/Drink~|Crunch|p1a: What is it???","|-damage|p1a: What is it???|124/334 par","|cant|p1a: What is it???|par","|","|-weather|Sandstorm|[upkeep]","|-heal|p1a: What is it???|144/334 par|[from] item: Leftovers","|turn|43","|","|switch|p2a: DrySkin✬Dan|Rhyperior, M, shiny|131/433","|move|p1a: What is it???|Steel Wing|p2a: DrySkin✬Dan","|-supereffective|p2a: DrySkin✬Dan","|-damage|p2a: DrySkin✬Dan|44/433","|","|-weather|none","|-heal|p1a: What is it???|164/334 par|[from] item: Leftovers","|turn|44","|","|move|p2a: DrySkin✬Dan|Rock Slide|p1a: What is it???","|-damage|p1a: What is it???|77/334 par","|move|p1a: What is it???|Steel Wing|p2a: DrySkin✬Dan","|-supereffective|p2a: DrySkin✬Dan","|-damage|p2a: DrySkin✬Dan|0 fnt","|faint|p2a: DrySkin✬Dan","|","|-heal|p1a: What is it???|97/334 par|[from] item: Leftovers","|","|switch|p2a: Eat/Chew/Drink~|Aerodactyl, M, shiny|119/301","|turn|45","|","|move|p2a: Eat/Chew/Drink~|Stone Edge|p1a: What is it???","|-damage|p1a: What is it???|0 fnt","|faint|p1a: What is it???","|","|","|switch|p1a: Fortune|Xatu, M, shiny|333/333","|turn|46","|","|move|p2a: Eat/Chew/Drink~|Stone Edge|p1a: Fortune","|-supereffective|p1a: Fortune","|-enditem|p1a: Fortune|Charti Berry|[eat]","|-damage|p1a: Fortune|101/333","|move|p1a: Fortune|Calm Mind|p1a: Fortune","|-boost|p1a: Fortune|spa|1","|-boost|p1a: Fortune|spd|1","|","|turn|47","|","|move|p2a: Eat/Chew/Drink~|Stone Edge|p1a: Fortune|[miss]","|-miss|p2a: Eat/Chew/Drink~|p1a: Fortune","|move|p1a: Fortune|Baton Pass|p1a: Fortune","|","|switch|p1a: Orval|Pidgeot, M, shiny|308/308","|","|turn|48","|","|detailschange|p1a: Orval|Pidgeot-Mega, M, shiny","|-mega|p1a: Orval|Pidgeot|Pidgeotite","|move|p2a: Eat/Chew/Drink~|Stone Edge|p1a: Orval","|-supereffective|p1a: Orval","|-damage|p1a: Orval|0 fnt","|faint|p1a: Orval","|","|","|switch|p1a: Fortune|Xatu, M, shiny|101/333","|turn|49","|","|move|p2a: Eat/Chew/Drink~|Stone Edge|p1a: Fortune","|-supereffective|p1a: Fortune","|-damage|p1a: Fortune|0 fnt","|faint|p1a: Fortune","|","|win|BagelBeagle"],"p1rating":{"entryid":"6857825","serverid":"eos","formatid":"monotype","userid":"gtxbzumzum","username":"GTX♅Bzumzum","w":"26","l":101,"t":"0","gxe":21.9,"r":"1267.8281172118","rd":"37.061215733452","sigma":"0","rptime":"1439110800","rpr":1259.6654960347,"rprd":35.90737275393,"rpsigma":"0","acre":1000,"lacre":1000,"oldacre":"1000"},"p2rating":{"entryid":"7518165","serverid":"eos","formatid":"monotype","userid":"bagelbeagle","username":"BagelBeagle","w":8,"l":"13","t":"0","gxe":41.4,"r":"1500","rd":"130","sigma":"0","rptime":"1439110800","rpr":1433.1656889509,"rprd":69.791266122081,"rpsigma":"0","acre":1065.2666989822,"lacre":1065.2666989822,"oldacre":"1033.7008472008"},"endType":"normal"}