{"seed":[10326,13782,52053,44343],"turns":22,"p1":"GLReshiram","p2":"DSV","p1team":[{"name":"Heatran","species":"Heatran","item":"assaultvest","ability":"Flash Fire","moves":["firespin","earthpower","explosion","flashcannon"],"nature":"Mild","evs":{"hp":148,"atk":0,"def":0,"spa":252,"spd":108,"spe":0},"ivs":{"hp":31,"atk":31,"def":31,"spa":31,"spd":31,"spe":31}},{"name":"Ninetales","species":"Ninetales","item":"focussash","ability":"Drought","moves":["flamethrower","solarbeam","hiddenpowerelectric","nastyplot"],"nature":"Timid","evs":{"hp":0,"atk":0,"def":0,"spa":252,"spd":4,"spe":252},"ivs":{"hp":31,"atk":31,"def":31,"spa":30,"spd":31,"spe":31}},{"name":"Torkoal","species":"Torkoal","item":"leftovers","ability":"Shell Armor","moves":["protect","toxic","lavaplume","rapidspin"],"nature":"Bold","evs":{"hp":252,"atk":0,"def":252,"spa":4,"spd":0,"spe":0},"ivs":{"hp":31,"atk":31,"def":31,"spa":31,"spd":31,"spe":31}},{"name":"Rotom-Heat","species":"Rotom-Heat","item":"lightclay","ability":"Levitate","moves":["voltswitch","painsplit","reflect","lightscreen"],"nature":"Timid","evs":{"hp":236,"atk":0,"def":8,"spa":4,"spd":8,"spe":252},"ivs":{"hp":31,"atk":31,"def":31,"spa":31,"spd":31,"spe":31}},{"name":"Infernape","species":"Infernape","item":"lifeorb","ability":"Iron Fist","moves":["firepunch","machpunch","thunderpunch","uturn"],"nature":"Jolly","evs":{"hp":4,"atk":252,"def":0,"spa":0,"spd":0,"spe":252},"ivs":{"hp":31,"atk":31,"def":31,"spa":31,"spd":31,"spe":31}},{"name":"Charizard","species":"Charizard","item":"charizarditex","ability":"Blaze","moves":["dragondance","roost","dragonclaw","earthquake"],"nature":"Adamant","evs":{"hp":176,"atk":68,"def":0,"spa":0,"spd":0,"spe":80},"ivs":{"hp":31,"atk":31,"def":31,"spa":31,"spd":31,"spe":31}}],"p2team":[{"name":"Scizor","species":"Scizor","item":"scizorite","ability":"Technician","moves":["bulletpunch","knockoff","swordsdance","roost"],"nature":"Adamant","evs":{"hp":248,"atk":252,"def":0,"spa":0,"spd":8,"spe":0},"ivs":{"hp":31,"atk":31,"def":31,"spa":31,"spd":31,"spe":31}},{"name":"Volcarona","species":"Volcarona","item":"leftovers","ability":"Flame Body","moves":["quiverdance","gigadrain","hiddenpowerground","fierydance"],"nature":"Bold","evs":{"hp":252,"atk":0,"def":204,"spa":0,"spd":0,"spe":52},"ivs":{"hp":31,"atk":31,"def":31,"spa":30,"spd":30,"spe":31}},{"name":"Yanmega","species":"Yanmega","item":"focussash","ability":"Speed Boost","moves":["protect","airslash","bugbuzz","hiddenpowerrock"],"nature":"Modest","evs":{"hp":0,"atk":0,"def":4,"spa":252,"spd":0,"spe":252},"ivs":{"hp":31,"atk":31,"def":30,"spa":31,"spd":30,"spe":30}},{"name":"Heracross","species":"Heracross","item":"choicescarf","ability":"Guts","moves":["closecombat","earthquake","rockslide","megahorn"],"nature":"Jolly","evs":{"hp":0,"atk":252,"def":0,"spa":0,"spd":4,"spe":252},"ivs":{"hp":31,"atk":31,"def":31,"spa":31,"spd":31,"spe":31}},{"name":"Durant","species":"Durant","item":"focussash","ability":"Hustle","moves":["honeclaws","ironhead","rockslide","superpower"],"nature":"Jolly","evs":{"hp":0,"atk":252,"def":0,"spa":0,"spd":4,"spe":252},"ivs":{"hp":31,"atk":31,"def":31,"spa":31,"spd":31,"spe":31}},{"name":"Armaldo","species":"Armaldo","item":"assaultvest","ability":"Battle Armor","moves":["smackdown","earthquake","aquajet","rapidspin"],"nature":"Adamant","evs":{"hp":248,"atk":252,"def":0,"spa":0,"spd":8,"spe":0},"ivs":{"hp":31,"atk":31,"def":31,"spa":31,"spd":31,"spe":31}}],"log":["|player|p1|GLReshiram|170","|player|p2|DSV|159","|gametype|singles","|gen|6","|tier|Monotype","|rated","|rule|Baton Pass Clause: Limit one Baton Passer, can't pass Spe and other stats simultaneously","|rule|Swagger Clause: Swagger is banned","|rule|Same Type Clause: Pokémon in a team must share a type","|clearpoke","|poke|p1|Heatran, M","|poke|p1|Ninetales, M","|poke|p1|Torkoal, F","|poke|p1|Rotom-Heat","|poke|p1|Infernape, F","|poke|p1|Charizard, M","|poke|p2|Scizor, F","|poke|p2|Volcarona, F","|poke|p2|Yanmega, F","|poke|p2|Heracross, F","|poke|p2|Durant, F","|poke|p2|Armaldo, F","|rule|Sleep Clause Mod: Limit one foe put to sleep","|rule|Species Clause: Limit one of each Pokémon","|rule|OHKO Clause: OHKO moves are banned","|rule|Moody Clause: Moody is banned","|rule|Evasion Moves Clause: Evasion moves are banned","|rule|Endless Battle Clause: Forcing endless battles is banned","|rule|HP Percentage Mod: HP is shown in percentages","|teampreview","|","|start","|switch|p1a: Charizard|Charizard, M|341/341","|switch|p2a: Armaldo|Armaldo, F|353/353","|turn|1","|","|detailschange|p1a: Charizard|Charizard-Mega-X, M","|-mega|p1a: Charizard|Charizard|Charizardite X","|move|p1a: Charizard|Dragon Dance|p1a: Charizard","|-boost|p1a: Charizard|atk|1","|-boost|p1a: Charizard|spe|1","|move|p2a: Armaldo|Smack Down|p1a: Charizard","|-supereffective|p1a: Charizard","|-damage|p1a: Charizard|165/341","|","|turn|2","|","|move|p1a: Charizard|Earthquake|p2a: Armaldo","|-damage|p2a: Armaldo|178/353","|move|p2a: Armaldo|Earthquake|p1a: Charizard","|-supereffective|p1a: Charizard","|-damage|p1a: Charizard|0 fnt","|faint|p1a: Charizard","|","|","|switch|p1a: Rotom-Heat|Rotom-Heat|300/300","|turn|3","|","|move|p1a: Rotom-Heat|Reflect|p1a: Rotom-Heat","|-sidestart|p1: GLReshiram|Reflect","|move|p2a: Armaldo|Smack Down|p1a: Rotom-Heat","|-supereffective|p1a: Rotom-Heat","|-damage|p1a: Rotom-Heat|215/300","|-start|p1a: Rotom-Heat|Smack Down","|","|turn|4","|","|move|p1a: Rotom-Heat|Volt Switch|p2a: Armaldo","|-damage|p2a: Armaldo|112/353","|","|switch|p1a: Torkoal|Torkoal, F|344/344","|move|p2a: Armaldo|Earthquake|p1a: Torkoal","|-supereffective|p1a: Torkoal","|-damage|p1a: Torkoal|271/344","|","|-heal|p1a: Torkoal|292/344|[from] item: Leftovers","|turn|5","|","|move|p2a: Armaldo|Smack Down|p1a: Torkoal","|-supereffective|p1a: Torkoal","|-damage|p1a: Torkoal|240/344","|move|p1a: Torkoal|Lava Plume|p2a: Armaldo","|-damage|p2a: Armaldo|43/353","|","|-heal|p1a: Torkoal|261/344|[from] item: Leftovers","|turn|6","|","|move|p2a: Armaldo|Earthquake|p1a: Torkoal","|-supereffective|p1a: Torkoal","|-damage|p1a: Torkoal|190/344","|move|p1a: Torkoal|Lava Plume|p2a: Armaldo","|-damage|p2a: Armaldo|0 fnt","|faint|p2a: Armaldo","|","|-heal|p1a: Torkoal|211/344|[from] item: Leftovers","|","|switch|p2a: Volcarona|Volcarona, F|374/374","|turn|7","|","|move|p2a: Volcarona|Quiver Dance|p2a: Volcarona","|-boost|p2a: Volcarona|spa|1","|-boost|p2a: Volcarona|spd|1","|-boost|p2a: Volcarona|spe|1","|move|p1a: Torkoal|Toxic|p2a: Volcarona","|-status|p2a: Volcarona|tox","|","|-heal|p1a: Torkoal|232/344|[from] item: Leftovers","|-damage|p2a: Volcarona|351/374 tox|[from] psn","|turn|8","|","|switch|p1a: Rotom-Heat|Rotom-Heat|215/300","|move|p2a: Volcarona|Hidden Power|p1a: Rotom-Heat","|-immune|p1a: Rotom-Heat|[msg]","|","|-heal|p2a: Volcarona|374/374 tox|[from] item: Leftovers","|-damage|p2a: Volcarona|328/374 tox|[from] psn","|turn|9","|","|move|p2a: Volcarona|Fiery Dance|p1a: Rotom-Heat","|-resisted|p1a: Rotom-Heat","|-damage|p1a: Rotom-Heat|128/300","|move|p1a: Rotom-Heat|Light Screen|p1a: Rotom-Heat","|-sidestart|p1: GLReshiram|move: Light Screen","|","|-heal|p2a: Volcarona|351/374 tox|[from] item: Leftovers","|-damage|p2a: Volcarona|282/374 tox|[from] psn","|turn|10","|","|move|p2a: Volcarona|Giga Drain|p1a: Rotom-Heat","|-resisted|p1a: Rotom-Heat","|-damage|p1a: Rotom-Heat|99/300","|-heal|p2a: Volcarona|297/374 tox|[from] drain|[of] p1a: Rotom-Heat","|move|p1a: Rotom-Heat|Pain Split|p2a: Volcarona","|-sethp|p2a: Volcarona|198/374 tox|p1a: Rotom-Heat|198/300|[from] move: Pain Split","|","|-heal|p2a: Volcarona|221/374 tox|[from] item: Leftovers","|-damage|p2a: Volcarona|129/374 tox|[from] psn","|-sideend|p1: GLReshiram|Reflect","|turn|11","|","|move|p2a: Volcarona|Fiery Dance|p1a: Rotom-Heat","|-resisted|p1a: Rotom-Heat","|-damage|p1a: Rotom-Heat|159/300","|move|p1a: Rotom-Heat|Volt Switch|p2a: Volcarona","|-damage|p2a: Volcarona|69/374 tox","|","|switch|p1a: Torkoal|Torkoal, F|232/344","|","|-heal|p2a: Volcarona|92/374 tox|[from] item: Leftovers","|-heal|p1a: Torkoal|253/344|[from] item: Leftovers","|-damage|p2a: Volcarona|0 fnt|[from] psn","|faint|p2a: Volcarona","|","|switch|p2a: Yanmega|Yanmega, F|313/313","|turn|12","|","|move|p2a: Yanmega|Air Slash|p1a: Torkoal","|-damage|p1a: Torkoal|159/344","|move|p1a: Torkoal|Toxic|p2a: Yanmega","|-status|p2a: Yanmega|tox","|","|-heal|p1a: Torkoal|180/344|[from] item: Leftovers","|-damage|p2a: Yanmega|294/313 tox|[from] psn","|-boost|p2a: Yanmega|spe|1|[from] ability: Speed Boost","|turn|13","|","|move|p2a: Yanmega|Air Slash|p1a: Torkoal","|-damage|p1a: Torkoal|96/344","|move|p1a: Torkoal|Lava Plume|p2a: Yanmega","|-supereffective|p2a: Yanmega","|-damage|p2a: Yanmega|34/313 tox","|","|-heal|p1a: Torkoal|117/344|[from] item: Leftovers","|-damage|p2a: Yanmega|0 fnt|[from] psn","|faint|p2a: Yanmega","|","|switch|p2a: Heracross|Heracross, F|301/301","|turn|14","|","|move|p1a: Torkoal|Protect|p1a: Torkoal","|-singleturn|p1a: Torkoal|Protect","|move|p2a: Heracross|Rock Slide|p1a: Torkoal","|-activate|p1a: Torkoal|Protect","|","|-heal|p1a: Torkoal|138/344|[from] item: Leftovers","|turn|15","|","|move|p2a: Heracross|Rock Slide|p1a: Torkoal","|-miss|p2a: Heracross|p1a: Torkoal","|move|p1a: Torkoal|Lava Plume|p2a: Heracross","|-supereffective|p2a: Heracross","|-damage|p2a: Heracross|137/301","|-status|p2a: Heracross|brn","|","|-heal|p1a: Torkoal|159/344|[from] item: Leftovers","|-damage|p2a: Heracross|100/301 brn|[from] brn","|turn|16","|","|move|p2a: Heracross|Rock Slide|p1a: Torkoal","|-supereffective|p1a: Torkoal","|-damage|p1a: Torkoal|7/344","|move|p1a: Torkoal|Lava Plume|p2a: Heracross","|-supereffective|p2a: Heracross","|-damage|p2a: Heracross|0 fnt","|faint|p2a: Heracross","|","|-heal|p1a: Torkoal|28/344|[from] item: Leftovers","|-sideend|p1: GLReshiram|move: Light Screen","|","|switch|p2a: Durant|Durant, F|257/257","|turn|17","|","|move|p1a: Torkoal|Protect|p1a: Torkoal","|-singleturn|p1a: Torkoal|Protect","|move|p2a: Durant|Iron Head|p1a: Torkoal","|-activate|p1a: Torkoal|Protect","|","|-heal|p1a: Torkoal|49/344|[from] item: Leftovers","|turn|18","|","|move|p2a: Durant|Rock Slide|p1a: Torkoal","|-supereffective|p1a: Torkoal","|-damage|p1a: Torkoal|0 fnt","|faint|p1a: Torkoal","|","|","|switch|p1a: Rotom-Heat|Rotom-Heat|159/300","|turn|19","|","|move|p2a: Durant|Rock Slide|p1a: Rotom-Heat","|-supereffective|p1a: Rotom-Heat","|-damage|p1a: Rotom-Heat|0 fnt","|faint|p1a: Rotom-Heat","|","|","|switch|p1a: Ninetales|Ninetales, M|287/287","|-weather|SunnyDay","|turn|20","|","|move|p2a: Durant|Rock Slide|p1a: Ninetales","|-supereffective|p1a: Ninetales","|-enditem|p1a: Ninetales|Focus Sash","|-damage|p1a: Ninetales|1/287","|move|p1a: Ninetales|Flamethrower|p2a: Durant","|-supereffective|p2a: Durant","|-enditem|p2a: Durant|Focus Sash","|-damage|p2a: Durant|1/257","|","|-weather|SunnyDay|[upkeep]","|turn|21","|","|switch|p1a: Heatran|Heatran, M|360/360","|move|p2a: Durant|Iron Head|p1a: Heatran","|-resisted|p1a: Heatran","|-damage|p1a: Heatran|307/360","|","|-weather|SunnyDay|[upkeep]","|turn|22","|","|move|p2a: Durant|Superpower|p1a: Heatran|[miss]","|-miss|p2a: Durant|p1a: Heatran","|move|p1a: Heatran|Earth Power|p2a: Durant","|-damage|p2a: Durant|0 fnt","|faint|p2a: Durant","|","|-weather|SunnyDay|[upkeep]","|player|p2","|","|win|GLReshiram"],"p1rating":{"entryid":"6886801","serverid":"eos","formatid":"monotype","userid":"glreshiram","username":"GL♅Reshiram","w":18,"l":"19","t":"0","gxe":49.1,"r":"1486.7972587549","rd":"58.073456274428","sigma":"0","rptime":"1439197200","rpr":1493.4007290696,"rprd":56.83317942204,"rpsigma":"0","acre":1113.926234414,"lacre":1113.926234414,"oldacre":"1064.8758094364"},"p2rating":{"entryid":"6124841","serverid":"eos","formatid":"monotype","userid":"dsv","username":"DSV","w":"45","l":22,"t":"0","gxe":70.3,"r":"1687.7770826039","rd":"49.681519463303","sigma":"0","rptime":"1439197200","rpr":1663.1053447903,"rprd":48.4015064528,"rpsigma":"0","acre":1284.6427343566,"lacre":1284.6427343566,"oldacre":"1317.0528085961"},"endType":"forfeit"}