{"seed":[19815,62647,36843,63814],"turns":27,"p1":"Crystal Blade64","p2":"Entropy Banette","p1team":[{"name":"Salute The Sun!","species":"charizard","item":"charizarditey","ability":"Blaze","moves":["airslash","dragonpulse","fireblast","solarbeam"],"nature":"Timid","evs":{"hp":4,"atk":0,"def":0,"spa":252,"spd":0,"spe":252},"ivs":{"hp":31,"atk":31,"def":31,"spa":31,"spd":31,"spe":31}},{"name":"TMNT","species":"torkoal","item":"focussash","ability":"Shell Armor","moves":["stealthrock","rapidspin","yawn","lavaplume"],"nature":"Calm","evs":{"hp":252,"atk":0,"def":0,"spa":4,"spd":252,"spe":0},"ivs":{"hp":31,"atk":31,"def":31,"spa":31,"spd":31,"spe":31}},{"name":"TotallyScarfed","species":"victini","item":"choicescarf","ability":"Victory Star","moves":["boltstrike","vcreate","uturn","zenheadbutt"],"nature":"Jolly","evs":{"hp":0,"atk":252,"def":0,"spa":0,"spd":4,"spe":252},"ivs":{"hp":31,"atk":31,"def":31,"spa":31,"spd":31,"spe":31}},{"name":"Kyuubi","species":"ninetales","item":"heatrock","ability":"Drought","moves":["solarbeam","fireblast","psyshock","nastyplot"],"nature":"Timid","evs":{"hp":4,"atk":0,"def":0,"spa":252,"spd":0,"spe":252},"ivs":{"hp":31,"atk":31,"def":31,"spa":31,"spd":31,"spe":31}},{"name":"EruptionSpam","species":"typhlosion","item":"choicescarf","ability":"Blaze","moves":["eruption","solarbeam","focusblast","heatwave"],"nature":"Timid","evs":{"hp":4,"atk":0,"def":0,"spa":252,"spd":0,"spe":252},"ivs":{"hp":31,"atk":31,"def":31,"spa":31,"spd":31,"spe":31}},{"name":"I'm On Fire","species":"chandelure","item":"choicescarf","ability":"Infiltrator","moves":["energyball","fireblast","shadowball","trick"],"nature":"Modest","evs":{"hp":4,"atk":0,"def":0,"spa":252,"spd":0,"spe":252},"ivs":{"hp":31,"atk":31,"def":31,"spa":31,"spd":31,"spe":31}}],"p2team":[{"name":"Drifblim","species":"Drifblim","item":"weaknesspolicy","ability":"Unburden","moves":["batonpass","stockpile","shadowball","defog"],"nature":"Timid","evs":{"hp":248,"atk":0,"def":0,"spa":8,"spd":0,"spe":252},"ivs":{"hp":31,"atk":31,"def":31,"spa":31,"spd":31,"spe":31}},{"name":"Gliscor","species":"Gliscor","item":"toxicorb","ability":"Poison Heal","moves":["protect","substitute","toxic","earthquake"],"nature":"Impish","evs":{"hp":248,"atk":0,"def":188,"spa":0,"spd":0,"spe":72},"ivs":{"hp":31,"atk":31,"def":31,"spa":31,"spd":31,"spe":31}},{"name":"Pidgeot","species":"Pidgeot","item":"pidgeotite","ability":"Keen Eye","moves":["hurricane","heatwave","roost","hiddenpowerice"],"nature":"Timid","evs":{"hp":0,"atk":0,"def":0,"spa":252,"spd":4,"spe":252},"ivs":{"hp":31,"atk":30,"def":30,"spa":31,"spd":31,"spe":31}},{"name":"Dragonite","species":"Dragonite","item":"weaknesspolicy","ability":"Multiscale","moves":["dragondance","extremespeed","earthquake","dragonclaw"],"nature":"Adamant","evs":{"hp":0,"atk":252,"def":0,"spa":0,"spd":4,"spe":252},"ivs":{"hp":31,"atk":31,"def":31,"spa":31,"spd":31,"spe":31}},{"name":"Moltres","species":"Moltres","item":"leftovers","ability":"Pressure","moves":["agility","fireblast","airslash","hiddenpowerice"],"nature":"Modest","evs":{"hp":0,"atk":0,"def":0,"spa":252,"spd":4,"spe":252},"ivs":{"hp":31,"atk":30,"def":30,"spa":31,"spd":31,"spe":31}},{"name":"Gyarados","species":"Gyarados","item":"leftovers","ability":"Intimidate","moves":["dragondance","waterfall","earthquake","stoneedge"],"nature":"Adamant","evs":{"hp":0,"atk":252,"def":0,"spa":0,"spd":4,"spe":252},"ivs":{"hp":31,"atk":31,"def":31,"spa":31,"spd":31,"spe":31}}],"log":["|player|p1|Crystal Blade64|165","|player|p2|Entropy Banette|144","|gametype|singles","|gen|6","|tier|Monotype","|rated","|rule|Baton Pass Clause: Limit one Baton Passer, can't pass Spe and other stats simultaneously","|rule|Swagger Clause: Swagger is banned","|rule|Same Type Clause: Pokémon in a team must share a type","|clearpoke","|poke|p1|Charizard, M","|poke|p1|Torkoal, M","|poke|p1|Victini","|poke|p1|Ninetales, M","|poke|p1|Typhlosion, F","|poke|p1|Chandelure, M","|poke|p2|Drifblim, M","|poke|p2|Gliscor, M","|poke|p2|Pidgeot, M","|poke|p2|Dragonite, M","|poke|p2|Moltres","|poke|p2|Gyarados, F","|rule|Sleep Clause Mod: Limit one foe put to sleep","|rule|Species Clause: Limit one of each Pokémon","|rule|OHKO Clause: OHKO moves are banned","|rule|Moody Clause: Moody is banned","|rule|Evasion Moves Clause: Evasion moves are banned","|rule|Endless Battle Clause: Forcing endless battles is banned","|rule|HP Percentage Mod: HP is shown in percentages","|teampreview","|","|start","|switch|p1a: TMNT|Torkoal, M|344/344","|switch|p2a: Drifblim|Drifblim, M|503/503","|turn|1","|","|move|p2a: Drifblim|Stockpile|p2a: Drifblim","|-start|p2a: Drifblim|stockpile1","|-boost|p2a: Drifblim|def|1","|-boost|p2a: Drifblim|spd|1","|move|p1a: TMNT|Yawn|p2a: Drifblim","|-start|p2a: Drifblim|move: Yawn|[of] p1a: TMNT","|","|turn|2","|","|move|p2a: Drifblim|Baton Pass|p2a: Drifblim","|","|switch|p2a: Gliscor|Gliscor, M|353/353","|move|p1a: TMNT|Stealth Rock|p2a: Gliscor","|-sidestart|p2: Entropy Banette|move: Stealth Rock","|","|-status|p2a: Gliscor|tox|[from] item: Toxic Orb","|turn|3","|","|switch|p1a: Kyuubi|Ninetales, M|288/288","|-weather|SunnyDay","|move|p2a: Gliscor|Substitute|p2a: Gliscor","|-start|p2a: Gliscor|Substitute","|-damage|p2a: Gliscor|265/353 tox","|","|-weather|SunnyDay|[upkeep]","|-heal|p2a: Gliscor|309/353 tox|[from] ability: Poison Heal","|turn|4","|","|move|p1a: Kyuubi|Psyshock|p2a: Gliscor","|-activate|p2a: Gliscor|Substitute|[damage]","|move|p2a: Gliscor|Earthquake|p1a: Kyuubi","|-supereffective|p1a: Kyuubi","|-damage|p1a: Kyuubi|18/288","|","|-weather|SunnyDay|[upkeep]","|-heal|p2a: Gliscor|353/353 tox|[from] ability: Poison Heal","|turn|5","|","|move|p1a: Kyuubi|Solar Beam|p2a: Gliscor|[still]","|-prepare|p1a: Kyuubi|Solar Beam|p2a: Gliscor","|-anim|p1a: Kyuubi|Solar Beam|p2a: Gliscor","|-end|p2a: Gliscor|Substitute","|move|p2a: Gliscor|Earthquake|p1a: Kyuubi","|-supereffective|p1a: Kyuubi","|-damage|p1a: Kyuubi|0 fnt","|faint|p1a: Kyuubi","|","|-weather|SunnyDay|[upkeep]","|","|switch|p1a: TotallyScarfed|Victini|341/341","|turn|6","|","|move|p1a: TotallyScarfed|Zen Headbutt|p2a: Gliscor","|-damage|p2a: Gliscor|304/353 tox","|move|p2a: Gliscor|Earthquake|p1a: TotallyScarfed","|-supereffective|p1a: TotallyScarfed","|-damage|p1a: TotallyScarfed|101/341","|","|-weather|SunnyDay|[upkeep]","|-heal|p2a: Gliscor|348/353 tox|[from] ability: Poison Heal","|turn|7","|","|move|p1a: TotallyScarfed|Zen Headbutt|p2a: Gliscor","|-damage|p2a: Gliscor|294/353 tox","|move|p2a: Gliscor|Substitute|p2a: Gliscor","|-start|p2a: Gliscor|Substitute","|-damage|p2a: Gliscor|206/353 tox","|","|-weather|SunnyDay|[upkeep]","|-heal|p2a: Gliscor|250/353 tox|[from] ability: Poison Heal","|turn|8","|","|move|p2a: Gliscor|Protect|p2a: Gliscor","|-singleturn|p2a: Gliscor|Protect","|move|p1a: TotallyScarfed|Zen Headbutt|p2a: Gliscor","|-activate|p2a: Gliscor|Protect","|","|-weather|SunnyDay|[upkeep]","|-heal|p2a: Gliscor|294/353 tox|[from] ability: Poison Heal","|turn|9","|","|move|p1a: TotallyScarfed|Zen Headbutt|p2a: Gliscor","|-activate|p2a: Gliscor|Substitute|[damage]","|move|p2a: Gliscor|Earthquake|p1a: TotallyScarfed","|-supereffective|p1a: TotallyScarfed","|-damage|p1a: TotallyScarfed|0 fnt","|faint|p1a: TotallyScarfed","|","|-weather|SunnyDay|[upkeep]","|-heal|p2a: Gliscor|338/353 tox|[from] ability: Poison Heal","|","|switch|p1a: I'm On Fire|Chandelure, M|262/262","|turn|10","|","|move|p1a: I'm On Fire|Shadow Ball|p2a: Gliscor","|-damage|p2a: Gliscor|202/353 tox","|move|p2a: Gliscor|Earthquake|p1a: I'm On Fire","|-supereffective|p1a: I'm On Fire","|-damage|p1a: I'm On Fire|8/262","|","|-weather|none","|-heal|p2a: Gliscor|246/353 tox|[from] ability: Poison Heal","|turn|11","|","|move|p2a: Gliscor|Protect|p2a: Gliscor","|-singleturn|p2a: Gliscor|Protect","|move|p1a: I'm On Fire|Shadow Ball|p2a: Gliscor","|-activate|p2a: Gliscor|Protect","|","|-heal|p2a: Gliscor|290/353 tox|[from] ability: Poison Heal","|turn|12","|","|move|p1a: I'm On Fire|Shadow Ball|p2a: Gliscor","|-damage|p2a: Gliscor|146/353 tox","|move|p2a: Gliscor|Earthquake|p1a: I'm On Fire","|-supereffective|p1a: I'm On Fire","|-damage|p1a: I'm On Fire|0 fnt","|faint|p1a: I'm On Fire","|","|-heal|p2a: Gliscor|190/353 tox|[from] ability: Poison Heal","|","|switch|p1a: Salute The Sun!|Charizard, M|298/298","|turn|13","|","|detailschange|p1a: Salute The Sun!|Charizard-Mega-Y, M","|-mega|p1a: Salute The Sun!|Charizard|Charizardite Y","|-weather|SunnyDay","|move|p1a: Salute The Sun!|Solar Beam|p2a: Gliscor|[still]","|-prepare|p1a: Salute The Sun!|Solar Beam|p2a: Gliscor","|-anim|p1a: Salute The Sun!|Solar Beam|p2a: Gliscor","|-end|p2a: Gliscor|Substitute","|move|p2a: Gliscor|Toxic|p1a: Salute The Sun!","|-status|p1a: Salute The Sun!|tox","|","|-weather|SunnyDay|[upkeep]","|-damage|p1a: Salute The Sun!|280/298 tox|[from] psn","|-heal|p2a: Gliscor|234/353 tox|[from] ability: Poison Heal","|turn|14","|","|move|p2a: Gliscor|Protect|p2a: Gliscor","|-singleturn|p2a: Gliscor|Protect","|move|p1a: Salute The Sun!|Solar Beam|p2a: Gliscor|[still]","|-prepare|p1a: Salute The Sun!|Solar Beam|p2a: Gliscor","|-anim|p1a: Salute The Sun!|Solar Beam|p2a: Gliscor","|-activate|p2a: Gliscor|Protect","|","|-weather|SunnyDay|[upkeep]","|-damage|p1a: Salute The Sun!|244/298 tox|[from] psn","|-heal|p2a: Gliscor|278/353 tox|[from] ability: Poison Heal","|turn|15","|","|move|p1a: Salute The Sun!|Solar Beam|p2a: Gliscor|[still]","|-prepare|p1a: Salute The Sun!|Solar Beam|p2a: Gliscor","|-anim|p1a: Salute The Sun!|Solar Beam|p2a: Gliscor","|-damage|p2a: Gliscor|131/353 tox","|move|p2a: Gliscor|Substitute|p2a: Gliscor","|-start|p2a: Gliscor|Substitute","|-damage|p2a: Gliscor|43/353 tox","|","|-weather|SunnyDay|[upkeep]","|-damage|p1a: Salute The Sun!|190/298 tox|[from] psn","|-heal|p2a: Gliscor|87/353 tox|[from] ability: Poison Heal","|turn|16","|","|switch|p1a: EruptionSpam|Typhlosion, F|298/298","|move|p2a: Gliscor|Protect|p2a: Gliscor","|-fail|p2a: Gliscor","|","|-weather|SunnyDay|[upkeep]","|-heal|p2a: Gliscor|131/353 tox|[from] ability: Poison Heal","|turn|17","|","|move|p2a: Gliscor|Protect|p2a: Gliscor","|-singleturn|p2a: Gliscor|Protect","|move|p1a: EruptionSpam|Solar Beam|p2a: Gliscor|[still]","|-prepare|p1a: EruptionSpam|Solar Beam|p2a: Gliscor","|-anim|p1a: EruptionSpam|Solar Beam|p2a: Gliscor","|-activate|p2a: Gliscor|Protect","|","|-weather|none","|-heal|p2a: Gliscor|175/353 tox|[from] ability: Poison Heal","|turn|18","|","|switch|p1a: Salute The Sun!|Charizard-Mega-Y, M|190/298 tox","|-weather|SunnyDay","|move|p2a: Gliscor|Earthquake|p1a: Salute The Sun!","|-immune|p1a: Salute The Sun!|[msg]","|","|-weather|SunnyDay|[upkeep]","|-damage|p1a: Salute The Sun!|172/298 tox|[from] psn","|-heal|p2a: Gliscor|219/353 tox|[from] ability: Poison Heal","|turn|19","|","|move|p2a: Gliscor|Protect|p2a: Gliscor","|-singleturn|p2a: Gliscor|Protect","|move|p1a: Salute The Sun!|Solar Beam|p2a: Gliscor|[still]","|-prepare|p1a: Salute The Sun!|Solar Beam|p2a: Gliscor","|-anim|p1a: Salute The Sun!|Solar Beam|p2a: Gliscor","|-activate|p2a: Gliscor|Protect","|","|-weather|SunnyDay|[upkeep]","|-damage|p1a: Salute The Sun!|136/298 tox|[from] psn","|-heal|p2a: Gliscor|263/353 tox|[from] ability: Poison Heal","|turn|20","|","|move|p1a: Salute The Sun!|Solar Beam|p2a: Gliscor|[still]","|-prepare|p1a: Salute The Sun!|Solar Beam|p2a: Gliscor","|-anim|p1a: Salute The Sun!|Solar Beam|p2a: Gliscor","|-end|p2a: Gliscor|Substitute","|move|p2a: Gliscor|Substitute|p2a: Gliscor","|-start|p2a: Gliscor|Substitute","|-damage|p2a: Gliscor|175/353 tox","|","|-weather|SunnyDay|[upkeep]","|-damage|p1a: Salute The Sun!|82/298 tox|[from] psn","|-heal|p2a: Gliscor|219/353 tox|[from] ability: Poison Heal","|turn|21","|","|move|p2a: Gliscor|Protect|p2a: Gliscor","|-singleturn|p2a: Gliscor|Protect","|move|p1a: Salute The Sun!|Solar Beam|p2a: Gliscor|[still]","|-prepare|p1a: Salute The Sun!|Solar Beam|p2a: Gliscor","|-anim|p1a: Salute The Sun!|Solar Beam|p2a: Gliscor","|-activate|p2a: Gliscor|Protect","|","|-weather|SunnyDay|[upkeep]","|-damage|p1a: Salute The Sun!|10/298 tox|[from] psn","|-heal|p2a: Gliscor|263/353 tox|[from] ability: Poison Heal","|turn|22","|","|move|p1a: Salute The Sun!|Solar Beam|p2a: Gliscor|[still]","|-prepare|p1a: Salute The Sun!|Solar Beam|p2a: Gliscor","|-anim|p1a: Salute The Sun!|Solar Beam|p2a: Gliscor","|-end|p2a: Gliscor|Substitute","|move|p2a: Gliscor|Substitute|p2a: Gliscor","|-start|p2a: Gliscor|Substitute","|-damage|p2a: Gliscor|175/353 tox","|","|-weather|none","|-damage|p1a: Salute The Sun!|0 fnt|[from] psn","|-heal|p2a: Gliscor|219/353 tox|[from] ability: Poison Heal","|faint|p1a: Salute The Sun!","|","|switch|p1a: EruptionSpam|Typhlosion, F|298/298","|turn|23","|","|move|p1a: EruptionSpam|Eruption|p2a: Gliscor","|-end|p2a: Gliscor|Substitute","|move|p2a: Gliscor|Earthquake|p1a: EruptionSpam","|-supereffective|p1a: EruptionSpam","|-damage|p1a: EruptionSpam|28/298","|","|-heal|p2a: Gliscor|263/353 tox|[from] ability: Poison Heal","|turn|24","|","|move|p1a: EruptionSpam|Eruption|p2a: Gliscor","|-crit|p2a: Gliscor","|-damage|p2a: Gliscor|199/353 tox","|move|p2a: Gliscor|Earthquake|p1a: EruptionSpam","|-supereffective|p1a: EruptionSpam","|-damage|p1a: EruptionSpam|0 fnt","|faint|p1a: EruptionSpam","|","|-heal|p2a: Gliscor|243/353 tox|[from] ability: Poison Heal","|","|switch|p1a: TMNT|Torkoal, M|344/344","|turn|25","|","|move|p2a: Gliscor|Earthquake|p1a: TMNT","|-supereffective|p1a: TMNT","|-damage|p1a: TMNT|174/344","|move|p1a: TMNT|Lava Plume|p2a: Gliscor","|-damage|p2a: Gliscor|179/353 tox","|","|-heal|p2a: Gliscor|223/353 tox|[from] ability: Poison Heal","|turn|26","|","|move|p2a: Gliscor|Earthquake|p1a: TMNT","|-supereffective|p1a: TMNT","|-damage|p1a: TMNT|12/344","|move|p1a: TMNT|Lava Plume|p2a: Gliscor","|-damage|p2a: Gliscor|151/353 tox","|","|-heal|p2a: Gliscor|195/353 tox|[from] ability: Poison Heal","|turn|27","|","|move|p2a: Gliscor|Earthquake|p1a: TMNT","|-supereffective|p1a: TMNT","|-damage|p1a: TMNT|0 fnt","|faint|p1a: TMNT","|","|win|Entropy Banette"],"p1rating":{"entryid":"6391332","serverid":"eos","formatid":"monotype","userid":"crystalblade64","username":"Crystal Blade64","w":"21","l":21,"t":"0","gxe":50.6,"r":"1520.5247760868","rd":"60.193430858841","sigma":"0","rptime":"1439197200","rpr":1504.5774176333,"rprd":53.907931738632,"rpsigma":"0","acre":1161.3817530724,"lacre":1161.3817530724,"oldacre":"1198.3574062848"},"p2rating":{"entryid":"7527407","serverid":"eos","formatid":"monotype","userid":"entropybanette","username":"Entropy Banette","w":2,"l":"8","t":"0","gxe":33,"r":"1400.7324649166","rd":"111.51861011339","sigma":"0","rptime":"1439197200","rpr":1362.8521630703,"rprd":87.380654567911,"rpsigma":"0","acre":1072.4622422142,"lacre":1072.4622422142,"oldacre":"1017.0934447963"},"endType":"normal"}