{"seed":[4683,54921,19970,22675],"turns":25,"p1":"Flygon For Ubers","p2":"Intern Twizz","p1team":[{"name":"Infernape","species":"Infernape","item":"lifeorb","ability":"Blaze","moves":["poweruppunch","uturn","flareblitz","thunderpunch"],"nature":"Jolly","evs":{"hp":0,"atk":252,"def":0,"spa":0,"spd":4,"spe":252},"ivs":{"hp":31,"atk":31,"def":31,"spa":31,"spd":31,"spe":31}},{"name":"Lucario","species":"Lucario","item":"leftovers","ability":"Steadfast","moves":["flashcannon","dragonpulse","aurasphere","extremespeed"],"nature":"Mild","evs":{"hp":252,"atk":4,"def":0,"spa":252,"spd":0,"spe":0},"ivs":{"hp":31,"atk":31,"def":31,"spa":31,"spd":31,"spe":31}},{"name":"Terrakion","species":"Terrakion","item":"assaultvest","ability":"Justified","moves":["sacredsword","earthquake","stoneedge","poisonjab"],"nature":"Jolly","evs":{"hp":0,"atk":252,"def":0,"spa":0,"spd":4,"spe":252},"ivs":{"hp":31,"atk":31,"def":31,"spa":31,"spd":31,"spe":31}},{"name":"Medicham","species":"Medicham","item":"medichamite","ability":"Pure Power","moves":["fakeout","bulletpunch","drainpunch","thunderpunch"],"nature":"Adamant","evs":{"hp":248,"atk":252,"def":0,"spa":0,"spd":8,"spe":0},"shiny":true,"ivs":{"hp":31,"atk":31,"def":31,"spa":31,"spd":31,"spe":31}},{"name":"Toxicroak","species":"Toxicroak","item":"focussash","ability":"Poison Touch","moves":["suckerpunch","swordsdance","poisonjab","stoneedge"],"nature":"Adamant","evs":{"hp":248,"atk":252,"def":0,"spa":0,"spd":8,"spe":0},"ivs":{"hp":31,"atk":31,"def":31,"spa":31,"spd":31,"spe":31}},{"name":"Hawlucha","species":"Hawlucha","item":"powerherb","ability":"Mold Breaker","moves":["skyattack","drainpunch","roost","poisonjab"],"nature":"Adamant","evs":{"hp":248,"atk":252,"def":0,"spa":0,"spd":8,"spe":0},"ivs":{"hp":31,"atk":31,"def":31,"spa":31,"spd":31,"spe":31}}],"p2team":[{"name":"Magnezone","species":"Magnezone","item":"leftovers","ability":"Sturdy","moves":["flashcannon","thunderbolt","protect","hiddenpowerice"],"nature":"Modest","evs":{"hp":76,"atk":0,"def":180,"spa":252,"spd":0,"spe":0},"ivs":{"hp":31,"atk":30,"def":30,"spa":31,"spd":31,"spe":31}},{"name":"Zapdos","species":"Zapdos","item":"leftovers","ability":"Pressure","moves":["discharge","heatwave","toxic","roost"],"nature":"Bold","evs":{"hp":4,"atk":0,"def":252,"spa":56,"spd":196,"spe":0},"ivs":{"hp":31,"atk":31,"def":31,"spa":31,"spd":31,"spe":31}},{"name":"Ampharos","species":"Ampharos","item":"ampharosite","ability":"Static","moves":["cottonguard","rest","sleeptalk","dragonpulse"],"nature":"Bold","evs":{"hp":0,"atk":0,"def":252,"spa":136,"spd":120,"spe":0},"ivs":{"hp":31,"atk":31,"def":31,"spa":31,"spd":31,"spe":31}},{"name":"Raikou","species":"Raikou","item":"leftovers","ability":"Pressure","moves":["calmmind","substitute","thunderbolt","extrasensory"],"nature":"Timid","evs":{"hp":0,"atk":0,"def":0,"spa":252,"spd":4,"spe":252},"ivs":{"hp":31,"atk":31,"def":31,"spa":31,"spd":31,"spe":31}},{"name":"Rotom-Wash","species":"Rotom-Wash","item":"choicescarf","ability":"Levitate","moves":["voltswitch","hydropump","willowisp","trick"],"nature":"Timid","evs":{"hp":0,"atk":0,"def":0,"spa":252,"spd":4,"spe":252},"ivs":{"hp":31,"atk":31,"def":31,"spa":31,"spd":31,"spe":31}},{"name":"Condom","species":"eelektross","item":"assaultvest","ability":"Levitate","moves":["gigadrain","thunderbolt","drainpunch","knockoff"],"nature":"Quiet","evs":{"hp":3,"atk":136,"def":0,"spa":108,"spd":252,"spe":0},"ivs":{"hp":31,"atk":31,"def":31,"spa":31,"spd":31,"spe":31}}],"log":["|player|p1|Flygon For Ubers|30","|player|p2|Intern Twizz|122","|gametype|singles","|gen|6","|tier|Monotype","|rated","|rule|Baton Pass Clause: Limit one Baton Passer, can't pass Spe and other stats simultaneously","|rule|Swagger Clause: Swagger is banned","|rule|Same Type Clause: Pokémon in a team must share a type","|clearpoke","|poke|p1|Infernape, M","|poke|p1|Lucario, M","|poke|p1|Terrakion","|poke|p1|Medicham, F, shiny","|poke|p1|Toxicroak, F","|poke|p1|Hawlucha, F","|poke|p2|Magnezone","|poke|p2|Zapdos","|poke|p2|Ampharos, F","|poke|p2|Raikou","|poke|p2|Rotom-Wash","|poke|p2|Eelektross, M","|rule|Sleep Clause Mod: Limit one foe put to sleep","|rule|Species Clause: Limit one of each Pokémon","|rule|OHKO Clause: OHKO moves are banned","|rule|Moody Clause: Moody is banned","|rule|Evasion Moves Clause: Evasion moves are banned","|rule|Endless Battle Clause: Forcing endless battles is banned","|rule|HP Percentage Mod: HP is shown in percentages","|teampreview","|","|start","|switch|p1a: Hawlucha|Hawlucha, F|359/359","|switch|p2a: Rotom-Wash|Rotom-Wash|241/241","|-ability|p1a: Hawlucha|Mold Breaker","|turn|1","|","|move|p2a: Rotom-Wash|Volt Switch|p1a: Hawlucha","|-supereffective|p1a: Hawlucha","|-damage|p1a: Hawlucha|29/359","|","|switch|p2a: Zapdos|Zapdos|322/322","|-ability|p2a: Zapdos|Pressure","|move|p1a: Hawlucha|Sky Attack|p2a: Zapdos|[still]","|-prepare|p1a: Hawlucha|Sky Attack|p2a: Zapdos","|-enditem|p1a: Hawlucha|Power Herb","|-anim|p1a: Hawlucha|Sky Attack|p2a: Zapdos","|-resisted|p2a: Zapdos","|-damage|p2a: Zapdos|238/322","|","|-heal|p2a: Zapdos|258/322|[from] item: Leftovers","|turn|2","|","|move|p1a: Hawlucha|Poison Jab|p2a: Zapdos","|-damage|p2a: Zapdos|188/322","|move|p2a: Zapdos|Roost|p2a: Zapdos","|-heal|p2a: Zapdos|322/322","|","|turn|3","|","|switch|p2a: Magnezone|Magnezone|300/300","|move|p1a: Hawlucha|Poison Jab|p2a: Magnezone","|-immune|p2a: Magnezone|[msg]","|","|turn|4","|","|move|p2a: Magnezone|Protect|p2a: Magnezone","|-singleturn|p2a: Magnezone|Protect","|move|p1a: Hawlucha|Drain Punch|p2a: Magnezone","|-activate|p2a: Magnezone|Protect","|","|turn|5","|","|switch|p2a: Zapdos|Zapdos|322/322","|-ability|p2a: Zapdos|Pressure","|move|p1a: Hawlucha|Drain Punch|p2a: Zapdos","|-resisted|p2a: Zapdos","|-damage|p2a: Zapdos|273/322","|-heal|p1a: Hawlucha|54/359|[from] drain|[of] p2a: Zapdos","|","|-heal|p2a: Zapdos|293/322|[from] item: Leftovers","|turn|6","|","|move|p1a: Hawlucha|Poison Jab|p2a: Zapdos","|-damage|p2a: Zapdos|225/322","|move|p2a: Zapdos|Discharge|p1a: Hawlucha","|-supereffective|p1a: Hawlucha","|-damage|p1a: Hawlucha|0 fnt","|faint|p1a: Hawlucha","|","|-heal|p2a: Zapdos|245/322|[from] item: Leftovers","|","|switch|p1a: Terrakion|Terrakion|323/323","|turn|7","|","|switch|p2a: Magnezone|Magnezone|300/300","|move|p1a: Terrakion|Stone Edge|p2a: Magnezone","|-resisted|p2a: Magnezone","|-damage|p2a: Magnezone|227/300","|","|-heal|p2a: Magnezone|245/300|[from] item: Leftovers","|turn|8","|","|move|p1a: Terrakion|Earthquake|p2a: Magnezone","|-supereffective|p2a: Magnezone","|-damage|p2a: Magnezone|0 fnt","|faint|p2a: Magnezone","|","|","|switch|p2a: Rotom-Wash|Rotom-Wash|241/241","|turn|9","|","|move|p2a: Rotom-Wash|Hydro Pump|p1a: Terrakion","|-supereffective|p1a: Terrakion","|-damage|p1a: Terrakion|83/323","|move|p1a: Terrakion|Sacred Sword|p2a: Rotom-Wash","|-crit|p2a: Rotom-Wash","|-damage|p2a: Rotom-Wash|34/241","|","|turn|10","|","|switch|p1a: Medicham|Medicham, F, shiny|323/323","|move|p2a: Rotom-Wash|Hydro Pump|p1a: Medicham","|-damage|p1a: Medicham|104/323","|","|turn|11","|","|switch|p2a: Zapdos|Zapdos|245/322","|-ability|p2a: Zapdos|Pressure","|detailschange|p1a: Medicham|Medicham-Mega, F, shiny","|-mega|p1a: Medicham|Medicham|Medichamite","|move|p1a: Medicham|Fake Out|p2a: Zapdos","|-damage|p2a: Zapdos|173/322","|","|-heal|p2a: Zapdos|193/322|[from] item: Leftovers","|turn|12","|","|switch|p1a: Terrakion|Terrakion|83/323","|move|p2a: Zapdos|Roost|p2a: Zapdos","|-heal|p2a: Zapdos|322/322","|","|turn|13","|","|move|p1a: Terrakion|Stone Edge|p2a: Zapdos","|-supereffective|p2a: Zapdos","|-damage|p2a: Zapdos|20/322","|move|p2a: Zapdos|Discharge|p1a: Terrakion","|-damage|p1a: Terrakion|0 fnt","|faint|p1a: Terrakion","|","|-heal|p2a: Zapdos|40/322|[from] item: Leftovers","|","|switch|p1a: Lucario|Lucario, M|344/344","|turn|14","|","|move|p1a: Lucario|Extreme Speed|p2a: Zapdos","|-damage|p2a: Zapdos|0 fnt","|faint|p2a: Zapdos","|","|","|switch|p2a: Ampharos|Ampharos, F|321/321","|turn|15","|","|detailschange|p2a: Ampharos|Ampharos-Mega, F","|-mega|p2a: Ampharos|Ampharos|Ampharosite","|-ability|p2a: Ampharos|Mold Breaker","|move|p1a: Lucario|Dragon Pulse|p2a: Ampharos","|-crit|p2a: Ampharos","|-supereffective|p2a: Ampharos","|-damage|p2a: Ampharos|45/321","|move|p2a: Ampharos|Cotton Guard|p2a: Ampharos","|-boost|p2a: Ampharos|def|3","|","|turn|16","|","|switch|p2a: Rotom-Wash|Rotom-Wash|34/241","|move|p1a: Lucario|Dragon Pulse|p2a: Rotom-Wash","|-damage|p2a: Rotom-Wash|0 fnt","|faint|p2a: Rotom-Wash","|","|","|switch|p2a: Condom|Eelektross, M|311/311","|turn|17","|","|move|p1a: Lucario|Dragon Pulse|p2a: Condom","|-damage|p2a: Condom|248/311","|move|p2a: Condom|Thunderbolt|p1a: Lucario","|-damage|p1a: Lucario|178/344","|-status|p1a: Lucario|par","|","|-heal|p1a: Lucario|199/344 par|[from] item: Leftovers","|turn|18","|","|move|p2a: Condom|Drain Punch|p1a: Lucario","|-supereffective|p1a: Lucario","|-damage|p1a: Lucario|0 fnt","|-heal|p2a: Condom|311/311|[from] drain|[of] p1a: Lucario","|faint|p1a: Lucario","|","|","|switch|p1a: Medicham|Medicham-Mega, F, shiny|104/323","|turn|19","|","|switch|p2a: Ampharos|Ampharos-Mega, F|45/321","|-ability|p2a: Ampharos|Mold Breaker","|move|p1a: Medicham|Fake Out|p2a: Ampharos","|-damage|p2a: Ampharos|0 fnt","|faint|p2a: Ampharos","|","|","|switch|p2a: Raikou|Raikou|321/321","|-ability|p2a: Raikou|Pressure","|turn|20","|","|switch|p1a: Toxicroak|Toxicroak, F|369/369","|move|p2a: Raikou|Thunderbolt|p1a: Toxicroak","|-damage|p1a: Toxicroak|156/369","|","|turn|21","|","|switch|p2a: Condom|Eelektross, M|311/311","|move|p1a: Toxicroak|Sucker Punch|p2a: Condom","|-fail|p1a: Toxicroak","|","|turn|22","|","|move|p1a: Toxicroak|Swords Dance|p1a: Toxicroak","|-boost|p1a: Toxicroak|atk|2","|move|p2a: Condom|Thunderbolt|p1a: Toxicroak","|-damage|p1a: Toxicroak|0 fnt","|faint|p1a: Toxicroak","|","|","|switch|p1a: Medicham|Medicham-Mega, F, shiny|104/323","|turn|23","|","|move|p1a: Medicham|Drain Punch|p2a: Condom","|-damage|p2a: Condom|0 fnt","|-heal|p1a: Medicham|260/323|[from] drain|[of] p2a: Condom","|faint|p2a: Condom","|","|","|switch|p2a: Raikou|Raikou|321/321","|-ability|p2a: Raikou|Pressure","|turn|24","|","|move|p2a: Raikou|Thunderbolt|p1a: Medicham","|-damage|p1a: Medicham|82/323","|move|p1a: Medicham|Drain Punch|p2a: Raikou","|-damage|p2a: Raikou|17/321","|-heal|p1a: Medicham|234/323|[from] drain|[of] p2a: Raikou","|","|-heal|p2a: Raikou|37/321|[from] item: Leftovers","|turn|25","|","|move|p1a: Medicham|Bullet Punch|p2a: Raikou","|-resisted|p2a: Raikou","|-damage|p2a: Raikou|0 fnt","|faint|p2a: Raikou","|","|win|Flygon For Ubers"],"p1rating":{"entryid":"6024963","serverid":"eos","formatid":"monotype","userid":"flygonforubers","username":"Flygon For Ubers","w":26,"l":"29","t":"0","gxe":48.4,"r":"1438.6407953695","rd":"68.881699525711","sigma":"0","rptime":"1439197200","rpr":1487.4614475816,"rprd":57.431023012415,"rpsigma":"0","acre":1164.6356525457,"lacre":1164.6356525457,"oldacre":"1135.0595170084"},"p2rating":{"entryid":"7448162","serverid":"eos","formatid":"monotype","userid":"interntwizz","username":"Intern Twizz","w":"20","l":18,"t":"0","gxe":52.4,"r":"1508.7910353778","rd":"58.277186659641","sigma":"0","rptime":"1439197200","rpr":1518.2235976819,"rprd":54.374816560046,"rpsigma":"0","acre":1169.8047846958,"lacre":1169.8047846958,"oldacre":"1199.3809202331"},"endType":"normal"}