{"seed":[3942,11561,32724,18411],"turns":36,"p1":"Carnie Marx","p2":"The drunk knight","p1team":[{"name":"Sharpedo","species":"Sharpedo","item":"focussash","ability":"Speed Boost","moves":["crunch","waterfall","earthquake","destinybond"],"nature":"Adamant","evs":{"hp":0,"atk":252,"def":0,"spa":0,"spd":4,"spe":252},"ivs":{"hp":31,"atk":31,"def":31,"spa":31,"spd":31,"spe":31}},{"name":"Clawitzer","species":"Clawitzer","item":"choicescarf","ability":"Mega Launcher","moves":["dragonpulse","darkpulse","waterpulse","icebeam"],"nature":"Timid","evs":{"hp":0,"atk":0,"def":0,"spa":252,"spd":4,"spe":252},"ivs":{"hp":31,"atk":31,"def":31,"spa":31,"spd":31,"spe":31}},{"name":"Ludicolo","species":"Ludicolo","item":"choicespecs","ability":"Swift Swim","moves":["gigadrain","icebeam","surf","energyball"],"nature":"Modest","evs":{"hp":0,"atk":0,"def":0,"spa":252,"spd":4,"spe":252},"ivs":{"hp":31,"atk":31,"def":31,"spa":31,"spd":31,"spe":31}},{"name":"Quagsire","species":"Quagsire","item":"leftovers","ability":"Unaware","moves":["protect","icepunch","waterfall","toxic"],"nature":"Impish","evs":{"hp":252,"atk":4,"def":252,"spa":0,"spd":0,"spe":0},"ivs":{"hp":31,"atk":31,"def":31,"spa":31,"spd":31,"spe":31}},{"name":"Rotom-Wash","species":"Rotom-Wash","item":"leftovers","ability":"Levitate","moves":["discharge","thunderwave","charge","painsplit"],"nature":"Calm","evs":{"hp":252,"atk":0,"def":0,"spa":4,"spd":252,"spe":0},"ivs":{"hp":31,"atk":31,"def":31,"spa":31,"spd":31,"spe":31}},{"name":"Politoed","species":"Politoed","item":"leftovers","ability":"Drizzle","moves":["scald","icebeam","psychic","toxic"],"nature":"Bold","evs":{"hp":252,"atk":0,"def":252,"spa":4,"spd":0,"spe":0},"ivs":{"hp":31,"atk":31,"def":31,"spa":31,"spd":31,"spe":31}}],"p2team":[{"name":"Maria","species":"banette","item":"banettite","ability":"Frisk","moves":["thunderwave","shadowsneak","painsplit","destinybond"],"nature":"Adamant","evs":{"hp":248,"atk":252,"def":0,"spa":0,"spd":8,"spe":0},"gender":"F","ivs":{"hp":31,"atk":31,"def":31,"spa":31,"spd":31,"spe":31}},{"name":"Rondo","species":"hoopa","item":"choicescarf","ability":"Magician","moves":["signalbeam","shadowball","psyshock","energyball"],"nature":"Timid","evs":{"hp":0,"atk":0,"def":0,"spa":252,"spd":4,"spe":252},"ivs":{"hp":31,"atk":31,"def":31,"spa":31,"spd":31,"spe":31}},{"name":"Jaegar","species":"aegislash","item":"leftovers","ability":"Stance Change","moves":["kingsshield","swordsdance","shadowsneak","sacredsword"],"nature":"Adamant","evs":{"hp":252,"atk":252,"def":0,"spa":0,"spd":4,"spe":0},"shiny":true,"ivs":{"hp":31,"atk":31,"def":31,"spa":31,"spd":31,"spe":31}},{"name":"Trill","species":"drifblim","item":"focussash","ability":"Aftermath","moves":["thunderwave","memento","tailwind","disable"],"nature":"Timid","evs":{"hp":248,"atk":0,"def":0,"spa":0,"spd":8,"spe":252},"ivs":{"hp":31,"atk":31,"def":31,"spa":31,"spd":31,"spe":31}},{"name":"Mountain","species":"golurk","item":"focussash","ability":"Iron Fist","moves":["stealthrock","earthquake","drainpunch","firepunch"],"nature":"Adamant","evs":{"hp":248,"atk":252,"def":0,"spa":0,"spd":8,"spe":0},"ivs":{"hp":31,"atk":31,"def":31,"spa":31,"spd":31,"spe":31}},{"name":"Decay","species":"dusclops","item":"eviolite","ability":"Pressure","moves":["meanlook","curse","rest","haze"],"nature":"Calm","evs":{"hp":248,"atk":0,"def":8,"spa":0,"spd":252,"spe":0},"ivs":{"hp":31,"atk":31,"def":31,"spa":31,"spd":31,"spe":31}}],"log":["|player|p1|Carnie Marx|238","|player|p2|The drunk knight|206","|gametype|singles","|gen|6","|tier|Monotype","|rated","|rule|Baton Pass Clause: Limit one Baton Passer, can't pass Spe and other stats simultaneously","|rule|Swagger Clause: Swagger is banned","|rule|Same Type Clause: Pokémon in a team must share a type","|clearpoke","|poke|p1|Sharpedo, F","|poke|p1|Clawitzer, M","|poke|p1|Ludicolo, F","|poke|p1|Quagsire, M","|poke|p1|Rotom-Wash","|poke|p1|Politoed, M","|poke|p2|Banette, F","|poke|p2|Hoopa","|poke|p2|Aegislash, F, shiny","|poke|p2|Drifblim, F","|poke|p2|Golurk","|poke|p2|Dusclops, M","|rule|Sleep Clause Mod: Limit one foe put to sleep","|rule|Species Clause: Limit one of each Pokémon","|rule|OHKO Clause: OHKO moves are banned","|rule|Moody Clause: Moody is banned","|rule|Evasion Moves Clause: Evasion moves are banned","|rule|Endless Battle Clause: Forcing endless battles is banned","|rule|HP Percentage Mod: HP is shown in percentages","|teampreview","|","|start","|switch|p1a: Politoed|Politoed, M|384/384","|switch|p2a: Mountain|Golurk|381/381","|-weather|RainDance","|turn|1","|","|move|p1a: Politoed|Scald|p2a: Mountain","|-supereffective|p2a: Mountain","|-damage|p2a: Mountain|73/381","|move|p2a: Mountain|Stealth Rock|p1a: Politoed","|-sidestart|p1: Carnie Marx|move: Stealth Rock","|","|-weather|RainDance|[upkeep]","|turn|2","|","|move|p1a: Politoed|Scald|p2a: Mountain","|-supereffective|p2a: Mountain","|-damage|p2a: Mountain|0 fnt","|faint|p2a: Mountain","|","|-weather|RainDance|[upkeep]","|","|switch|p2a: Decay|Dusclops, M|283/283","|-ability|p2a: Decay|Pressure","|turn|3","|","|move|p1a: Politoed|Toxic|p2a: Decay","|-status|p2a: Decay|tox","|move|p2a: Decay|Mean Look|p1a: Politoed","|-activate|p1a: Politoed|trapped","|","|-weather|RainDance|[upkeep]","|-damage|p2a: Decay|266/283 tox|[from] psn","|turn|4","|","|move|p1a: Politoed|Psychic|p2a: Decay","|-damage|p2a: Decay|237/283 tox","|move|p2a: Decay|Curse|p1a: Politoed","|-start|p1a: Politoed|Curse|[of] p2a: Decay","|-damage|p2a: Decay|96/283 tox","|","|-weather|RainDance|[upkeep]","|-damage|p2a: Decay|62/283 tox|[from] psn","|-damage|p1a: Politoed|288/384|[from] Curse","|turn|5","|","|move|p1a: Politoed|Scald|p2a: Decay","|-damage|p2a: Decay|11/283 tox","|move|p2a: Decay|Rest|p2a: Decay","|-status|p2a: Decay|slp","|-heal|p2a: Decay|283/283 slp|[silent]","|-status|p2a: Decay|slp|[from] move: Rest","|","|-weather|none","|-heal|p1a: Politoed|312/384|[from] item: Leftovers","|-damage|p1a: Politoed|216/384|[from] Curse","|turn|6","|","|move|p1a: Politoed|Psychic|p2a: Decay","|-damage|p2a: Decay|256/283 slp","|-unboost|p2a: Decay|spd|1","|cant|p2a: Decay|slp","|","|-heal|p1a: Politoed|240/384|[from] item: Leftovers","|-damage|p1a: Politoed|144/384|[from] Curse","|turn|7","|","|move|p1a: Politoed|Scald|p2a: Decay","|-damage|p2a: Decay|205/283 slp","|cant|p2a: Decay|slp","|","|-heal|p1a: Politoed|168/384|[from] item: Leftovers","|-damage|p1a: Politoed|72/384|[from] Curse","|turn|8","|","|move|p1a: Politoed|Psychic|p2a: Decay","|-damage|p2a: Decay|166/283 slp","|-curestatus|p2a: Decay|slp","|move|p2a: Decay|Haze|p2a: Decay","|-clearallboost","|","|-heal|p1a: Politoed|96/384|[from] item: Leftovers","|-damage|p1a: Politoed|0 fnt|[from] Curse","|faint|p1a: Politoed","|","|switch|p1a: Rotom-Wash|Rotom-Wash|304/304","|-damage|p1a: Rotom-Wash|266/304|[from] Stealth Rock","|turn|9","|","|move|p1a: Rotom-Wash|Charge|p1a: Rotom-Wash","|-boost|p1a: Rotom-Wash|spd|1","|-activate|p1a: Rotom-Wash|move: Charge","|move|p2a: Decay|Rest|p2a: Decay","|-status|p2a: Decay|slp","|-heal|p2a: Decay|283/283 slp|[silent]","|-status|p2a: Decay|slp|[from] move: Rest","|","|-heal|p1a: Rotom-Wash|285/304|[from] item: Leftovers","|turn|10","|","|move|p1a: Rotom-Wash|Discharge|p2a: Decay","|-damage|p2a: Decay|204/283 slp","|cant|p2a: Decay|slp","|","|-heal|p1a: Rotom-Wash|304/304|[from] item: Leftovers","|turn|11","|","|switch|p1a: Quagsire|Quagsire, M|394/394","|-damage|p1a: Quagsire|370/394|[from] Stealth Rock","|cant|p2a: Decay|slp","|","|-heal|p1a: Quagsire|394/394|[from] item: Leftovers","|turn|12","|","|move|p1a: Quagsire|Waterfall|p2a: Decay","|-damage|p2a: Decay|162/283 slp","|-curestatus|p2a: Decay|slp","|move|p2a: Decay|Mean Look|p1a: Quagsire","|-activate|p1a: Quagsire|trapped","|","|turn|13","|","|move|p1a: Quagsire|Protect|p1a: Quagsire","|-singleturn|p1a: Quagsire|Protect","|move|p2a: Decay|Rest|p2a: Decay","|-status|p2a: Decay|slp","|-heal|p2a: Decay|283/283 slp|[silent]","|-status|p2a: Decay|slp|[from] move: Rest","|","|turn|14","|","|move|p1a: Quagsire|Waterfall|p2a: Decay","|-damage|p2a: Decay|237/283 slp","|cant|p2a: Decay|slp","|","|turn|15","|","|switch|p2a: Trill|Drifblim, F|503/503","|move|p1a: Quagsire|Waterfall|p2a: Trill","|-damage|p2a: Trill|335/503","|","|turn|16","|","|move|p1a: Quagsire|Protect|p1a: Quagsire","|-singleturn|p1a: Quagsire|Protect","|move|p2a: Trill|Disable|p1a: Quagsire","|-activate|p1a: Quagsire|Protect","|","|turn|17","|","|move|p2a: Trill|Disable|p1a: Quagsire","|-start|p1a: Quagsire|Disable|Protect","|move|p1a: Quagsire|Ice Punch|p2a: Trill","|-supereffective|p2a: Trill","|-damage|p2a: Trill|129/503","|","|turn|18","|","|move|p2a: Trill|Memento|p1a: Quagsire","|-unboost|p1a: Quagsire|atk|2","|-unboost|p1a: Quagsire|spa|2","|faint|p2a: Trill","|move|p1a: Quagsire|Ice Punch|p2: Trill|[notarget]","|-notarget","|","|","|switch|p2a: Rondo|Hoopa|301/301","|turn|19","|","|move|p2a: Rondo|Energy Ball|p1a: Quagsire","|-supereffective|p1a: Quagsire","|-damage|p1a: Quagsire|0 fnt","|faint|p1a: Quagsire","|","|","|switch|p1a: Clawitzer|Clawitzer, M|283/283","|-damage|p1a: Clawitzer|248/283|[from] Stealth Rock","|turn|20","|","|move|p2a: Rondo|Energy Ball|p1a: Clawitzer","|-supereffective|p1a: Clawitzer","|-damage|p1a: Clawitzer|0 fnt","|faint|p1a: Clawitzer","|","|","|switch|p1a: Ludicolo|Ludicolo, F|301/301","|-damage|p1a: Ludicolo|264/301|[from] Stealth Rock","|turn|21","|","|switch|p2a: Decay|Dusclops, M|237/283 slp","|-ability|p2a: Decay|Pressure","|move|p1a: Ludicolo|Giga Drain|p2a: Decay","|-damage|p2a: Decay|164/283 slp","|-heal|p1a: Ludicolo|301/301|[from] drain|[of] p2a: Decay","|","|turn|22","|","|switch|p1a: Sharpedo|Sharpedo, F|281/281","|-damage|p1a: Sharpedo|246/281|[from] Stealth Rock","|cant|p2a: Decay|slp","|","|turn|23","|","|move|p1a: Sharpedo|Crunch|p2a: Decay","|-supereffective|p2a: Decay","|-damage|p2a: Decay|0 fnt","|faint|p2a: Decay","|","|-boost|p1a: Sharpedo|spe|1|[from] ability: Speed Boost","|","|switch|p2a: Jaegar|Aegislash, F, shiny|324/324","|turn|24","|","|move|p2a: Jaegar|King's Shield|p2a: Jaegar","|-singleturn|p2a: Jaegar|Protect","|move|p1a: Sharpedo|Destiny Bond|p1a: Sharpedo","|-singlemove|p1a: Sharpedo|Destiny Bond","|","|-boost|p1a: Sharpedo|spe|1|[from] ability: Speed Boost","|turn|25","|","|move|p1a: Sharpedo|Earthquake|p2a: Jaegar","|-supereffective|p2a: Jaegar","|-damage|p2a: Jaegar|160/324","|move|p2a: Jaegar|Swords Dance|p2a: Jaegar","|-boost|p2a: Jaegar|atk|2","|","|-heal|p2a: Jaegar|180/324|[from] item: Leftovers","|-boost|p1a: Sharpedo|spe|1|[from] ability: Speed Boost","|turn|26","|","|move|p2a: Jaegar|King's Shield|p2a: Jaegar","|-singleturn|p2a: Jaegar|Protect","|move|p1a: Sharpedo|Crunch|p2a: Jaegar","|-activate|p2a: Jaegar|Protect","|-unboost|p1a: Sharpedo|atk|2","|","|-heal|p2a: Jaegar|200/324|[from] item: Leftovers","|-boost|p1a: Sharpedo|spe|1|[from] ability: Speed Boost","|turn|27","|","|-formechange|p2a: Jaegar|Aegislash-Blade","|move|p2a: Jaegar|Shadow Sneak|p1a: Sharpedo","|-resisted|p1a: Sharpedo","|-damage|p1a: Sharpedo|65/281","|move|p1a: Sharpedo|Destiny Bond|p1a: Sharpedo","|-singlemove|p1a: Sharpedo|Destiny Bond","|","|-heal|p2a: Jaegar|220/324|[from] item: Leftovers","|-boost|p1a: Sharpedo|spe|1|[from] ability: Speed Boost","|turn|28","|","|-formechange|p2a: Jaegar|Aegislash","|move|p2a: Jaegar|King's Shield|p2a: Jaegar","|-singleturn|p2a: Jaegar|Protect","|move|p1a: Sharpedo|Destiny Bond|p1a: Sharpedo","|-singlemove|p1a: Sharpedo|Destiny Bond","|","|-heal|p2a: Jaegar|240/324|[from] item: Leftovers","|-boost|p1a: Sharpedo|spe|1|[from] ability: Speed Boost","|turn|29","|","|move|p2a: Jaegar|King's Shield|p2a: Jaegar","|-singleturn|p2a: Jaegar|Protect","|move|p1a: Sharpedo|Crunch|p2a: Jaegar","|-activate|p2a: Jaegar|Protect","|-unboost|p1a: Sharpedo|atk|2","|","|-heal|p2a: Jaegar|260/324|[from] item: Leftovers","|turn|30","|","|-formechange|p2a: Jaegar|Aegislash-Blade","|move|p2a: Jaegar|Shadow Sneak|p1a: Sharpedo","|-resisted|p1a: Sharpedo","|-damage|p1a: Sharpedo|0 fnt","|faint|p1a: Sharpedo","|","|-heal|p2a: Jaegar|280/324|[from] item: Leftovers","|","|switch|p1a: Rotom-Wash|Rotom-Wash|304/304","|-damage|p1a: Rotom-Wash|266/304|[from] Stealth Rock","|turn|31","|","|-formechange|p2a: Jaegar|Aegislash","|move|p2a: Jaegar|King's Shield|p2a: Jaegar","|-singleturn|p2a: Jaegar|Protect","|move|p1a: Rotom-Wash|Thunder Wave|p2a: Jaegar","|-status|p2a: Jaegar|par","|","|-heal|p1a: Rotom-Wash|285/304|[from] item: Leftovers","|-heal|p2a: Jaegar|300/324 par|[from] item: Leftovers","|turn|32","|","|move|p1a: Rotom-Wash|Discharge|p2a: Jaegar","|-damage|p2a: Jaegar|231/324 par","|-formechange|p2a: Jaegar|Aegislash-Blade","|move|p2a: Jaegar|Sacred Sword|p1a: Rotom-Wash","|-damage|p1a: Rotom-Wash|30/304","|","|-heal|p1a: Rotom-Wash|49/304|[from] item: Leftovers","|-heal|p2a: Jaegar|251/324 par|[from] item: Leftovers","|turn|33","|","|move|p2a: Jaegar|Shadow Sneak|p1a: Rotom-Wash","|-damage|p1a: Rotom-Wash|0 fnt","|faint|p1a: Rotom-Wash","|","|-heal|p2a: Jaegar|271/324 par|[from] item: Leftovers","|","|switch|p1a: Ludicolo|Ludicolo, F|301/301","|-damage|p1a: Ludicolo|264/301|[from] Stealth Rock","|turn|34","|","|cant|p2a: Jaegar|par","|move|p1a: Ludicolo|Surf|p2a: Jaegar","|-damage|p2a: Jaegar|0 fnt","|faint|p2a: Jaegar","|","|","|switch|p2a: Rondo|Hoopa|301/301","|turn|35","|","|move|p2a: Rondo|Signal Beam|p1a: Ludicolo","|-supereffective|p1a: Ludicolo","|-damage|p1a: Ludicolo|48/301","|-start|p1a: Ludicolo|confusion","|-activate|p1a: Ludicolo|confusion","|move|p1a: Ludicolo|Surf|p2a: Rondo","|-damage|p2a: Rondo|147/301","|","|turn|36","|","|move|p2a: Rondo|Signal Beam|p1a: Ludicolo","|-supereffective|p1a: Ludicolo","|-damage|p1a: Ludicolo|0 fnt","|faint|p1a: Ludicolo","|","|win|The drunk knight"],"p1rating":{"entryid":"5821777","serverid":"eos","formatid":"monotype","userid":"carniemarx","username":"Carnie Marx","w":"69","l":99,"t":"0","gxe":40.2,"r":"1431.4550121378","rd":"33.491060808661","sigma":"0","rptime":"1439197200","rpr":1424.9321106443,"rprd":32.838619321767,"rpsigma":"0","acre":1007.3087903533,"lacre":1007.3087903533,"oldacre":"1021.3145900455"},"p2rating":{"entryid":"7545743","serverid":"eos","formatid":"monotype","userid":"thedrunkknight","username":"The drunk knight","w":1,"l":"1","t":"0","gxe":49.4,"r":"1500","rd":"130","sigma":"0","rptime":"1439197200","rpr":1495.2388804002,"rprd":116.14168665915,"rpsigma":"0","acre":1042.4508589385,"lacre":1042.4508589385,"oldacre":"1000"},"endType":"normal"}