{"seed":[39323,15708,61104,20939],"turns":21,"p1":"DSV","p2":"TheMajesticWurmple","p1team":[{"name":"Heracross","species":"Heracross","item":"heracronite","ability":"Moxie","moves":["closecombat","pinmissile","rockblast","swordsdance"],"nature":"Jolly","evs":{"hp":0,"atk":252,"def":4,"spa":0,"spd":0,"spe":252},"ivs":{"hp":31,"atk":31,"def":31,"spa":31,"spd":31,"spe":31}},{"name":"Galvantula","species":"Galvantula","item":"focussash","ability":"Compound Eyes","moves":["stickyweb","thunder","bugbuzz","thunderwave"],"nature":"Timid","evs":{"hp":0,"atk":0,"def":0,"spa":252,"spd":4,"spe":252},"ivs":{"hp":31,"atk":31,"def":31,"spa":31,"spd":31,"spe":31}},{"name":"Yanmega","species":"Yanmega","item":"lifeorb","ability":"Speed Boost","moves":["protect","bugbuzz","airslash","ancientpower"],"nature":"Modest","evs":{"hp":0,"atk":0,"def":0,"spa":252,"spd":4,"spe":252},"ivs":{"hp":31,"atk":31,"def":31,"spa":31,"spd":31,"spe":31}},{"name":"Genesect","species":"Genesect","item":"choicescarf","ability":"Download","moves":["uturn","ironhead","icebeam","thunderbolt"],"nature":"Naive","evs":{"hp":0,"atk":248,"def":0,"spa":8,"spd":0,"spe":252},"ivs":{"hp":31,"atk":31,"def":31,"spa":31,"spd":31,"spe":31}},{"name":"Scizor","species":"Scizor","item":"leftovers","ability":"Technician","moves":["bulletpunch","uturn","roost","defog"],"nature":"Impish","evs":{"hp":252,"atk":4,"def":252,"spa":0,"spd":0,"spe":0},"ivs":{"hp":31,"atk":31,"def":31,"spa":31,"spd":31,"spe":31}},{"name":"Volcarona","species":"Volcarona","item":"lumberry","ability":"Flame Body","moves":["fierydance","hiddenpowerground","gigadrain","quiverdance"],"nature":"Modest","evs":{"hp":0,"atk":0,"def":0,"spa":252,"spd":4,"spe":252},"ivs":{"hp":31,"atk":31,"def":31,"spa":30,"spd":30,"spe":31}}],"p2team":[{"name":"Scizor","species":"Scizor","item":"scizorite","ability":"Technician","moves":["swordsdance","roost","bulletpunch","knockoff"],"nature":"Adamant","evs":{"hp":248,"atk":252,"def":0,"spa":0,"spd":8,"spe":0},"ivs":{"hp":31,"atk":31,"def":31,"spa":31,"spd":31,"spe":31}},{"name":"Heatran","species":"Heatran","item":"leftovers","ability":"Flash Fire","moves":["toxic","earthpower","lavaplume","roar"],"nature":"Calm","evs":{"hp":252,"atk":0,"def":0,"spa":4,"spd":252,"spe":0},"ivs":{"hp":31,"atk":31,"def":31,"spa":31,"spd":31,"spe":31}},{"name":"Excadrill","species":"Excadrill","item":"choicescarf","ability":"Mold Breaker","moves":["earthquake","rockslide","ironhead","rapidspin"],"nature":"Jolly","evs":{"hp":0,"atk":252,"def":0,"spa":0,"spd":4,"spe":252},"ivs":{"hp":31,"atk":31,"def":31,"spa":31,"spd":31,"spe":31}},{"name":"Empoleon","species":"Empoleon","item":"leftovers","ability":"Torrent","moves":["scald","icebeam","defog","stealthrock"],"nature":"Calm","evs":{"hp":252,"atk":0,"def":0,"spa":4,"spd":252,"spe":0},"ivs":{"hp":31,"atk":31,"def":31,"spa":31,"spd":31,"spe":31}},{"name":"Jirachi","species":"Jirachi","item":"assaultvest","ability":"Serene Grace","moves":["psyshock","moonblast","energyball","chargebeam"],"nature":"Modest","evs":{"hp":224,"atk":0,"def":0,"spa":252,"spd":0,"spe":32},"shiny":true,"ivs":{"hp":31,"atk":31,"def":31,"spa":31,"spd":31,"spe":31}},{"name":"Skarmory","species":"Skarmory","item":"leftovers","ability":"Sturdy","moves":["bravebird","roost","spikes","roar"],"nature":"Impish","evs":{"hp":252,"atk":0,"def":232,"spa":0,"spd":0,"spe":24},"ivs":{"hp":31,"atk":31,"def":31,"spa":31,"spd":31,"spe":31}}],"log":["|player|p1|DSV|159","|player|p2|TheMajesticWurmple|102","|gametype|singles","|gen|6","|tier|Monotype","|rated","|rule|Baton Pass Clause: Limit one Baton Passer, can't pass Spe and other stats simultaneously","|rule|Swagger Clause: Swagger is banned","|rule|Same Type Clause: Pokémon in a team must share a type","|clearpoke","|poke|p1|Heracross, F","|poke|p1|Galvantula, F","|poke|p1|Yanmega, M","|poke|p1|Genesect-*","|poke|p1|Scizor, F","|poke|p1|Volcarona, M","|poke|p2|Scizor, M","|poke|p2|Heatran, F","|poke|p2|Excadrill, F","|poke|p2|Empoleon, M","|poke|p2|Jirachi, shiny","|poke|p2|Skarmory, M","|rule|Sleep Clause Mod: Limit one foe put to sleep","|rule|Species Clause: Limit one of each Pokémon","|rule|OHKO Clause: OHKO moves are banned","|rule|Moody Clause: Moody is banned","|rule|Evasion Moves Clause: Evasion moves are banned","|rule|Endless Battle Clause: Forcing endless battles is banned","|rule|HP Percentage Mod: HP is shown in percentages","|teampreview","|","|start","|switch|p1a: Heracross|Heracross, F|301/301","|switch|p2a: Empoleon|Empoleon, M|372/372","|turn|1","|","|switch|p2a: Skarmory|Skarmory, M|334/334","|detailschange|p1a: Heracross|Heracross-Mega, F","|-mega|p1a: Heracross|Heracross|Heracronite","|move|p1a: Heracross|Swords Dance|p1a: Heracross","|-boost|p1a: Heracross|atk|2","|","|turn|2","|","|move|p1a: Heracross|Rock Blast|p2a: Skarmory","|-damage|p2a: Skarmory|288/334","|-damage|p2a: Skarmory|244/334","|-crit|p2a: Skarmory","|-damage|p2a: Skarmory|177/334","|-damage|p2a: Skarmory|136/334","|-damage|p2a: Skarmory|92/334","|-hitcount|p2a: Skarmory|5","|move|p2a: Skarmory|Brave Bird|p1a: Heracross","|-supereffective|p1a: Heracross","|-damage|p1a: Heracross|0 fnt","|-damage|p2a: Skarmory|0 fnt|[from] recoil|[of] p1a: Heracross","|faint|p1a: Heracross","|faint|p2a: Skarmory","|","|","|switch|p1a: Galvantula|Galvantula, F|281/281","|switch|p2a: Heatran|Heatran, F|386/386","|turn|3","|","|move|p1a: Galvantula|Thunder|p2a: Heatran","|-damage|p2a: Heatran|266/386","|move|p2a: Heatran|Lava Plume|p1a: Galvantula","|-crit|p1a: Galvantula","|-supereffective|p1a: Galvantula","|-enditem|p1a: Galvantula|Focus Sash","|-damage|p1a: Galvantula|1/281","|-status|p1a: Galvantula|brn","|","|-heal|p2a: Heatran|290/386|[from] item: Leftovers","|-damage|p1a: Galvantula|0 fnt|[from] brn","|faint|p1a: Galvantula","|","|switch|p1a: Volcarona|Volcarona, M|311/311","|turn|4","|","|move|p1a: Volcarona|Quiver Dance|p1a: Volcarona","|-boost|p1a: Volcarona|spa|1","|-boost|p1a: Volcarona|spd|1","|-boost|p1a: Volcarona|spe|1","|move|p2a: Heatran|Toxic|p1a: Volcarona","|-status|p1a: Volcarona|tox","|-enditem|p1a: Volcarona|Lum Berry|[eat]","|-curestatus|p1a: Volcarona|tox","|","|-heal|p2a: Heatran|314/386|[from] item: Leftovers","|turn|5","|","|move|p1a: Volcarona|Hidden Power|p2a: Heatran","|-supereffective|p2a: Heatran","|-damage|p2a: Heatran|6/386","|move|p2a: Heatran|Roar|p1a: Volcarona","|drag|p1a: Yanmega|Yanmega, M|313/313","|","|-heal|p2a: Heatran|30/386|[from] item: Leftovers","|turn|6","|","|move|p1a: Yanmega|Ancient Power|p2a: Heatran","|-damage|p2a: Heatran|0 fnt","|-damage|p1a: Yanmega|282/313|[from] item: Life Orb","|faint|p2a: Heatran","|","|-boost|p1a: Yanmega|spe|1|[from] ability: Speed Boost","|","|switch|p2a: Empoleon|Empoleon, M|372/372","|turn|7","|","|move|p1a: Yanmega|Air Slash|p2a: Empoleon","|-resisted|p2a: Empoleon","|-damage|p2a: Empoleon|312/372","|-damage|p1a: Yanmega|251/313|[from] item: Life Orb","|cant|p2a: Empoleon|flinch","|","|-heal|p2a: Empoleon|335/372|[from] item: Leftovers","|-boost|p1a: Yanmega|spe|1|[from] ability: Speed Boost","|turn|8","|","|move|p1a: Yanmega|Air Slash|p2a: Empoleon","|-resisted|p2a: Empoleon","|-damage|p2a: Empoleon|269/372","|-damage|p1a: Yanmega|220/313|[from] item: Life Orb","|cant|p2a: Empoleon|flinch","|","|-heal|p2a: Empoleon|292/372|[from] item: Leftovers","|-boost|p1a: Yanmega|spe|1|[from] ability: Speed Boost","|turn|9","|","|move|p1a: Yanmega|Bug Buzz|p2a: Empoleon","|-resisted|p2a: Empoleon","|-damage|p2a: Empoleon|214/372","|-unboost|p2a: Empoleon|spd|1","|-damage|p1a: Yanmega|189/313|[from] item: Life Orb","|move|p2a: Empoleon|Stealth Rock|p1a: Yanmega","|-sidestart|p1: DSV|move: Stealth Rock","|","|-heal|p2a: Empoleon|237/372|[from] item: Leftovers","|-boost|p1a: Yanmega|spe|1|[from] ability: Speed Boost","|turn|10","|","|move|p1a: Yanmega|Air Slash|p2a: Empoleon","|-resisted|p2a: Empoleon","|-damage|p2a: Empoleon|149/372","|-damage|p1a: Yanmega|158/313|[from] item: Life Orb","|move|p2a: Empoleon|Scald|p1a: Yanmega","|-damage|p1a: Yanmega|0 fnt","|faint|p1a: Yanmega","|","|-heal|p2a: Empoleon|172/372|[from] item: Leftovers","|","|switch|p1a: Scizor|Scizor, F|344/344","|-damage|p1a: Scizor|301/344|[from] Stealth Rock","|turn|11","|","|move|p1a: Scizor|Defog|p2a: Empoleon","|-unboost|p2a: Empoleon|evasion|1","|-sideend|p1: DSV|Stealth Rock|[from] move: Defog|[of] p1a: Scizor","|move|p2a: Empoleon|Scald|p1a: Scizor","|-damage|p1a: Scizor|183/344","|","|-heal|p1a: Scizor|204/344|[from] item: Leftovers","|-heal|p2a: Empoleon|195/372|[from] item: Leftovers","|turn|12","|","|move|p1a: Scizor|U-turn|p2a: Empoleon","|-resisted|p2a: Empoleon","|-damage|p2a: Empoleon|132/372","|","|switch|p1a: Volcarona|Volcarona, M|311/311","|move|p2a: Empoleon|Scald|p1a: Volcarona","|-supereffective|p1a: Volcarona","|-damage|p1a: Volcarona|125/311","|","|-heal|p2a: Empoleon|155/372|[from] item: Leftovers","|turn|13","|","|move|p1a: Volcarona|Hidden Power|p2a: Empoleon","|-supereffective|p2a: Empoleon","|-damage|p2a: Empoleon|0 fnt","|faint|p2a: Empoleon","|","|","|switch|p2a: Excadrill|Excadrill, F|361/361","|-ability|p2a: Excadrill|Mold Breaker","|turn|14","|","|switch|p1a: Scizor|Scizor, F|204/344","|move|p2a: Excadrill|Earthquake|p1a: Scizor","|-damage|p1a: Scizor|69/344","|","|-heal|p1a: Scizor|90/344|[from] item: Leftovers","|turn|15","|","|move|p1a: Scizor|Bullet Punch|p2a: Excadrill","|-resisted|p2a: Excadrill","|-damage|p2a: Excadrill|298/361","|move|p2a: Excadrill|Earthquake|p1a: Scizor","|-damage|p1a: Scizor|0 fnt","|faint|p1a: Scizor","|","|","|switch|p1a: Genesect|Genesect|283/283","|-boost|p1a: Genesect|atk|1|[from] ability: Download","|turn|16","|","|switch|p2a: Scizor|Scizor, M|343/343","|move|p1a: Genesect|Iron Head|p2a: Scizor","|-resisted|p2a: Scizor","|-damage|p2a: Scizor|242/343","|","|turn|17","|","|switch|p1a: Volcarona|Volcarona, M|125/311","|detailschange|p2a: Scizor|Scizor-Mega, M","|-mega|p2a: Scizor|Scizor|Scizorite","|move|p2a: Scizor|Knock Off|p1a: Volcarona","|-damage|p1a: Volcarona|0 fnt","|-status|p2a: Scizor|brn","|faint|p1a: Volcarona","|","|-damage|p2a: Scizor|200/343 brn|[from] brn","|","|switch|p1a: Genesect|Genesect|283/283","|-boost|p1a: Genesect|spa|1|[from] ability: Download","|turn|18","|","|move|p1a: Genesect|Iron Head|p2a: Scizor","|-resisted|p2a: Scizor","|-damage|p2a: Scizor|154/343 brn","|move|p2a: Scizor|Knock Off|p1a: Genesect","|-damage|p1a: Genesect|204/283","|-enditem|p1a: Genesect|Choice Scarf|[from] move: Knock Off|[of] p2a: Scizor","|","|-damage|p2a: Scizor|112/343 brn|[from] brn","|turn|19","|","|move|p1a: Genesect|Thunderbolt|p2a: Scizor","|-crit|p2a: Scizor","|-damage|p2a: Scizor|0 fnt","|faint|p2a: Scizor","|","|","|switch|p2a: Excadrill|Excadrill, F|298/361","|-ability|p2a: Excadrill|Mold Breaker","|turn|20","|","|move|p2a: Excadrill|Earthquake|p1a: Genesect","|-damage|p1a: Genesect|21/283","|move|p1a: Genesect|Ice Beam|p2a: Excadrill","|-crit|p2a: Excadrill","|-damage|p2a: Excadrill|51/361","|","|turn|21","|","|move|p2a: Excadrill|Earthquake|p1a: Genesect","|-damage|p1a: Genesect|0 fnt","|faint|p1a: Genesect","|","|win|TheMajesticWurmple"],"p1rating":{"entryid":"6124841","serverid":"eos","formatid":"monotype","userid":"dsv","username":"DSV","w":"45","l":20,"t":"0","gxe":72.1,"r":"1687.7770826039","rd":"49.681519463303","sigma":"0","rptime":"1439197200","rpr":1680.4496217165,"rprd":49.206996232095,"rpsigma":"0","acre":1339.1321394319,"lacre":1339.1321394319,"oldacre":"1364.5483485904"},"p2rating":{"entryid":"7119116","serverid":"eos","formatid":"monotype","userid":"themajesticwurmple","username":"TheMajesticWurmple","w":23,"l":"7","t":"0","gxe":72,"r":"1660.3956786572","rd":"69.65652271004","sigma":"0","rptime":"1439197200","rpr":1680.2427871437,"rprd":61.943246431793,"rpsigma":"0","acre":1299.8224705651,"lacre":1299.8224705651,"oldacre":"1268.0522091169"},"endType":"normal"}