{"seed":[26707,40000,4438,38695],"turns":26,"p1":"I ONLY USE SURSKIT","p2":"Sjado","p1team":[{"name":"WTF flying crab","species":"gliscor","item":"toxicorb","ability":"Poison Heal","moves":["icefang","swordsdance","substitute","earthquake"],"nature":"Adamant","evs":{"hp":184,"atk":252,"def":0,"spa":0,"spd":0,"spe":72},"gender":"M","ivs":{"hp":31,"atk":31,"def":31,"spa":31,"spd":31,"spe":31}},{"name":"Landorus","species":"Landorus","item":"lifeorb","ability":"Sheer Force","moves":["psychic","earthpower","sludgewave","focusblast"],"nature":"Timid","evs":{"hp":0,"atk":0,"def":0,"spa":252,"spd":4,"spe":252},"ivs":{"hp":31,"atk":31,"def":31,"spa":31,"spd":31,"spe":31}},{"name":"Zoe","species":"nidoqueen","item":"lifeorb","ability":"Sheer Force","moves":["sludgewave","icebeam","earthpower","fireblast"],"nature":"Modest","evs":{"hp":248,"atk":0,"def":0,"spa":252,"spd":8,"spe":0},"ivs":{"hp":31,"atk":31,"def":31,"spa":31,"spd":31,"spe":31}},{"name":"Excadrill","species":"Excadrill","item":"lifeorb","ability":"Sand Rush","moves":["earthquake","ironhead","swordsdance","rockslide"],"nature":"Adamant","evs":{"hp":248,"atk":252,"def":0,"spa":0,"spd":8,"spe":0},"gender":"M","ivs":{"hp":31,"atk":31,"def":31,"spa":31,"spd":31,"spe":31}},{"name":"RAAAAAAAAAR","species":"hippowdon","item":"leftovers","ability":"Sand Stream","moves":["earthquake","stoneedge","stealthrock","slackoff"],"nature":"Impish","evs":{"hp":252,"atk":4,"def":252,"spa":0,"spd":0,"spe":0},"gender":"F","ivs":{"hp":31,"atk":31,"def":31,"spa":31,"spd":31,"spe":31}},{"name":"Garchomp","species":"Garchomp","item":"salacberry","ability":"Rough Skin","moves":["earthquake","substitute","swordsdance","dragonclaw"],"nature":"Jolly","evs":{"hp":4,"atk":252,"def":0,"spa":0,"spd":0,"spe":252},"gender":"M","ivs":{"hp":31,"atk":31,"def":31,"spa":31,"spd":31,"spe":31}}],"p2team":[{"name":"Sableye","species":"Sableye","item":"sablenite","ability":"Prankster","moves":["recover","willowisp","calmmind","darkpulse"],"nature":"Bold","evs":{"hp":252,"atk":0,"def":252,"spa":0,"spd":4,"spe":0},"ivs":{"hp":31,"atk":31,"def":31,"spa":31,"spd":31,"spe":31}},{"name":"Umbreon","species":"Umbreon","item":"leftovers","ability":"Synchronize","moves":["toxic","wish","protect","darkpulse"],"nature":"Calm","evs":{"hp":252,"atk":0,"def":0,"spa":4,"spd":252,"spe":0},"ivs":{"hp":31,"atk":31,"def":31,"spa":31,"spd":31,"spe":31}},{"name":"Bisharp","species":"Bisharp","item":"lifeorb","ability":"Defiant","moves":["ironhead","suckerpunch","knockoff","swordsdance"],"nature":"Adamant","evs":{"hp":0,"atk":252,"def":0,"spa":0,"spd":4,"spe":252},"shiny":true,"ivs":{"hp":31,"atk":31,"def":31,"spa":31,"spd":31,"spe":31}},{"name":"Mandibuzz","species":"Mandibuzz","item":"rockyhelmet","ability":"Overcoat","moves":["roost","foulplay","defog","toxic"],"nature":"Bold","evs":{"hp":252,"atk":0,"def":252,"spa":0,"spd":4,"spe":0},"ivs":{"hp":31,"atk":31,"def":31,"spa":31,"spd":31,"spe":31}},{"name":"Tyranitar","species":"Tyranitar","item":"leftovers","ability":"Sand Stream","moves":["stoneedge","stealthrock","earthquake","fireblast"],"nature":"Sassy","evs":{"hp":244,"atk":8,"def":0,"spa":4,"spd":252,"spe":0},"ivs":{"hp":31,"atk":31,"def":31,"spa":31,"spd":31,"spe":31}},{"name":"Hydreigon","species":"Hydreigon","item":"lifeorb","ability":"Levitate","moves":["darkpulse","dracometeor","fireblast","earthpower"],"nature":"Timid","evs":{"hp":0,"atk":0,"def":0,"spa":252,"spd":4,"spe":252},"ivs":{"hp":31,"atk":31,"def":31,"spa":31,"spd":31,"spe":31}}],"log":["|player|p1|I ONLY USE SURSKIT|146","|player|p2|Sjado|168","|gametype|singles","|gen|6","|tier|Monotype","|rated","|rule|Baton Pass Clause: Limit one Baton Passer, can't pass Spe and other stats simultaneously","|rule|Swagger Clause: Swagger is banned","|rule|Same Type Clause: Pokémon in a team must share a type","|clearpoke","|poke|p1|Gliscor, M","|poke|p1|Landorus, M","|poke|p1|Nidoqueen, F","|poke|p1|Excadrill, M","|poke|p1|Hippowdon, F","|poke|p1|Garchomp, M","|poke|p2|Sableye, M","|poke|p2|Umbreon, F","|poke|p2|Bisharp, F, shiny","|poke|p2|Mandibuzz, F","|poke|p2|Tyranitar, M","|poke|p2|Hydreigon, M","|rule|Sleep Clause Mod: Limit one foe put to sleep","|rule|Species Clause: Limit one of each Pokémon","|rule|OHKO Clause: OHKO moves are banned","|rule|Moody Clause: Moody is banned","|rule|Evasion Moves Clause: Evasion moves are banned","|rule|Endless Battle Clause: Forcing endless battles is banned","|rule|HP Percentage Mod: HP is shown in percentages","|teampreview","|","|start","|switch|p1a: WTF flying crab|Gliscor, M|337/337","|switch|p2a: Mandibuzz|Mandibuzz, F|424/424","|turn|1","|","|switch|p2a: Bisharp|Bisharp, F, shiny|271/271","|move|p1a: WTF flying crab|Ice Fang|p2a: Bisharp","|-resisted|p2a: Bisharp","|-damage|p2a: Bisharp|235/271","|","|-status|p1a: WTF flying crab|tox|[from] item: Toxic Orb","|turn|2","|","|switch|p2a: Hydreigon|Hydreigon, M|325/325","|move|p1a: WTF flying crab|Earthquake|p2a: Hydreigon","|-immune|p2a: Hydreigon|[msg]","|","|turn|3","|","|move|p2a: Hydreigon|Draco Meteor|p1a: WTF flying crab","|-damage|p1a: WTF flying crab|0 fnt","|-unboost|p2a: Hydreigon|spa|2","|-damage|p2a: Hydreigon|293/325|[from] item: Life Orb","|faint|p1a: WTF flying crab","|","|","|switch|p1a: Zoe|Nidoqueen, F|383/383","|turn|4","|","|switch|p2a: Tyranitar|Tyranitar, M|402/402","|-weather|Sandstorm","|move|p1a: Zoe|Ice Beam|p2a: Tyranitar","|-damage|p2a: Tyranitar|329/402","|","|-weather|Sandstorm|[upkeep]","|-heal|p2a: Tyranitar|354/402|[from] item: Leftovers","|turn|5","|","|move|p1a: Zoe|Earth Power|p2a: Tyranitar","|-supereffective|p2a: Tyranitar","|-damage|p2a: Tyranitar|143/402","|move|p2a: Tyranitar|Stealth Rock|p1a: Zoe","|-sidestart|p1: I ONLY USE SURSKIT|move: Stealth Rock","|","|-weather|Sandstorm|[upkeep]","|-heal|p2a: Tyranitar|168/402|[from] item: Leftovers","|turn|6","|","|switch|p2a: Umbreon|Umbreon, F|394/394","|move|p1a: Zoe|Earth Power|p2a: Umbreon","|-damage|p2a: Umbreon|276/394","|","|-weather|Sandstorm|[upkeep]","|-damage|p2a: Umbreon|252/394|[from] sandstorm","|-heal|p2a: Umbreon|276/394|[from] item: Leftovers","|turn|7","|","|move|p1a: Zoe|Sludge Wave|p2a: Umbreon","|-damage|p2a: Umbreon|155/394","|move|p2a: Umbreon|Wish|p2a: Umbreon","|","|-weather|Sandstorm|[upkeep]","|-damage|p2a: Umbreon|131/394|[from] sandstorm","|-heal|p2a: Umbreon|155/394|[from] item: Leftovers","|turn|8","|","|switch|p2a: Tyranitar|Tyranitar, M|168/402","|move|p1a: Zoe|Sludge Wave|p2a: Tyranitar","|-resisted|p2a: Tyranitar","|-damage|p2a: Tyranitar|113/402","|","|-weather|none","|-heal|p2a: Tyranitar|310/402|[from] move: Wish|[wisher] Umbreon","|-heal|p2a: Tyranitar|335/402|[from] item: Leftovers","|turn|9","|","|move|p1a: Zoe|Earth Power|p2a: Tyranitar","|-supereffective|p2a: Tyranitar","|-damage|p2a: Tyranitar|13/402","|move|p2a: Tyranitar|Earthquake|p1a: Zoe","|-supereffective|p1a: Zoe","|-damage|p1a: Zoe|141/383","|","|-heal|p2a: Tyranitar|38/402|[from] item: Leftovers","|turn|10","|","|move|p1a: Zoe|Earth Power|p2a: Tyranitar","|-supereffective|p2a: Tyranitar","|-damage|p2a: Tyranitar|0 fnt","|faint|p2a: Tyranitar","|","|","|switch|p2a: Hydreigon|Hydreigon, M|293/325","|turn|11","|","|move|p2a: Hydreigon|Earth Power|p1a: Zoe","|-supereffective|p1a: Zoe","|-damage|p1a: Zoe|0 fnt","|-damage|p2a: Hydreigon|261/325|[from] item: Life Orb","|faint|p1a: Zoe","|","|","|switch|p1a: Landorus|Landorus, M|319/319","|-damage|p1a: Landorus|280/319|[from] Stealth Rock","|turn|12","|","|switch|p2a: Sableye|Sableye, M|304/304","|move|p1a: Landorus|Focus Blast|p2a: Sableye","|-immune|p2a: Sableye|[msg]","|","|turn|13","|","|detailschange|p2a: Sableye|Sableye-Mega, M","|-mega|p2a: Sableye|Sableye|Sablenite","|move|p2a: Sableye|Calm Mind|p2a: Sableye","|-boost|p2a: Sableye|spa|1","|-boost|p2a: Sableye|spd|1","|move|p1a: Landorus|Earth Power|p2a: Sableye","|-damage|p2a: Sableye|155/304","|","|turn|14","|","|move|p1a: Landorus|Earth Power|p2a: Sableye","|-damage|p2a: Sableye|21/304","|move|p2a: Sableye|Dark Pulse|p1a: Landorus","|-damage|p1a: Landorus|139/319","|","|turn|15","|","|move|p1a: Landorus|Earth Power|p2a: Sableye","|-damage|p2a: Sableye|0 fnt","|faint|p2a: Sableye","|","|","|switch|p2a: Mandibuzz|Mandibuzz, F|424/424","|turn|16","|","|move|p1a: Landorus|Focus Blast|p2a: Mandibuzz|[miss]","|-miss|p1a: Landorus|p2a: Mandibuzz","|move|p2a: Mandibuzz|Foul Play|p1a: Landorus","|-damage|p1a: Landorus|0 fnt","|faint|p1a: Landorus","|","|","|switch|p1a: RAAAAAAAAAR|Hippowdon, F|420/420","|-damage|p1a: RAAAAAAAAAR|394/420|[from] Stealth Rock","|-weather|Sandstorm","|turn|17","|","|move|p2a: Mandibuzz|Toxic|p1a: RAAAAAAAAAR","|-status|p1a: RAAAAAAAAAR|tox","|move|p1a: RAAAAAAAAAR|Stone Edge|p2a: Mandibuzz","|-crit|p2a: Mandibuzz","|-supereffective|p2a: Mandibuzz","|-damage|p2a: Mandibuzz|230/424","|","|-weather|Sandstorm|[upkeep]","|-heal|p1a: RAAAAAAAAAR|420/420 tox|[from] item: Leftovers","|-damage|p1a: RAAAAAAAAAR|394/420 tox|[from] psn","|turn|18","|","|switch|p1a: Excadrill|Excadrill, M|423/423","|-damage|p1a: Excadrill|410/423|[from] Stealth Rock","|move|p2a: Mandibuzz|Roost|p2a: Mandibuzz","|-heal|p2a: Mandibuzz|424/424","|","|-weather|Sandstorm|[upkeep]","|turn|19","|","|move|p1a: Excadrill|Swords Dance|p1a: Excadrill","|-boost|p1a: Excadrill|atk|2","|move|p2a: Mandibuzz|Foul Play|p1a: Excadrill","|-damage|p1a: Excadrill|0 fnt","|faint|p1a: Excadrill","|","|-weather|Sandstorm|[upkeep]","|","|switch|p1a: Garchomp|Garchomp, M|358/358","|-damage|p1a: Garchomp|336/358|[from] Stealth Rock","|turn|20","|","|move|p1a: Garchomp|Substitute|p1a: Garchomp","|-start|p1a: Garchomp|Substitute","|-damage|p1a: Garchomp|247/358","|move|p2a: Mandibuzz|Toxic|p1a: Garchomp","|-fail|p1a: Garchomp","|","|-weather|Sandstorm|[upkeep]","|turn|21","|","|move|p1a: Garchomp|Swords Dance|p1a: Garchomp","|-boost|p1a: Garchomp|atk|2","|move|p2a: Mandibuzz|Foul Play|p1a: Garchomp","|-end|p1a: Garchomp|Substitute","|","|-weather|none","|turn|22","|","|move|p1a: Garchomp|Substitute|p1a: Garchomp","|-start|p1a: Garchomp|Substitute","|-damage|p1a: Garchomp|158/358","|move|p2a: Mandibuzz|Foul Play|p1a: Garchomp","|-end|p1a: Garchomp|Substitute","|","|turn|23","|","|move|p1a: Garchomp|Substitute|p1a: Garchomp","|-start|p1a: Garchomp|Substitute","|-damage|p1a: Garchomp|69/358","|-enditem|p1a: Garchomp|Salac Berry|[eat]","|-boost|p1a: Garchomp|spe|1|[from] item: Salac Berry","|move|p2a: Mandibuzz|Foul Play|p1a: Garchomp","|-end|p1a: Garchomp|Substitute","|","|turn|24","|","|move|p1a: Garchomp|Dragon Claw|p2a: Mandibuzz","|-damage|p2a: Mandibuzz|213/424","|-damage|p1a: Garchomp|10/358|[from] item: Rocky Helmet|[of] p2a: Mandibuzz","|move|p2a: Mandibuzz|Foul Play|p1a: Garchomp","|-damage|p1a: Garchomp|0 fnt","|-damage|p2a: Mandibuzz|160/424|[from] ability: Rough Skin|[of] p1a: Garchomp","|faint|p1a: Garchomp","|","|","|switch|p1a: RAAAAAAAAAR|Hippowdon, F|394/420 tox","|-damage|p1a: RAAAAAAAAAR|368/420 tox|[from] Stealth Rock","|-weather|Sandstorm","|turn|25","|","|move|p2a: Mandibuzz|Roost|p2a: Mandibuzz","|-heal|p2a: Mandibuzz|372/424","|move|p1a: RAAAAAAAAAR|Stone Edge|p2a: Mandibuzz|[miss]","|-miss|p1a: RAAAAAAAAAR|p2a: Mandibuzz","|","|-weather|Sandstorm|[upkeep]","|-heal|p1a: RAAAAAAAAAR|394/420 tox|[from] item: Leftovers","|-damage|p1a: RAAAAAAAAAR|368/420 tox|[from] psn","|turn|26","|","|win|Sjado"],"p1rating":{"entryid":"7548593","serverid":"eos","formatid":"monotype","userid":"ionlyusesurskit","username":"I ONLY USE SURSKIT","w":"0","l":3,"t":"0","gxe":36.1,"r":"1500","rd":"130","sigma":"0","rptime":"1439197200","rpr":1387.2396685617,"rprd":111.28354002124,"rpsigma":"0","acre":1000,"lacre":1000,"oldacre":"1000"},"p2rating":{"entryid":"6705129","serverid":"eos","formatid":"monotype","userid":"sjado","username":"Sjado","w":2,"l":"2","t":"0","gxe":46.2,"r":"1435.4693692057","rd":"130.05185590139","sigma":"0","rptime":"1439197200","rpr":1469.9265508797,"rprd":112.4378975291,"rpsigma":"0","acre":1075.7588778244,"lacre":1075.7588778244,"oldacre":"1047.3078520824"},"endType":"forfeit"}