{"seed":[40775,15881,11474,19166],"turns":20,"p1":"StormiClouds","p2":"Flygon For Ubers","p1team":[{"name":"Weezing","species":"Weezing","item":"blacksludge","ability":"Levitate","moves":["sludgewave","flamethrower","darkpulse","willowisp"],"nature":"Modest","evs":{"hp":252,"atk":0,"def":0,"spa":252,"spd":4,"spe":0},"shiny":true,"ivs":{"hp":31,"atk":31,"def":31,"spa":31,"spd":31,"spe":31}},{"name":"Dragalge","species":"Dragalge","item":"blacksludge","ability":"Adaptability","moves":["dragonpulse","sludgewave","toxicspikes","scald"],"nature":"Modest","evs":{"hp":252,"atk":0,"def":0,"spa":252,"spd":4,"spe":0},"shiny":true,"ivs":{"hp":31,"atk":31,"def":31,"spa":31,"spd":31,"spe":31}},{"name":"Crobat","species":"Crobat","item":"blacksludge","ability":"Infiltrator","moves":["bravebird","superfang","crosspoison","confuseray"],"nature":"Jolly","evs":{"hp":0,"atk":252,"def":0,"spa":0,"spd":4,"spe":252},"ivs":{"hp":31,"atk":31,"def":31,"spa":31,"spd":31,"spe":31}},{"name":"Venusaur","species":"Venusaur","item":"venusaurite","ability":"Chlorophyll","moves":["leechseed","earthquake","gigadrain","sludgebomb"],"nature":"Mild","evs":{"hp":0,"atk":4,"def":0,"spa":252,"spd":0,"spe":252},"shiny":true,"ivs":{"hp":31,"atk":31,"def":31,"spa":31,"spd":31,"spe":31}},{"name":"Drapion","species":"Drapion","item":"razorclaw","ability":"Sniper","moves":["crosspoison","nightslash","earthquake","swordsdance"],"nature":"Adamant","evs":{"hp":248,"atk":252,"def":0,"spa":0,"spd":8,"spe":0},"ivs":{"hp":31,"atk":31,"def":31,"spa":31,"spd":31,"spe":31}},{"name":"Scolipede","species":"Scolipede","item":"lifeorb","ability":"Speed Boost","moves":["megahorn","poisonjab","earthquake","protect"],"nature":"Adamant","evs":{"hp":0,"atk":252,"def":0,"spa":0,"spd":4,"spe":252},"shiny":true,"ivs":{"hp":31,"atk":31,"def":31,"spa":31,"spd":31,"spe":31}}],"p2team":[{"name":"Beheeyem","species":"Beheeyem","item":"lifeorb","ability":"Synchronize","moves":["psychic","signalbeam","shadowball","trickroom"],"nature":"Quiet","evs":{"hp":248,"atk":0,"def":0,"spa":252,"spd":8,"spe":0},"ivs":{"hp":31,"atk":31,"def":31,"spa":31,"spd":31,"spe":0},"shiny":true},{"name":"Bronzong","species":"Bronzong","item":"leftovers","ability":"Levitate","moves":["stealthrock","trickroom","gyroball","earthquake"],"nature":"Brave","evs":{"hp":252,"atk":252,"def":0,"spa":0,"spd":4,"spe":0},"ivs":{"hp":31,"atk":31,"def":31,"spa":31,"spd":31,"spe":0}},{"name":"Medicham","species":"Medicham","item":"medichamite","ability":"Pure Power","moves":["fakeout","bulletpunch","drainpunch","psychocut"],"nature":"","evs":{"hp":252,"atk":0,"def":0,"spa":0,"spd":4,"spe":252},"shiny":true,"ivs":{"hp":31,"atk":31,"def":31,"spa":31,"spd":31,"spe":31}},{"name":"Hoopa-Unbound","species":"Hoopa-Unbound","item":"expertbelt","ability":"Magician","moves":["darkpulse","hyperspacehole","focusblast","hiddenpowerpoison"],"nature":"Modest","evs":{"hp":248,"atk":0,"def":0,"spa":252,"spd":8,"spe":0},"ivs":{"hp":31,"atk":31,"def":30,"spa":30,"spd":30,"spe":31}},{"name":"Wobbuffet","species":"Wobbuffet","item":"focussash","ability":"Shadow Tag","moves":["mirrorcoat","counter","encore","destinybond"],"nature":"Calm","evs":{"hp":248,"atk":0,"def":8,"spa":0,"spd":252,"spe":0},"ivs":{"hp":31,"atk":31,"def":31,"spa":31,"spd":31,"spe":31}},{"name":"Jirachi","species":"Jirachi","item":"leftovers","ability":"Serene Grace","moves":["bodyslam","thunderwave","ironhead","zenheadbutt"],"nature":"Adamant","evs":{"hp":96,"atk":160,"def":0,"spa":0,"spd":0,"spe":252},"ivs":{"hp":31,"atk":31,"def":31,"spa":31,"spd":31,"spe":31}}],"log":["|player|p1|StormiClouds|154","|player|p2|Flygon For Ubers|30","|gametype|singles","|gen|6","|tier|Monotype","|rated","|rule|Baton Pass Clause: Limit one Baton Passer, can't pass Spe and other stats simultaneously","|rule|Swagger Clause: Swagger is banned","|rule|Same Type Clause: Pokémon in a team must share a type","|clearpoke","|poke|p1|Weezing, F, shiny","|poke|p1|Dragalge, M, shiny","|poke|p1|Crobat, F","|poke|p1|Venusaur, M, shiny","|poke|p1|Drapion, F","|poke|p1|Scolipede, M, shiny","|poke|p2|Beheeyem, M, shiny","|poke|p2|Bronzong","|poke|p2|Medicham, M, shiny","|poke|p2|Hoopa-Unbound","|poke|p2|Wobbuffet, F","|poke|p2|Jirachi","|rule|Sleep Clause Mod: Limit one foe put to sleep","|rule|Species Clause: Limit one of each Pokémon","|rule|OHKO Clause: OHKO moves are banned","|rule|Moody Clause: Moody is banned","|rule|Evasion Moves Clause: Evasion moves are banned","|rule|Endless Battle Clause: Forcing endless battles is banned","|rule|HP Percentage Mod: HP is shown in percentages","|teampreview","|","|start","|switch|p1a: Crobat|Crobat, F|311/311","|switch|p2a: Bronzong|Bronzong|338/338","|turn|1","|","|move|p1a: Crobat|Confuse Ray|p2a: Bronzong","|-start|p2a: Bronzong|confusion","|-activate|p2a: Bronzong|confusion","|move|p2a: Bronzong|Trick Room|p2a: Bronzong","|-fieldstart|move: Trick Room|[of] p2a: Bronzong","|","|turn|2","|","|switch|p1a: Drapion|Drapion, F|343/343","|-activate|p2a: Bronzong|confusion","|-damage|p2a: Bronzong|298/338|[from] confusion","|","|-heal|p2a: Bronzong|319/338|[from] item: Leftovers","|turn|3","|","|-activate|p2a: Bronzong|confusion","|move|p2a: Bronzong|Stealth Rock|p1a: Drapion","|-sidestart|p1: StormiClouds|move: Stealth Rock","|move|p1a: Drapion|Swords Dance|p1a: Drapion","|-boost|p1a: Drapion|atk|2","|","|-heal|p2a: Bronzong|338/338|[from] item: Leftovers","|turn|4","|","|-activate|p2a: Bronzong|confusion","|-damage|p2a: Bronzong|301/338|[from] confusion","|move|p1a: Drapion|Earthquake|p2a: Bronzong","|-immune|p2a: Bronzong|[msg]","|","|-heal|p2a: Bronzong|322/338|[from] item: Leftovers","|turn|5","|","|-end|p2a: Bronzong|confusion","|move|p2a: Bronzong|Earthquake|p1a: Drapion","|-supereffective|p1a: Drapion","|-damage|p1a: Drapion|147/343","|move|p1a: Drapion|Night Slash|p2a: Bronzong","|-crit|p2a: Bronzong","|-supereffective|p2a: Bronzong","|-damage|p2a: Bronzong|0 fnt","|faint|p2a: Bronzong","|","|-fieldend|move: Trick Room","|","|switch|p2a: Wobbuffet|Wobbuffet, F|583/583","|turn|6","|","|move|p1a: Drapion|Night Slash|p2a: Wobbuffet","|-supereffective|p2a: Wobbuffet","|-enditem|p2a: Wobbuffet|Focus Sash","|-damage|p2a: Wobbuffet|1/583","|move|p2a: Wobbuffet|Counter|p1a: Drapion","|-damage|p1a: Drapion|0 fnt","|faint|p1a: Drapion","|","|","|switch|p1a: Crobat|Crobat, F|311/311","|-damage|p1a: Crobat|234/311|[from] Stealth Rock","|turn|7","|","|move|p1a: Crobat|Cross Poison|p2a: Wobbuffet","|-damage|p2a: Wobbuffet|0 fnt","|faint|p2a: Wobbuffet","|","|-heal|p1a: Crobat|253/311|[from] item: Black Sludge","|","|switch|p2a: Jirachi|Jirachi|365/365","|turn|8","|","|move|p1a: Crobat|Confuse Ray|p2a: Jirachi","|-start|p2a: Jirachi|confusion","|-activate|p2a: Jirachi|confusion","|move|p2a: Jirachi|Thunder Wave|p1a: Crobat","|-status|p1a: Crobat|par","|","|-heal|p1a: Crobat|272/311 par|[from] item: Black Sludge","|turn|9","|","|-end|p2a: Jirachi|confusion","|move|p2a: Jirachi|Zen Headbutt|p1a: Crobat","|-supereffective|p1a: Crobat","|-damage|p1a: Crobat|0 fnt","|faint|p1a: Crobat","|","|","|switch|p1a: Scolipede|Scolipede, M, shiny|261/261","|-damage|p1a: Scolipede|196/261|[from] Stealth Rock","|turn|10","|","|move|p1a: Scolipede|Protect|p1a: Scolipede","|-singleturn|p1a: Scolipede|Protect","|move|p2a: Jirachi|Thunder Wave|p1a: Scolipede","|-activate|p1a: Scolipede|Protect","|","|-boost|p1a: Scolipede|spe|1|[from] ability: Speed Boost","|turn|11","|","|move|p1a: Scolipede|Earthquake|p2a: Jirachi","|-supereffective|p2a: Jirachi","|-damage|p2a: Jirachi|84/365","|-damage|p1a: Scolipede|170/261|[from] item: Life Orb","|move|p2a: Jirachi|Body Slam|p1a: Scolipede","|-damage|p1a: Scolipede|75/261","|","|-heal|p2a: Jirachi|106/365|[from] item: Leftovers","|-boost|p1a: Scolipede|spe|1|[from] ability: Speed Boost","|turn|12","|","|move|p1a: Scolipede|Earthquake|p2a: Jirachi","|-supereffective|p2a: Jirachi","|-damage|p2a: Jirachi|0 fnt","|-damage|p1a: Scolipede|49/261|[from] item: Life Orb","|faint|p2a: Jirachi","|","|-boost|p1a: Scolipede|spe|1|[from] ability: Speed Boost","|","|switch|p2a: Medicham|Medicham, M, shiny|324/324","|turn|13","|","|switch|p1a: Dragalge|Dragalge, M, shiny|334/334","|-damage|p1a: Dragalge|293/334|[from] Stealth Rock","|detailschange|p2a: Medicham|Medicham-Mega, M, shiny","|-mega|p2a: Medicham|Medicham|Medichamite","|move|p2a: Medicham|Fake Out|p1a: Dragalge","|-damage|p1a: Dragalge|219/334","|","|-heal|p1a: Dragalge|239/334|[from] item: Black Sludge","|turn|14","|","|move|p2a: Medicham|Psycho Cut|p1a: Dragalge","|-supereffective|p1a: Dragalge","|-damage|p1a: Dragalge|0 fnt","|faint|p1a: Dragalge","|","|","|switch|p1a: Weezing|Weezing, F, shiny|334/334","|-damage|p1a: Weezing|293/334|[from] Stealth Rock","|turn|15","|","|move|p2a: Medicham|Psycho Cut|p1a: Weezing","|-supereffective|p1a: Weezing","|-damage|p1a: Weezing|27/334","|move|p1a: Weezing|Will-O-Wisp|p2a: Medicham","|-status|p2a: Medicham|brn","|","|-heal|p1a: Weezing|47/334|[from] item: Black Sludge","|-damage|p2a: Medicham|284/324 brn|[from] brn","|turn|16","|","|move|p2a: Medicham|Drain Punch|p1a: Weezing","|-resisted|p1a: Weezing","|-damage|p1a: Weezing|7/334","|-heal|p2a: Medicham|304/324 brn|[from] drain|[of] p1a: Weezing","|move|p1a: Weezing|Sludge Wave|p2a: Medicham","|-damage|p2a: Medicham|151/324 brn","|","|-heal|p1a: Weezing|27/334|[from] item: Black Sludge","|-damage|p2a: Medicham|111/324 brn|[from] brn","|turn|17","|","|switch|p1a: Venusaur|Venusaur, M, shiny|301/301","|-damage|p1a: Venusaur|264/301|[from] Stealth Rock","|move|p2a: Medicham|Bullet Punch|p1a: Venusaur","|-damage|p1a: Venusaur|226/301","|","|-damage|p2a: Medicham|71/324 brn|[from] brn","|turn|18","|","|switch|p1a: Weezing|Weezing, F, shiny|27/334","|-damage|p1a: Weezing|0 fnt|[from] Stealth Rock","|faint|p1a: Weezing","|move|p2a: Medicham|Psycho Cut|p1: Weezing|[notarget]","|-notarget","|","|-damage|p2a: Medicham|31/324 brn|[from] brn","|","|switch|p1a: Scolipede|Scolipede, M, shiny|49/261","|-damage|p1a: Scolipede|0 fnt|[from] Stealth Rock","|faint|p1a: Scolipede","|","|switch|p1a: Venusaur|Venusaur, M, shiny|226/301","|-damage|p1a: Venusaur|189/301|[from] Stealth Rock","|turn|19","|","|detailschange|p1a: Venusaur|Venusaur-Mega, M, shiny","|-mega|p1a: Venusaur|Venusaur|Venusaurite","|move|p2a: Medicham|Psycho Cut|p1a: Venusaur","|-supereffective|p1a: Venusaur","|-damage|p1a: Venusaur|29/301","|move|p1a: Venusaur|Giga Drain|p2a: Medicham","|-damage|p2a: Medicham|0 fnt","|-heal|p1a: Venusaur|45/301|[from] drain|[of] p2a: Medicham","|faint|p2a: Medicham","|","|","|switch|p2a: Hoopa-Unbound|Hoopa-Unbound|363/363","|turn|20","|","|move|p1a: Venusaur|Sludge Bomb|p2a: Hoopa-Unbound","|-damage|p2a: Hoopa-Unbound|237/363","|move|p2a: Hoopa-Unbound|Hyperspace Hole|p1a: Venusaur","|-supereffective|p1a: Venusaur","|-damage|p1a: Venusaur|0 fnt","|faint|p1a: Venusaur","|","|win|Flygon For Ubers"],"p1rating":{"entryid":"7529280","serverid":"eos","formatid":"monotype","userid":"stormiclouds","username":"StormiClouds","w":"3","l":10,"t":"0","gxe":33.3,"r":"1480.9299357284","rd":"112.13270210657","sigma":"0","rptime":"1439197200","rpr":1366.0709633991,"rprd":81.004868681527,"rpsigma":"0","acre":1019.1028357222,"lacre":1019.1028357222,"oldacre":"1029.8403438705"},"p2rating":{"entryid":"6024963","serverid":"eos","formatid":"monotype","userid":"flygonforubers","username":"Flygon For Ubers","w":24,"l":"28","t":"0","gxe":47,"r":"1438.6407953695","rd":"68.881699525711","sigma":"0","rptime":"1439197200","rpr":1476.8663281355,"rprd":59.642226422805,"rpsigma":"0","acre":1140.1903210304,"lacre":1140.1903210304,"oldacre":"1121.6467491031"},"endType":"normal"}