{"seed":[17137,19443,16061,17866],"turns":19,"p1":"Sjado","p2":"GTX♅Bzumzum","p1team":[{"name":"Sableye","species":"Sableye","item":"sablenite","ability":"Prankster","moves":["recover","willowisp","calmmind","darkpulse"],"nature":"Bold","evs":{"hp":252,"atk":0,"def":252,"spa":0,"spd":4,"spe":0},"ivs":{"hp":31,"atk":31,"def":31,"spa":31,"spd":31,"spe":31}},{"name":"Umbreon","species":"Umbreon","item":"leftovers","ability":"Synchronize","moves":["toxic","wish","protect","darkpulse"],"nature":"Calm","evs":{"hp":252,"atk":0,"def":0,"spa":4,"spd":252,"spe":0},"ivs":{"hp":31,"atk":31,"def":31,"spa":31,"spd":31,"spe":31}},{"name":"Bisharp","species":"Bisharp","item":"lifeorb","ability":"Defiant","moves":["ironhead","suckerpunch","knockoff","swordsdance"],"nature":"Adamant","evs":{"hp":0,"atk":252,"def":0,"spa":0,"spd":4,"spe":252},"shiny":true,"ivs":{"hp":31,"atk":31,"def":31,"spa":31,"spd":31,"spe":31}},{"name":"Mandibuzz","species":"Mandibuzz","item":"rockyhelmet","ability":"Overcoat","moves":["roost","foulplay","defog","toxic"],"nature":"Bold","evs":{"hp":252,"atk":0,"def":252,"spa":0,"spd":4,"spe":0},"ivs":{"hp":31,"atk":31,"def":31,"spa":31,"spd":31,"spe":31}},{"name":"Tyranitar","species":"Tyranitar","item":"leftovers","ability":"Sand Stream","moves":["stoneedge","stealthrock","earthquake","fireblast"],"nature":"Sassy","evs":{"hp":244,"atk":8,"def":0,"spa":4,"spd":252,"spe":0},"ivs":{"hp":31,"atk":31,"def":31,"spa":31,"spd":31,"spe":31}},{"name":"Hydreigon","species":"Hydreigon","item":"lifeorb","ability":"Levitate","moves":["darkpulse","dracometeor","fireblast","earthpower"],"nature":"Timid","evs":{"hp":0,"atk":0,"def":0,"spa":252,"spd":4,"spe":252},"ivs":{"hp":31,"atk":31,"def":31,"spa":31,"spd":31,"spe":31}}],"p2team":[{"name":"Elec","species":"manectric","item":"manectite","ability":"Lightning Rod","moves":["thunderbolt","hiddenpowergrass","voltswitch","overheat"],"nature":"Timid","evs":{"hp":0,"atk":0,"def":0,"spa":252,"spd":4,"spe":252},"gender":"M","ivs":{"hp":31,"atk":30,"def":31,"spa":30,"spd":31,"spe":31}},{"name":"Water-Safe","species":"rotomwash","item":"chestoberry","ability":"Levitate","moves":["hydropump","hex","willowisp","rest"],"nature":"Calm","evs":{"hp":248,"atk":0,"def":0,"spa":8,"spd":252,"spe":0},"shiny":true,"ivs":{"hp":31,"atk":31,"def":31,"spa":31,"spd":31,"spe":31}},{"name":"MY ZONE!!!","species":"magnezone","item":"choicespecs","ability":"Sturdy","moves":["hiddenpowerice","flashcannon","triattack","signalbeam"],"nature":"Modest","evs":{"hp":248,"atk":0,"def":0,"spa":252,"spd":8,"spe":0},"ivs":{"hp":31,"atk":30,"def":30,"spa":31,"spd":31,"spe":31},"shiny":true},{"name":"Lightning","species":"raichu","item":"safetygoggles","ability":"Static","moves":["grassknot","voltswitch","surf","focusblast"],"nature":"Timid","evs":{"hp":4,"atk":0,"def":0,"spa":252,"spd":0,"spe":252},"gender":"M","shiny":true,"ivs":{"hp":31,"atk":31,"def":31,"spa":31,"spd":31,"spe":31}},{"name":"Zapz","species":"zapdos","item":"leftovers","ability":"Pressure","moves":["heatwave","roost","extrasensory","defog"],"nature":"Modest","evs":{"hp":252,"atk":0,"def":0,"spa":252,"spd":4,"spe":0},"shiny":true,"ivs":{"hp":31,"atk":31,"def":31,"spa":31,"spd":31,"spe":31}},{"name":"Plugg-in Failure","species":"electivire","item":"choicescarf","ability":"Vital Spirit","moves":["crosschop","earthquake","icepunch","rockslide"],"nature":"Adamant","evs":{"hp":0,"atk":252,"def":0,"spa":0,"spd":4,"spe":252},"gender":"M","shiny":true,"ivs":{"hp":31,"atk":31,"def":31,"spa":31,"spd":31,"spe":31}}],"log":["|player|p1|Sjado|168","|player|p2|GTX♅Bzumzum|225","|gametype|singles","|gen|6","|tier|Monotype","|rated","|rule|Baton Pass Clause: Limit one Baton Passer, can't pass Spe and other stats simultaneously","|rule|Swagger Clause: Swagger is banned","|rule|Same Type Clause: Pokémon in a team must share a type","|clearpoke","|poke|p1|Sableye, F","|poke|p1|Umbreon, M","|poke|p1|Bisharp, F, shiny","|poke|p1|Mandibuzz, F","|poke|p1|Tyranitar, M","|poke|p1|Hydreigon, F","|poke|p2|Manectric, M","|poke|p2|Rotom-Wash, shiny","|poke|p2|Magnezone, shiny","|poke|p2|Raichu, M, shiny","|poke|p2|Zapdos, shiny","|poke|p2|Electivire, M, shiny","|rule|Sleep Clause Mod: Limit one foe put to sleep","|rule|Species Clause: Limit one of each Pokémon","|rule|OHKO Clause: OHKO moves are banned","|rule|Moody Clause: Moody is banned","|rule|Evasion Moves Clause: Evasion moves are banned","|rule|Endless Battle Clause: Forcing endless battles is banned","|rule|HP Percentage Mod: HP is shown in percentages","|teampreview","|","|start","|switch|p1a: Umbreon|Umbreon, M|394/394","|switch|p2a: Lightning|Raichu, M, shiny|262/262","|turn|1","|","|move|p2a: Lightning|Focus Blast|p1a: Umbreon","|-supereffective|p1a: Umbreon","|-damage|p1a: Umbreon|254/394","|-unboost|p1a: Umbreon|spd|1","|move|p1a: Umbreon|Toxic|p2a: Lightning","|-status|p2a: Lightning|tox","|","|-heal|p1a: Umbreon|278/394|[from] item: Leftovers","|-damage|p2a: Lightning|246/262 tox|[from] psn","|turn|2","|","|switch|p1a: Sableye|Sableye, F|304/304","|move|p2a: Lightning|Volt Switch|p1a: Sableye","|-damage|p1a: Sableye|169/304","|","|switch|p2a: Plugg-in Failure|Electivire, M, shiny|291/291","|","|turn|3","|","|switch|p1a: Hydreigon|Hydreigon, F|325/325","|move|p2a: Plugg-in Failure|Earthquake|p1a: Hydreigon","|-immune|p1a: Hydreigon|[msg]","|","|turn|4","|","|switch|p2a: Water-Safe|Rotom-Wash, shiny|303/303","|move|p1a: Hydreigon|Dark Pulse|p2a: Water-Safe","|-damage|p2a: Water-Safe|178/303","|-damage|p1a: Hydreigon|293/325|[from] item: Life Orb","|","|turn|5","|","|move|p1a: Hydreigon|Draco Meteor|p2a: Water-Safe","|-damage|p2a: Water-Safe|0 fnt","|-unboost|p1a: Hydreigon|spa|2","|-damage|p1a: Hydreigon|261/325|[from] item: Life Orb","|faint|p2a: Water-Safe","|","|","|switch|p2a: Plugg-in Failure|Electivire, M, shiny|291/291","|turn|6","|","|switch|p1a: Tyranitar|Tyranitar, M|402/402","|-weather|Sandstorm","|move|p2a: Plugg-in Failure|Ice Punch|p1a: Tyranitar","|-damage|p1a: Tyranitar|318/402","|","|-weather|Sandstorm|[upkeep]","|-damage|p2a: Plugg-in Failure|273/291|[from] sandstorm","|-heal|p1a: Tyranitar|343/402|[from] item: Leftovers","|turn|7","|","|move|p2a: Plugg-in Failure|Ice Punch|p1a: Tyranitar","|-damage|p1a: Tyranitar|252/402","|move|p1a: Tyranitar|Stealth Rock|p2a: Plugg-in Failure","|-sidestart|p2: GTX♅Bzumzum|move: Stealth Rock","|","|-weather|Sandstorm|[upkeep]","|-damage|p2a: Plugg-in Failure|255/291|[from] sandstorm","|-heal|p1a: Tyranitar|277/402|[from] item: Leftovers","|turn|8","|","|move|p2a: Plugg-in Failure|Ice Punch|p1a: Tyranitar","|-damage|p1a: Tyranitar|187/402","|move|p1a: Tyranitar|Stone Edge|p2a: Plugg-in Failure","|-damage|p2a: Plugg-in Failure|45/291","|","|-weather|Sandstorm|[upkeep]","|-damage|p2a: Plugg-in Failure|27/291|[from] sandstorm","|-heal|p1a: Tyranitar|212/402|[from] item: Leftovers","|turn|9","|","|switch|p2a: Zapz|Zapdos, shiny|384/384","|-damage|p2a: Zapz|288/384|[from] Stealth Rock","|-ability|p2a: Zapz|Pressure","|move|p1a: Tyranitar|Stone Edge|p2a: Zapz","|-supereffective|p2a: Zapz","|-damage|p2a: Zapz|0 fnt","|faint|p2a: Zapz","|","|-weather|Sandstorm|[upkeep]","|-heal|p1a: Tyranitar|237/402|[from] item: Leftovers","|","|switch|p2a: Lightning|Raichu, M, shiny|246/262 tox","|-damage|p2a: Lightning|214/262 tox|[from] Stealth Rock","|turn|10","|","|switch|p1a: Umbreon|Umbreon, M|278/394","|move|p2a: Lightning|Surf|p1a: Umbreon","|-damage|p1a: Umbreon|224/394","|","|-weather|none","|-heal|p1a: Umbreon|248/394|[from] item: Leftovers","|-damage|p2a: Lightning|198/262 tox|[from] psn","|turn|11","|","|move|p1a: Umbreon|Protect|p1a: Umbreon","|-singleturn|p1a: Umbreon|Protect","|move|p2a: Lightning|Volt Switch|p1a: Umbreon","|-activate|p1a: Umbreon|Protect","|","|-heal|p1a: Umbreon|272/394|[from] item: Leftovers","|-damage|p2a: Lightning|166/262 tox|[from] psn","|turn|12","|","|move|p2a: Lightning|Volt Switch|p1a: Umbreon","|-damage|p1a: Umbreon|209/394","|","|switch|p2a: MY ZONE!!!|Magnezone, shiny|343/343","|-damage|p2a: MY ZONE!!!|322/343|[from] Stealth Rock","|move|p1a: Umbreon|Wish|p1a: Umbreon","|","|-heal|p1a: Umbreon|233/394|[from] item: Leftovers","|turn|13","|","|move|p1a: Umbreon|Dark Pulse|p2a: MY ZONE!!!","|-damage|p2a: MY ZONE!!!|250/343","|move|p2a: MY ZONE!!!|Signal Beam|p1a: Umbreon","|-supereffective|p1a: Umbreon","|-damage|p1a: Umbreon|67/394","|","|-heal|p1a: Umbreon|264/394|[from] move: Wish|[wisher] Umbreon","|-heal|p1a: Umbreon|288/394|[from] item: Leftovers","|turn|14","|","|move|p1a: Umbreon|Dark Pulse|p2a: MY ZONE!!!","|-damage|p2a: MY ZONE!!!|178/343","|move|p2a: MY ZONE!!!|Signal Beam|p1a: Umbreon","|-supereffective|p1a: Umbreon","|-damage|p1a: Umbreon|126/394","|","|-heal|p1a: Umbreon|150/394|[from] item: Leftovers","|turn|15","|","|move|p1a: Umbreon|Protect|p1a: Umbreon","|-singleturn|p1a: Umbreon|Protect","|move|p2a: MY ZONE!!!|Signal Beam|p1a: Umbreon","|-activate|p1a: Umbreon|Protect","|","|-heal|p1a: Umbreon|174/394|[from] item: Leftovers","|turn|16","|","|move|p1a: Umbreon|Wish|p1a: Umbreon","|move|p2a: MY ZONE!!!|Signal Beam|p1a: Umbreon","|-supereffective|p1a: Umbreon","|-damage|p1a: Umbreon|0 fnt","|faint|p1a: Umbreon","|","|","|switch|p1a: Hydreigon|Hydreigon, F|261/325","|turn|17","|","|move|p1a: Hydreigon|Earth Power|p2a: MY ZONE!!!","|-supereffective|p2a: MY ZONE!!!","|-damage|p2a: MY ZONE!!!|0 fnt","|-damage|p1a: Hydreigon|229/325|[from] item: Life Orb","|faint|p2a: MY ZONE!!!","|","|-heal|p1a: Hydreigon|325/325|[from] move: Wish|[wisher] Umbreon","|","|switch|p2a: Plugg-in Failure|Electivire, M, shiny|27/291","|-damage|p2a: Plugg-in Failure|0 fnt|[from] Stealth Rock","|faint|p2a: Plugg-in Failure","|","|switch|p2a: Lightning|Raichu, M, shiny|166/262 tox","|-damage|p2a: Lightning|134/262 tox|[from] Stealth Rock","|turn|18","|","|move|p2a: Lightning|Focus Blast|p1a: Hydreigon|[miss]","|-miss|p2a: Lightning|p1a: Hydreigon","|move|p1a: Hydreigon|Earth Power|p2a: Lightning","|-supereffective|p2a: Lightning","|-damage|p2a: Lightning|0 fnt","|-damage|p1a: Hydreigon|293/325|[from] item: Life Orb","|faint|p2a: Lightning","|","|","|switch|p2a: Elec|Manectric, M|281/281","|-damage|p2a: Elec|246/281|[from] Stealth Rock","|turn|19","|","|detailschange|p2a: Elec|Manectric-Mega, M","|-mega|p2a: Elec|Manectric|Manectite","|-ability|p2a: Elec|Intimidate","|-unboost|p1a: Hydreigon|atk|1","|move|p2a: Elec|Thunderbolt|p1a: Hydreigon","|-resisted|p1a: Hydreigon","|-damage|p1a: Hydreigon|211/325","|-status|p1a: Hydreigon|par","|move|p1a: Hydreigon|Draco Meteor|p2a: Elec","|-damage|p2a: Elec|0 fnt","|-unboost|p1a: Hydreigon|spa|2","|-damage|p1a: Hydreigon|179/325 par|[from] item: Life Orb","|faint|p2a: Elec","|","|win|Sjado"],"p1rating":{"entryid":"6705129","serverid":"eos","formatid":"monotype","userid":"sjado","username":"Sjado","w":1,"l":"2","t":"0","gxe":41.3,"r":"1435.4693692057","rd":"130.05185590139","sigma":"0","rptime":"1439197200","rpr":1430.1040958169,"rprd":117.66731138353,"rpsigma":"0","acre":1047.3078520824,"lacre":1047.3078520824,"oldacre":"1000"},"p2rating":{"entryid":"6857825","serverid":"eos","formatid":"monotype","userid":"gtxbzumzum","username":"GTX♅Bzumzum","w":"29","l":108,"t":"0","gxe":22.1,"r":"1258.1816725107","rd":"35.793534537741","sigma":"0","rptime":"1439197200","rpr":1261.8077109272,"rprd":34.626524878165,"rpsigma":"0","acre":1040.9803071706,"lacre":1040.9803071706,"oldacre":"1064.195909995"},"endType":"normal"}