{"seed":[32716,336,54002,3087],"turns":21,"p1":"Bugy","p2":"Crystal Blade64","p1team":[{"name":"Pinch Pinch!!","species":"pinsir","item":"pinsirite","ability":"Moxie","moves":["quickattack","return","swordsdance","closecombat"],"nature":"Adamant","evs":{"hp":248,"atk":252,"def":0,"spa":0,"spd":8,"spe":0},"shiny":true,"ivs":{"hp":31,"atk":31,"def":31,"spa":31,"spd":31,"spe":31}},{"name":"Volcin","species":"volcarona","item":"leftovers","ability":"Flame Body","moves":["bugbuzz","fierydance","quiverdance","hiddenpowerground"],"nature":"Modest","evs":{"hp":0,"atk":0,"def":0,"spa":252,"spd":4,"spe":252},"ivs":{"hp":31,"atk":31,"def":31,"spa":30,"spd":30,"spe":31},"shiny":true},{"name":"Snap SNip","species":"scizor","item":"rockyhelmet","ability":"Technician","moves":["swordsdance","bulletpunch","roost","uturn"],"nature":"Impish","evs":{"hp":248,"atk":8,"def":252,"spa":0,"spd":0,"spe":0},"shiny":true,"ivs":{"hp":31,"atk":31,"def":31,"spa":31,"spd":31,"spe":31}},{"name":"Red Mega Zord","species":"genesect","item":"choicescarf","ability":"Download","moves":["icebeam","thunderbolt","uturn","ironhead"],"nature":"Hasty","evs":{"hp":0,"atk":4,"def":0,"spa":252,"spd":0,"spe":252},"shiny":true,"ivs":{"hp":31,"atk":31,"def":31,"spa":31,"spd":31,"spe":31}},{"name":"Rocky","species":"heracross","item":"choicescarf","ability":"Moxie","moves":["closecombat","megahorn","stoneedge","earthquake"],"nature":"","shiny":true,"evs":{"hp":0,"atk":0,"def":0,"spa":0,"spd":0,"spe":0},"ivs":{"hp":31,"atk":31,"def":31,"spa":31,"spd":31,"spe":31}},{"name":"Billy","species":"armaldo","item":"leftovers","ability":"Battle Armor","moves":["stealthrock","rockblast","rapidspin","knockoff"],"nature":"Adamant","evs":{"hp":252,"atk":252,"def":0,"spa":0,"spd":4,"spe":0},"shiny":true,"ivs":{"hp":31,"atk":31,"def":31,"spa":31,"spd":31,"spe":31}}],"p2team":[{"name":"Salute The Sun!","species":"charizard","item":"charizarditey","ability":"Blaze","moves":["airslash","dragonpulse","fireblast","solarbeam"],"nature":"Timid","evs":{"hp":4,"atk":0,"def":0,"spa":252,"spd":0,"spe":252},"ivs":{"hp":31,"atk":31,"def":31,"spa":31,"spd":31,"spe":31}},{"name":"TMNT","species":"torkoal","item":"focussash","ability":"Shell Armor","moves":["stealthrock","rapidspin","yawn","lavaplume"],"nature":"Calm","evs":{"hp":252,"atk":0,"def":0,"spa":4,"spd":252,"spe":0},"ivs":{"hp":31,"atk":31,"def":31,"spa":31,"spd":31,"spe":31}},{"name":"TotallyScarfed","species":"victini","item":"choicescarf","ability":"Victory Star","moves":["boltstrike","vcreate","uturn","zenheadbutt"],"nature":"Jolly","evs":{"hp":0,"atk":252,"def":0,"spa":0,"spd":4,"spe":252},"ivs":{"hp":31,"atk":31,"def":31,"spa":31,"spd":31,"spe":31}},{"name":"Kyuubi","species":"ninetales","item":"heatrock","ability":"Drought","moves":["solarbeam","fireblast","hypnosis","nastyplot"],"nature":"Timid","evs":{"hp":4,"atk":0,"def":0,"spa":252,"spd":0,"spe":252},"ivs":{"hp":31,"atk":31,"def":31,"spa":31,"spd":31,"spe":31}},{"name":"EruptionSpam","species":"typhlosion","item":"choicescarf","ability":"Blaze","moves":["eruption","solarbeam","focusblast","heatwave"],"nature":"Timid","evs":{"hp":4,"atk":0,"def":0,"spa":252,"spd":0,"spe":252},"ivs":{"hp":31,"atk":31,"def":31,"spa":31,"spd":31,"spe":31}},{"name":"I'm On Fire","species":"chandelure","item":"choicescarf","ability":"Infiltrator","moves":["energyball","fireblast","shadowball","trick"],"nature":"Modest","evs":{"hp":4,"atk":0,"def":0,"spa":252,"spd":0,"spe":252},"ivs":{"hp":31,"atk":31,"def":31,"spa":31,"spd":31,"spe":31}}],"log":["|player|p1|Bugy|66","|player|p2|Crystal Blade64|165","|gametype|singles","|gen|6","|tier|Monotype","|rated","|rule|Baton Pass Clause: Limit one Baton Passer, can't pass Spe and other stats simultaneously","|rule|Swagger Clause: Swagger is banned","|rule|Same Type Clause: Pokémon in a team must share a type","|clearpoke","|poke|p1|Pinsir, F, shiny","|poke|p1|Volcarona, F, shiny","|poke|p1|Scizor, M, shiny","|poke|p1|Genesect-*, shiny","|poke|p1|Heracross, M, shiny","|poke|p1|Armaldo, F, shiny","|poke|p2|Charizard, F","|poke|p2|Torkoal, F","|poke|p2|Victini","|poke|p2|Ninetales, F","|poke|p2|Typhlosion, F","|poke|p2|Chandelure, M","|rule|Sleep Clause Mod: Limit one foe put to sleep","|rule|Species Clause: Limit one of each Pokémon","|rule|OHKO Clause: OHKO moves are banned","|rule|Moody Clause: Moody is banned","|rule|Evasion Moves Clause: Evasion moves are banned","|rule|Endless Battle Clause: Forcing endless battles is banned","|rule|HP Percentage Mod: HP is shown in percentages","|teampreview","|","|start","|switch|p1a: Billy|Armaldo, F, shiny|354/354","|switch|p2a: TMNT|Torkoal, F|344/344","|turn|1","|","|move|p1a: Billy|Stealth Rock|p2a: TMNT","|-sidestart|p2: Crystal Blade64|move: Stealth Rock","|move|p2a: TMNT|Yawn|p1a: Billy","|-start|p1a: Billy|move: Yawn|[of] p2a: TMNT","|","|turn|2","|","|switch|p1a: Snap SNip|Scizor, M, shiny|343/343","|move|p2a: TMNT|Rapid Spin|p1a: Snap SNip","|-resisted|p1a: Snap SNip","|-damage|p1a: Snap SNip|339/343","|-damage|p2a: TMNT|287/344|[from] item: Rocky Helmet|[of] p1a: Snap SNip","|-sideend|p2: Crystal Blade64|Stealth Rock|[from] move: Rapid Spin|[of] p2a: TMNT","|","|turn|3","|","|move|p1a: Snap SNip|U-turn|p2a: TMNT","|-resisted|p2a: TMNT","|-damage|p2a: TMNT|248/344","|","|switch|p1a: Billy|Armaldo, F, shiny|354/354","|move|p2a: TMNT|Lava Plume|p1a: Billy","|-damage|p1a: Billy|251/354","|-status|p1a: Billy|brn","|","|-heal|p1a: Billy|273/354 brn|[from] item: Leftovers","|-damage|p1a: Billy|229/354 brn|[from] brn","|turn|4","|","|move|p1a: Billy|Stealth Rock|p2a: TMNT","|-sidestart|p2: Crystal Blade64|move: Stealth Rock","|move|p2a: TMNT|Stealth Rock|p1a: Billy","|-sidestart|p1: Bugy|move: Stealth Rock","|","|-heal|p1a: Billy|251/354 brn|[from] item: Leftovers","|-damage|p1a: Billy|207/354 brn|[from] brn","|turn|5","|","|move|p1a: Billy|Rapid Spin|p2a: TMNT","|-damage|p2a: TMNT|238/344","|-sideend|p1: Bugy|Stealth Rock|[from] move: Rapid Spin|[of] p1a: Billy","|move|p2a: TMNT|Rapid Spin|p1a: Billy","|-resisted|p1a: Billy","|-damage|p1a: Billy|201/354 brn","|-sideend|p2: Crystal Blade64|Stealth Rock|[from] move: Rapid Spin|[of] p2a: TMNT","|","|-heal|p1a: Billy|223/354 brn|[from] item: Leftovers","|-damage|p1a: Billy|179/354 brn|[from] brn","|turn|6","|","|move|p1a: Billy|Knock Off|p2a: TMNT","|-damage|p2a: TMNT|194/344","|-enditem|p2a: TMNT|Focus Sash|[from] move: Knock Off|[of] p1a: Billy","|move|p2a: TMNT|Rapid Spin|p1a: Billy","|-resisted|p1a: Billy","|-damage|p1a: Billy|173/354 brn","|","|-heal|p1a: Billy|195/354 brn|[from] item: Leftovers","|-damage|p1a: Billy|151/354 brn|[from] brn","|turn|7","|","|move|p1a: Billy|Stealth Rock|p2a: TMNT","|-sidestart|p2: Crystal Blade64|move: Stealth Rock","|move|p2a: TMNT|Stealth Rock|p1a: Billy","|-sidestart|p1: Bugy|move: Stealth Rock","|","|-heal|p1a: Billy|173/354 brn|[from] item: Leftovers","|-damage|p1a: Billy|129/354 brn|[from] brn","|turn|8","|","|move|p1a: Billy|Rock Blast|p2a: TMNT|[miss]","|-miss|p1a: Billy|p2a: TMNT","|move|p2a: TMNT|Rapid Spin|p1a: Billy","|-resisted|p1a: Billy","|-damage|p1a: Billy|123/354 brn","|-sideend|p2: Crystal Blade64|Stealth Rock|[from] move: Rapid Spin|[of] p2a: TMNT","|","|-heal|p1a: Billy|145/354 brn|[from] item: Leftovers","|-damage|p1a: Billy|101/354 brn|[from] brn","|turn|9","|","|move|p1a: Billy|Rapid Spin|p2a: TMNT","|-damage|p2a: TMNT|183/344","|-sideend|p1: Bugy|Stealth Rock|[from] move: Rapid Spin|[of] p1a: Billy","|move|p2a: TMNT|Lava Plume|p1a: Billy","|-damage|p1a: Billy|10/354 brn","|","|-heal|p1a: Billy|32/354 brn|[from] item: Leftovers","|-damage|p1a: Billy|0 fnt|[from] brn","|faint|p1a: Billy","|","|switch|p1a: Rocky|Heracross, M, shiny|301/301","|turn|10","|","|move|p1a: Rocky|Earthquake|p2a: TMNT","|-supereffective|p2a: TMNT","|-damage|p2a: TMNT|35/344","|move|p2a: TMNT|Stealth Rock|p1a: Rocky","|-sidestart|p1: Bugy|move: Stealth Rock","|","|turn|11","|","|switch|p2a: Salute The Sun!|Charizard, F|298/298","|move|p1a: Rocky|Earthquake|p2a: Salute The Sun!","|-immune|p2a: Salute The Sun!|[msg]","|","|turn|12","|","|switch|p1a: Snap SNip|Scizor, M, shiny|339/343","|-damage|p1a: Snap SNip|297/343|[from] Stealth Rock","|detailschange|p2a: Salute The Sun!|Charizard-Mega-Y, F","|-mega|p2a: Salute The Sun!|Charizard|Charizardite Y","|-weather|SunnyDay","|move|p2a: Salute The Sun!|Fire Blast|p1a: Snap SNip|[miss]","|-miss|p2a: Salute The Sun!|p1a: Snap SNip","|","|-weather|SunnyDay|[upkeep]","|turn|13","|","|move|p1a: Snap SNip|Bullet Punch|p2a: Salute The Sun!","|-resisted|p2a: Salute The Sun!","|-damage|p2a: Salute The Sun!|247/298","|move|p2a: Salute The Sun!|Fire Blast|p1a: Snap SNip","|-supereffective|p1a: Snap SNip","|-damage|p1a: Snap SNip|0 fnt","|faint|p1a: Snap SNip","|","|-weather|SunnyDay|[upkeep]","|","|switch|p1a: Rocky|Heracross, M, shiny|301/301","|-damage|p1a: Rocky|264/301|[from] Stealth Rock","|turn|14","|","|switch|p2a: TMNT|Torkoal, F|35/344","|move|p1a: Rocky|Stone Edge|p2a: TMNT","|-supereffective|p2a: TMNT","|-damage|p2a: TMNT|0 fnt","|faint|p2a: TMNT","|-boost|p1a: Rocky|atk|1|[from] ability: Moxie","|","|-weather|SunnyDay|[upkeep]","|","|switch|p2a: TotallyScarfed|Victini|341/341","|turn|15","|","|switch|p1a: Volcin|Volcarona, F, shiny|311/311","|-damage|p1a: Volcin|156/311|[from] Stealth Rock","|move|p2a: TotallyScarfed|V-create|p1a: Volcin","|-damage|p1a: Volcin|0 fnt","|-unboost|p2a: TotallyScarfed|spe|1","|-unboost|p2a: TotallyScarfed|def|1","|-unboost|p2a: TotallyScarfed|spd|1","|faint|p1a: Volcin","|","|-weather|SunnyDay|[upkeep]","|","|switch|p1a: Pinch Pinch!!|Pinsir, F, shiny|333/333","|-damage|p1a: Pinch Pinch!!|250/333|[from] Stealth Rock","|turn|16","|","|switch|p2a: I'm On Fire|Chandelure, M|262/262","|detailschange|p1a: Pinch Pinch!!|Pinsir-Mega, F, shiny","|-mega|p1a: Pinch Pinch!!|Pinsir|Pinsirite","|move|p1a: Pinch Pinch!!|Quick Attack|p2a: I'm On Fire","|-damage|p2a: I'm On Fire|133/262","|","|-weather|none","|turn|17","|","|move|p1a: Pinch Pinch!!|Quick Attack|p2a: I'm On Fire","|-damage|p2a: I'm On Fire|0 fnt","|faint|p2a: I'm On Fire","|","|","|switch|p2a: Salute The Sun!|Charizard-Mega-Y, F|247/298","|-weather|SunnyDay","|turn|18","|","|move|p1a: Pinch Pinch!!|Quick Attack|p2a: Salute The Sun!","|-damage|p2a: Salute The Sun!|108/298","|move|p2a: Salute The Sun!|Air Slash|p1a: Pinch Pinch!!","|-supereffective|p1a: Pinch Pinch!!","|-damage|p1a: Pinch Pinch!!|0 fnt","|faint|p1a: Pinch Pinch!!","|","|-weather|SunnyDay|[upkeep]","|","|switch|p1a: Rocky|Heracross, M, shiny|264/301","|-damage|p1a: Rocky|227/301|[from] Stealth Rock","|turn|19","|","|move|p2a: Salute The Sun!|Air Slash|p1a: Rocky","|-supereffective|p1a: Rocky","|-damage|p1a: Rocky|0 fnt","|faint|p1a: Rocky","|","|-weather|SunnyDay|[upkeep]","|","|switch|p1a: Red Mega Zord|Genesect, shiny|283/283","|-damage|p1a: Red Mega Zord|248/283|[from] Stealth Rock","|-boost|p1a: Red Mega Zord|atk|1|[from] ability: Download","|turn|20","|","|move|p1a: Red Mega Zord|Thunderbolt|p2a: Salute The Sun!","|-supereffective|p2a: Salute The Sun!","|-damage|p2a: Salute The Sun!|0 fnt","|faint|p2a: Salute The Sun!","|","|-weather|SunnyDay|[upkeep]","|","|switch|p2a: TotallyScarfed|Victini|341/341","|turn|21","|","|move|p2a: TotallyScarfed|V-create|p1a: Red Mega Zord","|-supereffective|p1a: Red Mega Zord","|-damage|p1a: Red Mega Zord|0 fnt","|-unboost|p2a: TotallyScarfed|spe|1","|-unboost|p2a: TotallyScarfed|def|1","|-unboost|p2a: TotallyScarfed|spd|1","|faint|p1a: Red Mega Zord","|","|win|Crystal Blade64"],"p1rating":{"entryid":"7518182","serverid":"eos","formatid":"monotype","userid":"bugy","username":"Bugy","w":"11","l":13,"t":"0","gxe":48.1,"r":"1477.9961312345","rd":"67.905769260347","sigma":"0","rptime":"1439197200","rpr":1485.1470752817,"rprd":65.79018498389,"rpsigma":"0","acre":1151.7653222027,"lacre":1151.7653222027,"oldacre":"1177.7478059269"},"p2rating":{"entryid":"6391332","serverid":"eos","formatid":"monotype","userid":"crystalblade64","username":"Crystal Blade64","w":19,"l":"18","t":"0","gxe":51.7,"r":"1520.5247760868","rd":"60.193430858841","sigma":"0","rptime":"1439197200","rpr":1512.8233135788,"rprd":57.134578211908,"rpsigma":"0","acre":1190.0692615591,"lacre":1190.0692615591,"oldacre":"1164.0867778349"},"endType":"normal"}