{"seed":[30684,31666,24029,65082],"turns":32,"p1":"Carnie Marx","p2":"Alliance - Mxy","p1team":[{"name":"Sharpedo","species":"Sharpedo","item":"focussash","ability":"Speed Boost","moves":["crunch","waterfall","earthquake","destinybond"],"nature":"Adamant","evs":{"hp":0,"atk":252,"def":0,"spa":0,"spd":4,"spe":252},"ivs":{"hp":31,"atk":31,"def":31,"spa":31,"spd":31,"spe":31}},{"name":"Clawitzer","species":"Clawitzer","item":"choicescarf","ability":"Mega Launcher","moves":["dragonpulse","darkpulse","waterpulse","icebeam"],"nature":"Timid","evs":{"hp":0,"atk":0,"def":0,"spa":252,"spd":4,"spe":252},"ivs":{"hp":31,"atk":31,"def":31,"spa":31,"spd":31,"spe":31}},{"name":"Ludicolo","species":"Ludicolo","item":"leftovers","ability":"Swift Swim","moves":["gigadrain","icebeam","surf","energyball"],"nature":"Modest","evs":{"hp":0,"atk":0,"def":0,"spa":252,"spd":4,"spe":252},"ivs":{"hp":31,"atk":31,"def":31,"spa":31,"spd":31,"spe":31}},{"name":"Quagsire","species":"Quagsire","item":"leftovers","ability":"Unaware","moves":["protect","icepunch","waterfall","toxic"],"nature":"Impish","evs":{"hp":252,"atk":4,"def":252,"spa":0,"spd":0,"spe":0},"ivs":{"hp":31,"atk":31,"def":31,"spa":31,"spd":31,"spe":31}},{"name":"Rotom-Wash","species":"Rotom-Wash","item":"leftovers","ability":"Levitate","moves":["discharge","thunderwave","charge","painsplit"],"nature":"Calm","evs":{"hp":252,"atk":0,"def":0,"spa":4,"spd":252,"spe":0},"ivs":{"hp":31,"atk":31,"def":31,"spa":31,"spd":31,"spe":31}},{"name":"Politoed","species":"Politoed","item":"leftovers","ability":"Drizzle","moves":["scald","icebeam","psychic","toxic"],"nature":"Bold","evs":{"hp":252,"atk":0,"def":252,"spa":4,"spd":0,"spe":0},"ivs":{"hp":31,"atk":31,"def":31,"spa":31,"spd":31,"spe":31}}],"p2team":[{"name":"Sharpedo","species":"Sharpedo","item":"sharpedonite","ability":"Speed Boost","moves":["crunch","surf","poisonfang","protect"],"nature":"Naive","evs":{"hp":0,"atk":252,"def":0,"spa":0,"spd":0,"spe":252},"ivs":{"hp":31,"atk":31,"def":31,"spa":31,"spd":31,"spe":31}},{"name":"Weavile","species":"Weavile","item":"lifeorb","ability":"Pressure","moves":["iciclecrash","iceshard","knockoff","lowkick"],"nature":"Jolly","evs":{"hp":0,"atk":252,"def":0,"spa":0,"spd":4,"spe":252},"ivs":{"hp":31,"atk":31,"def":31,"spa":31,"spd":31,"spe":31}},{"name":"Hydreigon","species":"Hydreigon","item":"choicescarf","ability":"Levitate","moves":["dracometeor","earthpower","fireblast","flashcannon"],"nature":"","evs":{"hp":0,"atk":0,"def":0,"spa":0,"spd":0,"spe":0},"ivs":{"hp":31,"atk":31,"def":31,"spa":31,"spd":31,"spe":31}},{"name":"Sableye","species":"Sableye","item":"leftovers","ability":"Prankster","moves":["recover","willowisp","taunt","foulplay"],"nature":"Calm","evs":{"hp":252,"atk":0,"def":120,"spa":0,"spd":136,"spe":0},"ivs":{"hp":31,"atk":31,"def":31,"spa":31,"spd":31,"spe":31}},{"name":"Bisharp","species":"Bisharp","item":"assaultvest","ability":"Defiant","moves":["knockoff","suckerpunch","poweruppunch","ironhead"],"nature":"Adamant","evs":{"hp":192,"atk":220,"def":0,"spa":0,"spd":0,"spe":96},"ivs":{"hp":31,"atk":31,"def":31,"spa":31,"spd":31,"spe":31}},{"name":"Crawdaunt","species":"Crawdaunt","item":"focussash","ability":"Adaptability","moves":["waterfall","aquajet","knockoff","dragondance"],"nature":"Adamant","evs":{"hp":0,"atk":252,"def":0,"spa":0,"spd":4,"spe":252},"ivs":{"hp":31,"atk":31,"def":31,"spa":31,"spd":31,"spe":31}}],"log":["|player|p1|Carnie Marx|238","|player|p2|Alliance - Mxy|270","|gametype|singles","|gen|6","|tier|Monotype","|rated","|rule|Baton Pass Clause: Limit one Baton Passer, can't pass Spe and other stats simultaneously","|rule|Swagger Clause: Swagger is banned","|rule|Same Type Clause: Pokémon in a team must share a type","|clearpoke","|poke|p1|Sharpedo, F","|poke|p1|Clawitzer, F","|poke|p1|Ludicolo, M","|poke|p1|Quagsire, F","|poke|p1|Rotom-Wash","|poke|p1|Politoed, M","|poke|p2|Sharpedo, M","|poke|p2|Weavile, F","|poke|p2|Hydreigon, M","|poke|p2|Sableye, F","|poke|p2|Bisharp, F","|poke|p2|Crawdaunt, F","|rule|Sleep Clause Mod: Limit one foe put to sleep","|rule|Species Clause: Limit one of each Pokémon","|rule|OHKO Clause: OHKO moves are banned","|rule|Moody Clause: Moody is banned","|rule|Evasion Moves Clause: Evasion moves are banned","|rule|Endless Battle Clause: Forcing endless battles is banned","|rule|HP Percentage Mod: HP is shown in percentages","|teampreview","|","|start","|switch|p1a: Ludicolo|Ludicolo, M|301/301","|switch|p2a: Weavile|Weavile, F|281/281","|-ability|p2a: Weavile|Pressure","|turn|1","|","|switch|p1a: Quagsire|Quagsire, F|394/394","|move|p2a: Weavile|Knock Off|p1a: Quagsire","|-damage|p1a: Quagsire|233/394","|-enditem|p1a: Quagsire|Leftovers|[from] move: Knock Off|[of] p2a: Weavile","|-damage|p2a: Weavile|253/281|[from] item: Life Orb","|","|turn|2","|","|move|p1a: Quagsire|Protect|p1a: Quagsire","|-singleturn|p1a: Quagsire|Protect","|move|p2a: Weavile|Icicle Crash|p1a: Quagsire","|-activate|p1a: Quagsire|Protect","|","|turn|3","|","|move|p2a: Weavile|Icicle Crash|p1a: Quagsire","|-damage|p1a: Quagsire|93/394","|-damage|p2a: Weavile|225/281|[from] item: Life Orb","|move|p1a: Quagsire|Waterfall|p2a: Weavile","|-damage|p2a: Weavile|101/281","|","|turn|4","|","|move|p1a: Quagsire|Protect|p1a: Quagsire","|-singleturn|p1a: Quagsire|Protect","|move|p2a: Weavile|Icicle Crash|p1a: Quagsire","|-activate|p1a: Quagsire|Protect","|","|turn|5","|","|move|p2a: Weavile|Knock Off|p1a: Quagsire","|-damage|p1a: Quagsire|0 fnt","|-damage|p2a: Weavile|73/281|[from] item: Life Orb","|faint|p1a: Quagsire","|","|","|switch|p1a: Clawitzer|Clawitzer, F|283/283","|turn|6","|","|move|p2a: Weavile|Knock Off|p1a: Clawitzer","|-damage|p1a: Clawitzer|37/283","|-enditem|p1a: Clawitzer|Choice Scarf|[from] move: Knock Off|[of] p2a: Weavile","|-damage|p2a: Weavile|45/281|[from] item: Life Orb","|move|p1a: Clawitzer|Dragon Pulse|p2a: Weavile","|-damage|p2a: Weavile|0 fnt","|faint|p2a: Weavile","|","|","|switch|p2a: Sharpedo|Sharpedo, M|281/281","|turn|7","|","|move|p2a: Sharpedo|Crunch|p1a: Clawitzer","|-damage|p1a: Clawitzer|0 fnt","|faint|p1a: Clawitzer","|","|-boost|p2a: Sharpedo|spe|1|[from] ability: Speed Boost","|","|switch|p1a: Rotom-Wash|Rotom-Wash|304/304","|turn|8","|","|move|p2a: Sharpedo|Protect|p2a: Sharpedo","|-singleturn|p2a: Sharpedo|Protect","|move|p1a: Rotom-Wash|Thunder Wave|p2a: Sharpedo","|-activate|p2a: Sharpedo|Protect","|","|-boost|p2a: Sharpedo|spe|1|[from] ability: Speed Boost","|turn|9","|","|detailschange|p2a: Sharpedo|Sharpedo-Mega, M","|-mega|p2a: Sharpedo|Sharpedo|Sharpedonite","|move|p2a: Sharpedo|Crunch|p1a: Rotom-Wash","|-damage|p1a: Rotom-Wash|106/304","|move|p1a: Rotom-Wash|Thunder Wave|p2a: Sharpedo","|-status|p2a: Sharpedo|par","|","|-heal|p1a: Rotom-Wash|125/304|[from] item: Leftovers","|turn|10","|","|move|p1a: Rotom-Wash|Discharge|p2a: Sharpedo","|-crit|p2a: Sharpedo","|-supereffective|p2a: Sharpedo","|-damage|p2a: Sharpedo|0 fnt","|faint|p2a: Sharpedo","|","|-heal|p1a: Rotom-Wash|144/304|[from] item: Leftovers","|","|switch|p2a: Hydreigon|Hydreigon, M|325/325","|turn|11","|","|move|p2a: Hydreigon|Draco Meteor|p1a: Rotom-Wash","|-damage|p1a: Rotom-Wash|18/304","|-unboost|p2a: Hydreigon|spa|2","|move|p1a: Rotom-Wash|Pain Split|p2a: Hydreigon","|-sethp|p2a: Hydreigon|171/325|p1a: Rotom-Wash|171/304|[from] move: Pain Split","|","|-heal|p1a: Rotom-Wash|190/304|[from] item: Leftovers","|turn|12","|","|switch|p2a: Bisharp|Bisharp, F|319/319","|move|p1a: Rotom-Wash|Charge|p1a: Rotom-Wash","|-boost|p1a: Rotom-Wash|spd|1","|-activate|p1a: Rotom-Wash|move: Charge","|","|-heal|p1a: Rotom-Wash|209/304|[from] item: Leftovers","|turn|13","|","|move|p1a: Rotom-Wash|Thunder Wave|p2a: Bisharp","|-status|p2a: Bisharp|par","|move|p2a: Bisharp|Knock Off|p1a: Rotom-Wash","|-damage|p1a: Rotom-Wash|37/304","|-enditem|p1a: Rotom-Wash|Leftovers|[from] move: Knock Off|[of] p2a: Bisharp","|","|turn|14","|","|move|p1a: Rotom-Wash|Pain Split|p2a: Bisharp","|-sethp|p2a: Bisharp|178/319 par|p1a: Rotom-Wash|178/304|[from] move: Pain Split","|move|p2a: Bisharp|Power-Up Punch|p1a: Rotom-Wash","|-damage|p1a: Rotom-Wash|129/304","|-boost|p2a: Bisharp|atk|1","|","|turn|15","|","|move|p2a: Bisharp|Sucker Punch|p1a: Rotom-Wash","|-damage|p1a: Rotom-Wash|0 fnt","|faint|p1a: Rotom-Wash","|","|","|switch|p1a: Sharpedo|Sharpedo, F|281/281","|turn|16","|","|move|p2a: Bisharp|Sucker Punch|p1a: Sharpedo","|-fail|p2a: Bisharp","|move|p1a: Sharpedo|Destiny Bond|p1a: Sharpedo","|-singlemove|p1a: Sharpedo|Destiny Bond","|","|-boost|p1a: Sharpedo|spe|1|[from] ability: Speed Boost","|turn|17","|","|move|p1a: Sharpedo|Earthquake|p2a: Bisharp","|-supereffective|p2a: Bisharp","|-damage|p2a: Bisharp|0 fnt","|faint|p2a: Bisharp","|","|-boost|p1a: Sharpedo|spe|1|[from] ability: Speed Boost","|","|switch|p2a: Sableye|Sableye, F|304/304","|turn|18","|","|switch|p1a: Politoed|Politoed, M|384/384","|-weather|RainDance","|move|p2a: Sableye|Taunt|p1a: Politoed","|-start|p1a: Politoed|move: Taunt","|","|-weather|RainDance|[upkeep]","|turn|19","|","|switch|p2a: Hydreigon|Hydreigon, M|171/325","|move|p1a: Politoed|Scald|p2a: Hydreigon","|-resisted|p2a: Hydreigon","|-damage|p2a: Hydreigon|106/325","|-status|p2a: Hydreigon|brn","|","|-weather|RainDance|[upkeep]","|-damage|p2a: Hydreigon|66/325 brn|[from] brn","|turn|20","|","|move|p2a: Hydreigon|Draco Meteor|p1a: Politoed","|-damage|p1a: Politoed|183/384","|-unboost|p2a: Hydreigon|spa|2","|move|p1a: Politoed|Scald|p2a: Hydreigon","|-resisted|p2a: Hydreigon","|-damage|p2a: Hydreigon|0 fnt","|faint|p2a: Hydreigon","|","|-weather|RainDance|[upkeep]","|-heal|p1a: Politoed|207/384|[from] item: Leftovers","|-end|p1a: Politoed|move: Taunt","|","|switch|p2a: Crawdaunt|Crawdaunt, F|267/267","|turn|21","|","|move|p2a: Crawdaunt|Dragon Dance|p2a: Crawdaunt","|-boost|p2a: Crawdaunt|atk|1","|-boost|p2a: Crawdaunt|spe|1","|move|p1a: Politoed|Scald|p2a: Crawdaunt","|-resisted|p2a: Crawdaunt","|-damage|p2a: Crawdaunt|166/267","|","|-weather|RainDance|[upkeep]","|-heal|p1a: Politoed|231/384|[from] item: Leftovers","|turn|22","|","|move|p2a: Crawdaunt|Knock Off|p1a: Politoed","|-damage|p1a: Politoed|0 fnt","|-enditem|p1a: Politoed|Leftovers|[from] move: Knock Off|[of] p2a: Crawdaunt","|faint|p1a: Politoed","|","|-weather|none","|","|switch|p1a: Sharpedo|Sharpedo, F|281/281","|turn|23","|","|switch|p2a: Sableye|Sableye, F|304/304","|move|p1a: Sharpedo|Destiny Bond|p1a: Sharpedo","|-singlemove|p1a: Sharpedo|Destiny Bond","|","|-boost|p1a: Sharpedo|spe|1|[from] ability: Speed Boost","|turn|24","|","|move|p2a: Sableye|Will-O-Wisp|p1a: Sharpedo","|-status|p1a: Sharpedo|brn","|move|p1a: Sharpedo|Waterfall|p2a: Sableye","|-damage|p2a: Sableye|223/304","|","|-heal|p2a: Sableye|242/304|[from] item: Leftovers","|-damage|p1a: Sharpedo|246/281 brn|[from] brn","|-boost|p1a: Sharpedo|spe|1|[from] ability: Speed Boost","|turn|25","|","|move|p1a: Sharpedo|Crunch|p2a: Sableye","|-damage|p2a: Sableye|164/304","|move|p2a: Sableye|Foul Play|p1a: Sharpedo","|-resisted|p1a: Sharpedo","|-damage|p1a: Sharpedo|54/281 brn","|","|-heal|p2a: Sableye|183/304|[from] item: Leftovers","|-damage|p1a: Sharpedo|19/281 brn|[from] brn","|-boost|p1a: Sharpedo|spe|1|[from] ability: Speed Boost","|turn|26","|","|move|p2a: Sableye|Recover|p2a: Sableye","|-heal|p2a: Sableye|304/304","|move|p1a: Sharpedo|Destiny Bond|p1a: Sharpedo","|-singlemove|p1a: Sharpedo|Destiny Bond","|","|-damage|p1a: Sharpedo|0 fnt|[from] brn","|faint|p1a: Sharpedo","|","|switch|p1a: Ludicolo|Ludicolo, M|301/301","|turn|27","|","|move|p2a: Sableye|Will-O-Wisp|p1a: Ludicolo|[miss]","|-miss|p2a: Sableye|p1a: Ludicolo","|move|p1a: Ludicolo|Surf|p2a: Sableye","|-damage|p2a: Sableye|160/304","|","|-heal|p2a: Sableye|179/304|[from] item: Leftovers","|turn|28","|","|move|p2a: Sableye|Recover|p2a: Sableye","|-heal|p2a: Sableye|304/304","|move|p1a: Ludicolo|Energy Ball|p2a: Sableye","|-damage|p2a: Sableye|150/304","|","|-heal|p2a: Sableye|169/304|[from] item: Leftovers","|turn|29","|","|move|p1a: Ludicolo|Energy Ball|p2a: Sableye","|-damage|p2a: Sableye|9/304","|move|p2a: Sableye|Foul Play|p1a: Ludicolo","|-damage|p1a: Ludicolo|208/301","|","|-heal|p1a: Ludicolo|226/301|[from] item: Leftovers","|-heal|p2a: Sableye|28/304|[from] item: Leftovers","|turn|30","|","|move|p2a: Sableye|Recover|p2a: Sableye","|-heal|p2a: Sableye|180/304","|move|p1a: Ludicolo|Energy Ball|p2a: Sableye","|-damage|p2a: Sableye|24/304","|","|-heal|p1a: Ludicolo|244/301|[from] item: Leftovers","|-heal|p2a: Sableye|43/304|[from] item: Leftovers","|turn|31","|","|move|p2a: Sableye|Will-O-Wisp|p1a: Ludicolo","|-status|p1a: Ludicolo|brn","|move|p1a: Ludicolo|Energy Ball|p2a: Sableye","|-damage|p2a: Sableye|0 fnt","|faint|p2a: Sableye","|","|-heal|p1a: Ludicolo|262/301 brn|[from] item: Leftovers","|-damage|p1a: Ludicolo|225/301 brn|[from] brn","|","|switch|p2a: Crawdaunt|Crawdaunt, F|166/267","|turn|32","|","|move|p1a: Ludicolo|Giga Drain|p2a: Crawdaunt","|-supereffective|p2a: Crawdaunt","|-damage|p2a: Crawdaunt|0 fnt","|-heal|p1a: Ludicolo|301/301 brn|[from] drain|[of] p2a: Crawdaunt","|faint|p2a: Crawdaunt","|","|win|Carnie Marx"],"p1rating":{"entryid":"5821777","serverid":"eos","formatid":"monotype","userid":"carniemarx","username":"Carnie Marx","w":69,"l":"96","t":"0","gxe":41.3,"r":"1431.4550121378","rd":"33.491060808661","sigma":"0","rptime":"1439197200","rpr":1433.5938148301,"rprd":33.241624481773,"rpsigma":"0","acre":1055.6427794539,"lacre":1055.6427794539,"oldacre":"1009.5593230621"},"p2rating":{"entryid":"6690851","serverid":"eos","formatid":"monotype","userid":"alliancemxy","username":"Alliance - Mxy","w":"68","l":42,"t":"0","gxe":60.6,"r":"1596.928270389","rd":"37.97580782297","sigma":"0","rptime":"1439197200","rpr":1581.7051497528,"rprd":37.408648986709,"rpsigma":"0","acre":1052.2012926752,"lacre":1052.2012926752,"oldacre":"1078.1597113787"},"endType":"normal"}