{"seed":[17917,55393,63300,51480],"turns":46,"p1":"Guard Wanderer","p2":"Sjado","p1team":[{"name":"Weezing","species":"Weezing","item":"sitrusberry","ability":"Levitate","moves":["toxicspikes","willowisp","memento","thief"],"nature":"Careful","evs":{"hp":248,"atk":8,"def":0,"spa":0,"spd":252,"spe":0},"ivs":{"hp":31,"atk":31,"def":31,"spa":31,"spd":31,"spe":31}},{"name":"Tentacruel","species":"Tentacruel","item":"assaultvest","ability":"Liquid Ooze","moves":["scald","acidspray","gigadrain","hex"],"nature":"Timid","evs":{"hp":0,"atk":0,"def":4,"spa":252,"spd":0,"spe":252},"ivs":{"hp":31,"atk":31,"def":31,"spa":31,"spd":31,"spe":31}},{"name":"Skuntank","species":"Skuntank","item":"","ability":"Stench","moves":["snatch","thief","suckerpunch","poisonjab"],"nature":"Adamant","evs":{"hp":248,"atk":252,"def":0,"spa":0,"spd":8,"spe":0},"ivs":{"hp":31,"atk":31,"def":31,"spa":31,"spd":31,"spe":31}},{"name":"Crobat","species":"Crobat","item":"whiteherb","ability":"Infiltrator","moves":["curse","acrobatics","roost","hypnosis"],"nature":"Jolly","evs":{"hp":248,"atk":8,"def":0,"spa":0,"spd":0,"spe":252},"ivs":{"hp":31,"atk":31,"def":31,"spa":31,"spd":31,"spe":31}},{"name":"Gengar","species":"Gengar","item":"choicescarf","ability":"Levitate","moves":["trick","destinybond","venoshock","hex"],"nature":"Timid","evs":{"hp":0,"atk":0,"def":0,"spa":252,"spd":4,"spe":252},"ivs":{"hp":31,"atk":31,"def":31,"spa":31,"spd":31,"spe":31}},{"name":"Amoonguss","species":"Amoonguss","item":"blacksludge","ability":"Regenerator","moves":["spore","gigadrain","gastroacid","stunspore"],"nature":"Calm","evs":{"hp":248,"atk":0,"def":0,"spa":8,"spd":252,"spe":0},"shiny":true,"ivs":{"hp":31,"atk":31,"def":31,"spa":31,"spd":31,"spe":31}}],"p2team":[{"name":"Sableye","species":"Sableye","item":"sablenite","ability":"Prankster","moves":["recover","willowisp","calmmind","darkpulse"],"nature":"Bold","evs":{"hp":252,"atk":0,"def":252,"spa":0,"spd":4,"spe":0},"ivs":{"hp":31,"atk":31,"def":31,"spa":31,"spd":31,"spe":31}},{"name":"Umbreon","species":"Umbreon","item":"leftovers","ability":"Synchronize","moves":["toxic","wish","protect","darkpulse"],"nature":"Calm","evs":{"hp":252,"atk":0,"def":0,"spa":4,"spd":252,"spe":0},"ivs":{"hp":31,"atk":31,"def":31,"spa":31,"spd":31,"spe":31}},{"name":"Bisharp","species":"Bisharp","item":"lifeorb","ability":"Defiant","moves":["ironhead","suckerpunch","knockoff","swordsdance"],"nature":"Adamant","evs":{"hp":0,"atk":252,"def":0,"spa":0,"spd":4,"spe":252},"shiny":true,"ivs":{"hp":31,"atk":31,"def":31,"spa":31,"spd":31,"spe":31}},{"name":"Mandibuzz","species":"Mandibuzz","item":"rockyhelmet","ability":"Overcoat","moves":["roost","foulplay","defog","toxic"],"nature":"Bold","evs":{"hp":252,"atk":0,"def":252,"spa":0,"spd":4,"spe":0},"ivs":{"hp":31,"atk":31,"def":31,"spa":31,"spd":31,"spe":31}},{"name":"Tyranitar","species":"Tyranitar","item":"leftovers","ability":"Sand Stream","moves":["stoneedge","stealthrock","earthquake","fireblast"],"nature":"Sassy","evs":{"hp":244,"atk":8,"def":0,"spa":4,"spd":252,"spe":0},"ivs":{"hp":31,"atk":31,"def":31,"spa":31,"spd":31,"spe":31}},{"name":"Hydreigon","species":"Hydreigon","item":"lifeorb","ability":"Levitate","moves":["darkpulse","dracometeor","fireblast","earthpower"],"nature":"Timid","evs":{"hp":0,"atk":0,"def":0,"spa":252,"spd":4,"spe":252},"ivs":{"hp":31,"atk":31,"def":31,"spa":31,"spd":31,"spe":31}}],"log":["|player|p1|Guard Wanderer|235","|player|p2|Sjado|168","|gametype|singles","|gen|6","|tier|Monotype","|rated","|rule|Baton Pass Clause: Limit one Baton Passer, can't pass Spe and other stats simultaneously","|rule|Swagger Clause: Swagger is banned","|rule|Same Type Clause: Pokémon in a team must share a type","|clearpoke","|poke|p1|Weezing, M","|poke|p1|Tentacruel, M","|poke|p1|Skuntank, M","|poke|p1|Crobat, F","|poke|p1|Gengar, M","|poke|p1|Amoonguss, M, shiny","|poke|p2|Sableye, M","|poke|p2|Umbreon, M","|poke|p2|Bisharp, F, shiny","|poke|p2|Mandibuzz, F","|poke|p2|Tyranitar, M","|poke|p2|Hydreigon, F","|rule|Sleep Clause Mod: Limit one foe put to sleep","|rule|Species Clause: Limit one of each Pokémon","|rule|OHKO Clause: OHKO moves are banned","|rule|Moody Clause: Moody is banned","|rule|Evasion Moves Clause: Evasion moves are banned","|rule|Endless Battle Clause: Forcing endless battles is banned","|rule|HP Percentage Mod: HP is shown in percentages","|teampreview","|","|start","|switch|p1a: Tentacruel|Tentacruel, M|301/301","|switch|p2a: Tyranitar|Tyranitar, M|402/402","|-weather|Sandstorm","|turn|1","|","|move|p1a: Tentacruel|Acid Spray|p2a: Tyranitar","|-resisted|p2a: Tyranitar","|-damage|p2a: Tyranitar|389/402","|-unboost|p2a: Tyranitar|spd|2","|move|p2a: Tyranitar|Stealth Rock|p1a: Tentacruel","|-sidestart|p1: Guard Wanderer|move: Stealth Rock","|","|-weather|Sandstorm|[upkeep]","|-damage|p1a: Tentacruel|283/301|[from] sandstorm","|-heal|p2a: Tyranitar|402/402|[from] item: Leftovers","|turn|2","|","|switch|p2a: Hydreigon|Hydreigon, F|325/325","|move|p1a: Tentacruel|Scald|p2a: Hydreigon","|-resisted|p2a: Hydreigon","|-damage|p2a: Hydreigon|270/325","|","|-weather|Sandstorm|[upkeep]","|-damage|p1a: Tentacruel|265/301|[from] sandstorm","|-damage|p2a: Hydreigon|250/325|[from] sandstorm","|turn|3","|","|move|p1a: Tentacruel|Scald|p2a: Hydreigon","|-crit|p2a: Hydreigon","|-resisted|p2a: Hydreigon","|-damage|p2a: Hydreigon|162/325","|move|p2a: Hydreigon|Earth Power|p1a: Tentacruel","|-supereffective|p1a: Tentacruel","|-damage|p1a: Tentacruel|122/301","|-damage|p2a: Hydreigon|130/325|[from] item: Life Orb","|","|-weather|Sandstorm|[upkeep]","|-damage|p1a: Tentacruel|104/301|[from] sandstorm","|-damage|p2a: Hydreigon|110/325|[from] sandstorm","|turn|4","|","|switch|p1a: Weezing|Weezing, M|333/333","|-damage|p1a: Weezing|292/333|[from] Stealth Rock","|switch|p2a: Umbreon|Umbreon, M|394/394","|","|-weather|Sandstorm|[upkeep]","|-damage|p2a: Umbreon|370/394|[from] sandstorm","|-damage|p1a: Weezing|272/333|[from] sandstorm","|-heal|p2a: Umbreon|394/394|[from] item: Leftovers","|turn|5","|","|move|p2a: Umbreon|Wish|p2a: Umbreon","|move|p1a: Weezing|Toxic Spikes|p2a: Umbreon","|-sidestart|p2: Sjado|move: Toxic Spikes","|","|-weather|none","|turn|6","|","|switch|p2a: Hydreigon|Hydreigon, F|110/325","|move|p1a: Weezing|Toxic Spikes|p2a: Hydreigon","|-sidestart|p2: Sjado|move: Toxic Spikes","|","|-heal|p2a: Hydreigon|307/325|[from] move: Wish|[wisher] Umbreon","|turn|7","|","|move|p2a: Hydreigon|Draco Meteor|p1a: Weezing","|-damage|p1a: Weezing|13/333","|-unboost|p2a: Hydreigon|spa|2","|-damage|p2a: Hydreigon|275/325|[from] item: Life Orb","|-enditem|p1a: Weezing|Sitrus Berry|[eat]","|-heal|p1a: Weezing|96/333|[from] item: Sitrus Berry","|move|p1a: Weezing|Will-O-Wisp|p2a: Hydreigon","|-status|p2a: Hydreigon|brn","|","|-damage|p2a: Hydreigon|235/325 brn|[from] brn","|turn|8","|","|switch|p1a: Tentacruel|Tentacruel, M|104/301","|-damage|p1a: Tentacruel|67/301|[from] Stealth Rock","|move|p2a: Hydreigon|Draco Meteor|p1a: Tentacruel","|-damage|p1a: Tentacruel|0 fnt","|-unboost|p2a: Hydreigon|spa|2","|-damage|p2a: Hydreigon|203/325 brn|[from] item: Life Orb","|faint|p1a: Tentacruel","|","|-damage|p2a: Hydreigon|163/325 brn|[from] brn","|","|switch|p1a: Skuntank|Skuntank, M|409/409","|-damage|p1a: Skuntank|358/409|[from] Stealth Rock","|turn|9","|","|switch|p2a: Mandibuzz|Mandibuzz, F|424/424","|move|p1a: Skuntank|Poison Jab|p2a: Mandibuzz","|-damage|p2a: Mandibuzz|337/424","|-damage|p1a: Skuntank|290/409|[from] item: Rocky Helmet|[of] p2a: Mandibuzz","|","|turn|10","|","|move|p1a: Skuntank|Poison Jab|p2a: Mandibuzz","|-damage|p2a: Mandibuzz|250/424","|-damage|p1a: Skuntank|222/409|[from] item: Rocky Helmet|[of] p2a: Mandibuzz","|-status|p2a: Mandibuzz|psn","|move|p2a: Mandibuzz|Defog|p1a: Skuntank","|-unboost|p1a: Skuntank|evasion|1","|-sideend|p1: Guard Wanderer|Stealth Rock|[from] move: Defog|[of] p1a: Skuntank","|-sideend|p2: Sjado|Toxic Spikes|[from] move: Defog|[of] p2a: Mandibuzz","|","|-damage|p2a: Mandibuzz|197/424 psn|[from] psn","|turn|11","|","|move|p1a: Skuntank|Snatch|p1a: Skuntank","|-singleturn|p1a: Skuntank|Snatch","|move|p2a: Mandibuzz|Roost|p2a: Mandibuzz","|-activate|p1a: Skuntank|Snatch|[of] p2a: Mandibuzz","|move|p1a: Skuntank|Roost|p1a: Skuntank|[from]Snatch","|-heal|p1a: Skuntank|409/409","|","|-damage|p2a: Mandibuzz|144/424 psn|[from] psn","|turn|12","|","|move|p1a: Skuntank|Snatch|p1a: Skuntank","|-singleturn|p1a: Skuntank|Snatch","|move|p2a: Mandibuzz|Roost|p2a: Mandibuzz","|-activate|p1a: Skuntank|Snatch|[of] p2a: Mandibuzz","|move|p1a: Skuntank|Roost|p1a: Skuntank|[from]Snatch","|-fail|p1a: Skuntank","|","|-damage|p2a: Mandibuzz|91/424 psn|[from] psn","|turn|13","|","|switch|p2a: Sableye|Sableye, M|304/304","|move|p1a: Skuntank|Snatch|p1a: Skuntank","|-singleturn|p1a: Skuntank|Snatch","|","|turn|14","|","|detailschange|p2a: Sableye|Sableye-Mega, M","|-mega|p2a: Sableye|Sableye|Sablenite","|move|p2a: Sableye|Will-O-Wisp|p1a: Skuntank","|-status|p1a: Skuntank|brn","|move|p1a: Skuntank|Poison Jab|p2a: Sableye","|-resisted|p2a: Sableye","|-damage|p2a: Sableye|284/304","|","|-damage|p1a: Skuntank|358/409 brn|[from] brn","|turn|15","|","|move|p1a: Skuntank|Snatch|p1a: Skuntank","|-singleturn|p1a: Skuntank|Snatch","|move|p2a: Sableye|Calm Mind|p2a: Sableye","|-activate|p1a: Skuntank|Snatch|[of] p2a: Sableye","|move|p1a: Skuntank|Calm Mind|p1a: Skuntank|[from]Snatch","|-boost|p1a: Skuntank|spa|1","|-boost|p1a: Skuntank|spd|1","|","|-damage|p1a: Skuntank|307/409 brn|[from] brn","|turn|16","|","|switch|p2a: Umbreon|Umbreon, M|394/394","|move|p1a: Skuntank|Poison Jab|p2a: Umbreon","|-damage|p2a: Umbreon|334/394","|","|-heal|p2a: Umbreon|358/394|[from] item: Leftovers","|-damage|p1a: Skuntank|256/409 brn|[from] brn","|turn|17","|","|move|p1a: Skuntank|Snatch|p1a: Skuntank","|-singleturn|p1a: Skuntank|Snatch","|move|p2a: Umbreon|Protect|p2a: Umbreon","|-fail|p2a: Umbreon","|","|-heal|p2a: Umbreon|382/394|[from] item: Leftovers","|-damage|p1a: Skuntank|205/409 brn|[from] brn","|turn|18","|","|move|p2a: Umbreon|Protect|p2a: Umbreon","|-singleturn|p2a: Umbreon|Protect","|move|p1a: Skuntank|Thief|p2a: Umbreon","|-activate|p2a: Umbreon|Protect","|","|-heal|p2a: Umbreon|394/394|[from] item: Leftovers","|-damage|p1a: Skuntank|154/409 brn|[from] brn","|turn|19","|","|switch|p2a: Tyranitar|Tyranitar, M|402/402","|-weather|Sandstorm","|move|p1a: Skuntank|Snatch|p1a: Skuntank","|-singleturn|p1a: Skuntank|Snatch","|","|-weather|Sandstorm|[upkeep]","|-damage|p1a: Skuntank|129/409 brn|[from] sandstorm","|-damage|p1a: Skuntank|78/409 brn|[from] brn","|turn|20","|","|switch|p1a: Amoonguss|Amoonguss, M, shiny|431/431","|move|p2a: Tyranitar|Stone Edge|p1a: Amoonguss|[miss]","|-miss|p2a: Tyranitar|p1a: Amoonguss","|","|-weather|Sandstorm|[upkeep]","|-damage|p1a: Amoonguss|405/431|[from] sandstorm","|-heal|p1a: Amoonguss|431/431|[from] item: Black Sludge","|turn|21","|","|switch|p2a: Sableye|Sableye-Mega, M|284/304","|move|p1a: Amoonguss|Giga Drain|p2a: Sableye","|-damage|p2a: Sableye|211/304","|","|-weather|Sandstorm|[upkeep]","|-damage|p1a: Amoonguss|405/431|[from] sandstorm","|-damage|p2a: Sableye|192/304|[from] sandstorm","|-heal|p1a: Amoonguss|431/431|[from] item: Black Sludge","|turn|22","|","|move|p1a: Amoonguss|Giga Drain|p2a: Sableye","|-damage|p2a: Sableye|119/304","|move|p2a: Sableye|Calm Mind|p2a: Sableye","|-boost|p2a: Sableye|spa|1","|-boost|p2a: Sableye|spd|1","|","|-weather|Sandstorm|[upkeep]","|-damage|p1a: Amoonguss|405/431|[from] sandstorm","|-damage|p2a: Sableye|100/304|[from] sandstorm","|-heal|p1a: Amoonguss|431/431|[from] item: Black Sludge","|turn|23","|","|switch|p1a: Skuntank|Skuntank, M|78/409 brn","|move|p2a: Sableye|Recover|p2a: Sableye","|-heal|p2a: Sableye|252/304","|","|-weather|none","|-damage|p1a: Skuntank|27/409 brn|[from] brn","|turn|24","|","|move|p1a: Skuntank|Poison Jab|p2a: Sableye","|-resisted|p2a: Sableye","|-damage|p2a: Sableye|234/304","|-status|p2a: Sableye|psn","|move|p2a: Sableye|Calm Mind|p2a: Sableye","|-boost|p2a: Sableye|spa|1","|-boost|p2a: Sableye|spd|1","|","|-damage|p1a: Skuntank|0 fnt|[from] brn","|-damage|p2a: Sableye|196/304 psn|[from] psn","|faint|p1a: Skuntank","|","|switch|p1a: Crobat|Crobat, F|373/373","|turn|25","|","|move|p1a: Crobat|Curse|p1a: Crobat","|-unboost|p1a: Crobat|spe|1","|-boost|p1a: Crobat|atk|1","|-boost|p1a: Crobat|def|1","|-enditem|p1a: Crobat|White Herb","|-restoreboost|p1a: Crobat|[silent]","|move|p2a: Sableye|Will-O-Wisp|p1a: Crobat","|-status|p1a: Crobat|brn","|","|-damage|p1a: Crobat|327/373 brn|[from] brn","|-damage|p2a: Sableye|158/304 psn|[from] psn","|turn|26","|","|switch|p2a: Tyranitar|Tyranitar, M|402/402","|-weather|Sandstorm","|move|p1a: Crobat|Acrobatics|p2a: Tyranitar","|-resisted|p2a: Tyranitar","|-damage|p2a: Tyranitar|363/402","|","|-weather|Sandstorm|[upkeep]","|-damage|p1a: Crobat|304/373 brn|[from] sandstorm","|-heal|p2a: Tyranitar|388/402|[from] item: Leftovers","|-damage|p1a: Crobat|258/373 brn|[from] brn","|turn|27","|","|move|p1a: Crobat|Hypnosis|p2a: Tyranitar|[miss]","|-miss|p1a: Crobat|p2a: Tyranitar","|move|p2a: Tyranitar|Stealth Rock|p1a: Crobat","|-sidestart|p1: Guard Wanderer|move: Stealth Rock","|","|-weather|Sandstorm|[upkeep]","|-damage|p1a: Crobat|235/373 brn|[from] sandstorm","|-heal|p2a: Tyranitar|402/402|[from] item: Leftovers","|-damage|p1a: Crobat|189/373 brn|[from] brn","|turn|28","|","|move|p1a: Crobat|Roost|p1a: Crobat","|-heal|p1a: Crobat|373/373 brn","|move|p2a: Tyranitar|Stone Edge|p1a: Crobat","|-damage|p1a: Crobat|261/373 brn","|","|-weather|Sandstorm|[upkeep]","|-damage|p1a: Crobat|238/373 brn|[from] sandstorm","|-damage|p1a: Crobat|192/373 brn|[from] brn","|turn|29","|","|move|p1a: Crobat|Hypnosis|p2a: Tyranitar","|-status|p2a: Tyranitar|slp","|cant|p2a: Tyranitar|slp","|","|-weather|Sandstorm|[upkeep]","|-damage|p1a: Crobat|169/373 brn|[from] sandstorm","|-damage|p1a: Crobat|123/373 brn|[from] brn","|turn|30","|","|move|p1a: Crobat|Roost|p1a: Crobat","|-heal|p1a: Crobat|310/373 brn","|-curestatus|p2a: Tyranitar|slp","|move|p2a: Tyranitar|Stone Edge|p1a: Crobat","|-damage|p1a: Crobat|181/373 brn","|","|-weather|none","|-damage|p1a: Crobat|135/373 brn|[from] brn","|turn|31","|","|move|p1a: Crobat|Hypnosis|p2a: Tyranitar","|-status|p2a: Tyranitar|slp","|cant|p2a: Tyranitar|slp","|","|-damage|p1a: Crobat|89/373 brn|[from] brn","|turn|32","|","|move|p1a: Crobat|Roost|p1a: Crobat","|-heal|p1a: Crobat|276/373 brn","|-curestatus|p2a: Tyranitar|slp","|move|p2a: Tyranitar|Earthquake|p1a: Crobat","|-supereffective|p1a: Crobat","|-damage|p1a: Crobat|108/373 brn","|","|-damage|p1a: Crobat|62/373 brn|[from] brn","|turn|33","|","|switch|p2a: Mandibuzz|Mandibuzz, F|91/424 psn","|move|p1a: Crobat|Roost|p1a: Crobat","|-heal|p1a: Crobat|249/373 brn","|","|-damage|p1a: Crobat|203/373 brn|[from] brn","|-damage|p2a: Mandibuzz|38/424 psn|[from] psn","|turn|34","|","|move|p1a: Crobat|Acrobatics|p2a: Mandibuzz","|-damage|p2a: Mandibuzz|0 fnt","|-damage|p1a: Crobat|141/373 brn|[from] item: Rocky Helmet|[of] p2a: Mandibuzz","|faint|p2a: Mandibuzz","|","|-damage|p1a: Crobat|95/373 brn|[from] brn","|","|switch|p2a: Umbreon|Umbreon, M|394/394","|turn|35","|","|move|p1a: Crobat|Hypnosis|p2a: Umbreon|[miss]","|-miss|p1a: Crobat|p2a: Umbreon","|move|p2a: Umbreon|Wish|p2a: Umbreon","|","|-damage|p1a: Crobat|49/373 brn|[from] brn","|turn|36","|","|switch|p2a: Hydreigon|Hydreigon, F|163/325 brn","|move|p1a: Crobat|Hypnosis|p2a: Hydreigon","|-fail|p2a: Hydreigon","|","|-heal|p2a: Hydreigon|325/325 brn|[from] move: Wish|[wisher] Umbreon","|-damage|p1a: Crobat|3/373 brn|[from] brn","|-damage|p2a: Hydreigon|285/325 brn|[from] brn","|turn|37","|","|switch|p2a: Tyranitar|Tyranitar, M|402/402","|-weather|Sandstorm","|move|p1a: Crobat|Roost|p1a: Crobat","|-heal|p1a: Crobat|190/373 brn","|","|-weather|Sandstorm|[upkeep]","|-damage|p1a: Crobat|167/373 brn|[from] sandstorm","|-damage|p1a: Crobat|121/373 brn|[from] brn","|turn|38","|","|move|p1a: Crobat|Hypnosis|p2a: Tyranitar|[miss]","|-miss|p1a: Crobat|p2a: Tyranitar","|move|p2a: Tyranitar|Earthquake|p1a: Crobat","|-immune|p1a: Crobat|[msg]","|","|-weather|Sandstorm|[upkeep]","|-damage|p1a: Crobat|98/373 brn|[from] sandstorm","|-damage|p1a: Crobat|52/373 brn|[from] brn","|turn|39","|","|move|p1a: Crobat|Hypnosis|p2a: Tyranitar|[miss]","|-miss|p1a: Crobat|p2a: Tyranitar","|move|p2a: Tyranitar|Earthquake|p1a: Crobat","|-immune|p1a: Crobat|[msg]","|","|-weather|Sandstorm|[upkeep]","|-damage|p1a: Crobat|29/373 brn|[from] sandstorm","|-damage|p1a: Crobat|0 fnt|[from] brn","|faint|p1a: Crobat","|","|switch|p1a: Weezing|Weezing, M|96/333","|-damage|p1a: Weezing|55/333|[from] Stealth Rock","|turn|40","|","|move|p1a: Weezing|Toxic Spikes|p2a: Tyranitar","|-sidestart|p2: Sjado|move: Toxic Spikes","|move|p2a: Tyranitar|Stone Edge|p1a: Weezing","|-damage|p1a: Weezing|0 fnt","|faint|p1a: Weezing","|","|-weather|Sandstorm|[upkeep]","|","|switch|p1a: Amoonguss|Amoonguss, M, shiny|431/431","|-damage|p1a: Amoonguss|378/431|[from] Stealth Rock","|turn|41","|","|switch|p2a: Hydreigon|Hydreigon, F|285/325 brn","|move|p1a: Amoonguss|Giga Drain|p2a: Hydreigon","|-resisted|p2a: Hydreigon","|-damage|p2a: Hydreigon|244/325 brn","|-heal|p1a: Amoonguss|399/431|[from] drain|[of] p2a: Hydreigon","|","|-weather|none","|-heal|p1a: Amoonguss|425/431|[from] item: Black Sludge","|-damage|p2a: Hydreigon|204/325 brn|[from] brn","|turn|42","|","|move|p2a: Hydreigon|Fire Blast|p1a: Amoonguss","|-supereffective|p1a: Amoonguss","|-damage|p1a: Amoonguss|165/431","|-damage|p2a: Hydreigon|172/325 brn|[from] item: Life Orb","|move|p1a: Amoonguss|Giga Drain|p2a: Hydreigon","|-resisted|p2a: Hydreigon","|-damage|p2a: Hydreigon|127/325 brn","|-heal|p1a: Amoonguss|188/431|[from] drain|[of] p2a: Hydreigon","|","|-heal|p1a: Amoonguss|214/431|[from] item: Black Sludge","|-damage|p2a: Hydreigon|87/325 brn|[from] brn","|turn|43","|","|switch|p1a: Gengar|Gengar, M|261/261","|-damage|p1a: Gengar|229/261|[from] Stealth Rock","|move|p2a: Hydreigon|Draco Meteor|p1a: Gengar","|-damage|p1a: Gengar|0 fnt","|-unboost|p2a: Hydreigon|spa|2","|-damage|p2a: Hydreigon|55/325 brn|[from] item: Life Orb","|faint|p1a: Gengar","|","|-damage|p2a: Hydreigon|15/325 brn|[from] brn","|","|switch|p1a: Amoonguss|Amoonguss, M, shiny|357/431","|-damage|p1a: Amoonguss|304/431|[from] Stealth Rock","|turn|44","|","|switch|p2a: Bisharp|Bisharp, F, shiny|271/271","|move|p1a: Amoonguss|Giga Drain|p2a: Bisharp","|-resisted|p2a: Bisharp","|-damage|p2a: Bisharp|221/271","|-heal|p1a: Amoonguss|329/431|[from] drain|[of] p2a: Bisharp","|","|-heal|p1a: Amoonguss|355/431|[from] item: Black Sludge","|turn|45","|","|move|p2a: Bisharp|Knock Off|p1a: Amoonguss","|-damage|p1a: Amoonguss|18/431","|-enditem|p1a: Amoonguss|Black Sludge|[from] move: Knock Off|[of] p2a: Bisharp","|-damage|p2a: Bisharp|194/271|[from] item: Life Orb","|move|p1a: Amoonguss|Stun Spore|p2a: Bisharp","|-status|p2a: Bisharp|par","|","|turn|46","|","|switch|p2a: Tyranitar|Tyranitar, M|402/402","|-status|p2a: Tyranitar|psn","|-weather|Sandstorm","|move|p1a: Amoonguss|Gastro Acid|p2a: Tyranitar","|-endability|p2a: Tyranitar","|","|-weather|Sandstorm|[upkeep]","|-damage|p1a: Amoonguss|0 fnt|[from] sandstorm","|-damage|p2a: Tyranitar|352/402 psn|[from] psn","|faint|p1a: Amoonguss","|","|win|Sjado"],"p1rating":{"entryid":"6731189","serverid":"eos","formatid":"monotype","userid":"guardwanderer","username":"Guard Wanderer","w":"106","l":135,"t":"0","gxe":43.7,"r":"1453.816465785","rd":"26.10975600504","sigma":"0","rptime":"1439197200","rpr":1452.5802889494,"rprd":25.92545516481,"rpsigma":"0","acre":1093.8576937824,"lacre":1093.8576937824,"oldacre":"1122.178091403"},"p2rating":{"entryid":"6705129","serverid":"eos","formatid":"monotype","userid":"sjado","username":"Sjado","w":3,"l":"2","t":"0","gxe":50.2,"r":"1435.4693692057","rd":"130.05185590139","sigma":"0","rptime":"1439197200","rpr":1501.2707718847,"rprd":107.02404794909,"rpsigma":"0","acre":1108.1983847577,"lacre":1108.1983847577,"oldacre":"1075.7588778244"},"endType":"normal"}