{"seed":[25213,5006,58948,8503],"turns":34,"p1":"Seven Swell","p2":"Orchestromic","p1team":[{"name":"Mew","species":"Mew","item":"leftovers","ability":"Synchronize","moves":["roost","toxic","healbell","aurasphere"],"nature":"Calm","evs":{"hp":252,"atk":0,"def":0,"spa":4,"spd":252,"spe":0},"ivs":{"hp":31,"atk":31,"def":31,"spa":31,"spd":31,"spe":31}},{"name":"Slowbro","species":"Slowbro","item":"rockyhelmet","ability":"Regenerator","moves":["scald","yawn","flamethrower","slackoff"],"nature":"Bold","evs":{"hp":252,"atk":0,"def":252,"spa":4,"spd":0,"spe":0},"ivs":{"hp":31,"atk":31,"def":31,"spa":31,"spd":31,"spe":31}},{"name":"Deoxys-Speed","species":"Deoxys-Speed","item":"focussash","ability":"Pressure","moves":["stealthrock","thunderbolt","thunderwave","icebeam"],"nature":"Timid","evs":{"hp":252,"atk":0,"def":0,"spa":44,"spd":0,"spe":212},"ivs":{"hp":31,"atk":31,"def":31,"spa":31,"spd":31,"spe":31}},{"name":"Gardevoir","species":"Gardevoir","item":"gardevoirite","ability":"Trace","moves":["hypervoice","psyshock","destinybond","thunderbolt"],"nature":"Timid","evs":{"hp":0,"atk":0,"def":4,"spa":252,"spd":0,"spe":252},"ivs":{"hp":31,"atk":0,"def":31,"spa":31,"spd":31,"spe":31}},{"name":"Latias","species":"Latias","item":"leftovers","ability":"Levitate","moves":["dracometeor","psyshock","roost","defog"],"nature":"Timid","evs":{"hp":252,"atk":0,"def":0,"spa":4,"spd":0,"spe":252},"ivs":{"hp":31,"atk":31,"def":31,"spa":31,"spd":31,"spe":31}},{"name":"Hoopa-Unbound","species":"Hoopa-Unbound","item":"focussash","ability":"Magician","moves":["hyperspacefury","drainpunch","firepunch","gunkshot"],"nature":"Adamant","evs":{"hp":0,"atk":252,"def":0,"spa":0,"spd":4,"spe":252},"ivs":{"hp":31,"atk":31,"def":31,"spa":31,"spd":31,"spe":31}}],"p2team":[{"name":"Lopunny","species":"Lopunny","item":"sitrusberry","ability":"Limber","moves":["batonpass","magiccoat","highjumpkick","cosmicpower"],"nature":"Jolly","evs":{"hp":252,"atk":0,"def":0,"spa":0,"spd":0,"spe":252},"gender":"M","shiny":true,"ivs":{"hp":31,"atk":31,"def":31,"spa":31,"spd":31,"spe":31}},{"name":"Chansey","species":"Chansey","item":"eviolite","ability":"Natural Cure","moves":["toxic","healbell","softboiled","seismictoss"],"nature":"Bold","evs":{"hp":252,"atk":0,"def":252,"spa":0,"spd":0,"spe":0},"shiny":true,"ivs":{"hp":31,"atk":31,"def":31,"spa":31,"spd":31,"spe":31}},{"name":"Raticate","species":"Raticate","item":"choicescarf","ability":"Hustle","moves":["uturn","strength","crunch","zenheadbutt"],"nature":"Adamant","evs":{"hp":4,"atk":252,"def":0,"spa":0,"spd":0,"spe":252},"gender":"M","shiny":true,"ivs":{"hp":31,"atk":31,"def":31,"spa":31,"spd":31,"spe":31}},{"name":"Ambipom","species":"Ambipom","item":"lifeorb","ability":"Technician","moves":["fakeout","doublehit","icepunch","poweruppunch"],"nature":"Jolly","evs":{"hp":4,"atk":252,"def":0,"spa":0,"spd":0,"spe":252},"gender":"M","shiny":true,"ivs":{"hp":31,"atk":31,"def":31,"spa":31,"spd":31,"spe":31}},{"name":"Pidgeot","species":"Pidgeot","item":"pidgeotite","ability":"Keen Eye","moves":["hurricane","heatwave","workup","roost"],"nature":"Timid","evs":{"hp":0,"atk":0,"def":0,"spa":252,"spd":0,"spe":252},"gender":"M","shiny":true,"ivs":{"hp":31,"atk":31,"def":31,"spa":31,"spd":31,"spe":31}},{"name":"Porygon2","species":"Porygon2","item":"eviolite","ability":"Analytic","moves":["triattack","shadowball","psyshock","recover"],"nature":"Modest","evs":{"hp":252,"atk":0,"def":0,"spa":252,"spd":0,"spe":0},"ivs":{"hp":31,"atk":30,"def":31,"spa":30,"spd":31,"spe":30},"shiny":true}],"log":["|player|p1|Seven Swell|sevenswell.png","|player|p2|Orchestromic|orchestromic.png","|gametype|singles","|gen|6","|tier|Monotype","|rated","|rule|Baton Pass Clause: Limit one Baton Passer, can't pass Spe and other stats simultaneously","|rule|Swagger Clause: Swagger is banned","|rule|Same Type Clause: Pokémon in a team must share a type","|clearpoke","|poke|p1|Mew","|poke|p1|Slowbro, M","|poke|p1|Deoxys-Speed","|poke|p1|Gardevoir, F","|poke|p1|Latias, F","|poke|p1|Hoopa-Unbound","|poke|p2|Lopunny, M, shiny","|poke|p2|Chansey, F, shiny","|poke|p2|Raticate, M, shiny","|poke|p2|Ambipom, M, shiny","|poke|p2|Pidgeot, M, shiny","|poke|p2|Porygon2, shiny","|rule|Sleep Clause Mod: Limit one foe put to sleep","|rule|Species Clause: Limit one of each Pokémon","|rule|OHKO Clause: OHKO moves are banned","|rule|Moody Clause: Moody is banned","|rule|Evasion Moves Clause: Evasion moves are banned","|rule|Endless Battle Clause: Forcing endless battles is banned","|rule|HP Percentage Mod: HP is shown in percentages","|teampreview","|","|start","|switch|p1a: Mew|Mew|404/404","|switch|p2a: Raticate|Raticate, M, shiny|252/252","|turn|1","|","|switch|p1a: Slowbro|Slowbro, M|394/394","|move|p2a: Raticate|Crunch|p1a: Slowbro|[miss]","|-miss|p2a: Raticate|p1a: Slowbro","|","|turn|2","|","|move|p2a: Raticate|Crunch|p1a: Slowbro","|-supereffective|p1a: Slowbro","|-damage|p1a: Slowbro|246/394","|-damage|p2a: Raticate|210/252|[from] item: Rocky Helmet|[of] p1a: Slowbro","|-unboost|p1a: Slowbro|def|1","|move|p1a: Slowbro|Scald|p2a: Raticate","|-damage|p2a: Raticate|89/252","|-status|p2a: Raticate|brn","|","|-damage|p2a: Raticate|58/252 brn|[from] brn","|turn|3","|","|move|p2a: Raticate|Crunch|p1a: Slowbro","|-supereffective|p1a: Slowbro","|-damage|p1a: Slowbro|134/394","|-damage|p2a: Raticate|16/252 brn|[from] item: Rocky Helmet|[of] p1a: Slowbro","|move|p1a: Slowbro|Slack Off|p1a: Slowbro","|-heal|p1a: Slowbro|331/394","|","|-damage|p2a: Raticate|0 fnt|[from] brn","|faint|p2a: Raticate","|","|switch|p2a: Chansey|Chansey, F, shiny|704/704","|turn|4","|","|switch|p1a: Mew|Mew|404/404","|move|p2a: Chansey|Toxic|p1a: Mew","|-status|p1a: Mew|tox","|-status|p2a: Chansey|tox","|","|-damage|p1a: Mew|379/404 tox|[from] psn","|-damage|p2a: Chansey|660/704 tox|[from] psn","|turn|5","|","|switch|p2a: Lopunny|Lopunny, M, shiny|334/334","|move|p1a: Mew|Heal Bell|p1a: Mew","|-cureteam|p1a: Mew|[from] move: HealBell","|","|-heal|p1a: Mew|404/404|[from] item: Leftovers","|turn|6","|","|switch|p1a: Slowbro|Slowbro, M|394/394","|move|p2a: Lopunny|Cosmic Power|p2a: Lopunny","|-boost|p2a: Lopunny|def|1","|-boost|p2a: Lopunny|spd|1","|","|turn|7","|","|move|p2a: Lopunny|Cosmic Power|p2a: Lopunny","|-boost|p2a: Lopunny|def|1","|-boost|p2a: Lopunny|spd|1","|move|p1a: Slowbro|Yawn|p2a: Lopunny","|-start|p2a: Lopunny|move: Yawn|[of] p1a: Slowbro","|","|turn|8","|","|move|p2a: Lopunny|Cosmic Power|p2a: Lopunny","|-boost|p2a: Lopunny|def|1","|-boost|p2a: Lopunny|spd|1","|move|p1a: Slowbro|Scald|p2a: Lopunny","|-damage|p2a: Lopunny|298/334","|-status|p2a: Lopunny|brn","|","|-end|p2a: Lopunny|move: Yawn|[silent]","|-damage|p2a: Lopunny|257/334 brn|[from] brn","|turn|9","|","|move|p2a: Lopunny|Cosmic Power|p2a: Lopunny","|-boost|p2a: Lopunny|def|1","|-boost|p2a: Lopunny|spd|1","|move|p1a: Slowbro|Yawn|p2a: Lopunny","|-fail|p2a: Lopunny","|","|-damage|p2a: Lopunny|216/334 brn|[from] brn","|turn|10","|","|move|p2a: Lopunny|Cosmic Power|p2a: Lopunny","|-boost|p2a: Lopunny|def|1","|-boost|p2a: Lopunny|spd|1","|move|p1a: Slowbro|Yawn|p2a: Lopunny","|-fail|p2a: Lopunny","|","|-damage|p2a: Lopunny|175/334 brn|[from] brn","|turn|11","|","|move|p2a: Lopunny|Magic Coat|p2a: Lopunny","|-singleturn|p2a: Lopunny|move: Magic Coat","|move|p1a: Slowbro|Yawn|p2a: Lopunny","|move|p2a: Lopunny|Yawn|p1a: Slowbro|[from]Magic Coat","|-start|p1a: Slowbro|move: Yawn|[of] p2a: Lopunny","|","|-damage|p2a: Lopunny|134/334 brn|[from] brn","|-enditem|p2a: Lopunny|Sitrus Berry|[eat]","|-heal|p2a: Lopunny|217/334 brn|[from] item: Sitrus Berry","|turn|12","|","|switch|p1a: Mew|Mew|404/404","|move|p2a: Lopunny|Cosmic Power|p2a: Lopunny","|-boost|p2a: Lopunny|def|1","|-boost|p2a: Lopunny|spd|1","|","|-damage|p2a: Lopunny|176/334 brn|[from] brn","|turn|13","|","|move|p2a: Lopunny|Baton Pass|p2a: Lopunny","|","|switch|p2a: Pidgeot|Pidgeot, M, shiny|307/307","|move|p1a: Mew|Aura Sphere|p2a: Pidgeot","|-crit|p2a: Pidgeot","|-damage|p2a: Pidgeot|175/307","|","|turn|14","|","|detailschange|p2a: Pidgeot|Pidgeot-Mega, M, shiny","|-mega|p2a: Pidgeot|Pidgeot|Pidgeotite","|move|p2a: Pidgeot|Work Up|p2a: Pidgeot","|-boost|p2a: Pidgeot|atk|1","|-boost|p2a: Pidgeot|spa|1","|move|p1a: Mew|Toxic|p2a: Pidgeot","|-status|p2a: Pidgeot|tox","|","|-damage|p2a: Pidgeot|156/307 tox|[from] psn","|turn|15","|","|move|p2a: Pidgeot|Roost|p2a: Pidgeot","|-heal|p2a: Pidgeot|307/307 tox","|move|p1a: Mew|Roost|p1a: Mew","|-fail|p1a: Mew","|","|-damage|p2a: Pidgeot|269/307 tox|[from] psn","|turn|16","|","|move|p2a: Pidgeot|Work Up|p2a: Pidgeot","|-boost|p2a: Pidgeot|atk|1","|-boost|p2a: Pidgeot|spa|1","|move|p1a: Mew|Aura Sphere|p2a: Pidgeot","|-damage|p2a: Pidgeot|249/307 tox","|","|-damage|p2a: Pidgeot|192/307 tox|[from] psn","|turn|17","|","|move|p2a: Pidgeot|Hurricane|p1a: Mew","|-damage|p1a: Mew|136/404","|-start|p1a: Mew|confusion","|-activate|p1a: Mew|confusion","|-damage|p1a: Mew|105/404|[from] confusion","|","|-heal|p1a: Mew|130/404|[from] item: Leftovers","|-damage|p2a: Pidgeot|116/307 tox|[from] psn","|turn|18","|","|switch|p1a: Deoxys-Speed|Deoxys-Speed|304/304","|-ability|p1a: Deoxys-Speed|Pressure","|move|p2a: Pidgeot|Hurricane|p1a: Deoxys-Speed","|-enditem|p1a: Deoxys-Speed|Focus Sash","|-damage|p1a: Deoxys-Speed|1/304","|","|-damage|p2a: Pidgeot|21/307 tox|[from] psn","|turn|19","|","|move|p1a: Deoxys-Speed|Thunderbolt|p2a: Pidgeot","|-supereffective|p2a: Pidgeot","|-damage|p2a: Pidgeot|0 fnt","|faint|p2a: Pidgeot","|","|","|switch|p2a: Ambipom|Ambipom, M, shiny|292/292","|turn|20","|","|switch|p1a: Slowbro|Slowbro, M|394/394","|move|p2a: Ambipom|Fake Out|p1a: Slowbro","|-damage|p1a: Slowbro|308/394","|-damage|p2a: Ambipom|244/292|[from] item: Rocky Helmet|[of] p1a: Slowbro","|-damage|p2a: Ambipom|215/292|[from] item: Life Orb","|","|turn|21","|","|switch|p2a: Porygon2|Porygon2, shiny|374/374","|move|p1a: Slowbro|Slack Off|p1a: Slowbro","|-heal|p1a: Slowbro|394/394","|","|turn|22","|","|switch|p1a: Latias|Latias, F|364/364","|move|p2a: Porygon2|Shadow Ball|p1a: Latias","|-supereffective|p1a: Latias","|-damage|p1a: Latias|182/364","|-unboost|p1a: Latias|spd|1","|","|-heal|p1a: Latias|204/364|[from] item: Leftovers","|turn|23","|","|move|p1a: Latias|Psyshock|p2a: Porygon2","|-damage|p2a: Porygon2|295/374","|move|p2a: Porygon2|Shadow Ball|p1a: Latias","|-supereffective|p1a: Latias","|-damage|p1a: Latias|0 fnt","|faint|p1a: Latias","|","|","|switch|p1a: Deoxys-Speed|Deoxys-Speed|1/304","|-ability|p1a: Deoxys-Speed|Pressure","|turn|24","|","|move|p1a: Deoxys-Speed|Stealth Rock|p2a: Porygon2","|-sidestart|p2: Orchestromic|move: Stealth Rock","|move|p2a: Porygon2|Shadow Ball|p1a: Deoxys-Speed","|-supereffective|p1a: Deoxys-Speed","|-damage|p1a: Deoxys-Speed|0 fnt","|faint|p1a: Deoxys-Speed","|","|","|switch|p1a: Gardevoir|Gardevoir, F|277/277","|-ability|p1a: Gardevoir|Analytic|[from] ability: Trace|[of] p2a: Porygon2","|turn|25","|","|detailschange|p1a: Gardevoir|Gardevoir-Mega, F","|-mega|p1a: Gardevoir|Gardevoir|Gardevoirite","|move|p1a: Gardevoir|Hyper Voice|p2a: Porygon2","|-damage|p2a: Porygon2|133/374","|move|p2a: Porygon2|Recover|p2a: Porygon2","|-heal|p2a: Porygon2|320/374","|","|turn|26","|","|move|p1a: Gardevoir|Psyshock|p2a: Porygon2","|-damage|p2a: Porygon2|190/374","|move|p2a: Porygon2|Shadow Ball|p1a: Gardevoir","|-supereffective|p1a: Gardevoir","|-damage|p1a: Gardevoir|107/277","|","|turn|27","|","|move|p1a: Gardevoir|Hyper Voice|p2a: Porygon2","|-crit|p2a: Porygon2","|-damage|p2a: Porygon2|0 fnt","|faint|p2a: Porygon2","|","|","|switch|p2a: Ambipom|Ambipom, M, shiny|215/292","|-damage|p2a: Ambipom|179/292|[from] Stealth Rock","|turn|28","|","|switch|p1a: Slowbro|Slowbro, M|394/394","|move|p2a: Ambipom|Fake Out|p1a: Slowbro","|-damage|p1a: Slowbro|312/394","|-damage|p2a: Ambipom|131/292|[from] item: Rocky Helmet|[of] p1a: Slowbro","|-damage|p2a: Ambipom|102/292|[from] item: Life Orb","|","|turn|29","|","|move|p2a: Ambipom|Double Hit|p1a: Slowbro","|-damage|p1a: Slowbro|242/394","|-damage|p2a: Ambipom|54/292|[from] item: Rocky Helmet|[of] p1a: Slowbro","|-damage|p1a: Slowbro|167/394","|-damage|p2a: Ambipom|6/292|[from] item: Rocky Helmet|[of] p1a: Slowbro","|-hitcount|p1a: Slowbro|2","|-damage|p2a: Ambipom|0 fnt|[from] item: Life Orb","|faint|p2a: Ambipom","|move|p1a: Slowbro|Slack Off|p1a: Slowbro","|-heal|p1a: Slowbro|364/394","|","|","|switch|p2a: Chansey|Chansey, F, shiny|660/704","|-damage|p2a: Chansey|572/704|[from] Stealth Rock","|turn|30","|","|switch|p1a: Mew|Mew|130/404","|move|p2a: Chansey|Toxic|p1a: Mew","|-status|p1a: Mew|tox","|-status|p2a: Chansey|tox","|","|-heal|p1a: Mew|155/404 tox|[from] item: Leftovers","|-damage|p1a: Mew|130/404 tox|[from] psn","|-damage|p2a: Chansey|528/704 tox|[from] psn","|turn|31","|","|move|p1a: Mew|Roost|p1a: Mew","|-heal|p1a: Mew|332/404 tox","|move|p2a: Chansey|Heal Bell|p2a: Chansey","|-cureteam|p2a: Chansey|[from] move: HealBell","|","|-heal|p1a: Mew|357/404 tox|[from] item: Leftovers","|-damage|p1a: Mew|307/404 tox|[from] psn","|turn|32","|","|move|p1a: Mew|Heal Bell|p1a: Mew","|-cureteam|p1a: Mew|[from] move: HealBell","|move|p2a: Chansey|Seismic Toss|p1a: Mew","|-damage|p1a: Mew|207/404","|","|-heal|p1a: Mew|232/404|[from] item: Leftovers","|turn|33","|","|switch|p1a: Hoopa-Unbound|Hoopa-Unbound|301/301","|switch|p2a: Lopunny|Lopunny, M, shiny|176/334","|-damage|p2a: Lopunny|135/334|[from] Stealth Rock","|","|turn|34","|","|move|p2a: Lopunny|High Jump Kick|p1a: Hoopa-Unbound","|-damage|p1a: Hoopa-Unbound|184/301","|move|p1a: Hoopa-Unbound|Drain Punch|p2a: Lopunny","|-supereffective|p2a: Lopunny","|-damage|p2a: Lopunny|0 fnt","|-heal|p1a: Hoopa-Unbound|252/301|[from] drain|[of] p2a: Lopunny","|faint|p2a: Lopunny","|","|","|win|Seven Swell"],"p1rating":{"entryid":"7267988","serverid":"eos","formatid":"monotype","userid":"sevenswell","username":"Seven Swell","w":46,"l":"26","t":"0","gxe":65.9,"r":"1621.4833802968","rd":"44.971596831651","sigma":"0","rptime":"1439197200","rpr":1624.6245106123,"rprd":42.988182834483,"rpsigma":"0","acre":1324.6029172934,"lacre":1324.6029172934,"oldacre":"1315.4505736014"},"p2rating":{"entryid":"6980159","serverid":"eos","formatid":"monotype","userid":"orchestromic","username":"Orchestromic","w":"13","l":25,"t":"0","gxe":39.3,"r":1421.4556869226,"rd":57.889582124603,"sigma":"0","rptime":1439197200,"rpr":1416.9182822883,"rprd":57.319716337259,"rpsigma":"0","acre":1092.9342027935,"lacre":1092.9342027935,"oldacre":"1104.3746324086"},"endType":"forfeit"}