{"seed":[225,63016,23910,62024],"turns":21,"p1":"Intern Twizz","p2":"blackgate","p1team":[{"name":"Magnezone","species":"Magnezone","item":"leftovers","ability":"Sturdy","moves":["flashcannon","thunderbolt","protect","hiddenpowerice"],"nature":"Modest","evs":{"hp":76,"atk":0,"def":180,"spa":252,"spd":0,"spe":0},"ivs":{"hp":31,"atk":30,"def":30,"spa":31,"spd":31,"spe":31}},{"name":"Zapdos","species":"Zapdos","item":"leftovers","ability":"Pressure","moves":["discharge","heatwave","toxic","roost"],"nature":"Bold","evs":{"hp":4,"atk":0,"def":252,"spa":56,"spd":196,"spe":0},"ivs":{"hp":31,"atk":31,"def":31,"spa":31,"spd":31,"spe":31}},{"name":"Ampharos","species":"Ampharos","item":"ampharosite","ability":"Static","moves":["cottonguard","rest","sleeptalk","dragonpulse"],"nature":"Bold","evs":{"hp":0,"atk":0,"def":252,"spa":136,"spd":120,"spe":0},"ivs":{"hp":31,"atk":31,"def":31,"spa":31,"spd":31,"spe":31}},{"name":"Raikou","species":"Raikou","item":"leftovers","ability":"Pressure","moves":["calmmind","substitute","thunderbolt","extrasensory"],"nature":"Timid","evs":{"hp":0,"atk":0,"def":0,"spa":252,"spd":4,"spe":252},"ivs":{"hp":31,"atk":31,"def":31,"spa":31,"spd":31,"spe":31}},{"name":"Rotom-Wash","species":"Rotom-Wash","item":"choicescarf","ability":"Levitate","moves":["voltswitch","hydropump","willowisp","trick"],"nature":"Timid","evs":{"hp":0,"atk":0,"def":0,"spa":252,"spd":4,"spe":252},"ivs":{"hp":31,"atk":31,"def":31,"spa":31,"spd":31,"spe":31}},{"name":"Condom","species":"eelektross","item":"assaultvest","ability":"Levitate","moves":["gigadrain","thunderbolt","drainpunch","knockoff"],"nature":"Quiet","evs":{"hp":3,"atk":136,"def":0,"spa":108,"spd":252,"spe":0},"ivs":{"hp":31,"atk":31,"def":31,"spa":31,"spd":31,"spe":31}}],"p2team":[{"name":"Kyurem-Black","species":"Kyurem-Black","item":"choicescarf","ability":"Teravolt","moves":["outrage","earthpower","psychic","fusionbolt"],"nature":"Naive","evs":{"hp":0,"atk":4,"def":0,"spa":252,"spd":0,"spe":252},"ivs":{"hp":31,"atk":31,"def":31,"spa":31,"spd":31,"spe":31}},{"name":"Aurorus","species":"Aurorus","item":"choicescarf","ability":"Refrigerate","moves":["hypervoice","earthpower","flashcannon","freezedry"],"nature":"Timid","evs":{"hp":0,"atk":0,"def":0,"spa":252,"spd":4,"spe":252},"ivs":{"hp":31,"atk":31,"def":31,"spa":31,"spd":31,"spe":31}},{"name":"Mamoswine","species":"Mamoswine","item":"choicescarf","ability":"Thick Fat","moves":["iciclecrash","earthquake","rockslide","superpower"],"nature":"Jolly","evs":{"hp":0,"atk":252,"def":0,"spa":0,"spd":4,"spe":252},"ivs":{"hp":31,"atk":31,"def":31,"spa":31,"spd":31,"spe":31}},{"name":"Cloyster","species":"Cloyster","item":"whiteherb","ability":"Skill Link","moves":["surf","iciclespear","rockblast","shellsmash"],"nature":"Naughty","evs":{"hp":0,"atk":252,"def":0,"spa":4,"spd":0,"spe":252},"ivs":{"hp":31,"atk":31,"def":31,"spa":31,"spd":31,"spe":31}},{"name":"Walrein","species":"Walrein","item":"leftovers","ability":"Thick Fat","moves":["hiddenpowerfire","earthquake","surf","icebeam"],"nature":"Quiet","evs":{"hp":252,"atk":4,"def":0,"spa":252,"spd":0,"spe":0},"ivs":{"hp":31,"atk":30,"def":31,"spa":30,"spd":31,"spe":30}},{"name":"Avalugg","species":"Avalugg","item":"custapberry","ability":"Sturdy","moves":["rapidspin","curse","recover","gyroball"],"nature":"Relaxed","evs":{"hp":248,"atk":8,"def":252,"spa":0,"spd":0,"spe":0},"ivs":{"hp":31,"atk":31,"def":31,"spa":31,"spd":31,"spe":0}}],"log":["|player|p1|Intern Twizz|122","|player|p2|blackgate|238","|gametype|singles","|gen|6","|tier|Monotype","|rated","|rule|Baton Pass Clause: Limit one Baton Passer, can't pass Spe and other stats simultaneously","|rule|Swagger Clause: Swagger is banned","|rule|Same Type Clause: Pokémon in a team must share a type","|clearpoke","|poke|p1|Magnezone","|poke|p1|Zapdos","|poke|p1|Ampharos, F","|poke|p1|Raikou","|poke|p1|Rotom-Wash","|poke|p1|Eelektross, F","|poke|p2|Kyurem-Black","|poke|p2|Aurorus, F","|poke|p2|Mamoswine, M","|poke|p2|Cloyster, M","|poke|p2|Walrein, F","|poke|p2|Avalugg, F","|rule|Sleep Clause Mod: Limit one foe put to sleep","|rule|Species Clause: Limit one of each Pokémon","|rule|OHKO Clause: OHKO moves are banned","|rule|Moody Clause: Moody is banned","|rule|Evasion Moves Clause: Evasion moves are banned","|rule|Endless Battle Clause: Forcing endless battles is banned","|rule|HP Percentage Mod: HP is shown in percentages","|teampreview","|","|start","|switch|p1a: Rotom-Wash|Rotom-Wash|241/241","|switch|p2a: Walrein|Walrein, F|424/424","|turn|1","|","|move|p1a: Rotom-Wash|Volt Switch|p2a: Walrein","|-supereffective|p2a: Walrein","|-damage|p2a: Walrein|170/424","|","|switch|p1a: Condom|Eelektross, F|311/311","|move|p2a: Walrein|Surf|p1a: Condom","|-damage|p1a: Condom|223/311","|","|-heal|p2a: Walrein|196/424|[from] item: Leftovers","|turn|2","|","|switch|p2a: Mamoswine|Mamoswine, M|361/361","|move|p1a: Condom|Giga Drain|p2a: Mamoswine","|-supereffective|p2a: Mamoswine","|-damage|p2a: Mamoswine|125/361","|-heal|p1a: Condom|311/311|[from] drain|[of] p2a: Mamoswine","|","|turn|3","|","|switch|p2a: Kyurem-Black|Kyurem-Black|391/391","|-ability|p2a: Kyurem-Black|Teravolt","|move|p1a: Condom|Knock Off|p2a: Kyurem-Black","|-damage|p2a: Kyurem-Black|289/391","|-enditem|p2a: Kyurem-Black|Choice Scarf|[from] move: Knock Off|[of] p1a: Condom","|","|turn|4","|","|switch|p1a: Magnezone|Magnezone|300/300","|move|p2a: Kyurem-Black|Psychic|p1a: Magnezone","|-resisted|p1a: Magnezone","|-damage|p1a: Magnezone|244/300","|","|-heal|p1a: Magnezone|262/300|[from] item: Leftovers","|turn|5","|","|move|p1a: Magnezone|Protect|p1a: Magnezone","|-singleturn|p1a: Magnezone|Protect","|move|p2a: Kyurem-Black|Earth Power|p1a: Magnezone","|-activate|p1a: Magnezone|Protect","|","|-heal|p1a: Magnezone|280/300|[from] item: Leftovers","|turn|6","|","|switch|p1a: Zapdos|Zapdos|322/322","|-ability|p1a: Zapdos|Pressure","|move|p2a: Kyurem-Black|Fusion Bolt|p1a: Zapdos","|-damage|p1a: Zapdos|223/322","|","|-heal|p1a: Zapdos|243/322|[from] item: Leftovers","|turn|7","|","|move|p2a: Kyurem-Black|Outrage|p1a: Zapdos","|-damage|p1a: Zapdos|65/322","|move|p1a: Zapdos|Toxic|p2a: Kyurem-Black","|-status|p2a: Kyurem-Black|tox","|","|-heal|p1a: Zapdos|85/322|[from] item: Leftovers","|-damage|p2a: Kyurem-Black|265/391 tox|[from] psn","|turn|8","|","|switch|p1a: Magnezone|Magnezone|280/300","|move|p2a: Kyurem-Black|Outrage|p1a: Magnezone|[from]lockedmove","|-resisted|p1a: Magnezone","|-damage|p1a: Magnezone|193/300","|","|-heal|p1a: Magnezone|211/300|[from] item: Leftovers","|-damage|p2a: Kyurem-Black|217/391 tox|[from] psn","|turn|9","|","|move|p2a: Kyurem-Black|Outrage|p1a: Magnezone|[from]lockedmove","|-resisted|p1a: Magnezone","|-damage|p1a: Magnezone|125/300","|-start|p2a: Kyurem-Black|confusion|[fatigue]","|move|p1a: Magnezone|Flash Cannon|p2a: Kyurem-Black","|-crit|p2a: Kyurem-Black","|-supereffective|p2a: Kyurem-Black","|-damage|p2a: Kyurem-Black|0 fnt","|faint|p2a: Kyurem-Black","|","|-heal|p1a: Magnezone|143/300|[from] item: Leftovers","|","|switch|p2a: Aurorus|Aurorus, F|387/387","|turn|10","|","|move|p2a: Aurorus|Earth Power|p1a: Magnezone","|-supereffective|p1a: Magnezone","|-damage|p1a: Magnezone|0 fnt","|faint|p1a: Magnezone","|","|","|switch|p1a: Rotom-Wash|Rotom-Wash|241/241","|turn|11","|","|switch|p2a: Walrein|Walrein, F|196/424","|move|p1a: Rotom-Wash|Hydro Pump|p2a: Walrein","|-resisted|p2a: Walrein","|-damage|p2a: Walrein|96/424","|","|-heal|p2a: Walrein|122/424|[from] item: Leftovers","|turn|12","|","|switch|p1a: Condom|Eelektross, F|311/311","|move|p2a: Walrein|Surf|p1a: Condom","|-damage|p1a: Condom|220/311","|","|-heal|p2a: Walrein|148/424|[from] item: Leftovers","|turn|13","|","|move|p2a: Walrein|Ice Beam|p1a: Condom","|-damage|p1a: Condom|135/311","|move|p1a: Condom|Giga Drain|p2a: Walrein","|-supereffective|p2a: Walrein","|-damage|p2a: Walrein|0 fnt","|-heal|p1a: Condom|209/311|[from] drain|[of] p2a: Walrein","|faint|p2a: Walrein","|","|","|switch|p2a: Cloyster|Cloyster, M|241/241","|turn|14","|","|move|p2a: Cloyster|Shell Smash|p2a: Cloyster","|-unboost|p2a: Cloyster|def|1","|-unboost|p2a: Cloyster|spd|1","|-boost|p2a: Cloyster|atk|2","|-boost|p2a: Cloyster|spa|2","|-boost|p2a: Cloyster|spe|2","|-enditem|p2a: Cloyster|White Herb","|-restoreboost|p2a: Cloyster|[silent]","|move|p1a: Condom|Thunderbolt|p2a: Cloyster","|-supereffective|p2a: Cloyster","|-damage|p2a: Cloyster|0 fnt","|faint|p2a: Cloyster","|","|","|switch|p2a: Aurorus|Aurorus, F|387/387","|turn|15","|","|move|p2a: Aurorus|Freeze-Dry|p1a: Condom","|-damage|p1a: Condom|143/311","|move|p1a: Condom|Giga Drain|p2a: Aurorus","|-supereffective|p2a: Aurorus","|-damage|p2a: Aurorus|231/387","|-heal|p1a: Condom|221/311|[from] drain|[of] p2a: Aurorus","|","|turn|16","|","|switch|p2a: Avalugg|Avalugg, F|393/393","|move|p1a: Condom|Drain Punch|p2a: Avalugg","|-supereffective|p2a: Avalugg","|-damage|p2a: Avalugg|321/393","|-heal|p1a: Condom|257/311|[from] drain|[of] p2a: Avalugg","|","|turn|17","|","|move|p1a: Condom|Thunderbolt|p2a: Avalugg","|-damage|p2a: Avalugg|69/393","|move|p2a: Avalugg|Curse|p2a: Avalugg","|-unboost|p2a: Avalugg|spe|1","|-boost|p2a: Avalugg|atk|1","|-boost|p2a: Avalugg|def|1","|","|turn|18","|-enditem|p2a: Avalugg|Custap Berry|[eat]","|-activate|p2a: Avalugg|Custap Berry","|","|move|p2a: Avalugg|Gyro Ball|p1a: Condom","|-resisted|p1a: Condom","|-damage|p1a: Condom|189/311","|move|p1a: Condom|Giga Drain|p2a: Avalugg","|-damage|p2a: Avalugg|0 fnt","|-heal|p1a: Condom|224/311|[from] drain|[of] p2a: Avalugg","|faint|p2a: Avalugg","|","|","|switch|p2a: Aurorus|Aurorus, F|231/387","|turn|19","|","|move|p2a: Aurorus|Hyper Voice|p1a: Condom","|-damage|p1a: Condom|113/311","|move|p1a: Condom|Drain Punch|p2a: Aurorus","|-supereffective|p2a: Aurorus","|-damage|p2a: Aurorus|0 fnt","|-heal|p1a: Condom|229/311|[from] drain|[of] p2a: Aurorus","|faint|p2a: Aurorus","|","|","|switch|p2a: Mamoswine|Mamoswine, M|125/361","|turn|20","|","|move|p2a: Mamoswine|Icicle Crash|p1a: Condom","|-crit|p1a: Condom","|-damage|p1a: Condom|0 fnt","|faint|p1a: Condom","|","|","|switch|p1a: Rotom-Wash|Rotom-Wash|241/241","|turn|21","|","|move|p1a: Rotom-Wash|Hydro Pump|p2a: Mamoswine","|-supereffective|p2a: Mamoswine","|-damage|p2a: Mamoswine|0 fnt","|faint|p2a: Mamoswine","|","|win|Intern Twizz"],"p1rating":{"entryid":"7448162","serverid":"eos","formatid":"monotype","userid":"interntwizz","username":"Intern Twizz","w":25,"l":"19","t":"0","gxe":55.7,"r":"1508.7910353778","rd":"58.277186659641","sigma":"0","rptime":"1439197200","rpr":1543.3992484387,"rprd":51.111942211206,"rpsigma":"0","acre":1241.0680448611,"lacre":1241.0680448611,"oldacre":"1226.2917363744"},"p2rating":{"entryid":"7499410","serverid":"eos","formatid":"monotype","userid":"blackgate","username":"black gate","w":"2","l":2,"t":"0","gxe":49,"r":1525.7562112223,"rd":111.75390773199,"sigma":"0","rptime":1439197200,"rpr":1492.0754108408,"rprd":106.56244118093,"rpsigma":"0","acre":1062.7902467623,"lacre":1062.7902467623,"oldacre":"1075.3841685324"},"endType":"normal"}