{"seed":[21279,11176,14805,2273],"turns":30,"p1":"TheMajesticWurmple","p2":"Carnie ϟ TBOT","p1team":[{"name":"Heatran","species":"Heatran","item":"airballoon","ability":"Flash Fire","moves":["earthpower","lavaplume","flashcannon","hiddenpowerice"],"nature":"Modest","evs":{"hp":240,"atk":0,"def":0,"spa":252,"spd":0,"spe":16},"ivs":{"hp":31,"atk":30,"def":30,"spa":31,"spd":31,"spe":31}},{"name":"An Phag Shit","species":"skarmory","item":"leftovers","ability":"Sturdy","moves":["roar","bravebird","roost","spikes"],"nature":"Impish","evs":{"hp":248,"atk":0,"def":236,"spa":0,"spd":0,"spe":24},"ivs":{"hp":31,"atk":31,"def":31,"spa":31,"spd":31,"spe":31}},{"name":"Scizor","species":"Scizor","item":"scizorite","ability":"Technician","moves":["bulletpunch","swordsdance","bugbite","knockoff"],"nature":"Adamant","evs":{"hp":248,"atk":252,"def":0,"spa":0,"spd":8,"spe":0},"ivs":{"hp":31,"atk":31,"def":31,"spa":31,"spd":31,"spe":31}},{"name":"Magnezone","species":"Magnezone","item":"choicespecs","ability":"Sturdy","moves":["voltswitch","flashcannon","hiddenpowerfire","mirrorcoat"],"nature":"Modest","evs":{"hp":248,"atk":0,"def":0,"spa":252,"spd":8,"spe":0},"ivs":{"hp":31,"atk":30,"def":31,"spa":30,"spd":31,"spe":30},"shiny":true},{"name":"Spiketress","species":"ferrothorn","item":"leftovers","ability":"Iron Barbs","moves":["leechseed","thunderwave","powerwhip","stealthrock"],"nature":"Impish","evs":{"hp":252,"atk":4,"def":252,"spa":0,"spd":0,"spe":0},"ivs":{"hp":31,"atk":31,"def":31,"spa":31,"spd":31,"spe":31}},{"name":"Slash Made Me","species":"jirachi","item":"choicescarf","ability":"Serene Grace","moves":["zenheadbutt","icepunch","firepunch","healingwish"],"nature":"Jolly","evs":{"hp":0,"atk":252,"def":0,"spa":0,"spd":4,"spe":252},"ivs":{"hp":31,"atk":31,"def":31,"spa":31,"spd":31,"spe":31}}],"p2team":[{"name":"Lapras","species":"Lapras","item":"leftovers","ability":"Water Absorb","moves":["dragondance","iceshard","healbell","waterfall"],"nature":"Adamant","evs":{"hp":0,"atk":252,"def":0,"spa":0,"spd":4,"spe":252},"ivs":{"hp":31,"atk":31,"def":31,"spa":31,"spd":31,"spe":31}},{"name":"Abomasnow","species":"Abomasnow","item":"focussash","ability":"Snow Warning","moves":["blizzard","gigadrain","hiddenpowerfire","iceshard"],"nature":"Mild","evs":{"hp":0,"atk":4,"def":0,"spa":252,"spd":0,"spe":252},"gender":"F","ivs":{"hp":31,"atk":30,"def":31,"spa":30,"spd":31,"spe":30},"shiny":true},{"name":"Kyurem-Black","species":"Kyurem-Black","item":"choicescarf","ability":"Teravolt","moves":["earthpower","fusionbolt","ironhead","outrage"],"nature":"Naive","evs":{"hp":0,"atk":252,"def":0,"spa":4,"spd":0,"spe":252},"shiny":true,"ivs":{"hp":31,"atk":31,"def":31,"spa":31,"spd":31,"spe":31}},{"name":"Mamoswine","species":"Mamoswine","item":"focussash","ability":"Snow Cloak","moves":["stealthrock","earthquake","iceshard","knockoff"],"nature":"Adamant","evs":{"hp":4,"atk":252,"def":0,"spa":0,"spd":0,"spe":252},"gender":"F","ivs":{"hp":31,"atk":31,"def":31,"spa":31,"spd":31,"spe":31}},{"name":"Glaceon","species":"Glaceon","item":"choicespecs","ability":"Snow Cloak","moves":["icebeam","hiddenpowerground","shadowball","blizzard"],"nature":"Modest","evs":{"hp":0,"atk":0,"def":0,"spa":252,"spd":4,"spe":252},"gender":"F","ivs":{"hp":31,"atk":31,"def":31,"spa":30,"spd":30,"spe":31},"shiny":true},{"name":"Avalugg","species":"Avalugg","item":"leftovers","ability":"Sturdy","moves":["rapidspin","recover","superpower","mirrorcoat"],"nature":"Impish","evs":{"hp":252,"atk":4,"def":252,"spa":0,"spd":0,"spe":0},"gender":"F","ivs":{"hp":31,"atk":31,"def":31,"spa":31,"spd":31,"spe":31}}],"log":["|player|p1|TheMajesticWurmple|101","|player|p2|Carnie ϟ TBOT|25","|gametype|singles","|gen|6","|tier|Monotype","|rated","|rule|Baton Pass Clause: Limit one Baton Passer, can't pass Spe and other stats simultaneously","|rule|Swagger Clause: Swagger is banned","|rule|Same Type Clause: Pokémon in a team must share a type","|clearpoke","|poke|p1|Heatran, F","|poke|p1|Skarmory, M","|poke|p1|Scizor, F","|poke|p1|Magnezone, shiny","|poke|p1|Ferrothorn, F","|poke|p1|Jirachi","|poke|p2|Lapras, F","|poke|p2|Abomasnow, F, shiny","|poke|p2|Kyurem-Black, shiny","|poke|p2|Mamoswine, F","|poke|p2|Glaceon, F, shiny","|poke|p2|Avalugg, F","|rule|Sleep Clause Mod: Limit one foe put to sleep","|rule|Species Clause: Limit one of each Pokémon","|rule|OHKO Clause: OHKO moves are banned","|rule|Moody Clause: Moody is banned","|rule|Evasion Moves Clause: Evasion moves are banned","|rule|Endless Battle Clause: Forcing endless battles is banned","|rule|HP Percentage Mod: HP is shown in percentages","|teampreview","|","|start","|switch|p1a: Spiketress|Ferrothorn, F|352/352","|switch|p2a: Avalugg|Avalugg, F|394/394","|turn|1","|","|switch|p2a: Glaceon|Glaceon, F, shiny|271/271","|move|p1a: Spiketress|Stealth Rock|p2a: Glaceon","|-sidestart|p2: Carnie ϟ TBOT|move: Stealth Rock","|","|turn|2","|","|switch|p1a: Heatran|Heatran, F|383/383","|-item|p1a: Heatran|Air Balloon","|move|p2a: Glaceon|Ice Beam|p1a: Heatran","|-resisted|p1a: Heatran","|-damage|p1a: Heatran|319/383","|-enditem|p1a: Heatran|Air Balloon","|-status|p1a: Heatran|frz","|","|turn|3","|","|move|p2a: Glaceon|Ice Beam|p1a: Heatran","|-resisted|p1a: Heatran","|-damage|p1a: Heatran|261/383 frz","|cant|p1a: Heatran|frz","|","|turn|4","|","|move|p2a: Glaceon|Ice Beam|p1a: Heatran","|-resisted|p1a: Heatran","|-damage|p1a: Heatran|204/383 frz","|cant|p1a: Heatran|frz","|","|turn|5","|","|switch|p1a: Scizor|Scizor, F|343/343","|move|p2a: Glaceon|Ice Beam|p1a: Scizor","|-resisted|p1a: Scizor","|-damage|p1a: Scizor|191/343","|","|turn|6","|","|detailschange|p1a: Scizor|Scizor-Mega, F","|-mega|p1a: Scizor|Scizor|Scizorite","|move|p2a: Glaceon|Ice Beam|p1a: Scizor","|-resisted|p1a: Scizor","|-damage|p1a: Scizor|57/343","|move|p1a: Scizor|Knock Off|p2a: Glaceon","|-damage|p2a: Glaceon|140/271","|-enditem|p2a: Glaceon|Choice Specs|[from] move: Knock Off|[of] p1a: Scizor","|","|turn|7","|","|move|p1a: Scizor|Bullet Punch|p2a: Glaceon","|-supereffective|p2a: Glaceon","|-damage|p2a: Glaceon|0 fnt","|faint|p2a: Glaceon","|","|","|switch|p2a: Avalugg|Avalugg, F|394/394","|-damage|p2a: Avalugg|296/394|[from] Stealth Rock","|turn|8","|","|switch|p1a: Spiketress|Ferrothorn, F|352/352","|move|p2a: Avalugg|Rapid Spin|p1a: Spiketress","|-resisted|p1a: Spiketress","|-damage|p1a: Spiketress|347/352","|-damage|p2a: Avalugg|247/394|[from] ability: Iron Barbs|[of] p1a: Spiketress","|-sideend|p2: Carnie ϟ TBOT|Stealth Rock|[from] move: Rapid Spin|[of] p2a: Avalugg","|","|-heal|p2a: Avalugg|271/394|[from] item: Leftovers","|-heal|p1a: Spiketress|352/352|[from] item: Leftovers","|turn|9","|","|switch|p2a: Abomasnow|Abomasnow, F, shiny|321/321","|-weather|Hail","|move|p1a: Spiketress|Stealth Rock|p2a: Abomasnow","|-sidestart|p2: Carnie ϟ TBOT|move: Stealth Rock","|","|-weather|Hail|[upkeep]","|-damage|p1a: Spiketress|330/352|[from] hail","|-heal|p1a: Spiketress|352/352|[from] item: Leftovers","|turn|10","|","|switch|p1a: Heatran|Heatran, F|204/383 frz","|move|p2a: Abomasnow|Blizzard|p1a: Heatran","|-resisted|p1a: Heatran","|-damage|p1a: Heatran|164/383 frz","|","|-weather|Hail|[upkeep]","|-damage|p1a: Heatran|141/383 frz|[from] hail","|turn|11","|","|switch|p2a: Avalugg|Avalugg, F|271/394","|-damage|p2a: Avalugg|173/394|[from] Stealth Rock","|cant|p1a: Heatran|frz","|","|-weather|Hail|[upkeep]","|-damage|p1a: Heatran|118/383 frz|[from] hail","|-heal|p2a: Avalugg|197/394|[from] item: Leftovers","|turn|12","|","|cant|p1a: Heatran|frz","|move|p2a: Avalugg|Recover|p2a: Avalugg","|-heal|p2a: Avalugg|394/394","|","|-weather|Hail|[upkeep]","|-damage|p1a: Heatran|95/383 frz|[from] hail","|turn|13","|","|cant|p1a: Heatran|frz","|move|p2a: Avalugg|Rapid Spin|p1a: Heatran","|-resisted|p1a: Heatran","|-damage|p1a: Heatran|85/383 frz","|-sideend|p2: Carnie ϟ TBOT|Stealth Rock|[from] move: Rapid Spin|[of] p2a: Avalugg","|","|-weather|none","|turn|14","|","|cant|p1a: Heatran|frz","|move|p2a: Avalugg|Superpower|p1a: Heatran","|-supereffective|p1a: Heatran","|-damage|p1a: Heatran|0 fnt","|-unboost|p2a: Avalugg|atk|1","|-unboost|p2a: Avalugg|def|1","|faint|p1a: Heatran","|","|","|switch|p1a: Magnezone|Magnezone, shiny|343/343","|turn|15","|","|move|p1a: Magnezone|Flash Cannon|p2a: Avalugg","|-supereffective|p2a: Avalugg","|-ability|p2a: Avalugg|Sturdy","|-damage|p2a: Avalugg|1/394","|move|p2a: Avalugg|Mirror Coat|p1a: Magnezone","|-ability|p1a: Magnezone|Sturdy","|-damage|p1a: Magnezone|1/343","|","|-heal|p2a: Avalugg|25/394|[from] item: Leftovers","|turn|16","|","|move|p1a: Magnezone|Flash Cannon|p2a: Avalugg","|-supereffective|p2a: Avalugg","|-damage|p2a: Avalugg|0 fnt","|faint|p2a: Avalugg","|","|","|switch|p2a: Abomasnow|Abomasnow, F, shiny|321/321","|-weather|Hail","|turn|17","|","|move|p2a: Abomasnow|Ice Shard|p1a: Magnezone","|-resisted|p1a: Magnezone","|-damage|p1a: Magnezone|0 fnt","|faint|p1a: Magnezone","|","|-weather|Hail|[upkeep]","|","|switch|p1a: Slash Made Me|Jirachi|341/341","|turn|18","|","|switch|p2a: Mamoswine|Mamoswine, F|362/362","|move|p1a: Slash Made Me|Fire Punch|p2a: Mamoswine|[miss]","|-miss|p1a: Slash Made Me|p2a: Mamoswine","|","|-weather|Hail|[upkeep]","|-damage|p1a: Slash Made Me|320/341|[from] hail","|turn|19","|","|switch|p1a: Spiketress|Ferrothorn, F|352/352","|move|p2a: Mamoswine|Knock Off|p1a: Spiketress","|-damage|p1a: Spiketress|277/352","|-damage|p2a: Mamoswine|317/362|[from] ability: Iron Barbs|[of] p1a: Spiketress","|-enditem|p1a: Spiketress|Leftovers|[from] move: Knock Off|[of] p2a: Mamoswine","|","|-weather|Hail|[upkeep]","|-damage|p1a: Spiketress|255/352|[from] hail","|turn|20","|","|move|p2a: Mamoswine|Stealth Rock|p1a: Spiketress","|-sidestart|p1: TheMajesticWurmple|move: Stealth Rock","|move|p1a: Spiketress|Stealth Rock|p2a: Mamoswine","|-sidestart|p2: Carnie ϟ TBOT|move: Stealth Rock","|","|-weather|Hail|[upkeep]","|-damage|p1a: Spiketress|233/352|[from] hail","|turn|21","|","|switch|p2a: Abomasnow|Abomasnow, F, shiny|321/321","|-damage|p2a: Abomasnow|241/321|[from] Stealth Rock","|move|p1a: Spiketress|Leech Seed|p2a: Abomasnow","|-immune|p2a: Abomasnow|[msg]","|","|-weather|none","|turn|22","|","|move|p2a: Abomasnow|Hidden Power|p1a: Spiketress","|-supereffective|p1a: Spiketress","|-damage|p1a: Spiketress|13/352","|move|p1a: Spiketress|Thunder Wave|p2a: Abomasnow","|-status|p2a: Abomasnow|par","|","|turn|23","|","|move|p1a: Spiketress|Power Whip|p2a: Abomasnow","|-resisted|p2a: Abomasnow","|-damage|p2a: Abomasnow|142/321 par","|move|p2a: Abomasnow|Hidden Power|p1a: Spiketress","|-crit|p1a: Spiketress","|-supereffective|p1a: Spiketress","|-damage|p1a: Spiketress|0 fnt","|faint|p1a: Spiketress","|","|","|switch|p1a: Slash Made Me|Jirachi|320/341","|-damage|p1a: Slash Made Me|299/341|[from] Stealth Rock","|turn|24","|","|move|p1a: Slash Made Me|Healing Wish|p1a: Slash Made Me","|faint|p1a: Slash Made Me","|cant|p2a: Abomasnow|par","|","|","|switch|p1a: Scizor|Scizor-Mega, F|57/343","|-heal|p1a: Scizor|343/343|[from] move: Healing Wish","|-damage|p1a: Scizor|301/343|[from] Stealth Rock","|turn|25","|","|move|p1a: Scizor|Bullet Punch|p2a: Abomasnow","|-supereffective|p2a: Abomasnow","|-damage|p2a: Abomasnow|0 fnt","|faint|p2a: Abomasnow","|","|","|switch|p2a: Mamoswine|Mamoswine, F|317/362","|-damage|p2a: Mamoswine|272/362|[from] Stealth Rock","|turn|26","|","|move|p1a: Scizor|Bullet Punch|p2a: Mamoswine","|-supereffective|p2a: Mamoswine","|-damage|p2a: Mamoswine|0 fnt","|faint|p2a: Mamoswine","|","|","|switch|p2a: Kyurem-Black|Kyurem-Black, shiny|391/391","|-damage|p2a: Kyurem-Black|294/391|[from] Stealth Rock","|-ability|p2a: Kyurem-Black|Teravolt","|turn|27","|","|move|p1a: Scizor|Bullet Punch|p2a: Kyurem-Black","|-supereffective|p2a: Kyurem-Black","|-damage|p2a: Kyurem-Black|54/391","|move|p2a: Kyurem-Black|Fusion Bolt|p1a: Scizor","|-damage|p1a: Scizor|201/343","|","|turn|28","|","|move|p2a: Kyurem-Black|Fusion Bolt|p1a: Scizor","|-damage|p1a: Scizor|99/343","|move|p1a: Scizor|Swords Dance|p1a: Scizor","|-boost|p1a: Scizor|atk|2","|","|turn|29","|","|move|p1a: Scizor|Bullet Punch|p2a: Kyurem-Black","|-supereffective|p2a: Kyurem-Black","|-damage|p2a: Kyurem-Black|0 fnt","|faint|p2a: Kyurem-Black","|","|","|switch|p2a: Lapras|Lapras, F|401/401","|-damage|p2a: Lapras|301/401|[from] Stealth Rock","|turn|30","|","|move|p1a: Scizor|Bullet Punch|p2a: Lapras","|-damage|p2a: Lapras|0 fnt","|faint|p2a: Lapras","|","|win|TheMajesticWurmple"],"p1rating":{"entryid":"7119116","serverid":"eos","formatid":"monotype","userid":"themajesticwurmple","username":"TheMajesticWurmple","w":22,"l":"6","t":"0","gxe":72,"r":"1660.3956786572","rd":"69.65652271004","sigma":"0","rptime":"1439197200","rpr":1680.5361528667,"rprd":63.938375918984,"rpsigma":"0","acre":1296.6979440368,"lacre":1296.6979440368,"oldacre":"1286.0154192874"},"p2rating":{"entryid":"6578599","serverid":"eos","formatid":"monotype","userid":"carnietbot","username":"Carnie ϟ TBOT","w":"6","l":9,"t":"1","gxe":45.9,"r":1477.8064315132,"rd":83.57625831353,"sigma":"0","rptime":1439197200,"rpr":1467.8748837878,"rprd":81.840896131654,"rpsigma":"0","acre":1051.5544009998,"lacre":1051.5544009998,"oldacre":"1059.6507335226"},"endType":"normal"}