{"seed":[25587,26419,23345,16727],"turns":24,"p1":"Swordigo","p2":"Minklopi","p1team":[{"name":"Lopunny","species":"Lopunny","item":"lopunnite","ability":"Cute Charm","moves":["return","icepunch","fakeout","highjumpkick"],"nature":"Adamant","evs":{"hp":0,"atk":252,"def":4,"spa":0,"spd":0,"spe":252},"gender":"M","ivs":{"hp":31,"atk":31,"def":31,"spa":31,"spd":31,"spe":31}},{"name":"Landorus-Therian","species":"Landorus-Therian","item":"leftovers","ability":"Intimidate","moves":["knockoff","uturn","swordsdance","earthquake"],"nature":"Jolly","evs":{"hp":4,"atk":236,"def":0,"spa":0,"spd":16,"spe":252},"ivs":{"hp":31,"atk":31,"def":31,"spa":31,"spd":31,"spe":31}},{"name":"Rotom-Wash","species":"Rotom-Wash","item":"leftovers","ability":"Levitate","moves":["voltswitch","thunderbolt","willowisp","hydropump"],"nature":"Modest","evs":{"hp":252,"atk":0,"def":0,"spa":252,"spd":0,"spe":4},"ivs":{"hp":31,"atk":31,"def":31,"spa":31,"spd":31,"spe":31}},{"name":"Latios","species":"Latios","item":"lifeorb","ability":"Levitate","moves":["psyshock","thunderbolt","recover","dracometeor"],"nature":"Timid","evs":{"hp":0,"atk":0,"def":0,"spa":252,"spd":4,"spe":252},"ivs":{"hp":31,"atk":31,"def":31,"spa":31,"spd":31,"spe":31}},{"name":"Conkeldurr","species":"Conkeldurr","item":"assaultvest","ability":"Guts","moves":["drainpunch","machpunch","knockoff","icepunch"],"nature":"Adamant","evs":{"hp":92,"atk":252,"def":0,"spa":0,"spd":164,"spe":0},"gender":"M","ivs":{"hp":31,"atk":31,"def":31,"spa":31,"spd":31,"spe":31}},{"name":"Heatran","species":"Heatran","item":"leftovers","ability":"Flash Fire","moves":["lavaplume","earthpower","stealthrock","ancientpower"],"nature":"Timid","evs":{"hp":4,"atk":0,"def":0,"spa":252,"spd":0,"spe":252},"gender":"M","ivs":{"hp":31,"atk":31,"def":31,"spa":31,"spd":31,"spe":31}}],"p2team":[{"name":"Metagross","species":"Metagross","item":"metagrossite","ability":"Clear Body","moves":["meteormash","zenheadbutt","grassknot","earthquake"],"nature":"Naive","evs":{"hp":0,"atk":252,"def":0,"spa":4,"spd":0,"spe":252},"ivs":{"hp":31,"atk":31,"def":31,"spa":31,"spd":31,"spe":31}},{"name":"Weavile","species":"Weavile","item":"lifeorb","ability":"Pickpocket","moves":["knockoff","pursuit","iceshard","iciclecrash"],"nature":"Jolly","evs":{"hp":0,"atk":252,"def":0,"spa":0,"spd":4,"spe":252},"ivs":{"hp":31,"atk":31,"def":31,"spa":31,"spd":31,"spe":31}},{"name":"Keldeo-Resolute","species":"Keldeo-Resolute","item":"leftovers","ability":"Justified","moves":["substitute","calmmind","scald","secretsword"],"nature":"Timid","evs":{"hp":0,"atk":0,"def":0,"spa":252,"spd":4,"spe":252},"ivs":{"hp":31,"atk":31,"def":31,"spa":31,"spd":31,"spe":31}},{"name":"Rotom-Wash","species":"Rotom-Wash","item":"leftovers","ability":"Levitate","moves":["voltswitch","hydropump","painsplit","willowisp"],"nature":"Calm","evs":{"hp":252,"atk":0,"def":0,"spa":0,"spd":252,"spe":4},"ivs":{"hp":31,"atk":31,"def":31,"spa":31,"spd":31,"spe":31}},{"name":"Landorus-Therian","species":"Landorus-Therian","item":"leftovers","ability":"Intimidate","moves":["stealthrock","uturn","stoneedge","earthquake"],"nature":"Impish","evs":{"hp":252,"atk":0,"def":240,"spa":0,"spd":8,"spe":8},"ivs":{"hp":31,"atk":31,"def":31,"spa":31,"spd":31,"spe":31}},{"name":"Latios","species":"Latios","item":"lifeorb","ability":"Levitate","moves":["dracometeor","psyshock","defog","roost"],"nature":"Timid","evs":{"hp":0,"atk":0,"def":0,"spa":252,"spd":4,"spe":252},"ivs":{"hp":31,"atk":31,"def":31,"spa":31,"spd":31,"spe":31}}],"log":["|player|p1|Swordigo|267","|player|p2|Minklopi|21","|gametype|singles","|gen|6","|tier|OU","|rated","|clearpoke","|poke|p1|Lopunny, M","|poke|p1|Landorus-Therian, M","|poke|p1|Rotom-Wash","|poke|p1|Latios, M","|poke|p1|Conkeldurr, M","|poke|p1|Heatran, M","|poke|p2|Metagross","|poke|p2|Weavile, F","|poke|p2|Keldeo-Resolute","|poke|p2|Rotom-Wash","|poke|p2|Landorus-Therian, M","|poke|p2|Latios, M","|rule|Swagger Clause: Swagger is banned","|rule|Baton Pass Clause: Limit one Baton Passer, can't pass Spe and other stats simultaneously","|rule|Sleep Clause Mod: Limit one foe put to sleep","|rule|Species Clause: Limit one of each Pokémon","|rule|OHKO Clause: OHKO moves are banned","|rule|Moody Clause: Moody is banned","|rule|Evasion Moves Clause: Evasion moves are banned","|rule|Endless Battle Clause: Forcing endless battles is banned","|rule|HP Percentage Mod: HP is shown in percentages","|teampreview","|","|start","|switch|p1a: Rotom-Wash|Rotom-Wash|304/304","|switch|p2a: Landorus-Therian|Landorus-Therian, M|382/382","|-ability|p2a: Landorus-Therian|Intimidate","|-unboost|p1a: Rotom-Wash|atk|1","|turn|1","|","|switch|p2a: Rotom-Wash|Rotom-Wash|304/304","|move|p1a: Rotom-Wash|Will-O-Wisp|p2a: Rotom-Wash|[miss]","|-miss|p1a: Rotom-Wash|p2a: Rotom-Wash","|","|turn|2","|","|move|p1a: Rotom-Wash|Volt Switch|p2a: Rotom-Wash","|-damage|p2a: Rotom-Wash|219/304","|","|switch|p1a: Conkeldurr|Conkeldurr, M|374/374","|move|p2a: Rotom-Wash|Volt Switch|p1a: Conkeldurr","|-damage|p1a: Conkeldurr|308/374","|","|switch|p2a: Latios|Latios, M|301/301","|","|turn|3","|","|switch|p1a: Heatran|Heatran, M|324/324","|move|p2a: Latios|Psyshock|p1a: Heatran","|-resisted|p1a: Heatran","|-damage|p1a: Heatran|230/324","|-damage|p2a: Latios|271/301|[from] item: Life Orb","|","|-heal|p1a: Heatran|250/324|[from] item: Leftovers","|turn|4","|","|switch|p2a: Landorus-Therian|Landorus-Therian, M|382/382","|-ability|p2a: Landorus-Therian|Intimidate","|-unboost|p1a: Heatran|atk|1","|move|p1a: Heatran|Stealth Rock|p2a: Landorus-Therian","|-sidestart|p2: Minklopi|move: Stealth Rock","|","|-heal|p1a: Heatran|270/324|[from] item: Leftovers","|turn|5","|","|move|p1a: Heatran|Lava Plume|p2a: Landorus-Therian","|-damage|p2a: Landorus-Therian|217/382","|move|p2a: Landorus-Therian|Stealth Rock|p1a: Heatran","|-sidestart|p1: Swordigo|move: Stealth Rock","|","|-heal|p1a: Heatran|290/324|[from] item: Leftovers","|-heal|p2a: Landorus-Therian|240/382|[from] item: Leftovers","|turn|6","|","|switch|p1a: Rotom-Wash|Rotom-Wash|304/304","|-damage|p1a: Rotom-Wash|266/304|[from] Stealth Rock","|move|p2a: Landorus-Therian|U-turn|p1a: Rotom-Wash","|-damage|p1a: Rotom-Wash|189/304","|","|switch|p2a: Latios|Latios, M|271/301","|-damage|p2a: Latios|234/301|[from] Stealth Rock","|","|-heal|p1a: Rotom-Wash|208/304|[from] item: Leftovers","|turn|7","|","|move|p2a: Latios|Draco Meteor|p1a: Rotom-Wash","|-damage|p1a: Rotom-Wash|0 fnt","|-unboost|p2a: Latios|spa|2","|-damage|p2a: Latios|204/301|[from] item: Life Orb","|faint|p1a: Rotom-Wash","|","|","|switch|p1a: Lopunny|Lopunny, M|271/271","|-damage|p1a: Lopunny|238/271|[from] Stealth Rock","|turn|8","|","|detailschange|p1a: Lopunny|Lopunny-Mega, M","|-mega|p1a: Lopunny|Lopunny|Lopunnite","|move|p1a: Lopunny|Fake Out|p2a: Latios","|-damage|p2a: Latios|107/301","|cant|p2a: Latios|flinch","|","|turn|9","|","|switch|p2a: Rotom-Wash|Rotom-Wash|219/304","|-damage|p2a: Rotom-Wash|181/304|[from] Stealth Rock","|move|p1a: Lopunny|Return|p2a: Rotom-Wash","|-crit|p2a: Rotom-Wash","|-damage|p2a: Rotom-Wash|0 fnt","|faint|p2a: Rotom-Wash","|","|","|switch|p2a: Metagross|Metagross|301/301","|-damage|p2a: Metagross|283/301|[from] Stealth Rock","|turn|10","|","|switch|p1a: Landorus-Therian|Landorus-Therian, M|320/320","|-damage|p1a: Landorus-Therian|280/320|[from] Stealth Rock","|-ability|p1a: Landorus-Therian|Intimidate","|-fail|p2a: Metagross|unboost|[from] ability: Clear Body|[of] p2a: Metagross","|detailschange|p2a: Metagross|Metagross-Mega","|-mega|p2a: Metagross|Metagross|Metagrossite","|move|p2a: Metagross|Zen Headbutt|p1a: Landorus-Therian","|-damage|p1a: Landorus-Therian|64/320","|","|-heal|p1a: Landorus-Therian|84/320|[from] item: Leftovers","|turn|11","|","|move|p2a: Metagross|Zen Headbutt|p1a: Landorus-Therian","|-damage|p1a: Landorus-Therian|0 fnt","|faint|p1a: Landorus-Therian","|","|","|switch|p1a: Latios|Latios, M|301/301","|-damage|p1a: Latios|264/301|[from] Stealth Rock","|turn|12","|","|switch|p2a: Latios|Latios, M|107/301","|-damage|p2a: Latios|70/301|[from] Stealth Rock","|move|p1a: Latios|Thunderbolt|p2a: Latios","|-resisted|p2a: Latios","|-damage|p2a: Latios|6/301","|-damage|p1a: Latios|234/301|[from] item: Life Orb","|","|turn|13","|","|move|p2a: Latios|Draco Meteor|p1a: Latios","|-supereffective|p1a: Latios","|-damage|p1a: Latios|0 fnt","|-unboost|p2a: Latios|spa|2","|-damage|p2a: Latios|0 fnt|[from] item: Life Orb","|faint|p1a: Latios","|faint|p2a: Latios","|","|","|switch|p1a: Lopunny|Lopunny-Mega, M|238/271","|switch|p2a: Landorus-Therian|Landorus-Therian, M|240/382","|-damage|p1a: Lopunny|222/271|[from] Stealth Rock","|-damage|p2a: Landorus-Therian|193/382|[from] Stealth Rock","|-ability|p2a: Landorus-Therian|Intimidate","|-unboost|p1a: Lopunny|atk|1","|turn|14","|","|move|p1a: Lopunny|Fake Out|p2a: Landorus-Therian","|-damage|p2a: Landorus-Therian|150/382","|cant|p2a: Landorus-Therian|flinch","|","|-heal|p2a: Landorus-Therian|173/382|[from] item: Leftovers","|turn|15","|","|move|p1a: Lopunny|Ice Punch|p2a: Landorus-Therian","|-supereffective|p2a: Landorus-Therian","|-damage|p2a: Landorus-Therian|0 fnt","|faint|p2a: Landorus-Therian","|","|","|switch|p2a: Metagross|Metagross-Mega|283/301","|-damage|p2a: Metagross|265/301|[from] Stealth Rock","|turn|16","|","|switch|p1a: Heatran|Heatran, M|290/324","|-damage|p1a: Heatran|250/324|[from] Stealth Rock","|move|p2a: Metagross|Zen Headbutt|p1a: Heatran","|-resisted|p1a: Heatran","|-damage|p1a: Heatran|155/324","|","|-heal|p1a: Heatran|175/324|[from] item: Leftovers","|turn|17","|","|move|p2a: Metagross|Earthquake|p1a: Heatran","|-supereffective|p1a: Heatran","|-damage|p1a: Heatran|0 fnt","|faint|p1a: Heatran","|","|","|switch|p1a: Lopunny|Lopunny-Mega, M|222/271","|-damage|p1a: Lopunny|206/271|[from] Stealth Rock","|turn|18","|","|switch|p2a: Weavile|Weavile, F|281/281","|-damage|p2a: Weavile|211/281|[from] Stealth Rock","|move|p1a: Lopunny|Fake Out|p2a: Weavile","|-damage|p2a: Weavile|97/281","|","|turn|19","|","|switch|p1a: Conkeldurr|Conkeldurr, M|308/374","|-damage|p1a: Conkeldurr|285/374|[from] Stealth Rock","|move|p2a: Weavile|Ice Shard|p1a: Conkeldurr","|-damage|p1a: Conkeldurr|194/374","|-damage|p2a: Weavile|69/281|[from] item: Life Orb","|","|turn|20","|","|move|p2a: Weavile|Ice Shard|p1a: Conkeldurr","|-damage|p1a: Conkeldurr|107/374","|-damage|p2a: Weavile|41/281|[from] item: Life Orb","|move|p1a: Conkeldurr|Mach Punch|p2a: Weavile","|-supereffective|p2a: Weavile","|-damage|p2a: Weavile|0 fnt","|faint|p2a: Weavile","|","|","|switch|p2a: Keldeo-Resolute|Keldeo-Resolute|323/323","|-damage|p2a: Keldeo-Resolute|303/323|[from] Stealth Rock","|turn|21","|","|move|p1a: Conkeldurr|Mach Punch|p2a: Keldeo-Resolute","|-damage|p2a: Keldeo-Resolute|218/323","|move|p2a: Keldeo-Resolute|Scald|p1a: Conkeldurr","|-damage|p1a: Conkeldurr|0 fnt","|faint|p1a: Conkeldurr","|","|-heal|p2a: Keldeo-Resolute|238/323|[from] item: Leftovers","|","|switch|p1a: Lopunny|Lopunny-Mega, M|206/271","|-damage|p1a: Lopunny|190/271|[from] Stealth Rock","|turn|22","|","|move|p1a: Lopunny|Fake Out|p2a: Keldeo-Resolute","|-damage|p2a: Keldeo-Resolute|150/323","|cant|p2a: Keldeo-Resolute|flinch","|","|-heal|p2a: Keldeo-Resolute|170/323|[from] item: Leftovers","|turn|23","|","|move|p1a: Lopunny|High Jump Kick|p2a: Keldeo-Resolute","|-damage|p2a: Keldeo-Resolute|0 fnt","|faint|p2a: Keldeo-Resolute","|","|","|switch|p2a: Metagross|Metagross-Mega|265/301","|-damage|p2a: Metagross|247/301|[from] Stealth Rock","|turn|24","|","|move|p1a: Lopunny|High Jump Kick|p2a: Metagross|[miss]","|-miss|p1a: Lopunny|p2a: Metagross","|-damage|p1a: Lopunny|55/271|[from] highjumpkick","|move|p2a: Metagross|Zen Headbutt|p1a: Lopunny","|-supereffective|p1a: Lopunny","|-damage|p1a: Lopunny|0 fnt","|faint|p1a: Lopunny","|","|win|Minklopi"],"p1rating":{"entryid":"7190834","serverid":"eos","formatid":"ou","userid":"swordigo","username":"Swordigo","w":"4","l":1,"t":"0","gxe":60.3,"r":"1599.4125475791","rd":"111.63002965141","sigma":"0","rptime":"1438074000","rpr":1581.9488126413,"rprd":103.58059456467,"rpsigma":"0","acre":1084.119080475,"lacre":1084.119080475,"oldacre":"1114.3916606671"},"p2rating":{"entryid":"7231069","serverid":"eos","formatid":"ou","userid":"minklopi","username":"Minklopi","w":2,"l":"0","t":"0","gxe":60.3,"r":"1500","rd":"130","sigma":"0","rptime":"1438074000","rpr":1583.2844128411,"rprd":116.96052172659,"rpsigma":"0","acre":1081.1707090613,"lacre":1081.1707090613,"oldacre":"1040"},"endType":"normal"}