{"seed":[27465,65040,53753,58671],"turns":22,"p1":"KawaiiBear","p2":"kraxuz","p1team":[{"name":"Gallade","species":"Gallade","item":"galladite","ability":"Steadfast","moves":["protect","icepunch","closecombat","zenheadbutt"],"nature":"Jolly","evs":{"hp":0,"atk":252,"def":0,"spa":0,"spd":4,"spe":252},"ivs":{"hp":31,"atk":31,"def":31,"spa":31,"spd":31,"spe":31}},{"name":"Heatran","species":"Heatran","item":"airballoon","ability":"Flash Fire","moves":["stealthrock","fireblast","ancientpower","flashcannon"],"nature":"Modest","evs":{"hp":248,"atk":0,"def":0,"spa":252,"spd":8,"spe":0},"ivs":{"hp":31,"atk":31,"def":31,"spa":31,"spd":31,"spe":31}},{"name":"Landorus-Therian","species":"Landorus-Therian","item":"choicescarf","ability":"Intimidate","moves":["knockoff","earthquake","uturn","rockslide"],"nature":"Jolly","evs":{"hp":0,"atk":252,"def":0,"spa":0,"spd":4,"spe":252},"ivs":{"hp":31,"atk":31,"def":31,"spa":31,"spd":31,"spe":31}},{"name":"Weavile","species":"Weavile","item":"focussash","ability":"Pickpocket","moves":["iceshard","knockoff","iciclecrash","pursuit"],"nature":"Adamant","evs":{"hp":0,"atk":252,"def":0,"spa":0,"spd":4,"spe":252},"ivs":{"hp":31,"atk":31,"def":31,"spa":31,"spd":31,"spe":31}},{"name":"Latias","species":"Latias","item":"lifeorb","ability":"Levitate","moves":["defog","dracometeor","healingwish","psyshock"],"nature":"Timid","evs":{"hp":0,"atk":0,"def":0,"spa":252,"spd":4,"spe":252},"ivs":{"hp":31,"atk":31,"def":31,"spa":31,"spd":31,"spe":31}},{"name":"Keldeo-Resolute","species":"Keldeo-Resolute","item":"lifeorb","ability":"Justified","moves":["scald","secretsword","hydropump","icywind"],"nature":"Timid","evs":{"hp":0,"atk":0,"def":0,"spa":252,"spd":4,"spe":252},"ivs":{"hp":31,"atk":31,"def":31,"spa":31,"spd":31,"spe":31}}],"p2team":[{"name":"Ambipom","species":"Ambipom","item":"lifeorb","ability":"Technician","moves":["fakeout","beatup","doublehit","lowkick"],"nature":"Jolly","evs":{"hp":0,"atk":252,"def":0,"spa":0,"spd":4,"spe":252},"ivs":{"hp":31,"atk":31,"def":31,"spa":31,"spd":31,"spe":31}},{"name":"Gengar","species":"Gengar","item":"choicespecs","ability":"Levitate","moves":["destinybond","trick","sludgebomb","shadowball"],"nature":"Timid","evs":{"hp":0,"atk":0,"def":0,"spa":252,"spd":4,"spe":252},"ivs":{"hp":31,"atk":31,"def":31,"spa":31,"spd":31,"spe":31}},{"name":"Tyranitar","species":"Tyranitar","item":"expertbelt","ability":"Sand Stream","moves":["avalanche","crunch","earthquake","ironhead"],"nature":"Naughty","evs":{"hp":248,"atk":252,"def":0,"spa":8,"spd":0,"spe":0},"ivs":{"hp":31,"atk":31,"def":31,"spa":31,"spd":31,"spe":31}},{"name":"Weavile","species":"Weavile","item":"focussash","ability":"Pressure","moves":["swordsdance","knockoff","iceshard","xscissor"],"nature":"Jolly","evs":{"hp":0,"atk":252,"def":0,"spa":0,"spd":4,"spe":252},"ivs":{"hp":31,"atk":31,"def":31,"spa":31,"spd":31,"spe":31}},{"name":"Mew","species":"Mew","item":"leftovers","ability":"Synchronize","moves":["taunt","softboiled","knockoff","willowisp"],"nature":"Careful","evs":{"hp":252,"atk":4,"def":0,"spa":0,"spd":252,"spe":0},"ivs":{"hp":31,"atk":31,"def":31,"spa":31,"spd":31,"spe":31}},{"name":"Clefable","species":"Clefable","item":"lifeorb","ability":"Magic Guard","moves":["chargebeam","flamethrower","moonblast","softboiled"],"nature":"Modest","evs":{"hp":248,"atk":0,"def":0,"spa":252,"spd":8,"spe":0},"ivs":{"hp":31,"atk":31,"def":31,"spa":31,"spd":31,"spe":31}}],"log":["|player|p1|KawaiiBear|34","|player|p2|kraxuz|266","|gametype|singles","|gen|6","|tier|OU","|rated","|clearpoke","|poke|p1|Gallade, M","|poke|p1|Heatran, M","|poke|p1|Landorus-Therian, M","|poke|p1|Weavile, M","|poke|p1|Latias, F","|poke|p1|Keldeo-Resolute","|poke|p2|Ambipom, M","|poke|p2|Gengar, M","|poke|p2|Tyranitar, F","|poke|p2|Weavile, M","|poke|p2|Mew","|poke|p2|Clefable, F","|rule|Swagger Clause: Swagger is banned","|rule|Baton Pass Clause: Limit one Baton Passer, can't pass Spe and other stats simultaneously","|rule|Sleep Clause Mod: Limit one foe put to sleep","|rule|Species Clause: Limit one of each Pokémon","|rule|OHKO Clause: OHKO moves are banned","|rule|Moody Clause: Moody is banned","|rule|Evasion Moves Clause: Evasion moves are banned","|rule|Endless Battle Clause: Forcing endless battles is banned","|rule|HP Percentage Mod: HP is shown in percentages","|teampreview","|","|start","|switch|p1a: Gallade|Gallade, M|277/277","|switch|p2a: Ambipom|Ambipom, M|291/291","|turn|1","|","|detailschange|p1a: Gallade|Gallade-Mega, M","|-mega|p1a: Gallade|Gallade|Galladite","|move|p1a: Gallade|Protect|p1a: Gallade","|-singleturn|p1a: Gallade|Protect","|move|p2a: Ambipom|Beat Up|p1a: Gallade","|-activate|p1a: Gallade|Protect","|","|turn|2","|","|move|p2a: Ambipom|Beat Up|p1a: Gallade","|-damage|p1a: Gallade|247/277","|-damage|p1a: Gallade|226/277","|-damage|p1a: Gallade|186/277","|-damage|p1a: Gallade|152/277","|-damage|p1a: Gallade|121/277","|-damage|p1a: Gallade|95/277","|-hitcount|p1a: Gallade|6","|-damage|p2a: Ambipom|262/291|[from] item: Life Orb","|move|p1a: Gallade|Close Combat|p2a: Ambipom","|-supereffective|p2a: Ambipom","|-damage|p2a: Ambipom|0 fnt","|-unboost|p1a: Gallade|def|1","|-unboost|p1a: Gallade|spd|1","|faint|p2a: Ambipom","|","|","|switch|p2a: Gengar|Gengar, M|261/261","|turn|3","|","|move|p2a: Gengar|Trick|p1a: Gallade","|-fail|p1a: Gallade","|move|p1a: Gallade|Zen Headbutt|p2a: Gengar","|-supereffective|p2a: Gengar","|-damage|p2a: Gengar|0 fnt","|faint|p2a: Gengar","|","|","|switch|p2a: Weavile|Weavile, M|281/281","|-ability|p2a: Weavile|Pressure","|turn|4","|","|switch|p1a: Heatran|Heatran, M|385/385","|-item|p1a: Heatran|Air Balloon","|move|p2a: Weavile|Swords Dance|p2a: Weavile","|-boost|p2a: Weavile|atk|2","|","|turn|5","|","|move|p2a: Weavile|Swords Dance|p2a: Weavile","|-boost|p2a: Weavile|atk|2","|move|p1a: Heatran|Fire Blast|p2a: Weavile","|-supereffective|p2a: Weavile","|-enditem|p2a: Weavile|Focus Sash","|-damage|p2a: Weavile|1/281","|","|turn|6","|","|move|p2a: Weavile|Knock Off|p1a: Heatran","|-damage|p1a: Heatran|0 fnt","|-enditem|p1a: Heatran|Air Balloon","|faint|p1a: Heatran","|","|","|switch|p1a: Weavile|Weavile, M|281/281","|turn|7","|","|move|p2a: Weavile|Ice Shard|p1a: Weavile","|-resisted|p1a: Weavile","|-damage|p1a: Weavile|143/281","|move|p1a: Weavile|Ice Shard|p2a: Weavile","|-resisted|p2a: Weavile","|-damage|p2a: Weavile|0 fnt","|faint|p2a: Weavile","|","|","|switch|p2a: Clefable|Clefable, F|393/393","|turn|8","|","|move|p1a: Weavile|Knock Off|p2a: Clefable","|-resisted|p2a: Clefable","|-damage|p2a: Clefable|278/393","|-enditem|p2a: Clefable|Life Orb|[from] move: Knock Off|[of] p1a: Weavile","|move|p2a: Clefable|Flamethrower|p1a: Weavile","|-supereffective|p1a: Weavile","|-damage|p1a: Weavile|0 fnt","|faint|p1a: Weavile","|","|","|switch|p1a: Keldeo-Resolute|Keldeo-Resolute|323/323","|turn|9","|","|move|p1a: Keldeo-Resolute|Hydro Pump|p2a: Clefable","|-damage|p2a: Clefable|5/393","|-damage|p1a: Keldeo-Resolute|291/323|[from] item: Life Orb","|move|p2a: Clefable|Charge Beam|p1a: Keldeo-Resolute","|-supereffective|p1a: Keldeo-Resolute","|-damage|p1a: Keldeo-Resolute|165/323","|-boost|p2a: Clefable|spa|1","|","|turn|10","|","|move|p1a: Keldeo-Resolute|Scald|p2a: Clefable","|-damage|p2a: Clefable|0 fnt","|-damage|p1a: Keldeo-Resolute|133/323|[from] item: Life Orb","|faint|p2a: Clefable","|","|","|switch|p2a: Mew|Mew|404/404","|turn|11","|","|switch|p1a: Latias|Latias, F|301/301","|move|p2a: Mew|Knock Off|p1a: Latias","|-supereffective|p1a: Latias","|-damage|p1a: Latias|131/301","|-enditem|p1a: Latias|Life Orb|[from] move: Knock Off|[of] p2a: Mew","|","|turn|12","|","|move|p1a: Latias|Healing Wish|p1a: Latias","|faint|p1a: Latias","|move|p2a: Mew|Will-O-Wisp|p1: Latias|[notarget]","|-notarget","|","|","|switch|p1a: Keldeo-Resolute|Keldeo-Resolute|133/323","|-heal|p1a: Keldeo-Resolute|323/323|[from] move: Healing Wish","|turn|13","|","|move|p1a: Keldeo-Resolute|Hydro Pump|p2a: Mew","|-crit|p2a: Mew","|-damage|p2a: Mew|149/404","|-damage|p1a: Keldeo-Resolute|291/323|[from] item: Life Orb","|move|p2a: Mew|Will-O-Wisp|p1a: Keldeo-Resolute","|-status|p1a: Keldeo-Resolute|brn","|","|-heal|p2a: Mew|174/404|[from] item: Leftovers","|-damage|p1a: Keldeo-Resolute|251/323 brn|[from] brn","|turn|14","|","|move|p1a: Keldeo-Resolute|Hydro Pump|p2a: Mew|[miss]","|-miss|p1a: Keldeo-Resolute|p2a: Mew","|move|p2a: Mew|Soft-Boiled|p2a: Mew","|-heal|p2a: Mew|376/404","|","|-heal|p2a: Mew|401/404|[from] item: Leftovers","|-damage|p1a: Keldeo-Resolute|211/323 brn|[from] brn","|turn|15","|","|move|p1a: Keldeo-Resolute|Hydro Pump|p2a: Mew","|-damage|p2a: Mew|214/404","|-damage|p1a: Keldeo-Resolute|179/323 brn|[from] item: Life Orb","|move|p2a: Mew|Taunt|p1a: Keldeo-Resolute","|-start|p1a: Keldeo-Resolute|move: Taunt","|","|-heal|p2a: Mew|239/404|[from] item: Leftovers","|-damage|p1a: Keldeo-Resolute|139/323 brn|[from] brn","|turn|16","|","|move|p1a: Keldeo-Resolute|Hydro Pump|p2a: Mew","|-damage|p2a: Mew|44/404","|-damage|p1a: Keldeo-Resolute|107/323 brn|[from] item: Life Orb","|move|p2a: Mew|Soft-Boiled|p2a: Mew","|-heal|p2a: Mew|246/404","|","|-heal|p2a: Mew|271/404|[from] item: Leftovers","|-damage|p1a: Keldeo-Resolute|67/323 brn|[from] brn","|turn|17","|","|move|p1a: Keldeo-Resolute|Hydro Pump|p2a: Mew|[miss]","|-miss|p1a: Keldeo-Resolute|p2a: Mew","|move|p2a: Mew|Soft-Boiled|p2a: Mew","|-heal|p2a: Mew|404/404","|","|-damage|p1a: Keldeo-Resolute|27/323 brn|[from] brn","|turn|18","|","|move|p1a: Keldeo-Resolute|Hydro Pump|p2a: Mew","|-damage|p2a: Mew|227/404","|-damage|p1a: Keldeo-Resolute|0 fnt|[from] item: Life Orb","|faint|p1a: Keldeo-Resolute","|move|p2a: Mew|Knock Off|p1: Keldeo-Resolute|[notarget]","|-notarget","|","|-heal|p2a: Mew|252/404|[from] item: Leftovers","|","|switch|p1a: Landorus-Therian|Landorus-Therian, M|319/319","|-ability|p1a: Landorus-Therian|Intimidate","|-unboost|p2a: Mew|atk|1","|turn|19","|","|move|p1a: Landorus-Therian|Earthquake|p2a: Mew","|-damage|p2a: Mew|42/404","|move|p2a: Mew|Knock Off|p1a: Landorus-Therian","|-damage|p1a: Landorus-Therian|266/319","|-enditem|p1a: Landorus-Therian|Choice Scarf|[from] move: Knock Off|[of] p2a: Mew","|","|-heal|p2a: Mew|67/404|[from] item: Leftovers","|turn|20","|","|move|p1a: Landorus-Therian|Earthquake|p2a: Mew","|-damage|p2a: Mew|0 fnt","|faint|p2a: Mew","|","|","|switch|p2a: Tyranitar|Tyranitar, F|403/403","|-weather|Sandstorm","|turn|21","|","|move|p1a: Landorus-Therian|Earthquake|p2a: Tyranitar","|-supereffective|p2a: Tyranitar","|-damage|p2a: Tyranitar|47/403","|move|p2a: Tyranitar|Avalanche|p1a: Landorus-Therian","|-supereffective|p1a: Landorus-Therian","|-damage|p1a: Landorus-Therian|0 fnt","|faint|p1a: Landorus-Therian","|","|-weather|Sandstorm|[upkeep]","|","|switch|p1a: Gallade|Gallade-Mega, M|95/277","|turn|22","|","|move|p1a: Gallade|Close Combat|p2a: Tyranitar","|-supereffective|p2a: Tyranitar","|-damage|p2a: Tyranitar|0 fnt","|-unboost|p1a: Gallade|def|1","|-unboost|p1a: Gallade|spd|1","|faint|p2a: Tyranitar","|","|win|KawaiiBear"],"p1rating":{"entryid":"7185798","serverid":"eos","formatid":"ou","userid":"kawaiibear","username":"KawaiiBear","w":4,"l":"0","t":"0","gxe":67.4,"r":"1622.0801866386","rd":"112.76710304457","sigma":"0","rptime":"1438074000","rpr":1643.5527931968,"rprd":108.45225990825,"rpsigma":"0","acre":1134.1179647983,"lacre":1134.1179647983,"oldacre":"1117.2483377758"},"p2rating":{"entryid":"7211558","serverid":"eos","formatid":"ou","userid":"kraxuz","username":"kraxuz","w":"0","l":3,"t":"0","gxe":39.7,"r":1435.7011210732,"rd":116.78085769725,"sigma":"0","rptime":1438074000,"rpr":1417.403922506,"rprd":112.45611455001,"rpsigma":"0","acre":1000,"lacre":1000,"oldacre":"1000"},"endType":"normal"}