{"seed":[44032,11961,13070,18261],"turns":21,"p1":"darnellred","p2":"Swordigo","p1team":[{"name":"Manectric","species":"Manectric","item":"manectite","ability":"Static","moves":["flamethrower","thunderbolt","hiddenpowerice","voltswitch"],"nature":"Timid","evs":{"hp":0,"atk":0,"def":0,"spa":252,"spd":4,"spe":252},"ivs":{"hp":31,"atk":30,"def":30,"spa":31,"spd":31,"spe":31}},{"name":"Landorus-Therian","species":"Landorus-Therian","item":"choicescarf","ability":"Intimidate","moves":["earthquake","uturn","knockoff","stoneedge"],"nature":"Jolly","evs":{"hp":0,"atk":252,"def":0,"spa":0,"spd":4,"spe":252},"ivs":{"hp":31,"atk":31,"def":31,"spa":31,"spd":31,"spe":31}},{"name":"Scizor","species":"Scizor","item":"lifeorb","ability":"Technician","moves":["swordsdance","bulletpunch","uturn","superpower"],"nature":"Adamant","evs":{"hp":4,"atk":252,"def":0,"spa":0,"spd":0,"spe":252},"ivs":{"hp":31,"atk":31,"def":31,"spa":31,"spd":31,"spe":31}},{"name":"Latios","species":"Latios","item":"lifeorb","ability":"Levitate","moves":["psychic","earthquake","defog","dracometeor"],"nature":"Hasty","evs":{"hp":4,"atk":0,"def":0,"spa":252,"spd":0,"spe":252},"ivs":{"hp":31,"atk":30,"def":31,"spa":30,"spd":31,"spe":30}},{"name":"Azumarill","species":"Azumarill","item":"sitrusberry","ability":"Huge Power","moves":["waterfall","bellydrum","aquajet","playrough"],"nature":"Adamant","evs":{"hp":252,"atk":252,"def":0,"spa":0,"spd":4,"spe":0},"ivs":{"hp":31,"atk":31,"def":31,"spa":31,"spd":31,"spe":31}},{"name":"Ferrothorn","species":"Ferrothorn","item":"leftovers","ability":"Iron Barbs","moves":["spikes","stealthrock","powerwhip","leechseed"],"nature":"Impish","evs":{"hp":252,"atk":4,"def":252,"spa":0,"spd":0,"spe":0},"ivs":{"hp":31,"atk":31,"def":31,"spa":31,"spd":31,"spe":31}}],"p2team":[{"name":"Lopunny","species":"Lopunny","item":"lopunnite","ability":"Cute Charm","moves":["return","icepunch","fakeout","highjumpkick"],"nature":"Adamant","evs":{"hp":0,"atk":252,"def":4,"spa":0,"spd":0,"spe":252},"gender":"M","ivs":{"hp":31,"atk":31,"def":31,"spa":31,"spd":31,"spe":31}},{"name":"Landorus-Therian","species":"Landorus-Therian","item":"leftovers","ability":"Intimidate","moves":["knockoff","uturn","swordsdance","earthquake"],"nature":"Jolly","evs":{"hp":4,"atk":236,"def":0,"spa":0,"spd":16,"spe":252},"ivs":{"hp":31,"atk":31,"def":31,"spa":31,"spd":31,"spe":31}},{"name":"Rotom-Wash","species":"Rotom-Wash","item":"leftovers","ability":"Levitate","moves":["voltswitch","thunderbolt","willowisp","hydropump"],"nature":"Modest","evs":{"hp":252,"atk":0,"def":0,"spa":252,"spd":0,"spe":4},"ivs":{"hp":31,"atk":31,"def":31,"spa":31,"spd":31,"spe":31}},{"name":"Latios","species":"Latios","item":"lifeorb","ability":"Levitate","moves":["psyshock","thunderbolt","recover","dracometeor"],"nature":"Timid","evs":{"hp":0,"atk":0,"def":0,"spa":252,"spd":4,"spe":252},"ivs":{"hp":31,"atk":31,"def":31,"spa":31,"spd":31,"spe":31}},{"name":"Conkeldurr","species":"Conkeldurr","item":"assaultvest","ability":"Guts","moves":["drainpunch","machpunch","knockoff","icepunch"],"nature":"Adamant","evs":{"hp":92,"atk":252,"def":0,"spa":0,"spd":164,"spe":0},"gender":"M","ivs":{"hp":31,"atk":31,"def":31,"spa":31,"spd":31,"spe":31}},{"name":"Heatran","species":"Heatran","item":"leftovers","ability":"Flash Fire","moves":["lavaplume","earthpower","stealthrock","ancientpower"],"nature":"Timid","evs":{"hp":4,"atk":0,"def":0,"spa":252,"spd":0,"spe":252},"gender":"M","ivs":{"hp":31,"atk":31,"def":31,"spa":31,"spd":31,"spe":31}}],"log":["|player|p1|darnellred|101","|player|p2|Swordigo|267","|gametype|singles","|gen|6","|tier|OU","|rated","|clearpoke","|poke|p1|Manectric, F","|poke|p1|Landorus-Therian, M","|poke|p1|Scizor, M","|poke|p1|Latios, M","|poke|p1|Azumarill, M","|poke|p1|Ferrothorn, M","|poke|p2|Lopunny, M","|poke|p2|Landorus-Therian, M","|poke|p2|Rotom-Wash","|poke|p2|Latios, M","|poke|p2|Conkeldurr, M","|poke|p2|Heatran, M","|rule|Swagger Clause: Swagger is banned","|rule|Baton Pass Clause: Limit one Baton Passer, can't pass Spe and other stats simultaneously","|rule|Sleep Clause Mod: Limit one foe put to sleep","|rule|Species Clause: Limit one of each Pokémon","|rule|OHKO Clause: OHKO moves are banned","|rule|Moody Clause: Moody is banned","|rule|Evasion Moves Clause: Evasion moves are banned","|rule|Endless Battle Clause: Forcing endless battles is banned","|rule|HP Percentage Mod: HP is shown in percentages","|teampreview","|","|start","|switch|p1a: Azumarill|Azumarill, M|404/404","|switch|p2a: Rotom-Wash|Rotom-Wash|304/304","|turn|1","|","|switch|p1a: Ferrothorn|Ferrothorn, M|352/352","|move|p2a: Rotom-Wash|Will-O-Wisp|p1a: Ferrothorn","|-status|p1a: Ferrothorn|brn","|","|-damage|p1a: Ferrothorn|308/352 brn|[from] brn","|turn|2","|","|move|p2a: Rotom-Wash|Volt Switch|p1a: Ferrothorn","|-resisted|p1a: Ferrothorn","|-damage|p1a: Ferrothorn|259/352 brn","|","|switch|p2a: Heatran|Heatran, M|324/324","|move|p1a: Ferrothorn|Stealth Rock|p2a: Heatran","|-sidestart|p2: Swordigo|move: Stealth Rock","|","|-heal|p1a: Ferrothorn|281/352 brn|[from] item: Leftovers","|-damage|p1a: Ferrothorn|237/352 brn|[from] brn","|turn|3","|","|switch|p1a: Azumarill|Azumarill, M|404/404","|move|p2a: Heatran|Stealth Rock|p1a: Azumarill","|-sidestart|p1: darnellred|move: Stealth Rock","|","|turn|4","|","|move|p2a: Heatran|Lava Plume|p1a: Azumarill","|-resisted|p1a: Azumarill","|-damage|p1a: Azumarill|319/404","|move|p1a: Azumarill|Play Rough|p2a: Heatran|[miss]","|-miss|p1a: Azumarill|p2a: Heatran","|","|turn|5","|","|move|p2a: Heatran|Lava Plume|p1a: Azumarill","|-crit|p1a: Azumarill","|-resisted|p1a: Azumarill","|-damage|p1a: Azumarill|191/404","|-enditem|p1a: Azumarill|Sitrus Berry|[eat]","|-heal|p1a: Azumarill|292/404|[from] item: Sitrus Berry","|move|p1a: Azumarill|Waterfall|p2a: Heatran","|-supereffective|p2a: Heatran","|-damage|p2a: Heatran|0 fnt","|faint|p2a: Heatran","|","|","|switch|p2a: Lopunny|Lopunny, M|271/271","|-damage|p2a: Lopunny|238/271|[from] Stealth Rock","|turn|6","|","|switch|p1a: Ferrothorn|Ferrothorn, M|237/352 brn","|-damage|p1a: Ferrothorn|215/352 brn|[from] Stealth Rock","|detailschange|p2a: Lopunny|Lopunny-Mega, M","|-mega|p2a: Lopunny|Lopunny|Lopunnite","|move|p2a: Lopunny|Fake Out|p1a: Ferrothorn","|-resisted|p1a: Ferrothorn","|-damage|p1a: Ferrothorn|189/352 brn","|-damage|p2a: Lopunny|205/271|[from] ability: Iron Barbs|[of] p1a: Ferrothorn","|","|-heal|p1a: Ferrothorn|211/352 brn|[from] item: Leftovers","|-damage|p1a: Ferrothorn|167/352 brn|[from] brn","|turn|7","|","|move|p2a: Lopunny|High Jump Kick|p1a: Ferrothorn","|-crit|p1a: Ferrothorn","|-supereffective|p1a: Ferrothorn","|-damage|p1a: Ferrothorn|0 fnt","|-damage|p2a: Lopunny|172/271|[from] ability: Iron Barbs|[of] p1a: Ferrothorn","|faint|p1a: Ferrothorn","|","|","|switch|p1a: Landorus-Therian|Landorus-Therian, M|319/319","|-damage|p1a: Landorus-Therian|280/319|[from] Stealth Rock","|-ability|p1a: Landorus-Therian|Intimidate","|-unboost|p2a: Lopunny|atk|1","|turn|8","|","|switch|p2a: Landorus-Therian|Landorus-Therian, M|320/320","|-damage|p2a: Landorus-Therian|280/320|[from] Stealth Rock","|-ability|p2a: Landorus-Therian|Intimidate","|-unboost|p1a: Landorus-Therian|atk|1","|move|p1a: Landorus-Therian|U-turn|p2a: Landorus-Therian","|-resisted|p2a: Landorus-Therian","|-damage|p2a: Landorus-Therian|250/320","|","|switch|p1a: Azumarill|Azumarill, M|292/404","|-damage|p1a: Azumarill|242/404|[from] Stealth Rock","|","|-heal|p2a: Landorus-Therian|270/320|[from] item: Leftovers","|turn|9","|","|switch|p2a: Rotom-Wash|Rotom-Wash|304/304","|-damage|p2a: Rotom-Wash|266/304|[from] Stealth Rock","|move|p1a: Azumarill|Play Rough|p2a: Rotom-Wash","|-damage|p2a: Rotom-Wash|88/304","|","|-heal|p2a: Rotom-Wash|107/304|[from] item: Leftovers","|turn|10","|","|switch|p1a: Latios|Latios, M|302/302","|-damage|p1a: Latios|265/302|[from] Stealth Rock","|move|p2a: Rotom-Wash|Will-O-Wisp|p1a: Latios","|-status|p1a: Latios|brn","|","|-heal|p2a: Rotom-Wash|126/304|[from] item: Leftovers","|-damage|p1a: Latios|228/302 brn|[from] brn","|turn|11","|","|move|p1a: Latios|Psychic|p2a: Rotom-Wash","|-damage|p2a: Rotom-Wash|0 fnt","|-damage|p1a: Latios|198/302 brn|[from] item: Life Orb","|faint|p2a: Rotom-Wash","|","|-damage|p1a: Latios|161/302 brn|[from] brn","|","|switch|p2a: Lopunny|Lopunny-Mega, M|172/271","|-damage|p2a: Lopunny|156/271|[from] Stealth Rock","|turn|12","|","|switch|p1a: Landorus-Therian|Landorus-Therian, M|280/319","|-damage|p1a: Landorus-Therian|241/319|[from] Stealth Rock","|-ability|p1a: Landorus-Therian|Intimidate","|-unboost|p2a: Lopunny|atk|1","|move|p2a: Lopunny|Fake Out|p1a: Landorus-Therian","|-damage|p1a: Landorus-Therian|180/319","|","|turn|13","|","|move|p1a: Landorus-Therian|Knock Off|p2a: Lopunny","|-resisted|p2a: Lopunny","|-damage|p2a: Lopunny|116/271","|move|p2a: Lopunny|Ice Punch|p1a: Landorus-Therian","|-supereffective|p1a: Landorus-Therian","|-damage|p1a: Landorus-Therian|0 fnt","|faint|p1a: Landorus-Therian","|","|","|switch|p1a: Scizor|Scizor, M|282/282","|-damage|p1a: Scizor|247/282|[from] Stealth Rock","|turn|14","|","|switch|p2a: Landorus-Therian|Landorus-Therian, M|270/320","|-damage|p2a: Landorus-Therian|230/320|[from] Stealth Rock","|-ability|p2a: Landorus-Therian|Intimidate","|-unboost|p1a: Scizor|atk|1","|move|p1a: Scizor|Bullet Punch|p2a: Landorus-Therian","|-damage|p2a: Landorus-Therian|121/320","|-damage|p1a: Scizor|219/282|[from] item: Life Orb","|","|-heal|p2a: Landorus-Therian|141/320|[from] item: Leftovers","|turn|15","|","|move|p2a: Landorus-Therian|Earthquake|p1a: Scizor","|-damage|p1a: Scizor|42/282","|move|p1a: Scizor|Swords Dance|p1a: Scizor","|-boost|p1a: Scizor|atk|2","|","|-heal|p2a: Landorus-Therian|161/320|[from] item: Leftovers","|turn|16","|","|move|p1a: Scizor|Bullet Punch|p2a: Landorus-Therian","|-damage|p2a: Landorus-Therian|0 fnt","|-damage|p1a: Scizor|14/282|[from] item: Life Orb","|faint|p2a: Landorus-Therian","|","|","|switch|p2a: Lopunny|Lopunny-Mega, M|116/271","|-damage|p2a: Lopunny|100/271|[from] Stealth Rock","|turn|17","|","|move|p2a: Lopunny|Fake Out|p1a: Scizor","|-resisted|p1a: Scizor","|-damage|p1a: Scizor|0 fnt","|faint|p1a: Scizor","|","|","|switch|p1a: Azumarill|Azumarill, M|242/404","|-damage|p1a: Azumarill|192/404|[from] Stealth Rock","|turn|18","|","|switch|p2a: Latios|Latios, M|301/301","|-damage|p2a: Latios|264/301|[from] Stealth Rock","|move|p1a: Azumarill|Aqua Jet|p2a: Latios","|-resisted|p2a: Latios","|-damage|p2a: Latios|212/301","|","|turn|19","|","|move|p2a: Latios|Thunderbolt|p1a: Azumarill","|-supereffective|p1a: Azumarill","|-damage|p1a: Azumarill|0 fnt","|-damage|p2a: Latios|182/301|[from] item: Life Orb","|faint|p1a: Azumarill","|","|","|switch|p1a: Latios|Latios, M|161/302 brn","|-damage|p1a: Latios|124/302 brn|[from] Stealth Rock","|turn|20","|","|move|p2a: Latios|Draco Meteor|p1a: Latios","|-supereffective|p1a: Latios","|-damage|p1a: Latios|0 fnt","|-unboost|p2a: Latios|spa|2","|-damage|p2a: Latios|152/301|[from] item: Life Orb","|faint|p1a: Latios","|","|","|switch|p1a: Manectric|Manectric, F|281/281","|-damage|p1a: Manectric|246/281|[from] Stealth Rock","|turn|21","|","|detailschange|p1a: Manectric|Manectric-Mega, F","|-mega|p1a: Manectric|Manectric|Manectite","|-ability|p1a: Manectric|Intimidate","|-unboost|p2a: Latios|atk|1","|move|p2a: Latios|Draco Meteor|p1a: Manectric","|-damage|p1a: Manectric|74/281","|-unboost|p2a: Latios|spa|2","|-damage|p2a: Latios|122/301|[from] item: Life Orb","|move|p1a: Manectric|Hidden Power|p2a: Latios","|-supereffective|p2a: Latios","|-damage|p2a: Latios|0 fnt","|faint|p2a: Latios","|","|","|win|Swordigo"],"p1rating":{"entryid":"7187097","serverid":"eos","formatid":"ou","userid":"darnellred","username":"darnellred","w":"5","l":2,"t":"0","gxe":62.5,"r":"1519.009716697","rd":"118.17436883149","sigma":"0","rptime":"1438074000","rpr":1599.7981846608,"rprd":96.360536467705,"rpsigma":"0","acre":1116.672294229,"lacre":1116.672294229,"oldacre":"1146.0843732646"},"p2rating":{"entryid":"7190834","serverid":"eos","formatid":"ou","userid":"swordigo","username":"Swordigo","w":5,"l":"1","t":"0","gxe":63,"r":"1599.4125475791","rd":"111.63002965141","sigma":"0","rptime":"1438074000","rpr":1604.3281572846,"rprd":99.931119570845,"rpsigma":"0","acre":1116.3337046719,"lacre":1116.3337046719,"oldacre":"1084.119080475"},"endType":"forfeit"}