{"seed":[57819,29123,28380,9492],"turns":24,"p1":"Pokeiro","p2":"gvdvdv","p1team":[{"name":"Sableye","species":"Sableye","item":"rockyhelmet","ability":"Prankster","moves":["willowisp","toxic","knockoff","recover"],"nature":"Careful","evs":{"hp":252,"atk":0,"def":4,"spa":0,"spd":252,"spe":0},"shiny":true,"ivs":{"hp":31,"atk":31,"def":31,"spa":31,"spd":31,"spe":31}},{"name":"Arcanine","species":"Arcanine","item":"lifeorb","ability":"Intimidate","moves":["extremespeed","closecombat","crunch","firefang"],"nature":"Jolly","evs":{"hp":4,"atk":252,"def":0,"spa":0,"spd":0,"spe":252},"ivs":{"hp":31,"atk":31,"def":31,"spa":31,"spd":31,"spe":31}},{"name":"Gengar","species":"Gengar","item":"blacksludge","ability":"Levitate","moves":["sludgebomb","shadowball","substitute","disable"],"nature":"Timid","evs":{"hp":4,"atk":0,"def":0,"spa":252,"spd":0,"spe":252},"ivs":{"hp":31,"atk":31,"def":31,"spa":31,"spd":31,"spe":31}},{"name":"Sylveon","species":"Sylveon","item":"leftovers","ability":"Cute Charm","moves":["drainingkiss","wish","toxic","protect"],"nature":"Modest","evs":{"hp":252,"atk":0,"def":0,"spa":4,"spd":252,"spe":0},"ivs":{"hp":31,"atk":31,"def":31,"spa":31,"spd":31,"spe":31}},{"name":"Chandelure","species":"Chandelure","item":"focussash","ability":"Infiltrator","moves":["calmmind","flamethrower","energyball","shadowball"],"nature":"Modest","evs":{"hp":252,"atk":0,"def":0,"spa":252,"spd":0,"spe":4},"ivs":{"hp":31,"atk":31,"def":31,"spa":31,"spd":31,"spe":31}},{"name":"Scizor","species":"Scizor","item":"scizorite","ability":"Technician","moves":["bugbite","bulletpunch","swordsdance","acrobatics"],"nature":"Adamant","evs":{"hp":248,"atk":252,"def":0,"spa":0,"spd":8,"spe":0},"ivs":{"hp":31,"atk":31,"def":31,"spa":31,"spd":31,"spe":31}}],"p2team":[{"name":"Gliscor","species":"Gliscor","item":"toxicorb","ability":"Poison Heal","moves":["earthquake","facade","swordsdance","roost"],"nature":"Impish","evs":{"hp":252,"atk":0,"def":112,"spa":0,"spd":144,"spe":0},"ivs":{"hp":31,"atk":31,"def":31,"spa":31,"spd":31,"spe":31}},{"name":"Reuniclus","species":"Reuniclus","item":"leftovers","ability":"Magic Guard","moves":["psyshock","focusblast","recover","calmmind"],"nature":"Bold","evs":{"hp":252,"atk":0,"def":252,"spa":4,"spd":0,"spe":0},"ivs":{"hp":31,"atk":31,"def":31,"spa":31,"spd":31,"spe":31}},{"name":"Skarmory","species":"Skarmory","item":"leftovers","ability":"Sturdy","moves":["ironhead","whirlwind","spikes","roost"],"nature":"Careful","evs":{"hp":248,"atk":0,"def":48,"spa":0,"spd":212,"spe":0},"ivs":{"hp":31,"atk":31,"def":31,"spa":31,"spd":31,"spe":31}},{"name":"Hippowdon","species":"Hippowdon","item":"leftovers","ability":"Sand Stream","moves":["earthquake","stoneedge","slackoff","stealthrock"],"nature":"Impish","evs":{"hp":244,"atk":0,"def":172,"spa":0,"spd":92,"spe":0},"ivs":{"hp":31,"atk":31,"def":31,"spa":31,"spd":31,"spe":31}},{"name":"Starmie","species":"Starmie","item":"leftovers","ability":"Natural Cure","moves":["scald","thunderwave","recover","rapidspin"],"nature":"Timid","evs":{"hp":248,"atk":0,"def":36,"spa":0,"spd":0,"spe":224},"ivs":{"hp":31,"atk":31,"def":31,"spa":31,"spd":31,"spe":31}},{"name":"Charizard","species":"Charizard","item":"charizarditey","ability":"Blaze","moves":["flamethrower","solarbeam","dragonpulse","roost"],"nature":"Modest","evs":{"hp":96,"atk":0,"def":0,"spa":252,"spd":0,"spe":160},"ivs":{"hp":31,"atk":31,"def":31,"spa":31,"spd":31,"spe":31}}],"log":["|player|p1|Pokeiro|163","|player|p2|gvdvdv|34","|gametype|singles","|gen|6","|tier|OU","|rated","|clearpoke","|poke|p1|Sableye, F, shiny","|poke|p1|Arcanine, M","|poke|p1|Gengar, M","|poke|p1|Sylveon, M","|poke|p1|Chandelure, M","|poke|p1|Scizor, F","|poke|p2|Gliscor, M","|poke|p2|Reuniclus, M","|poke|p2|Skarmory, F","|poke|p2|Hippowdon, M","|poke|p2|Starmie","|poke|p2|Charizard, F","|rule|Swagger Clause: Swagger is banned","|rule|Baton Pass Clause: Limit one Baton Passer, can't pass Spe and other stats simultaneously","|rule|Sleep Clause Mod: Limit one foe put to sleep","|rule|Species Clause: Limit one of each Pokémon","|rule|OHKO Clause: OHKO moves are banned","|rule|Moody Clause: Moody is banned","|rule|Evasion Moves Clause: Evasion moves are banned","|rule|Endless Battle Clause: Forcing endless battles is banned","|rule|HP Percentage Mod: HP is shown in percentages","|teampreview","|","|start","|switch|p1a: Sableye|Sableye, F, shiny|304/304","|switch|p2a: Charizard|Charizard, F|321/321","|turn|1","|","|detailschange|p2a: Charizard|Charizard-Mega-Y, F","|-mega|p2a: Charizard|Charizard|Charizardite Y","|-weather|SunnyDay","|move|p1a: Sableye|Toxic|p2a: Charizard","|-status|p2a: Charizard|tox","|move|p2a: Charizard|Flamethrower|p1a: Sableye","|-damage|p1a: Sableye|3/304","|","|-weather|SunnyDay|[upkeep]","|-damage|p2a: Charizard|301/321 tox|[from] psn","|turn|2","|","|switch|p1a: Chandelure|Chandelure, M|324/324","|move|p2a: Charizard|Dragon Pulse|p1a: Chandelure","|-damage|p1a: Chandelure|187/324","|","|-weather|SunnyDay|[upkeep]","|-damage|p2a: Charizard|261/321 tox|[from] psn","|turn|3","|","|switch|p2a: Hippowdon|Hippowdon, M|418/418","|-weather|Sandstorm","|move|p1a: Chandelure|Shadow Ball|p2a: Hippowdon","|-damage|p2a: Hippowdon|237/418","|","|-weather|Sandstorm|[upkeep]","|-damage|p1a: Chandelure|167/324|[from] sandstorm","|-heal|p2a: Hippowdon|263/418|[from] item: Leftovers","|turn|4","|","|move|p1a: Chandelure|Energy Ball|p2a: Hippowdon","|-supereffective|p2a: Hippowdon","|-damage|p2a: Hippowdon|0 fnt","|faint|p2a: Hippowdon","|","|-weather|Sandstorm|[upkeep]","|-damage|p1a: Chandelure|147/324|[from] sandstorm","|","|switch|p2a: Starmie|Starmie|323/323","|turn|5","|","|move|p2a: Starmie|Scald|p1a: Chandelure","|-supereffective|p1a: Chandelure","|-damage|p1a: Chandelure|0 fnt","|faint|p1a: Chandelure","|","|-weather|Sandstorm|[upkeep]","|-damage|p2a: Starmie|303/323|[from] sandstorm","|-heal|p2a: Starmie|323/323|[from] item: Leftovers","|","|switch|p1a: Gengar|Gengar, M|262/262","|turn|6","|","|move|p2a: Starmie|Thunder Wave|p1a: Gengar","|-status|p1a: Gengar|par","|move|p1a: Gengar|Shadow Ball|p2a: Starmie","|-supereffective|p2a: Starmie","|-damage|p2a: Starmie|21/323","|-unboost|p2a: Starmie|spd|1","|","|-weather|Sandstorm|[upkeep]","|-damage|p2a: Starmie|1/323|[from] sandstorm","|-damage|p1a: Gengar|246/262 par|[from] sandstorm","|-heal|p2a: Starmie|21/323|[from] item: Leftovers","|-heal|p1a: Gengar|262/262 par|[from] item: Black Sludge","|turn|7","|","|switch|p1a: Scizor|Scizor, F|343/343","|move|p2a: Starmie|Scald|p1a: Scizor","|-damage|p1a: Scizor|235/343","|","|-weather|none","|-heal|p2a: Starmie|41/323|[from] item: Leftovers","|turn|8","|","|switch|p2a: Skarmory|Skarmory, F|333/333","|detailschange|p1a: Scizor|Scizor-Mega, F","|-mega|p1a: Scizor|Scizor|Scizorite","|move|p1a: Scizor|Bullet Punch|p2a: Skarmory","|-resisted|p2a: Skarmory","|-damage|p2a: Skarmory|287/333","|","|-heal|p2a: Skarmory|307/333|[from] item: Leftovers","|turn|9","|","|switch|p1a: Arcanine|Arcanine, M|322/322","|-ability|p1a: Arcanine|Intimidate","|-unboost|p2a: Skarmory|atk|1","|move|p2a: Skarmory|Spikes|p1a: Arcanine","|-sidestart|p1: Pokeiro|Spikes","|","|-heal|p2a: Skarmory|327/333|[from] item: Leftovers","|turn|10","|","|switch|p2a: Gliscor|Gliscor, M|354/354","|move|p1a: Arcanine|Crunch|p2a: Gliscor","|-damage|p2a: Gliscor|275/354","|-damage|p1a: Arcanine|290/322|[from] item: Life Orb","|","|-status|p2a: Gliscor|tox|[from] item: Toxic Orb","|turn|11","|","|switch|p1a: Gengar|Gengar, M|262/262 par","|move|p2a: Gliscor|Facade|p1a: Gengar","|-immune|p1a: Gengar|[msg]","|","|-heal|p2a: Gliscor|319/354 tox|[from] ability: Poison Heal","|turn|12","|","|switch|p2a: Starmie|Starmie|41/323","|cant|p1a: Gengar|par","|","|-heal|p2a: Starmie|61/323|[from] item: Leftovers","|turn|13","|","|move|p2a: Starmie|Scald|p1a: Gengar","|-damage|p1a: Gengar|144/262 par","|move|p1a: Gengar|Substitute|p1a: Gengar","|-start|p1a: Gengar|Substitute","|-damage|p1a: Gengar|79/262 par","|","|-heal|p2a: Starmie|81/323|[from] item: Leftovers","|-heal|p1a: Gengar|95/262 par|[from] item: Black Sludge","|turn|14","|","|move|p2a: Starmie|Scald|p1a: Gengar","|-crit|p1a: Gengar","|-end|p1a: Gengar|Substitute","|move|p1a: Gengar|Shadow Ball|p2a: Starmie","|-supereffective|p2a: Starmie","|-damage|p2a: Starmie|0 fnt","|faint|p2a: Starmie","|","|-heal|p1a: Gengar|111/262 par|[from] item: Black Sludge","|","|switch|p2a: Charizard|Charizard-Mega-Y, F|261/321 tox","|-weather|SunnyDay","|turn|15","|","|move|p2a: Charizard|Dragon Pulse|p1a: Gengar","|-damage|p1a: Gengar|0 fnt","|faint|p1a: Gengar","|","|-weather|SunnyDay|[upkeep]","|-damage|p2a: Charizard|241/321 tox|[from] psn","|","|switch|p1a: Arcanine|Arcanine, M|290/322","|-damage|p1a: Arcanine|250/322|[from] Spikes","|-ability|p1a: Arcanine|Intimidate","|-unboost|p2a: Charizard|atk|1","|turn|16","|","|switch|p2a: Gliscor|Gliscor, M|319/354 tox","|move|p1a: Arcanine|Close Combat|p2a: Gliscor","|-resisted|p2a: Gliscor","|-damage|p2a: Gliscor|263/354 tox","|-unboost|p1a: Arcanine|def|1","|-unboost|p1a: Arcanine|spd|1","|-damage|p1a: Arcanine|218/322|[from] item: Life Orb","|","|-weather|SunnyDay|[upkeep]","|-heal|p2a: Gliscor|307/354 tox|[from] ability: Poison Heal","|turn|17","|","|move|p1a: Arcanine|Crunch|p2a: Gliscor","|-damage|p2a: Gliscor|234/354 tox","|-unboost|p2a: Gliscor|def|1","|-damage|p1a: Arcanine|186/322|[from] item: Life Orb","|move|p2a: Gliscor|Swords Dance|p2a: Gliscor","|-boost|p2a: Gliscor|atk|2","|","|-weather|SunnyDay|[upkeep]","|-heal|p2a: Gliscor|278/354 tox|[from] ability: Poison Heal","|turn|18","|","|move|p1a: Arcanine|Crunch|p2a: Gliscor","|-damage|p2a: Gliscor|156/354 tox","|-damage|p1a: Arcanine|154/322|[from] item: Life Orb","|move|p2a: Gliscor|Roost|p2a: Gliscor","|-heal|p2a: Gliscor|333/354 tox","|","|-weather|SunnyDay|[upkeep]","|-heal|p2a: Gliscor|354/354 tox|[from] ability: Poison Heal","|turn|19","|","|move|p1a: Arcanine|Close Combat|p2a: Gliscor","|-resisted|p2a: Gliscor","|-damage|p2a: Gliscor|275/354 tox","|-unboost|p1a: Arcanine|def|1","|-unboost|p1a: Arcanine|spd|1","|-damage|p1a: Arcanine|122/322|[from] item: Life Orb","|move|p2a: Gliscor|Facade|p1a: Arcanine","|-damage|p1a: Arcanine|0 fnt","|faint|p1a: Arcanine","|","|-weather|none","|-heal|p2a: Gliscor|319/354 tox|[from] ability: Poison Heal","|","|switch|p1a: Scizor|Scizor-Mega, F|235/343","|-damage|p1a: Scizor|193/343|[from] Spikes","|turn|20","|","|move|p1a: Scizor|Bullet Punch|p2a: Gliscor","|-crit|p2a: Gliscor","|-damage|p2a: Gliscor|106/354 tox","|move|p2a: Gliscor|Earthquake|p1a: Scizor","|-damage|p1a: Scizor|39/343","|","|-heal|p2a: Gliscor|150/354 tox|[from] ability: Poison Heal","|turn|21","|","|move|p1a: Scizor|Bullet Punch|p2a: Gliscor","|-damage|p2a: Gliscor|15/354 tox","|move|p2a: Gliscor|Roost|p2a: Gliscor","|-heal|p2a: Gliscor|192/354 tox","|","|-heal|p2a: Gliscor|236/354 tox|[from] ability: Poison Heal","|turn|22","|","|move|p1a: Scizor|Bullet Punch|p2a: Gliscor","|-damage|p2a: Gliscor|113/354 tox","|move|p2a: Gliscor|Roost|p2a: Gliscor","|-heal|p2a: Gliscor|290/354 tox","|","|-heal|p2a: Gliscor|334/354 tox|[from] ability: Poison Heal","|turn|23","|","|move|p1a: Scizor|Bullet Punch|p2a: Gliscor","|-damage|p2a: Gliscor|199/354 tox","|move|p2a: Gliscor|Earthquake|p1a: Scizor","|-damage|p1a: Scizor|0 fnt","|faint|p1a: Scizor","|","|-heal|p2a: Gliscor|243/354 tox|[from] ability: Poison Heal","|","|switch|p1a: Sylveon|Sylveon, M|394/394","|-damage|p1a: Sylveon|345/394|[from] Spikes","|turn|24","|","|move|p2a: Gliscor|Facade|p1a: Sylveon","|-crit|p1a: Sylveon","|-damage|p1a: Sylveon|0 fnt","|faint|p1a: Sylveon","|","|-heal|p2a: Gliscor|287/354 tox|[from] ability: Poison Heal","|","|switch|p1a: Sableye|Sableye, F, shiny|3/304","|-damage|p1a: Sableye|0 fnt|[from] Spikes","|faint|p1a: Sableye","|","|win|gvdvdv"],"p1rating":{"entryid":"6218677","serverid":"eos","formatid":"ou","userid":"pokeiro","username":"pokeiro","w":"1","l":4,"t":"0","gxe":41.2,"r":"1458.3995015985","rd":"114.26226834734","sigma":"0","rptime":"1438074000","rpr":1430.0772832796,"rprd":109.37811715788,"rpsigma":"0","acre":1022.1660277196,"lacre":1022.1660277196,"oldacre":"1040"},"p2rating":{"entryid":7231015,"formatid":"ou","userid":"gvdvdv","username":"gvdvdv","r":1500,"rd":130,"sigma":0,"rpr":1536.1819309923,"rprd":122.71922124106,"rpsigma":0,"rptime":1438074000,"w":1,"l":0,"t":0,"gxe":54.5,"acre":1044.584930701,"lacre":1044.584930701,"oldacre":1000},"endType":"normal"}