{"seed":[15383,15594,2923,4487],"turns":23,"p1":"grtfgrgdrvd","p2":"joon11","p1team":[{"name":"Manaphy","species":"Manaphy","item":"leftovers","ability":"Hydration","moves":["substitute","tailglow","icebeam","scald"],"nature":"Timid","evs":{"hp":4,"atk":0,"def":0,"spa":252,"spd":0,"spe":252},"ivs":{"hp":31,"atk":31,"def":31,"spa":31,"spd":31,"spe":31}},{"name":"Reuniclus","species":"Reuniclus","item":"leftovers","ability":"Magic Guard","moves":["shadowball","psychic","focusblast","energyball"],"nature":"Modest","evs":{"hp":252,"atk":0,"def":0,"spa":148,"spd":104,"spe":4},"ivs":{"hp":31,"atk":31,"def":31,"spa":31,"spd":31,"spe":31}},{"name":"Landorus-Therian","species":"Landorus-Therian","item":"leftovers","ability":"Intimidate","moves":["earthquake","uturn","stealthrock","stoneedge"],"nature":"","evs":{"hp":52,"atk":0,"def":252,"spa":0,"spd":200,"spe":4},"ivs":{"hp":31,"atk":31,"def":31,"spa":31,"spd":31,"spe":31}},{"name":"Conkeldurr","species":"Conkeldurr","item":"assaultvest","ability":"Guts","moves":["machpunch","knockoff","poisonjab","drainpunch"],"nature":"Adamant","evs":{"hp":220,"atk":252,"def":0,"spa":0,"spd":0,"spe":36},"ivs":{"hp":31,"atk":31,"def":31,"spa":31,"spd":31,"spe":31}},{"name":"Scizor","species":"Scizor","item":"leftovers","ability":"Technician","moves":["defog","bulletpunch","uturn","superpower"],"nature":"Adamant","evs":{"hp":0,"atk":252,"def":252,"spa":0,"spd":0,"spe":4},"ivs":{"hp":31,"atk":31,"def":31,"spa":31,"spd":31,"spe":31}},{"name":"Gyarados","species":"Gyarados","item":"gyaradosite","ability":"Intimidate","moves":["earthquake","dragondance","waterfall","crunch"],"nature":"Jolly","evs":{"hp":0,"atk":252,"def":0,"spa":0,"spd":4,"spe":252},"ivs":{"hp":31,"atk":31,"def":31,"spa":31,"spd":31,"spe":31}}],"p2team":[{"name":"Sceptile","species":"Sceptile","item":"sceptilite","ability":"Overgrow","moves":["leafblade","swordsdance","lowkick","outrage"],"nature":"Jolly","evs":{"hp":0,"atk":252,"def":4,"spa":0,"spd":0,"spe":252},"ivs":{"hp":31,"atk":31,"def":31,"spa":31,"spd":31,"spe":31}},{"name":"Talonflame","species":"Talonflame","item":"choiceband","ability":"Gale Wings","moves":["uturn","bravebird","flareblitz","willowisp"],"nature":"Adamant","evs":{"hp":0,"atk":252,"def":0,"spa":0,"spd":4,"spe":252},"ivs":{"hp":31,"atk":31,"def":31,"spa":31,"spd":31,"spe":31}},{"name":"Rotom-Wash","species":"Rotom-Wash","item":"leftovers","ability":"Levitate","moves":["painsplit","willowisp","hydropump","voltswitch"],"nature":"Bold","evs":{"hp":248,"atk":0,"def":252,"spa":0,"spd":0,"spe":8},"ivs":{"hp":31,"atk":31,"def":31,"spa":31,"spd":31,"spe":31}},{"name":"Skarmory","species":"Skarmory","item":"leftovers","ability":"Sturdy","moves":["ironhead","taunt","roost","spikes"],"nature":"Careful","evs":{"hp":248,"atk":0,"def":8,"spa":0,"spd":252,"spe":0},"ivs":{"hp":31,"atk":31,"def":31,"spa":31,"spd":31,"spe":31}},{"name":"Landorus-Therian","species":"Landorus-Therian","item":"earthplate","ability":"Intimidate","moves":["uturn","knockoff","earthquake","stealthrock"],"nature":"Adamant","evs":{"hp":64,"atk":252,"def":0,"spa":0,"spd":0,"spe":192},"ivs":{"hp":31,"atk":31,"def":31,"spa":31,"spd":31,"spe":31}},{"name":"Starmie","species":"Starmie","item":"lifeorb","ability":"Analytic","moves":["psychic","icebeam","hydropump","rapidspin"],"nature":"Timid","evs":{"hp":0,"atk":0,"def":0,"spa":252,"spd":4,"spe":252},"ivs":{"hp":31,"atk":31,"def":31,"spa":31,"spd":31,"spe":31}}],"log":["|player|p1|grtfgrgdrvd|101","|player|p2|joon11|266","|gametype|singles","|gen|6","|tier|OU","|rated","|clearpoke","|poke|p1|Manaphy","|poke|p1|Reuniclus, M","|poke|p1|Landorus-Therian, M","|poke|p1|Conkeldurr, M","|poke|p1|Scizor, M","|poke|p1|Gyarados, M","|poke|p2|Sceptile, F","|poke|p2|Talonflame, M","|poke|p2|Rotom-Wash","|poke|p2|Skarmory, M","|poke|p2|Landorus-Therian, M","|poke|p2|Starmie","|rule|Swagger Clause: Swagger is banned","|rule|Baton Pass Clause: Limit one Baton Passer, can't pass Spe and other stats simultaneously","|rule|Sleep Clause Mod: Limit one foe put to sleep","|rule|Species Clause: Limit one of each Pokémon","|rule|OHKO Clause: OHKO moves are banned","|rule|Moody Clause: Moody is banned","|rule|Evasion Moves Clause: Evasion moves are banned","|rule|Endless Battle Clause: Forcing endless battles is banned","|rule|HP Percentage Mod: HP is shown in percentages","|teampreview","|","|start","|switch|p1a: Landorus-Therian|Landorus-Therian, M|332/332","|switch|p2a: Starmie|Starmie|261/261","|-ability|p1a: Landorus-Therian|Intimidate","|-unboost|p2a: Starmie|atk|1","|turn|1","|","|switch|p1a: Conkeldurr|Conkeldurr, M|406/406","|move|p2a: Starmie|Hydro Pump|p1a: Conkeldurr","|-damage|p1a: Conkeldurr|149/406","|-damage|p2a: Starmie|235/261|[from] item: Life Orb","|","|turn|2","|","|move|p2a: Starmie|Hydro Pump|p1a: Conkeldurr","|-damage|p1a: Conkeldurr|0 fnt","|-damage|p2a: Starmie|209/261|[from] item: Life Orb","|faint|p1a: Conkeldurr","|","|","|switch|p1a: Reuniclus|Reuniclus, M|424/424","|turn|3","|","|switch|p2a: Skarmory|Skarmory, M|333/333","|move|p1a: Reuniclus|Energy Ball|p2a: Skarmory","|-resisted|p2a: Skarmory","|-damage|p2a: Skarmory|311/333","|","|-heal|p2a: Skarmory|331/333|[from] item: Leftovers","|turn|4","|","|move|p2a: Skarmory|Taunt|p1a: Reuniclus","|-start|p1a: Reuniclus|move: Taunt","|move|p1a: Reuniclus|Focus Blast|p2a: Skarmory|[miss]","|-miss|p1a: Reuniclus|p2a: Skarmory","|","|-heal|p2a: Skarmory|333/333|[from] item: Leftovers","|turn|5","|","|switch|p1a: Landorus-Therian|Landorus-Therian, M|332/332","|-ability|p1a: Landorus-Therian|Intimidate","|-unboost|p2a: Skarmory|atk|1","|move|p2a: Skarmory|Spikes|p1a: Landorus-Therian","|-sidestart|p1: grtfgrgdrvd|Spikes","|","|turn|6","|","|switch|p2a: Starmie|Starmie|209/261","|move|p1a: Landorus-Therian|Stealth Rock|p2a: Starmie","|-sidestart|p2: joon11|move: Stealth Rock","|","|turn|7","|","|move|p2a: Starmie|Psychic|p1a: Landorus-Therian","|-damage|p1a: Landorus-Therian|179/332","|-damage|p2a: Starmie|183/261|[from] item: Life Orb","|move|p1a: Landorus-Therian|U-turn|p2a: Starmie","|-supereffective|p2a: Starmie","|-damage|p2a: Starmie|0 fnt","|faint|p2a: Starmie","|","|switch|p1a: Manaphy|Manaphy|342/342","|-damage|p1a: Manaphy|300/342|[from] Spikes","|","|-heal|p1a: Manaphy|321/342|[from] item: Leftovers","|","|switch|p2a: Sceptile|Sceptile, F|281/281","|-damage|p2a: Sceptile|246/281|[from] Stealth Rock","|turn|8","|","|detailschange|p2a: Sceptile|Sceptile-Mega, F","|-mega|p2a: Sceptile|Sceptile|Sceptilite","|move|p2a: Sceptile|Leaf Blade|p1a: Manaphy","|-supereffective|p1a: Manaphy","|-damage|p1a: Manaphy|55/342","|move|p1a: Manaphy|Ice Beam|p2a: Sceptile","|-supereffective|p2a: Sceptile","|-damage|p2a: Sceptile|0 fnt","|faint|p2a: Sceptile","|","|-heal|p1a: Manaphy|76/342|[from] item: Leftovers","|","|switch|p2a: Talonflame|Talonflame, M|297/297","|-damage|p2a: Talonflame|149/297|[from] Stealth Rock","|turn|9","|","|switch|p1a: Landorus-Therian|Landorus-Therian, M|179/332","|-ability|p1a: Landorus-Therian|Intimidate","|-unboost|p2a: Talonflame|atk|1","|move|p2a: Talonflame|Brave Bird|p1a: Landorus-Therian","|-damage|p1a: Landorus-Therian|32/332","|-damage|p2a: Talonflame|100/297|[from] recoil|[of] p1a: Landorus-Therian","|","|-heal|p1a: Landorus-Therian|52/332|[from] item: Leftovers","|turn|10","|","|move|p2a: Talonflame|Brave Bird|p1a: Landorus-Therian","|-damage|p1a: Landorus-Therian|0 fnt","|-damage|p2a: Talonflame|83/297|[from] recoil|[of] p1a: Landorus-Therian","|faint|p1a: Landorus-Therian","|","|","|switch|p1a: Gyarados|Gyarados, M|331/331","|-ability|p1a: Gyarados|Intimidate","|-unboost|p2a: Talonflame|atk|1","|turn|11","|","|detailschange|p1a: Gyarados|Gyarados-Mega, M","|-mega|p1a: Gyarados|Gyarados|Gyaradosite","|-ability|p1a: Gyarados|Mold Breaker","|move|p2a: Talonflame|Brave Bird|p1a: Gyarados","|-damage|p1a: Gyarados|213/331","|-damage|p2a: Talonflame|44/297|[from] recoil|[of] p1a: Gyarados","|move|p1a: Gyarados|Dragon Dance|p1a: Gyarados","|-boost|p1a: Gyarados|atk|1","|-boost|p1a: Gyarados|spe|1","|","|turn|12","|","|move|p2a: Talonflame|Brave Bird|p1a: Gyarados","|-crit|p1a: Gyarados","|-damage|p1a: Gyarados|0 fnt","|-damage|p2a: Talonflame|0 fnt|[from] recoil|[of] p1a: Gyarados","|faint|p1a: Gyarados","|faint|p2a: Talonflame","|","|","|switch|p2a: Rotom-Wash|Rotom-Wash|303/303","|switch|p1a: Reuniclus|Reuniclus, M|424/424","|-damage|p2a: Rotom-Wash|266/303|[from] Stealth Rock","|turn|13","|","|move|p2a: Rotom-Wash|Volt Switch|p1a: Reuniclus","|-damage|p1a: Reuniclus|337/424","|","|switch|p2a: Skarmory|Skarmory, M|333/333","|-damage|p2a: Skarmory|292/333|[from] Stealth Rock","|move|p1a: Reuniclus|Energy Ball|p2a: Skarmory","|-resisted|p2a: Skarmory","|-damage|p2a: Skarmory|267/333","|","|-heal|p2a: Skarmory|287/333|[from] item: Leftovers","|-heal|p1a: Reuniclus|363/424|[from] item: Leftovers","|turn|14","|","|move|p2a: Skarmory|Iron Head|p1a: Reuniclus","|-damage|p1a: Reuniclus|255/424","|move|p1a: Reuniclus|Focus Blast|p2a: Skarmory|[miss]","|-miss|p1a: Reuniclus|p2a: Skarmory","|","|-heal|p2a: Skarmory|307/333|[from] item: Leftovers","|-heal|p1a: Reuniclus|281/424|[from] item: Leftovers","|turn|15","|","|move|p2a: Skarmory|Spikes|p1a: Reuniclus","|-sidestart|p1: grtfgrgdrvd|Spikes","|move|p1a: Reuniclus|Focus Blast|p2a: Skarmory","|-damage|p2a: Skarmory|186/333","|","|-heal|p2a: Skarmory|206/333|[from] item: Leftovers","|-heal|p1a: Reuniclus|307/424|[from] item: Leftovers","|turn|16","|","|move|p2a: Skarmory|Iron Head|p1a: Reuniclus","|-damage|p1a: Reuniclus|202/424","|move|p1a: Reuniclus|Focus Blast|p2a: Skarmory","|-damage|p2a: Skarmory|86/333","|","|-heal|p2a: Skarmory|106/333|[from] item: Leftovers","|-heal|p1a: Reuniclus|228/424|[from] item: Leftovers","|turn|17","|","|move|p2a: Skarmory|Spikes|p1a: Reuniclus","|-sidestart|p1: grtfgrgdrvd|Spikes","|move|p1a: Reuniclus|Focus Blast|p2a: Skarmory","|-damage|p2a: Skarmory|0 fnt","|faint|p2a: Skarmory","|","|-heal|p1a: Reuniclus|254/424|[from] item: Leftovers","|","|switch|p2a: Landorus-Therian|Landorus-Therian, M|335/335","|-damage|p2a: Landorus-Therian|294/335|[from] Stealth Rock","|-ability|p2a: Landorus-Therian|Intimidate","|-unboost|p1a: Reuniclus|atk|1","|turn|18","|","|switch|p1a: Manaphy|Manaphy|76/342","|-damage|p1a: Manaphy|0 fnt|[from] Spikes","|faint|p1a: Manaphy","|move|p2a: Landorus-Therian|Knock Off|p1: Manaphy|[notarget]","|-notarget","|","|","|switch|p1a: Scizor|Scizor, M|281/281","|-damage|p1a: Scizor|211/281|[from] Spikes","|turn|19","|","|switch|p2a: Rotom-Wash|Rotom-Wash|266/303","|-damage|p2a: Rotom-Wash|229/303|[from] Stealth Rock","|move|p1a: Scizor|U-turn|p2a: Rotom-Wash","|-damage|p2a: Rotom-Wash|127/303","|","|switch|p1a: Reuniclus|Reuniclus, M|254/424","|","|-heal|p2a: Rotom-Wash|145/303|[from] item: Leftovers","|-heal|p1a: Reuniclus|280/424|[from] item: Leftovers","|turn|20","|","|move|p2a: Rotom-Wash|Hydro Pump|p1a: Reuniclus","|-damage|p1a: Reuniclus|138/424","|move|p1a: Reuniclus|Psychic|p2a: Rotom-Wash","|-damage|p2a: Rotom-Wash|7/303","|","|-heal|p2a: Rotom-Wash|25/303|[from] item: Leftovers","|-heal|p1a: Reuniclus|164/424|[from] item: Leftovers","|turn|21","|","|move|p2a: Rotom-Wash|Hydro Pump|p1a: Reuniclus","|-damage|p1a: Reuniclus|31/424","|move|p1a: Reuniclus|Psychic|p2a: Rotom-Wash","|-damage|p2a: Rotom-Wash|0 fnt","|faint|p2a: Rotom-Wash","|","|-heal|p1a: Reuniclus|57/424|[from] item: Leftovers","|","|switch|p2a: Landorus-Therian|Landorus-Therian, M|294/335","|-damage|p2a: Landorus-Therian|253/335|[from] Stealth Rock","|-ability|p2a: Landorus-Therian|Intimidate","|-unboost|p1a: Reuniclus|atk|1","|turn|22","|","|move|p2a: Landorus-Therian|U-turn|p1a: Reuniclus","|-supereffective|p1a: Reuniclus","|-damage|p1a: Reuniclus|0 fnt","|faint|p1a: Reuniclus","|","|","|switch|p1a: Scizor|Scizor, M|211/281","|-damage|p1a: Scizor|141/281|[from] Spikes","|turn|23","|","|move|p1a: Scizor|Bullet Punch|p2a: Landorus-Therian","|-damage|p2a: Landorus-Therian|129/335","|move|p2a: Landorus-Therian|Earthquake|p1a: Scizor","|-damage|p1a: Scizor|0 fnt","|faint|p1a: Scizor","|","|win|joon11"],"p1rating":{"entryid":"7229690","serverid":"eos","formatid":"ou","userid":"grtfgrgdrvd","username":"grtfgrgdrvd","w":"1","l":3,"t":"0","gxe":43.1,"r":"1500","rd":"130","sigma":"0","rptime":"1438074000","rpr":1445.5066560525,"rprd":106.67799008923,"rpsigma":"0","acre":1015.9544469976,"lacre":1015.9544469976,"oldacre":"1026.7275046664"},"p2rating":{"entryid":"7090012","serverid":"eos","formatid":"ou","userid":"joon11","username":"joon11","w":6,"l":"2","t":"0","gxe":61.2,"r":"1569.4917099717","rd":"96.899646021048","sigma":"0","rptime":"1438074000","rpr":1588.6745259444,"rprd":93.929202992369,"rpsigma":"0","acre":1127.6842132196,"lacre":1127.6842132196,"oldacre":"1108.4591418276"},"endType":"normal"}