{"seed":[36726,5910,342,25094],"turns":38,"p1":"bis_eastwood","p2":"Bostonian","p1team":[{"name":"Scizor","species":"Scizor","item":"leftovers","ability":"Technician","moves":["toxic","uturn","bulletpunch","roost"],"nature":"Jolly","evs":{"hp":4,"atk":252,"def":0,"spa":0,"spd":0,"spe":252},"ivs":{"hp":31,"atk":31,"def":31,"spa":31,"spd":31,"spe":31}},{"name":"Garchomp","species":"Garchomp","item":"rockyhelmet","ability":"Rough Skin","moves":["earthquake","outrage","firefang","ironhead"],"nature":"Jolly","evs":{"hp":0,"atk":252,"def":0,"spa":0,"spd":4,"spe":252},"ivs":{"hp":31,"atk":31,"def":31,"spa":31,"spd":31,"spe":31}},{"name":"Chansey","species":"Chansey","item":"eviolite","ability":"Natural Cure","moves":["thunderwave","healbell","seismictoss","softboiled"],"nature":"Bold","evs":{"hp":248,"atk":0,"def":252,"spa":0,"spd":8,"spe":0},"ivs":{"hp":31,"atk":31,"def":31,"spa":31,"spd":31,"spe":31}},{"name":"Starmie","species":"Starmie","item":"leftovers","ability":"Natural Cure","moves":["rapidspin","recover","scald","psyshock"],"nature":"","evs":{"hp":0,"atk":0,"def":0,"spa":0,"spd":0,"spe":0},"ivs":{"hp":31,"atk":31,"def":31,"spa":31,"spd":31,"spe":31}},{"name":"Dusclops","species":"Dusclops","item":"eviolite","ability":"Frisk","moves":["nightshade","willowisp","haze","rest"],"nature":"Calm","evs":{"hp":248,"atk":0,"def":8,"spa":0,"spd":252,"spe":0},"ivs":{"hp":31,"atk":31,"def":31,"spa":31,"spd":31,"spe":31}},{"name":"Sceptile","species":"Sceptile","item":"sceptilite","ability":"Overgrow","moves":["leafstorm","dragonpulse","focusblast","synthesis"],"nature":"Timid","evs":{"hp":0,"atk":0,"def":0,"spa":252,"spd":4,"spe":252},"ivs":{"hp":31,"atk":31,"def":31,"spa":31,"spd":31,"spe":31}}],"p2team":[{"name":"Acnologia","species":"dragonite","item":"choiceband","ability":"Multiscale","moves":["outrage","extremespeed","firepunch","earthquake"],"nature":"Adamant","evs":{"hp":0,"atk":252,"def":4,"spa":0,"spd":0,"spe":252},"shiny":true,"ivs":{"hp":31,"atk":31,"def":31,"spa":31,"spd":31,"spe":31}},{"name":"Time Wizard","species":"celebi","item":"leftovers","ability":"Natural Cure","moves":["gigadrain","recover","thunderwave","stealthrock"],"nature":"Bold","evs":{"hp":252,"atk":0,"def":156,"spa":0,"spd":84,"spe":16},"ivs":{"hp":31,"atk":31,"def":31,"spa":31,"spd":31,"spe":31}},{"name":"Troll's Gold","species":"sableye","item":"sablenite","ability":"Prankster","moves":["calmmind","shadowball","recover","willowisp"],"nature":"Bold","evs":{"hp":252,"atk":0,"def":252,"spa":0,"spd":4,"spe":0},"shiny":true,"ivs":{"hp":31,"atk":31,"def":31,"spa":31,"spd":31,"spe":31}},{"name":"JDDoS","species":"porygonz","item":"lifeorb","ability":"Adaptability","moves":["nastyplot","agility","triattack","darkpulse"],"nature":"Modest","evs":{"hp":4,"atk":0,"def":0,"spa":252,"spd":0,"spe":252},"shiny":true,"ivs":{"hp":31,"atk":31,"def":31,"spa":31,"spd":31,"spe":31}},{"name":"Judge","species":"landorustherian","item":"choicescarf","ability":"Intimidate","moves":["earthquake","stoneedge","knockoff","uturn"],"nature":"Jolly","evs":{"hp":0,"atk":252,"def":4,"spa":0,"spd":0,"spe":252},"shiny":true,"ivs":{"hp":31,"atk":31,"def":31,"spa":31,"spd":31,"spe":31}},{"name":"Sokka's Hawky","species":"talonflame","item":"sharpbeak","ability":"Gale Wings","moves":["bravebird","flareblitz","swordsdance","taunt"],"nature":"Jolly","evs":{"hp":0,"atk":252,"def":4,"spa":0,"spd":0,"spe":252},"shiny":true,"ivs":{"hp":31,"atk":31,"def":31,"spa":31,"spd":31,"spe":31}}],"log":["|player|p1|bis_eastwood|12","|player|p2|Bostonian|bostonian.png","|gametype|singles","|gen|6","|tier|OU","|rated","|clearpoke","|poke|p1|Scizor, F","|poke|p1|Garchomp, M","|poke|p1|Chansey, F","|poke|p1|Starmie","|poke|p1|Dusclops, F","|poke|p1|Sceptile, M","|poke|p2|Dragonite, M, shiny","|poke|p2|Celebi","|poke|p2|Sableye, F, shiny","|poke|p2|Porygon-Z, shiny","|poke|p2|Landorus-Therian, M, shiny","|poke|p2|Talonflame, F, shiny","|rule|Swagger Clause: Swagger is banned","|rule|Baton Pass Clause: Limit one Baton Passer, can't pass Spe and other stats simultaneously","|rule|Sleep Clause Mod: Limit one foe put to sleep","|rule|Species Clause: Limit one of each Pokémon","|rule|OHKO Clause: OHKO moves are banned","|rule|Moody Clause: Moody is banned","|rule|Evasion Moves Clause: Evasion moves are banned","|rule|Endless Battle Clause: Forcing endless battles is banned","|rule|HP Percentage Mod: HP is shown in percentages","|teampreview","|","|start","|switch|p1a: Sceptile|Sceptile, M|281/281","|switch|p2a: Sokka's Hawky|Talonflame, F, shiny|297/297","|turn|1","|","|switch|p1a: Dusclops|Dusclops, F|283/283","|-item|p2a: Sokka's Hawky|Sharp Beak|[from] ability: Frisk|[of] p1a: Dusclops|[identify]","|move|p2a: Sokka's Hawky|Brave Bird|p1a: Dusclops","|-damage|p1a: Dusclops|186/283","|-damage|p2a: Sokka's Hawky|265/297|[from] recoil|[of] p1a: Dusclops","|","|turn|2","|","|move|p2a: Sokka's Hawky|Taunt|p1a: Dusclops","|-start|p1a: Dusclops|move: Taunt","|move|p1a: Dusclops|Night Shade|p2a: Sokka's Hawky","|-damage|p2a: Sokka's Hawky|165/297","|","|turn|3","|","|switch|p2a: JDDoS|Porygon-Z, shiny|312/312","|move|p1a: Dusclops|Night Shade|p2a: JDDoS","|-immune|p2a: JDDoS|[msg]","|","|turn|4","|","|switch|p1a: Chansey|Chansey, F|703/703","|move|p2a: JDDoS|Nasty Plot|p2a: JDDoS","|-boost|p2a: JDDoS|spa|2","|","|turn|5","|","|move|p2a: JDDoS|Tri Attack|p1a: Chansey","|-damage|p1a: Chansey|349/703","|-status|p1a: Chansey|brn","|-damage|p2a: JDDoS|281/312|[from] item: Life Orb","|move|p1a: Chansey|Thunder Wave|p2a: JDDoS","|-status|p2a: JDDoS|par","|","|-damage|p1a: Chansey|262/703 brn|[from] brn","|turn|6","|","|switch|p1a: Dusclops|Dusclops, F|186/283","|-item|p2a: JDDoS|Life Orb|[from] ability: Frisk|[of] p1a: Dusclops|[identify]","|move|p2a: JDDoS|Tri Attack|p1a: Dusclops","|-immune|p1a: Dusclops|[msg]","|","|turn|7","|","|switch|p1a: Scizor|Scizor, F|282/282","|cant|p2a: JDDoS|par","|","|turn|8","|","|move|p1a: Scizor|U-turn|p2a: JDDoS","|-damage|p2a: JDDoS|112/312 par","|","|switch|p1a: Dusclops|Dusclops, F|186/283","|-item|p2a: JDDoS|Life Orb|[from] ability: Frisk|[of] p1a: Dusclops|[identify]","|cant|p2a: JDDoS|par","|","|turn|9","|","|move|p1a: Dusclops|Haze|p1a: Dusclops","|-clearallboost","|move|p2a: JDDoS|Dark Pulse|p1a: Dusclops","|-supereffective|p1a: Dusclops","|-damage|p1a: Dusclops|74/283","|-damage|p2a: JDDoS|81/312 par|[from] item: Life Orb","|","|turn|10","|","|move|p1a: Dusclops|Rest|p1a: Dusclops","|-status|p1a: Dusclops|slp","|-heal|p1a: Dusclops|283/283 slp|[silent]","|-status|p1a: Dusclops|slp|[from] move: Rest","|move|p2a: JDDoS|Dark Pulse|p1a: Dusclops","|-supereffective|p1a: Dusclops","|-damage|p1a: Dusclops|179/283 slp","|-damage|p2a: JDDoS|50/312 par|[from] item: Life Orb","|","|turn|11","|","|switch|p1a: Chansey|Chansey, F|262/703","|move|p2a: JDDoS|Nasty Plot|p2a: JDDoS","|-boost|p2a: JDDoS|spa|2","|","|turn|12","|","|move|p1a: Chansey|Seismic Toss|p2a: JDDoS","|-damage|p2a: JDDoS|0 fnt","|faint|p2a: JDDoS","|","|","|switch|p2a: Acnologia|Dragonite, M, shiny|323/323","|turn|13","|","|move|p2a: Acnologia|Fire Punch|p1a: Chansey","|-damage|p1a: Chansey|47/703","|-status|p1a: Chansey|brn","|move|p1a: Chansey|Thunder Wave|p2a: Acnologia","|-status|p2a: Acnologia|par","|","|-damage|p1a: Chansey|0 fnt|[from] brn","|faint|p1a: Chansey","|","|switch|p1a: Scizor|Scizor, F|282/282","|turn|14","|","|move|p1a: Scizor|U-turn|p2a: Acnologia","|-resisted|p2a: Acnologia","|-damage|p2a: Acnologia|294/323 par","|","|switch|p1a: Garchomp|Garchomp, M|357/357","|move|p2a: Acnologia|Fire Punch|p1a: Garchomp","|-resisted|p1a: Garchomp","|-damage|p1a: Garchomp|275/357","|-damage|p2a: Acnologia|254/323 par|[from] ability: Rough Skin|[of] p1a: Garchomp","|-damage|p2a: Acnologia|201/323 par|[from] item: Rocky Helmet|[of] p1a: Garchomp","|","|turn|15","|","|switch|p1a: Scizor|Scizor, F|282/282","|switch|p2a: Judge|Landorus-Therian, M, shiny|319/319","|-ability|p2a: Judge|Intimidate","|-unboost|p1a: Scizor|atk|1","|","|turn|16","|","|move|p2a: Judge|U-turn|p1a: Scizor","|-resisted|p1a: Scizor","|-damage|p1a: Scizor|237/282","|","|switch|p2a: Acnologia|Dragonite, M, shiny|201/323 par","|move|p1a: Scizor|Toxic|p2a: Acnologia","|-fail|p2a: Acnologia","|","|-heal|p1a: Scizor|254/282|[from] item: Leftovers","|turn|17","|","|move|p1a: Scizor|U-turn|p2a: Acnologia","|-resisted|p2a: Acnologia","|-damage|p2a: Acnologia|156/323 par","|","|switch|p1a: Dusclops|Dusclops, F|179/283 slp","|-item|p2a: Acnologia|Choice Band|[from] ability: Frisk|[of] p1a: Dusclops|[identify]","|move|p2a: Acnologia|Outrage|p1a: Dusclops","|-damage|p1a: Dusclops|2/283 slp","|","|turn|18","|","|cant|p1a: Dusclops|slp","|cant|p2a: Acnologia|par","|","|turn|19","|","|cant|p1a: Dusclops|slp","|move|p2a: Acnologia|Outrage|p1a: Dusclops","|-damage|p1a: Dusclops|0 fnt","|faint|p1a: Dusclops","|","|","|switch|p1a: Sceptile|Sceptile, M|281/281","|turn|20","|","|detailschange|p1a: Sceptile|Sceptile-Mega, M","|-mega|p1a: Sceptile|Sceptile|Sceptilite","|move|p1a: Sceptile|Dragon Pulse|p2a: Acnologia","|-supereffective|p2a: Acnologia","|-damage|p2a: Acnologia|0 fnt","|faint|p2a: Acnologia","|","|","|switch|p2a: Sokka's Hawky|Talonflame, F, shiny|165/297","|turn|21","|","|switch|p1a: Garchomp|Garchomp, M|275/357","|move|p2a: Sokka's Hawky|Brave Bird|p1a: Garchomp","|-damage|p1a: Garchomp|88/357","|-damage|p2a: Sokka's Hawky|128/297|[from] ability: Rough Skin|[of] p1a: Garchomp","|-damage|p2a: Sokka's Hawky|79/297|[from] item: Rocky Helmet|[of] p1a: Garchomp","|-damage|p2a: Sokka's Hawky|17/297|[from] recoil|[of] p1a: Garchomp","|","|turn|22","|","|switch|p1a: Scizor|Scizor, F|254/282","|move|p2a: Sokka's Hawky|Brave Bird|p1a: Scizor","|-damage|p1a: Scizor|68/282","|-damage|p2a: Sokka's Hawky|0 fnt|[from] recoil|[of] p1a: Scizor","|faint|p2a: Sokka's Hawky","|","|-heal|p1a: Scizor|85/282|[from] item: Leftovers","|","|switch|p2a: Judge|Landorus-Therian, M, shiny|319/319","|-ability|p2a: Judge|Intimidate","|-unboost|p1a: Scizor|atk|1","|turn|23","|","|switch|p1a: Starmie|Starmie|261/261","|move|p2a: Judge|U-turn|p1a: Starmie","|-supereffective|p1a: Starmie","|-damage|p1a: Starmie|55/261","|","|switch|p2a: Time Wizard|Celebi|404/404","|","|-heal|p1a: Starmie|71/261|[from] item: Leftovers","|turn|24","|","|switch|p1a: Scizor|Scizor, F|85/282","|move|p2a: Time Wizard|Thunder Wave|p1a: Scizor","|-status|p1a: Scizor|par","|","|-heal|p1a: Scizor|102/282 par|[from] item: Leftovers","|turn|25","|","|switch|p2a: Judge|Landorus-Therian, M, shiny|319/319","|-ability|p2a: Judge|Intimidate","|-unboost|p1a: Scizor|atk|1","|move|p1a: Scizor|Toxic|p2a: Judge","|-status|p2a: Judge|tox","|","|-heal|p1a: Scizor|119/282 par|[from] item: Leftovers","|-damage|p2a: Judge|300/319 tox|[from] psn","|turn|26","|","|move|p2a: Judge|Earthquake|p1a: Scizor","|-damage|p1a: Scizor|0 fnt","|faint|p1a: Scizor","|","|-damage|p2a: Judge|262/319 tox|[from] psn","|","|switch|p1a: Sceptile|Sceptile-Mega, M|281/281","|turn|27","|","|switch|p2a: Time Wizard|Celebi|404/404","|move|p1a: Sceptile|Dragon Pulse|p2a: Time Wizard","|-damage|p2a: Time Wizard|245/404","|","|-heal|p2a: Time Wizard|270/404|[from] item: Leftovers","|turn|28","|","|move|p1a: Sceptile|Dragon Pulse|p2a: Time Wizard","|-damage|p2a: Time Wizard|129/404","|move|p2a: Time Wizard|Recover|p2a: Time Wizard","|-heal|p2a: Time Wizard|331/404","|","|-heal|p2a: Time Wizard|356/404|[from] item: Leftovers","|turn|29","|","|switch|p2a: Judge|Landorus-Therian, M, shiny|262/319 tox","|-ability|p2a: Judge|Intimidate","|-unboost|p1a: Sceptile|atk|1","|move|p1a: Sceptile|Dragon Pulse|p2a: Judge","|-crit|p2a: Judge","|-damage|p2a: Judge|0 fnt","|faint|p2a: Judge","|","|","|switch|p2a: Troll's Gold|Sableye, F, shiny|304/304","|turn|30","|","|switch|p1a: Starmie|Starmie|71/261","|detailschange|p2a: Troll's Gold|Sableye-Mega, F, shiny","|-mega|p2a: Troll's Gold|Sableye|Sablenite","|move|p2a: Troll's Gold|Calm Mind|p2a: Troll's Gold","|-boost|p2a: Troll's Gold|spa|1","|-boost|p2a: Troll's Gold|spd|1","|","|-heal|p1a: Starmie|87/261|[from] item: Leftovers","|turn|31","|","|move|p1a: Starmie|Recover|p1a: Starmie","|-heal|p1a: Starmie|218/261","|move|p2a: Troll's Gold|Shadow Ball|p1a: Starmie","|-supereffective|p1a: Starmie","|-damage|p1a: Starmie|0 fnt","|faint|p1a: Starmie","|","|","|switch|p1a: Garchomp|Garchomp, M|88/357","|turn|32","|","|move|p1a: Garchomp|Outrage|p2a: Troll's Gold","|-damage|p2a: Troll's Gold|172/304","|move|p2a: Troll's Gold|Will-O-Wisp|p1a: Garchomp","|-status|p1a: Garchomp|brn","|","|-damage|p1a: Garchomp|44/357 brn|[from] brn","|turn|33","|","|move|p1a: Garchomp|Outrage|p2a: Troll's Gold","|-damage|p2a: Troll's Gold|103/304","|-start|p1a: Garchomp|confusion|[fatigue]","|move|p2a: Troll's Gold|Recover|p2a: Troll's Gold","|-heal|p2a: Troll's Gold|255/304","|","|-damage|p1a: Garchomp|0 fnt|[from] brn","|faint|p1a: Garchomp","|","|switch|p1a: Sceptile|Sceptile-Mega, M|281/281","|turn|34","|","|move|p1a: Sceptile|Dragon Pulse|p2a: Troll's Gold","|-crit|p2a: Troll's Gold","|-damage|p2a: Troll's Gold|41/304","|move|p2a: Troll's Gold|Calm Mind|p2a: Troll's Gold","|-boost|p2a: Troll's Gold|spa|1","|-boost|p2a: Troll's Gold|spd|1","|","|turn|35","|","|move|p1a: Sceptile|Dragon Pulse|p2a: Troll's Gold","|-damage|p2a: Troll's Gold|0 fnt","|faint|p2a: Troll's Gold","|","|","|switch|p2a: Time Wizard|Celebi|356/404","|turn|36","|","|move|p1a: Sceptile|Dragon Pulse|p2a: Time Wizard","|-damage|p2a: Time Wizard|200/404","|move|p2a: Time Wizard|Giga Drain|p1a: Sceptile","|-resisted|p1a: Sceptile","|-damage|p1a: Sceptile|256/281","|-heal|p2a: Time Wizard|213/404|[from] drain|[of] p1a: Sceptile","|","|-heal|p2a: Time Wizard|238/404|[from] item: Leftovers","|turn|37","|","|move|p1a: Sceptile|Dragon Pulse|p2a: Time Wizard","|-damage|p2a: Time Wizard|96/404","|move|p2a: Time Wizard|Giga Drain|p1a: Sceptile","|-resisted|p1a: Sceptile","|-damage|p1a: Sceptile|232/281","|-heal|p2a: Time Wizard|108/404|[from] drain|[of] p1a: Sceptile","|","|-heal|p2a: Time Wizard|133/404|[from] item: Leftovers","|turn|38","|","|move|p1a: Sceptile|Dragon Pulse|p2a: Time Wizard","|-damage|p2a: Time Wizard|0 fnt","|faint|p2a: Time Wizard","|","|win|bis_eastwood"],"p1rating":{"entryid":"7009682","serverid":"eos","formatid":"ou","userid":"biseastwood","username":"Bis_Eastwood","w":1,"l":"3","t":"0","gxe":41.7,"r":1393.963343853,"rd":113.0285523743,"sigma":"0","rptime":1438074000,"rpr":1433.9757106509,"rprd":108.3006847941,"rpsigma":"0","acre":1048.4649084356,"lacre":1048.4649084356,"oldacre":"1000"},"p2rating":{"entryid":"6881890","serverid":"eos","formatid":"ou","userid":"bostonian","username":"Bostonian","w":"2","l":4,"t":"0","gxe":45,"r":"1487.526142233","rd":"105.52752093762","sigma":"0","rptime":"1438074000","rpr":1460.9709067492,"rprd":101.60284567121,"rpsigma":"0","acre":1048.9693442728,"lacre":1048.9693442728,"oldacre":"1074.6533200917"},"endType":"normal"}