{"seed":[64917,28220,44912,43052],"turns":22,"p1":"Emg Svu","p2":"Void Who","p1team":[{"name":"Hippowdon","species":"Hippowdon","item":"leftovers","ability":"Sand Stream","moves":["earthquake","stoneedge","slackoff","stealthrock"],"nature":"Impish","evs":{"hp":208,"atk":12,"def":216,"spa":0,"spd":72,"spe":0},"gender":"F","ivs":{"hp":31,"atk":31,"def":31,"spa":31,"spd":31,"spe":31}},{"name":"Gastrodon","species":"Gastrodon","item":"leftovers","ability":"Storm Drain","moves":["scald","toxic","recover","earthpower"],"nature":"Bold","evs":{"hp":252,"atk":0,"def":252,"spa":4,"spd":0,"spe":0},"gender":"M","ivs":{"hp":31,"atk":31,"def":31,"spa":31,"spd":31,"spe":31}},{"name":"Landorus","species":"Landorus","item":"lifeorb","ability":"Sheer Force","moves":["sludgewave","earthpower","psychic","focusblast"],"nature":"Timid","evs":{"hp":0,"atk":0,"def":0,"spa":252,"spd":4,"spe":252},"ivs":{"hp":31,"atk":31,"def":31,"spa":31,"spd":31,"spe":31}},{"name":"Garchomp","species":"Garchomp","item":"garchompite","ability":"Rough Skin","moves":["earthquake","dragonclaw","fireblast","swordsdance"],"nature":"Naive","evs":{"hp":0,"atk":252,"def":0,"spa":4,"spd":0,"spe":252},"ivs":{"hp":31,"atk":31,"def":31,"spa":31,"spd":31,"spe":31}},{"name":"Mamoswine","species":"Mamoswine","item":"assaultvest","ability":"Thick Fat","moves":["earthquake","iciclespear","iceshard","knockoff"],"nature":"Adamant","evs":{"hp":28,"atk":252,"def":0,"spa":0,"spd":8,"spe":220},"ivs":{"hp":31,"atk":31,"def":31,"spa":31,"spd":31,"spe":31}},{"name":"Excadrill","species":"Excadrill","item":"lifeorb","ability":"Sand Rush","moves":["earthquake","ironhead","rockslide","swordsdance"],"nature":"Adamant","evs":{"hp":4,"atk":252,"def":0,"spa":0,"spd":0,"spe":252},"ivs":{"hp":31,"atk":31,"def":31,"spa":31,"spd":31,"spe":31}}],"p2team":[{"name":"Coke Sniffer","species":"landorus","item":"lifeorb","ability":"Sheer Force","moves":["sludgewave","earthpower","gravity","psychic"],"nature":"Timid","evs":{"hp":0,"atk":0,"def":0,"spa":252,"spd":4,"spe":252},"ivs":{"hp":31,"atk":31,"def":31,"spa":31,"spd":31,"spe":31}},{"name":"Bertha","species":"hippowdon","item":"leftovers","ability":"Sand Stream","moves":["toxic","stealthrock","earthquake","slackoff"],"nature":"Impish","evs":{"hp":252,"atk":4,"def":252,"spa":0,"spd":0,"spe":0},"gender":"F","ivs":{"hp":31,"atk":31,"def":31,"spa":31,"spd":31,"spe":31}},{"name":"R.I.P Smooth Stone","species":"excadrill","item":"choiceband","ability":"Sand Rush","moves":["earthquake","rockslide","rapidspin","ironhead"],"nature":"","evs":{"hp":0,"atk":0,"def":0,"spa":0,"spd":0,"spe":0},"ivs":{"hp":31,"atk":31,"def":31,"spa":31,"spd":31,"spe":31}},{"name":"Staph","species":"garchomp","item":"rockyhelmet","ability":"Rough Skin","moves":["stealthrock","dragontail","flamethrower","earthquake"],"nature":"Sassy","evs":{"hp":252,"atk":0,"def":252,"spa":4,"spd":0,"spe":0},"ivs":{"hp":31,"atk":31,"def":31,"spa":31,"spd":31,"spe":31}},{"name":"The Swine!","species":"mamoswine","item":"focussash","ability":"Thick Fat","moves":["earthquake","iceshard","endeavor","superpower"],"nature":"","evs":{"hp":0,"atk":0,"def":0,"spa":0,"spd":0,"spe":0},"ivs":{"hp":31,"atk":31,"def":31,"spa":31,"spd":31,"spe":31}},{"name":"Meek Mill","species":"seismitoad","item":"leftovers","ability":"Water Absorb","moves":["earthpower","scald","grassknot","protect"],"nature":"Bold","evs":{"hp":252,"atk":0,"def":252,"spa":4,"spd":0,"spe":0},"ivs":{"hp":31,"atk":31,"def":31,"spa":31,"spd":31,"spe":31}}],"log":["|player|p1|Emg Svu|67","|player|p2|Void Who|voidwho.gif","|gametype|singles","|gen|6","|tier|Monotype","|rated","|rule|Baton Pass Clause: Limit one Baton Passer, can't pass Spe and other stats simultaneously","|rule|Swagger Clause: Swagger is banned","|rule|Same Type Clause: Pokémon in a team must share a type","|clearpoke","|poke|p1|Hippowdon, F","|poke|p1|Gastrodon, M","|poke|p1|Landorus, M","|poke|p1|Garchomp, M","|poke|p1|Mamoswine, F","|poke|p1|Excadrill, M","|poke|p2|Landorus, M","|poke|p2|Hippowdon, F","|poke|p2|Excadrill, F","|poke|p2|Garchomp, F","|poke|p2|Mamoswine, F","|poke|p2|Seismitoad, F","|rule|Sleep Clause Mod: Limit one foe put to sleep","|rule|Species Clause: Limit one of each Pokémon","|rule|OHKO Clause: OHKO moves are banned","|rule|Moody Clause: Moody is banned","|rule|Evasion Moves Clause: Evasion moves are banned","|rule|Endless Battle Clause: Forcing endless battles is banned","|rule|HP Percentage Mod: HP is shown in percentages","|teampreview","|","|start","|switch|p1a: Hippowdon|Hippowdon, F|409/409","|switch|p2a: Meek Mill|Seismitoad, F|414/414","|-weather|Sandstorm","|turn|1","|","|move|p2a: Meek Mill|Scald|p1a: Hippowdon","|-supereffective|p1a: Hippowdon","|-damage|p1a: Hippowdon|211/409","|move|p1a: Hippowdon|Stealth Rock|p2a: Meek Mill","|-sidestart|p2: Void Who|move: Stealth Rock","|","|-weather|Sandstorm|[upkeep]","|-heal|p1a: Hippowdon|236/409|[from] item: Leftovers","|turn|2","|","|switch|p1a: Gastrodon|Gastrodon, M|426/426","|move|p2a: Meek Mill|Grass Knot|p1a: Gastrodon","|-supereffective|p1a: Gastrodon","|-damage|p1a: Gastrodon|226/426","|","|-weather|Sandstorm|[upkeep]","|-heal|p1a: Gastrodon|252/426|[from] item: Leftovers","|turn|3","|","|move|p2a: Meek Mill|Grass Knot|p1a: Gastrodon","|-supereffective|p1a: Gastrodon","|-damage|p1a: Gastrodon|68/426","|move|p1a: Gastrodon|Toxic|p2a: Meek Mill","|-status|p2a: Meek Mill|tox","|","|-weather|Sandstorm|[upkeep]","|-heal|p1a: Gastrodon|94/426|[from] item: Leftovers","|-damage|p2a: Meek Mill|389/414 tox|[from] psn","|turn|4","|","|switch|p1a: Mamoswine|Mamoswine, F|368/368","|move|p2a: Meek Mill|Grass Knot|p1a: Mamoswine","|-crit|p1a: Mamoswine","|-supereffective|p1a: Mamoswine","|-damage|p1a: Mamoswine|102/368","|","|-weather|Sandstorm|[upkeep]","|-heal|p2a: Meek Mill|414/414 tox|[from] item: Leftovers","|-damage|p2a: Meek Mill|364/414 tox|[from] psn","|turn|5","|","|switch|p2a: Bertha|Hippowdon, F|420/420","|-damage|p2a: Bertha|394/420|[from] Stealth Rock","|move|p1a: Mamoswine|Icicle Spear|p2a: Bertha","|-supereffective|p2a: Bertha","|-damage|p2a: Bertha|332/420","|-supereffective|p2a: Bertha","|-damage|p2a: Bertha|272/420","|-supereffective|p2a: Bertha","|-damage|p2a: Bertha|212/420","|-hitcount|p2a: Bertha|3","|","|-weather|none","|-heal|p2a: Bertha|238/420|[from] item: Leftovers","|turn|6","|","|move|p1a: Mamoswine|Icicle Spear|p2a: Bertha","|-supereffective|p2a: Bertha","|-damage|p2a: Bertha|172/420","|-supereffective|p2a: Bertha","|-damage|p2a: Bertha|100/420","|-hitcount|p2a: Bertha|2","|move|p2a: Bertha|Earthquake|p1a: Mamoswine","|-damage|p1a: Mamoswine|0 fnt","|faint|p1a: Mamoswine","|","|-heal|p2a: Bertha|126/420|[from] item: Leftovers","|","|switch|p1a: Landorus|Landorus, M|319/319","|turn|7","|","|switch|p2a: Meek Mill|Seismitoad, F|364/414 tox","|-damage|p2a: Meek Mill|339/414 tox|[from] Stealth Rock","|move|p1a: Landorus|Earth Power|p2a: Meek Mill","|-damage|p2a: Meek Mill|30/414 tox","|","|-heal|p2a: Meek Mill|55/414 tox|[from] item: Leftovers","|-damage|p2a: Meek Mill|30/414 tox|[from] psn","|turn|8","|","|move|p1a: Landorus|Earth Power|p2a: Meek Mill","|-damage|p2a: Meek Mill|0 fnt","|faint|p2a: Meek Mill","|","|","|switch|p2a: The Swine!|Mamoswine, F|361/361","|-damage|p2a: The Swine!|316/361|[from] Stealth Rock","|turn|9","|","|switch|p1a: Gastrodon|Gastrodon, M|94/426","|move|p2a: The Swine!|Ice Shard|p1a: Gastrodon","|-damage|p1a: Gastrodon|39/426","|","|-heal|p1a: Gastrodon|65/426|[from] item: Leftovers","|turn|10","|","|move|p2a: The Swine!|Earthquake|p1a: Gastrodon","|-damage|p1a: Gastrodon|0 fnt","|faint|p1a: Gastrodon","|","|","|switch|p1a: Excadrill|Excadrill, M|362/362","|turn|11","|","|switch|p2a: Staph|Garchomp, F|420/420","|-damage|p2a: Staph|394/420|[from] Stealth Rock","|move|p1a: Excadrill|Iron Head|p2a: Staph","|-damage|p2a: Staph|222/420","|-damage|p1a: Excadrill|317/362|[from] ability: Rough Skin|[of] p2a: Staph","|-damage|p1a: Excadrill|257/362|[from] item: Rocky Helmet|[of] p2a: Staph","|-damage|p1a: Excadrill|221/362|[from] item: Life Orb","|","|turn|12","|","|switch|p1a: Hippowdon|Hippowdon, F|236/409","|-weather|Sandstorm","|move|p2a: Staph|Earthquake|p1a: Hippowdon","|-damage|p1a: Hippowdon|137/409","|","|-weather|Sandstorm|[upkeep]","|-heal|p1a: Hippowdon|162/409|[from] item: Leftovers","|turn|13","|","|move|p2a: Staph|Stealth Rock|p1a: Hippowdon","|-sidestart|p1: Emg Svu|move: Stealth Rock","|move|p1a: Hippowdon|Earthquake|p2a: Staph","|-damage|p2a: Staph|123/420","|","|-weather|Sandstorm|[upkeep]","|-heal|p1a: Hippowdon|187/409|[from] item: Leftovers","|turn|14","|","|switch|p2a: Coke Sniffer|Landorus, M|319/319","|-damage|p2a: Coke Sniffer|280/319|[from] Stealth Rock","|move|p1a: Hippowdon|Slack Off|p1a: Hippowdon","|-heal|p1a: Hippowdon|392/409","|","|-weather|Sandstorm|[upkeep]","|-heal|p1a: Hippowdon|409/409|[from] item: Leftovers","|turn|15","|","|move|p2a: Coke Sniffer|Sludge Wave|p1a: Hippowdon","|-crit|p1a: Hippowdon","|-resisted|p1a: Hippowdon","|-damage|p1a: Hippowdon|244/409","|move|p1a: Hippowdon|Stone Edge|p2a: Coke Sniffer","|-damage|p2a: Coke Sniffer|183/319","|","|-weather|Sandstorm|[upkeep]","|-heal|p1a: Hippowdon|269/409|[from] item: Leftovers","|turn|16","|","|move|p2a: Coke Sniffer|Earth Power|p1a: Hippowdon","|-damage|p1a: Hippowdon|0 fnt","|faint|p1a: Hippowdon","|","|-weather|none","|","|switch|p1a: Garchomp|Garchomp, M|357/357","|-damage|p1a: Garchomp|335/357|[from] Stealth Rock","|turn|17","|","|detailschange|p1a: Garchomp|Garchomp-Mega, M","|-mega|p1a: Garchomp|Garchomp|Garchompite","|move|p1a: Garchomp|Dragon Claw|p2a: Coke Sniffer","|-damage|p2a: Coke Sniffer|0 fnt","|faint|p2a: Coke Sniffer","|","|","|switch|p2a: Bertha|Hippowdon, F|126/420","|-damage|p2a: Bertha|100/420|[from] Stealth Rock","|-weather|Sandstorm","|turn|18","|","|move|p1a: Garchomp|Earthquake|p2a: Bertha","|-crit|p2a: Bertha","|-damage|p2a: Bertha|0 fnt","|faint|p2a: Bertha","|","|-weather|Sandstorm|[upkeep]","|","|switch|p2a: R.I.P Smooth Stone|Excadrill, F|361/361","|-damage|p2a: R.I.P Smooth Stone|350/361|[from] Stealth Rock","|turn|19","|","|move|p2a: R.I.P Smooth Stone|Iron Head|p1a: Garchomp","|-damage|p1a: Garchomp|173/357","|move|p1a: Garchomp|Earthquake|p2a: R.I.P Smooth Stone","|-supereffective|p2a: R.I.P Smooth Stone","|-damage|p2a: R.I.P Smooth Stone|0 fnt","|faint|p2a: R.I.P Smooth Stone","|","|-weather|Sandstorm|[upkeep]","|","|switch|p2a: The Swine!|Mamoswine, F|316/361","|-damage|p2a: The Swine!|271/361|[from] Stealth Rock","|turn|20","|","|move|p2a: The Swine!|Ice Shard|p1a: Garchomp","|-supereffective|p1a: Garchomp","|-damage|p1a: Garchomp|0 fnt","|faint|p1a: Garchomp","|","|-weather|Sandstorm|[upkeep]","|","|switch|p1a: Excadrill|Excadrill, M|221/362","|-damage|p1a: Excadrill|210/362|[from] Stealth Rock","|turn|21","|","|switch|p2a: Staph|Garchomp, F|123/420","|-damage|p2a: Staph|97/420|[from] Stealth Rock","|move|p1a: Excadrill|Earthquake|p2a: Staph","|-damage|p2a: Staph|0 fnt","|-damage|p1a: Excadrill|174/362|[from] item: Life Orb","|faint|p2a: Staph","|","|-weather|Sandstorm|[upkeep]","|","|switch|p2a: The Swine!|Mamoswine, F|271/361","|-damage|p2a: The Swine!|226/361|[from] Stealth Rock","|turn|22","|","|move|p2a: The Swine!|Ice Shard|p1a: Excadrill","|-damage|p1a: Excadrill|86/362","|move|p1a: Excadrill|Iron Head|p2a: The Swine!","|-supereffective|p2a: The Swine!","|-damage|p2a: The Swine!|0 fnt","|-damage|p1a: Excadrill|50/362|[from] item: Life Orb","|faint|p2a: The Swine!","|","|win|Emg Svu"],"p1rating":{"entryid":"7656291","serverid":"eos","formatid":"monotype","userid":"emgsvu","username":"Emg Svu","w":14,"l":"6","t":"0","gxe":64.2,"r":"1576.1249706547","rd":"105.56273244861","sigma":"0","rptime":"1439715600","rpr":1611.9843525517,"rprd":71.497909344632,"rpsigma":"0","acre":1197.3548882715,"lacre":1197.3548882715,"oldacre":"1177.4599561695"},"p2rating":{"entryid":"6866008","serverid":"eos","formatid":"monotype","userid":"voidwho","username":"Void Who","w":"40","l":27,"t":"0","gxe":57,"r":"1568.4913588554","rd":"49.973479643572","sigma":"0","rptime":"1439715600","rpr":1553.5150850915,"rprd":49.065534249083,"rpsigma":"0","acre":1085.6061641765,"lacre":1085.6061641765,"oldacre":"1105.5010962785"},"endType":"normal"}