{"seed":[43687,7054,611,25650],"turns":46,"p1":"Void Who","p2":"Crystl Sabo","p1team":[{"name":"Gardevoir","species":"Gardevoir","item":"choicescarf","ability":"Trace","moves":["moonblast","psyshock","shadowball","destinybond"],"nature":"Timid","evs":{"hp":0,"atk":0,"def":0,"spa":252,"spd":4,"spe":252},"ivs":{"hp":31,"atk":31,"def":31,"spa":31,"spd":31,"spe":31}},{"name":"Azumarill","species":"Azumarill","item":"choiceband","ability":"Huge Power","moves":["waterfall","playrough","knockoff","aquajet"],"nature":"Adamant","evs":{"hp":248,"atk":252,"def":0,"spa":0,"spd":8,"spe":0},"ivs":{"hp":31,"atk":31,"def":31,"spa":31,"spd":31,"spe":31}},{"name":"Sylveon","species":"Sylveon","item":"choicespecs","ability":"Pixilate","moves":["psyshock","hypervoice","healbell","wish"],"nature":"Modest","evs":{"hp":248,"atk":0,"def":0,"spa":252,"spd":8,"spe":0},"ivs":{"hp":31,"atk":31,"def":31,"spa":31,"spd":31,"spe":31}},{"name":"Togekiss","species":"Togekiss","item":"choicescarf","ability":"Serene Grace","moves":["trick","airslash","aurasphere","dazzlinggleam"],"nature":"Timid","evs":{"hp":0,"atk":0,"def":0,"spa":252,"spd":4,"spe":252},"ivs":{"hp":31,"atk":31,"def":31,"spa":31,"spd":31,"spe":31}},{"name":"Diancie","species":"Diancie","item":"diancite","ability":"Clear Body","moves":["moonblast","diamondstorm","earthpower","protect"],"nature":"Naive","evs":{"hp":0,"atk":8,"def":0,"spa":252,"spd":0,"spe":248},"ivs":{"hp":31,"atk":30,"def":31,"spa":30,"spd":31,"spe":30}},{"name":"Klefki","species":"Klefki","item":"leftovers","ability":"Prankster","moves":["foulplay","drainingkiss","calmmind","thunderwave"],"nature":"Modest","evs":{"hp":252,"atk":0,"def":0,"spa":252,"spd":4,"spe":0},"ivs":{"hp":31,"atk":31,"def":31,"spa":31,"spd":31,"spe":31}}],"p2team":[{"name":"Cradily","species":"Cradily","item":"leftovers","ability":"Storm Drain","moves":["stockpile","recover","toxic","gigadrain"],"nature":"Calm","evs":{"hp":236,"atk":0,"def":0,"spa":40,"spd":232,"spe":0},"shiny":true,"ivs":{"hp":31,"atk":31,"def":31,"spa":31,"spd":31,"spe":31}},{"name":"Rhydon","species":"Rhydon","item":"eviolite","ability":"Rock Head","moves":["swordsdance","avalanche","stoneedge","firepunch"],"nature":"Relaxed","evs":{"hp":248,"atk":0,"def":8,"spa":0,"spd":252,"spe":0},"ivs":{"hp":31,"atk":31,"def":31,"spa":31,"spd":31,"spe":1},"shiny":true},{"name":"Tyranitar","species":"Tyranitar","item":"choicescarf","ability":"Sand Stream","moves":["stoneedge","icebeam","fireblast","earthquake"],"nature":"Naive","evs":{"hp":0,"atk":0,"def":0,"spa":252,"spd":0,"spe":252},"ivs":{"hp":31,"atk":30,"def":31,"spa":30,"spd":31,"spe":31},"shiny":true},{"name":"Aerodactyl","species":"Aerodactyl","item":"aerodactylite","ability":"Pressure","moves":["stoneedge","earthquake","aerialace","taunt"],"nature":"Jolly","evs":{"hp":0,"atk":252,"def":0,"spa":0,"spd":4,"spe":252},"ivs":{"hp":31,"atk":31,"def":31,"spa":31,"spd":31,"spe":31}},{"name":"Terrakion","species":"Terrakion","item":"choicescarf","ability":"Justified","moves":["earthquake","closecombat","stoneedge","poisonjab"],"nature":"Jolly","evs":{"hp":0,"atk":252,"def":0,"spa":0,"spd":4,"spe":252},"shiny":true,"ivs":{"hp":31,"atk":31,"def":31,"spa":31,"spd":31,"spe":31}},{"name":"Omastar","species":"Omastar","item":"focussash","ability":"Weak Armor","moves":["shellsmash","hydropump","icebeam","hiddenpowergrass"],"nature":"Rash","evs":{"hp":0,"atk":4,"def":0,"spa":252,"spd":0,"spe":252},"ivs":{"hp":31,"atk":30,"def":31,"spa":30,"spd":31,"spe":31}}],"log":["|player|p1|Void Who|voidwho.gif","|player|p2|Crystl Sabo|crystlsabo.png","|gametype|singles","|gen|6","|tier|Monotype","|rated","|rule|Baton Pass Clause: Limit one Baton Passer, can't pass Spe and other stats simultaneously","|rule|Swagger Clause: Swagger is banned","|rule|Same Type Clause: Pokémon in a team must share a type","|clearpoke","|poke|p1|Gardevoir, F","|poke|p1|Azumarill, M","|poke|p1|Sylveon, F","|poke|p1|Togekiss, M","|poke|p1|Diancie","|poke|p1|Klefki, M","|poke|p2|Cradily, M, shiny","|poke|p2|Rhydon, F, shiny","|poke|p2|Tyranitar, F, shiny","|poke|p2|Aerodactyl, F","|poke|p2|Terrakion, shiny","|poke|p2|Omastar, F","|rule|Sleep Clause Mod: Limit one foe put to sleep","|rule|Species Clause: Limit one of each Pokémon","|rule|OHKO Clause: OHKO moves are banned","|rule|Moody Clause: Moody is banned","|rule|Evasion Moves Clause: Evasion moves are banned","|rule|Endless Battle Clause: Forcing endless battles is banned","|rule|HP Percentage Mod: HP is shown in percentages","|teampreview","|","|start","|switch|p1a: Klefki|Klefki, M|318/318","|switch|p2a: Tyranitar|Tyranitar, F, shiny|341/341","|-weather|Sandstorm","|turn|1","|","|move|p1a: Klefki|Thunder Wave|p2a: Tyranitar","|-status|p2a: Tyranitar|par","|move|p2a: Tyranitar|Fire Blast|p1a: Klefki","|-supereffective|p1a: Klefki","|-damage|p1a: Klefki|62/318","|","|-weather|Sandstorm|[upkeep]","|-heal|p1a: Klefki|81/318|[from] item: Leftovers","|turn|2","|","|move|p1a: Klefki|Draining Kiss|p2a: Tyranitar","|-supereffective|p2a: Tyranitar","|-damage|p2a: Tyranitar|227/341 par","|-heal|p1a: Klefki|167/318|[from] drain|[of] p2a: Tyranitar","|move|p2a: Tyranitar|Fire Blast|p1a: Klefki|[miss]","|-miss|p2a: Tyranitar|p1a: Klefki","|","|-weather|Sandstorm|[upkeep]","|-heal|p1a: Klefki|186/318|[from] item: Leftovers","|turn|3","|","|switch|p2a: Rhydon|Rhydon, F, shiny|413/413","|move|p1a: Klefki|Draining Kiss|p2a: Rhydon","|-damage|p2a: Rhydon|373/413","|-heal|p1a: Klefki|216/318|[from] drain|[of] p2a: Rhydon","|","|-weather|Sandstorm|[upkeep]","|-heal|p1a: Klefki|235/318|[from] item: Leftovers","|turn|4","|","|move|p1a: Klefki|Foul Play|p2a: Rhydon","|-damage|p2a: Rhydon|327/413","|move|p2a: Rhydon|Swords Dance|p2a: Rhydon","|-boost|p2a: Rhydon|atk|2","|","|-weather|Sandstorm|[upkeep]","|-heal|p1a: Klefki|254/318|[from] item: Leftovers","|turn|5","|","|switch|p1a: Azumarill|Azumarill, M|403/403","|move|p2a: Rhydon|Fire Punch|p1a: Azumarill","|-resisted|p1a: Azumarill","|-damage|p1a: Azumarill|322/403","|","|-weather|none","|turn|6","|","|move|p1a: Azumarill|Play Rough|p2a: Rhydon|[miss]","|-miss|p1a: Azumarill|p2a: Rhydon","|move|p2a: Rhydon|Stone Edge|p1a: Azumarill","|-damage|p1a: Azumarill|0 fnt","|faint|p1a: Azumarill","|","|","|switch|p1a: Diancie|Diancie|241/241","|turn|7","|","|switch|p2a: Tyranitar|Tyranitar, F, shiny|227/341 par","|-weather|Sandstorm","|detailschange|p1a: Diancie|Diancie-Mega","|-mega|p1a: Diancie|Diancie|Diancite","|move|p1a: Diancie|Protect|p1a: Diancie","|-fail|p1a: Diancie","|","|-weather|Sandstorm|[upkeep]","|turn|8","|","|switch|p2a: Cradily|Cradily, M, shiny|372/372","|move|p1a: Diancie|Moonblast|p2a: Cradily","|-damage|p2a: Cradily|284/372","|","|-weather|Sandstorm|[upkeep]","|-heal|p2a: Cradily|307/372|[from] item: Leftovers","|turn|9","|","|switch|p1a: Gardevoir|Gardevoir, F|277/277","|-ability|p1a: Gardevoir|Storm Drain|[from] ability: Trace|[of] p2a: Cradily","|move|p2a: Cradily|Stockpile|p2a: Cradily","|-start|p2a: Cradily|stockpile1","|-boost|p2a: Cradily|def|1","|-boost|p2a: Cradily|spd|1","|","|-weather|Sandstorm|[upkeep]","|-damage|p1a: Gardevoir|260/277|[from] sandstorm","|-heal|p2a: Cradily|330/372|[from] item: Leftovers","|turn|10","|","|move|p1a: Gardevoir|Psyshock|p2a: Cradily","|-damage|p2a: Cradily|236/372","|move|p2a: Cradily|Toxic|p1a: Gardevoir","|-status|p1a: Gardevoir|tox","|","|-weather|Sandstorm|[upkeep]","|-damage|p1a: Gardevoir|243/277 tox|[from] sandstorm","|-heal|p2a: Cradily|259/372|[from] item: Leftovers","|-damage|p1a: Gardevoir|226/277 tox|[from] psn","|turn|11","|","|switch|p1a: Togekiss|Togekiss, M|311/311","|move|p2a: Cradily|Recover|p2a: Cradily","|-heal|p2a: Cradily|372/372","|","|-weather|none","|turn|12","|","|switch|p2a: Tyranitar|Tyranitar, F, shiny|227/341 par","|-weather|Sandstorm","|move|p1a: Togekiss|Trick|p2a: Tyranitar","|-activate|p1a: Togekiss|move: Trick|[of] p2a: Tyranitar","|-item|p2a: Tyranitar|Choice Scarf|[from] move: Trick","|-item|p1a: Togekiss|Choice Scarf|[from] move: Trick","|","|-weather|Sandstorm|[upkeep]","|-damage|p1a: Togekiss|292/311|[from] sandstorm","|turn|13","|","|move|p1a: Togekiss|Aura Sphere|p2a: Tyranitar","|-supereffective|p2a: Tyranitar","|-damage|p2a: Tyranitar|0 fnt","|faint|p2a: Tyranitar","|","|-weather|Sandstorm|[upkeep]","|-damage|p1a: Togekiss|273/311|[from] sandstorm","|","|switch|p2a: Terrakion|Terrakion, shiny|323/323","|turn|14","|","|switch|p1a: Klefki|Klefki, M|254/318","|move|p2a: Terrakion|Stone Edge|p1a: Klefki","|-resisted|p1a: Klefki","|-damage|p1a: Klefki|152/318","|","|-weather|Sandstorm|[upkeep]","|-heal|p1a: Klefki|171/318|[from] item: Leftovers","|turn|15","|","|switch|p2a: Rhydon|Rhydon, F, shiny|327/413","|move|p1a: Klefki|Draining Kiss|p2a: Rhydon","|-damage|p2a: Rhydon|284/413","|-heal|p1a: Klefki|204/318|[from] drain|[of] p2a: Rhydon","|","|-weather|Sandstorm|[upkeep]","|-heal|p1a: Klefki|223/318|[from] item: Leftovers","|turn|16","|","|switch|p1a: Diancie|Diancie-Mega|241/241","|move|p2a: Rhydon|Swords Dance|p2a: Rhydon","|-boost|p2a: Rhydon|atk|2","|","|-weather|none","|turn|17","|","|switch|p2a: Cradily|Cradily, M, shiny|372/372","|move|p1a: Diancie|Earth Power|p2a: Cradily","|-damage|p2a: Cradily|290/372","|","|-heal|p2a: Cradily|313/372|[from] item: Leftovers","|turn|18","|","|move|p1a: Diancie|Protect|p1a: Diancie","|-singleturn|p1a: Diancie|Protect","|move|p2a: Cradily|Stockpile|p2a: Cradily","|-start|p2a: Cradily|stockpile1","|-boost|p2a: Cradily|def|1","|-boost|p2a: Cradily|spd|1","|","|-heal|p2a: Cradily|336/372|[from] item: Leftovers","|turn|19","|","|move|p1a: Diancie|Earth Power|p2a: Cradily","|-damage|p2a: Cradily|275/372","|move|p2a: Cradily|Giga Drain|p1a: Diancie","|-supereffective|p1a: Diancie","|-damage|p1a: Diancie|79/241","|-heal|p2a: Cradily|356/372|[from] drain|[of] p1a: Diancie","|","|-heal|p2a: Cradily|372/372|[from] item: Leftovers","|turn|20","|","|switch|p1a: Togekiss|Togekiss, M|273/311","|move|p2a: Cradily|Stockpile|p2a: Cradily","|-start|p2a: Cradily|stockpile2","|-boost|p2a: Cradily|def|1","|-boost|p2a: Cradily|spd|1","|","|turn|21","|","|move|p1a: Togekiss|Aura Sphere|p2a: Cradily","|-supereffective|p2a: Cradily","|-damage|p2a: Cradily|306/372","|move|p2a: Cradily|Toxic|p1a: Togekiss","|-status|p1a: Togekiss|tox","|","|-heal|p2a: Cradily|329/372|[from] item: Leftovers","|-damage|p1a: Togekiss|254/311 tox|[from] psn","|turn|22","|","|switch|p1a: Diancie|Diancie-Mega|79/241","|move|p2a: Cradily|Stockpile|p2a: Cradily","|-start|p2a: Cradily|stockpile3","|-boost|p2a: Cradily|def|1","|-boost|p2a: Cradily|spd|1","|","|-heal|p2a: Cradily|352/372|[from] item: Leftovers","|turn|23","|","|switch|p1a: Togekiss|Togekiss, M|254/311 tox","|move|p2a: Cradily|Giga Drain|p1a: Togekiss","|-crit|p1a: Togekiss","|-resisted|p1a: Togekiss","|-damage|p1a: Togekiss|205/311 tox","|-heal|p2a: Cradily|372/372|[from] drain|[of] p1a: Togekiss","|","|-damage|p1a: Togekiss|186/311 tox|[from] psn","|turn|24","|","|move|p1a: Togekiss|Trick|p2a: Cradily","|-activate|p1a: Togekiss|move: Trick|[of] p2a: Cradily","|-item|p2a: Cradily|Choice Scarf|[from] move: Trick","|-item|p1a: Togekiss|Leftovers|[from] move: Trick","|move|p2a: Cradily|Recover|p2a: Cradily","|-fail|p2a: Cradily","|","|-heal|p1a: Togekiss|205/311 tox|[from] item: Leftovers","|-damage|p1a: Togekiss|167/311 tox|[from] psn","|turn|25","|","|switch|p1a: Sylveon|Sylveon, F|393/393","|move|p2a: Cradily|Recover|p2a: Cradily","|-fail|p2a: Cradily","|","|turn|26","|","|switch|p2a: Rhydon|Rhydon, F, shiny|284/413","|move|p1a: Sylveon|Heal Bell|p1a: Sylveon","|-cureteam|p1a: Sylveon|[from] move: HealBell","|","|turn|27","|","|switch|p1a: Gardevoir|Gardevoir, F|226/277","|-ability|p1a: Gardevoir|Rock Head|[from] ability: Trace|[of] p2a: Rhydon","|move|p2a: Rhydon|Stone Edge|p1a: Gardevoir","|-damage|p1a: Gardevoir|0 fnt","|faint|p1a: Gardevoir","|","|","|switch|p1a: Sylveon|Sylveon, F|393/393","|turn|28","|","|move|p1a: Sylveon|Hyper Voice|p2a: Rhydon","|-crit|p2a: Rhydon","|-damage|p2a: Rhydon|0 fnt","|faint|p2a: Rhydon","|","|","|switch|p2a: Aerodactyl|Aerodactyl, F|301/301","|-ability|p2a: Aerodactyl|Pressure","|turn|29","|","|switch|p1a: Klefki|Klefki, M|223/318","|detailschange|p2a: Aerodactyl|Aerodactyl-Mega, F","|-mega|p2a: Aerodactyl|Aerodactyl|Aerodactylite","|move|p2a: Aerodactyl|Stone Edge|p1a: Klefki|[miss]","|-miss|p2a: Aerodactyl|p1a: Klefki","|","|-heal|p1a: Klefki|242/318|[from] item: Leftovers","|turn|30","|","|switch|p2a: Cradily|Cradily, M, shiny|372/372","|move|p1a: Klefki|Thunder Wave|p2a: Cradily","|-status|p2a: Cradily|par","|","|-heal|p1a: Klefki|261/318|[from] item: Leftovers","|turn|31","|","|move|p1a: Klefki|Calm Mind|p1a: Klefki","|-boost|p1a: Klefki|spa|1","|-boost|p1a: Klefki|spd|1","|move|p2a: Cradily|Giga Drain|p1a: Klefki","|-resisted|p1a: Klefki","|-damage|p1a: Klefki|231/318","|","|-heal|p1a: Klefki|250/318|[from] item: Leftovers","|turn|32","|","|switch|p2a: Terrakion|Terrakion, shiny|323/323","|move|p1a: Klefki|Draining Kiss|p2a: Terrakion","|-crit|p2a: Terrakion","|-supereffective|p2a: Terrakion","|-damage|p2a: Terrakion|0 fnt","|-heal|p1a: Klefki|318/318|[from] drain|[of] p2a: Terrakion","|faint|p2a: Terrakion","|","|","|switch|p2a: Aerodactyl|Aerodactyl-Mega, F|301/301","|turn|33","|","|move|p1a: Klefki|Thunder Wave|p2a: Aerodactyl","|-status|p2a: Aerodactyl|par","|move|p2a: Aerodactyl|Earthquake|p1a: Klefki","|-supereffective|p1a: Klefki","|-damage|p1a: Klefki|66/318","|","|-heal|p1a: Klefki|85/318|[from] item: Leftovers","|turn|34","|","|move|p1a: Klefki|Draining Kiss|p2a: Aerodactyl","|-damage|p2a: Aerodactyl|187/301 par","|-heal|p1a: Klefki|171/318|[from] drain|[of] p2a: Aerodactyl","|cant|p2a: Aerodactyl|par","|","|-heal|p1a: Klefki|190/318|[from] item: Leftovers","|turn|35","|","|move|p1a: Klefki|Draining Kiss|p2a: Aerodactyl","|-damage|p2a: Aerodactyl|79/301 par","|-heal|p1a: Klefki|271/318|[from] drain|[of] p2a: Aerodactyl","|move|p2a: Aerodactyl|Earthquake|p1a: Klefki","|-supereffective|p1a: Klefki","|-damage|p1a: Klefki|7/318","|","|-heal|p1a: Klefki|26/318|[from] item: Leftovers","|turn|36","|","|move|p1a: Klefki|Draining Kiss|p2a: Aerodactyl","|-damage|p2a: Aerodactyl|0 fnt","|-heal|p1a: Klefki|86/318|[from] drain|[of] p2a: Aerodactyl","|faint|p2a: Aerodactyl","|","|-heal|p1a: Klefki|105/318|[from] item: Leftovers","|","|switch|p2a: Cradily|Cradily, M, shiny|372/372 par","|turn|37","|","|move|p1a: Klefki|Calm Mind|p1a: Klefki","|-boost|p1a: Klefki|spa|1","|-boost|p1a: Klefki|spd|1","|move|p2a: Cradily|Giga Drain|p1a: Klefki","|-resisted|p1a: Klefki","|-damage|p1a: Klefki|82/318","|","|-heal|p1a: Klefki|101/318|[from] item: Leftovers","|turn|38","|","|move|p1a: Klefki|Draining Kiss|p2a: Cradily","|-damage|p2a: Cradily|276/372 par","|-heal|p1a: Klefki|173/318|[from] drain|[of] p2a: Cradily","|move|p2a: Cradily|Giga Drain|p1a: Klefki","|-resisted|p1a: Klefki","|-damage|p1a: Klefki|152/318","|-heal|p2a: Cradily|287/372 par|[from] drain|[of] p1a: Klefki","|","|-heal|p1a: Klefki|171/318|[from] item: Leftovers","|turn|39","|","|switch|p2a: Omastar|Omastar, F|281/281","|move|p1a: Klefki|Calm Mind|p1a: Klefki","|-boost|p1a: Klefki|spa|1","|-boost|p1a: Klefki|spd|1","|","|-heal|p1a: Klefki|190/318|[from] item: Leftovers","|turn|40","|","|move|p2a: Omastar|Shell Smash|p2a: Omastar","|-unboost|p2a: Omastar|def|1","|-unboost|p2a: Omastar|spd|1","|-boost|p2a: Omastar|atk|2","|-boost|p2a: Omastar|spa|2","|-boost|p2a: Omastar|spe|2","|move|p1a: Klefki|Draining Kiss|p2a: Omastar","|-crit|p2a: Omastar","|-enditem|p2a: Omastar|Focus Sash","|-damage|p2a: Omastar|1/281","|-heal|p1a: Klefki|318/318|[from] drain|[of] p2a: Omastar","|","|turn|41","|","|move|p1a: Klefki|Thunder Wave|p2a: Omastar","|-status|p2a: Omastar|par","|move|p2a: Omastar|Hydro Pump|p1a: Klefki","|-damage|p1a: Klefki|140/318","|","|-heal|p1a: Klefki|159/318|[from] item: Leftovers","|turn|42","|","|move|p1a: Klefki|Draining Kiss|p2a: Omastar","|-damage|p2a: Omastar|0 fnt","|-heal|p1a: Klefki|160/318|[from] drain|[of] p2a: Omastar","|faint|p2a: Omastar","|","|-heal|p1a: Klefki|179/318|[from] item: Leftovers","|","|switch|p2a: Cradily|Cradily, M, shiny|287/372 par","|turn|43","|","|move|p1a: Klefki|Calm Mind|p1a: Klefki","|-boost|p1a: Klefki|spa|1","|-boost|p1a: Klefki|spd|1","|cant|p2a: Cradily|par","|","|-heal|p1a: Klefki|198/318|[from] item: Leftovers","|turn|44","|","|move|p1a: Klefki|Calm Mind|p1a: Klefki","|-boost|p1a: Klefki|spa|1","|-boost|p1a: Klefki|spd|1","|move|p2a: Cradily|Giga Drain|p1a: Klefki","|-resisted|p1a: Klefki","|-damage|p1a: Klefki|186/318","|-heal|p2a: Cradily|293/372 par|[from] drain|[of] p1a: Klefki","|","|-heal|p1a: Klefki|205/318|[from] item: Leftovers","|turn|45","|","|move|p1a: Klefki|Draining Kiss|p2a: Cradily","|-damage|p2a: Cradily|124/372 par","|-heal|p1a: Klefki|318/318|[from] drain|[of] p2a: Cradily","|move|p2a: Cradily|Giga Drain|p1a: Klefki","|-resisted|p1a: Klefki","|-damage|p1a: Klefki|306/318","|-heal|p2a: Cradily|130/372 par|[from] drain|[of] p1a: Klefki","|","|-heal|p1a: Klefki|318/318|[from] item: Leftovers","|turn|46","|","|move|p1a: Klefki|Draining Kiss|p2a: Cradily","|-damage|p2a: Cradily|0 fnt","|faint|p2a: Cradily","|","|win|Void Who"],"p1rating":{"entryid":"6866008","serverid":"eos","formatid":"monotype","userid":"voidwho","username":"Void Who","w":44,"l":"30","t":"0","gxe":57.1,"r":"1568.4913588554","rd":"49.973479643572","sigma":"0","rptime":"1439715600","rpr":1554.4740067548,"rprd":46.296503877132,"rpsigma":"0","acre":1110.2326063628,"lacre":1110.2326063628,"oldacre":"1081.2939461386"},"p2rating":{"entryid":"5846197","serverid":"eos","formatid":"monotype","userid":"crystlsabo","username":"Crystl Sabo","w":"69","l":67,"t":"0","gxe":50.7,"r":"1511.9912772998","rd":"37.210044485979","sigma":"0","rptime":"1439715600","rpr":1505.3015043229,"rprd":36.435494744141,"rpsigma":"0","acre":1070.1465439916,"lacre":1070.1465439916,"oldacre":"1095.4555528464"},"endType":"normal"}