{"seed":[30929,57933,15324,61813],"turns":20,"p1":"SWL ROCK","p2":"SWL Neßki","p1team":[{"name":"Rotom-Mow","species":"Rotom-Mow","item":"choicescarf","ability":"Levitate","moves":["leafstorm","voltswitch","trick","willowisp"],"nature":"Timid","evs":{"hp":0,"atk":0,"def":0,"spa":252,"spd":4,"spe":252},"ivs":{"hp":31,"atk":31,"def":31,"spa":31,"spd":31,"spe":31}},{"name":"Magnezone","species":"Magnezone","item":"choicescarf","ability":"Magnet Pull","moves":["voltswitch","hiddenpowerfire","flashcannon","thunderbolt"],"nature":"Timid","evs":{"hp":4,"atk":0,"def":0,"spa":252,"spd":0,"spe":252},"ivs":{"hp":31,"atk":30,"def":31,"spa":30,"spd":31,"spe":30}},{"name":"Zapdos","species":"Zapdos","item":"leftovers","ability":"Pressure","moves":["voltswitch","roost","defog","heatwave"],"nature":"Bold","evs":{"hp":248,"atk":0,"def":176,"spa":68,"spd":0,"spe":16},"ivs":{"hp":31,"atk":31,"def":31,"spa":31,"spd":31,"spe":31}},{"name":"Thundurus","species":"Thundurus","item":"lifeorb","ability":"Prankster","moves":["thunderbolt","knockoff","thunderwave","hiddenpowerice"],"nature":"Naive","evs":{"hp":0,"atk":76,"def":0,"spa":180,"spd":0,"spe":252},"ivs":{"hp":31,"atk":30,"def":30,"spa":31,"spd":31,"spe":31}},{"name":"Ampharos","species":"Ampharos","item":"ampharosite","ability":"Static","moves":["discharge","dragonpulse","rest","cottonguard"],"nature":"Calm","evs":{"hp":250,"atk":0,"def":0,"spa":28,"spd":232,"spe":0},"ivs":{"hp":31,"atk":31,"def":31,"spa":31,"spd":31,"spe":31}},{"name":"Luxray","species":"Luxray","item":"choiceband","ability":"Guts","moves":["wildcharge","superpower","crunch","facade"],"nature":"Adamant","evs":{"hp":0,"atk":252,"def":0,"spa":0,"spd":4,"spe":252},"ivs":{"hp":31,"atk":31,"def":31,"spa":31,"spd":31,"spe":31}}],"p2team":[{"name":"Deoxys-Speed","species":"Deoxys-Speed","item":"lightclay","ability":"Pressure","moves":["taunt","stealthrock","lightscreen","reflect"],"nature":"Timid","evs":{"hp":248,"atk":0,"def":0,"spa":0,"spd":8,"spe":252},"ivs":{"hp":31,"atk":0,"def":31,"spa":31,"spd":31,"spe":31}},{"name":"Gardevoir","species":"Gardevoir","item":"gardevoirite","ability":"Trace","moves":["substitute","hypervoice","psyshock","hiddenpowerrock"],"nature":"Modest","evs":{"hp":0,"atk":0,"def":0,"spa":252,"spd":4,"spe":252},"ivs":{"hp":31,"atk":31,"def":30,"spa":31,"spd":30,"spe":30}},{"name":"Victini","species":"Victini","item":"choicescarf","ability":"Victory Star","moves":["vcreate","uturn","boltstrike","blueflare"],"nature":"Naive","evs":{"hp":0,"atk":252,"def":0,"spa":4,"spd":0,"spe":252},"ivs":{"hp":31,"atk":31,"def":31,"spa":31,"spd":31,"spe":31}},{"name":"Mew","species":"Mew","item":"leftovers","ability":"Synchronize","moves":["nastyplot","vacuumwave","flamethrower","psyshock"],"nature":"Modest","evs":{"hp":148,"atk":0,"def":0,"spa":252,"spd":0,"spe":108},"ivs":{"hp":31,"atk":0,"def":31,"spa":31,"spd":31,"spe":31}},{"name":"Hoopa-Unbound","species":"Hoopa-Unbound","item":"dreadplate","ability":"Magician","moves":["knockoff","focusblast","gunkshot","darkpulse"],"nature":"Lonely","evs":{"hp":96,"atk":252,"def":0,"spa":148,"spd":0,"spe":12},"ivs":{"hp":31,"atk":31,"def":31,"spa":31,"spd":31,"spe":31}},{"name":"Meloetta","species":"Meloetta","item":"assaultvest","ability":"Serene Grace","moves":["thunderbolt","energyball","shadowball","hypervoice"],"nature":"Modest","evs":{"hp":248,"atk":0,"def":0,"spa":252,"spd":8,"spe":0},"ivs":{"hp":31,"atk":0,"def":31,"spa":31,"spd":31,"spe":31}}],"log":["|player|p1|SWL ROCK|swlrockhard.png","|player|p2|SWL Neßki|swlneki.png","|gametype|singles","|gen|6","|tier|Monotype","|rated","|rule|Baton Pass Clause: Limit one Baton Passer, can't pass Spe and other stats simultaneously","|rule|Swagger Clause: Swagger is banned","|rule|Same Type Clause: Pokémon in a team must share a type","|clearpoke","|poke|p1|Rotom-Mow","|poke|p1|Magnezone","|poke|p1|Zapdos","|poke|p1|Thundurus, M","|poke|p1|Ampharos, M","|poke|p1|Luxray, M","|poke|p2|Deoxys-Speed","|poke|p2|Gardevoir, M","|poke|p2|Victini","|poke|p2|Mew","|poke|p2|Hoopa-Unbound","|poke|p2|Meloetta","|rule|Sleep Clause Mod: Limit one foe put to sleep","|rule|Species Clause: Limit one of each Pokémon","|rule|OHKO Clause: OHKO moves are banned","|rule|Moody Clause: Moody is banned","|rule|Evasion Moves Clause: Evasion moves are banned","|rule|Endless Battle Clause: Forcing endless battles is banned","|rule|HP Percentage Mod: HP is shown in percentages","|teampreview","|","|start","|switch|p1a: Magnezone|Magnezone|282/282","|switch|p2a: Victini|Victini|341/341","|turn|1","|","|move|p2a: Victini|U-turn|p1a: Magnezone","|-resisted|p1a: Magnezone","|-damage|p1a: Magnezone|252/282","|","|switch|p2a: Meloetta|Meloetta|403/403","|move|p1a: Magnezone|Volt Switch|p2a: Meloetta","|-damage|p2a: Meloetta|334/403","|","|switch|p1a: Thundurus|Thundurus, M|299/299","|","|turn|2","|","|move|p1a: Thundurus|Knock Off|p2a: Meloetta","|-supereffective|p2a: Meloetta","|-damage|p2a: Meloetta|14/403","|-enditem|p2a: Meloetta|Assault Vest|[from] move: Knock Off|[of] p1a: Thundurus","|-damage|p1a: Thundurus|270/299|[from] item: Life Orb","|move|p2a: Meloetta|Hyper Voice|p1a: Thundurus","|-damage|p1a: Thundurus|53/299","|","|turn|3","|","|move|p1a: Thundurus|Knock Off|p2a: Meloetta","|-supereffective|p2a: Meloetta","|-damage|p2a: Meloetta|0 fnt","|-damage|p1a: Thundurus|24/299|[from] item: Life Orb","|faint|p2a: Meloetta","|","|","|switch|p2a: Deoxys-Speed|Deoxys-Speed|303/303","|-ability|p2a: Deoxys-Speed|Pressure","|turn|4","|","|switch|p1a: Magnezone|Magnezone|252/282","|move|p2a: Deoxys-Speed|Stealth Rock|p1a: Magnezone","|-sidestart|p1: SWL ROCK|move: Stealth Rock","|","|turn|5","|","|move|p2a: Deoxys-Speed|Light Screen|p2a: Deoxys-Speed","|-sidestart|p2: SWL Neßki|move: Light Screen","|move|p1a: Magnezone|Volt Switch|p2a: Deoxys-Speed","|-damage|p2a: Deoxys-Speed|233/303","|","|switch|p1a: Zapdos|Zapdos|383/383","|-damage|p1a: Zapdos|288/383|[from] Stealth Rock","|-ability|p1a: Zapdos|Pressure","|","|-heal|p1a: Zapdos|311/383|[from] item: Leftovers","|turn|6","|","|move|p2a: Deoxys-Speed|Taunt|p1a: Zapdos","|-start|p1a: Zapdos|move: Taunt","|move|p1a: Zapdos|Volt Switch|p2a: Deoxys-Speed","|-damage|p2a: Deoxys-Speed|172/303","|","|switch|p1a: Ampharos|Ampharos, M|383/383","|-damage|p1a: Ampharos|336/383|[from] Stealth Rock","|","|turn|7","|","|switch|p2a: Gardevoir|Gardevoir, M|277/277","|-ability|p2a: Gardevoir|Static|[from] ability: Trace|[of] p1a: Ampharos","|detailschange|p1a: Ampharos|Ampharos-Mega, M","|-mega|p1a: Ampharos|Ampharos|Ampharosite","|-ability|p1a: Ampharos|Mold Breaker","|move|p1a: Ampharos|Discharge|p2a: Gardevoir","|-damage|p2a: Gardevoir|215/277","|-status|p2a: Gardevoir|par","|","|turn|8","|","|switch|p1a: Magnezone|Magnezone|252/282","|-damage|p1a: Magnezone|235/282|[from] Stealth Rock","|switch|p2a: Hoopa-Unbound|Hoopa-Unbound|325/325","|","|turn|9","|","|move|p1a: Magnezone|Volt Switch|p2a: Hoopa-Unbound","|-damage|p2a: Hoopa-Unbound|279/325","|","|switch|p1a: Zapdos|Zapdos|311/383","|-damage|p1a: Zapdos|216/383|[from] Stealth Rock","|-ability|p1a: Zapdos|Pressure","|move|p2a: Hoopa-Unbound|Knock Off|p1a: Zapdos","|-crit|p1a: Zapdos","|-damage|p1a: Zapdos|0 fnt","|-enditem|p1a: Zapdos|Leftovers|[from] move: Knock Off|[of] p2a: Hoopa-Unbound","|faint|p1a: Zapdos","|","|","|switch|p1a: Ampharos|Ampharos-Mega, M|336/383","|-damage|p1a: Ampharos|289/383|[from] Stealth Rock","|-ability|p1a: Ampharos|Mold Breaker","|turn|10","|","|move|p2a: Hoopa-Unbound|Dark Pulse|p1a: Ampharos","|-damage|p1a: Ampharos|162/383","|move|p1a: Ampharos|Discharge|p2a: Hoopa-Unbound","|-crit|p2a: Hoopa-Unbound","|-damage|p2a: Hoopa-Unbound|89/325","|","|turn|11","|","|move|p2a: Hoopa-Unbound|Knock Off|p1a: Ampharos","|-damage|p1a: Ampharos|0 fnt","|faint|p1a: Ampharos","|","|","|switch|p1a: Rotom-Mow|Rotom-Mow|241/241","|-damage|p1a: Rotom-Mow|211/241|[from] Stealth Rock","|turn|12","|","|move|p1a: Rotom-Mow|Leaf Storm|p2a: Hoopa-Unbound","|-damage|p2a: Hoopa-Unbound|6/325","|-unboost|p1a: Rotom-Mow|spa|2","|move|p2a: Hoopa-Unbound|Knock Off|p1a: Rotom-Mow","|-damage|p1a: Rotom-Mow|0 fnt","|-enditem|p1a: Rotom-Mow|Choice Scarf|[from] move: Knock Off|[of] p2a: Hoopa-Unbound","|faint|p1a: Rotom-Mow","|","|-sideend|p2: SWL Neßki|move: Light Screen","|","|switch|p1a: Magnezone|Magnezone|235/282","|-damage|p1a: Magnezone|218/282|[from] Stealth Rock","|turn|13","|","|move|p1a: Magnezone|Volt Switch|p2a: Hoopa-Unbound","|-damage|p2a: Hoopa-Unbound|0 fnt","|faint|p2a: Hoopa-Unbound","|","|switch|p1a: Luxray|Luxray, M|301/301","|-damage|p1a: Luxray|264/301|[from] Stealth Rock","|","|","|switch|p2a: Victini|Victini|341/341","|turn|14","|","|switch|p1a: Thundurus|Thundurus, M|24/299","|-damage|p1a: Thundurus|0 fnt|[from] Stealth Rock","|faint|p1a: Thundurus","|move|p2a: Victini|U-turn|p1: Thundurus|[notarget]","|-notarget","|","|","|switch|p1a: Luxray|Luxray, M|264/301","|-damage|p1a: Luxray|227/301|[from] Stealth Rock","|turn|15","|","|move|p2a: Victini|U-turn|p1a: Luxray","|-damage|p1a: Luxray|147/301","|","|switch|p2a: Gardevoir|Gardevoir, M|215/277 par","|-ability|p2a: Gardevoir|Guts|[from] ability: Trace|[of] p1a: Luxray","|move|p1a: Luxray|Wild Charge|p2a: Gardevoir","|-damage|p2a: Gardevoir|0 fnt","|-damage|p1a: Luxray|93/301|[from] recoil|[of] p2a: Gardevoir","|faint|p2a: Gardevoir","|","|","|switch|p2a: Deoxys-Speed|Deoxys-Speed|172/303","|-ability|p2a: Deoxys-Speed|Pressure","|turn|16","|","|switch|p1a: Magnezone|Magnezone|218/282","|-damage|p1a: Magnezone|201/282|[from] Stealth Rock","|move|p2a: Deoxys-Speed|Light Screen|p2a: Deoxys-Speed","|-sidestart|p2: SWL Neßki|move: Light Screen","|","|turn|17","|","|switch|p2a: Mew|Mew|378/378","|move|p1a: Magnezone|Thunderbolt|p2a: Mew","|-damage|p2a: Mew|298/378","|-status|p2a: Mew|par","|","|-heal|p2a: Mew|321/378 par|[from] item: Leftovers","|turn|18","|","|move|p1a: Magnezone|Thunderbolt|p2a: Mew","|-damage|p2a: Mew|236/378 par","|move|p2a: Mew|Flamethrower|p1a: Magnezone","|-supereffective|p1a: Magnezone","|-damage|p1a: Magnezone|0 fnt","|faint|p1a: Magnezone","|","|-heal|p2a: Mew|259/378 par|[from] item: Leftovers","|","|switch|p1a: Luxray|Luxray, M|93/301","|-damage|p1a: Luxray|56/301|[from] Stealth Rock","|turn|19","|","|move|p2a: Mew|Vacuum Wave|p1a: Luxray","|-damage|p1a: Luxray|7/301","|move|p1a: Luxray|Crunch|p2a: Mew","|-supereffective|p2a: Mew","|-damage|p2a: Mew|0 fnt","|faint|p2a: Mew","|","|","|switch|p2a: Victini|Victini|341/341","|turn|20","|","|move|p2a: Victini|V-create|p1a: Luxray","|-crit|p1a: Luxray","|-damage|p1a: Luxray|0 fnt","|-unboost|p2a: Victini|spe|1","|-unboost|p2a: Victini|def|1","|-unboost|p2a: Victini|spd|1","|faint|p1a: Luxray","|","|win|SWL Neßki"],"p1rating":{"entryid":"7496999","serverid":"eos","formatid":"monotype","userid":"swlrock","username":"SWL ROCK","w":"15","l":7,"t":"0","gxe":61.4,"r":"1600.838310409","rd":"68.873267433442","sigma":"0","rptime":"1439715600","rpr":1588.6539425542,"rprd":67.599453961937,"rpsigma":"0","acre":1186.5606842476,"lacre":1186.5606842476,"oldacre":"1208.1280960885"},"p2rating":{"entryid":"6746789","serverid":"eos","formatid":"monotype","userid":"swlneki","username":"SWL Neßki","w":34,"l":"18","t":"0","gxe":66.4,"r":"1622.0742964777","rd":"53.869186402568","sigma":"0","rptime":"1439715600","rpr":1629.5757980204,"rprd":53.2637677732,"rpsigma":"0","acre":1277.702853098,"lacre":1277.702853098,"oldacre":"1256.1354412571"},"endType":"normal"}