{"seed":[26314,63914,56338,42606],"turns":19,"p1":"Santa Jr - ⓑⓐⓓⓐⓢⓢ","p2":"Emg Svu","p1team":[{"name":"Braviary","species":"Braviary","item":"choicescarf","ability":"Defiant","moves":["bravebird","rockslide","superpower","zenheadbutt"],"nature":"Jolly","evs":{"hp":0,"atk":252,"def":0,"spa":0,"spd":4,"spe":252},"ivs":{"hp":31,"atk":31,"def":31,"spa":31,"spd":31,"spe":31}},{"name":"Staraptor","species":"Staraptor","item":"leftovers","ability":"Intimidate","moves":["featherdance","roost","bravebird","uturn"],"nature":"Adamant","evs":{"hp":252,"atk":252,"def":0,"spa":0,"spd":4,"spe":0},"ivs":{"hp":31,"atk":31,"def":31,"spa":31,"spd":31,"spe":31}},{"name":"Pidgeot","species":"Pidgeot","item":"pidgeotite","ability":"Big Pecks","moves":["uturn","hurricane","heatwave","roost"],"nature":"Timid","evs":{"hp":0,"atk":0,"def":0,"spa":252,"spd":4,"spe":252},"ivs":{"hp":31,"atk":31,"def":31,"spa":31,"spd":31,"spe":31}},{"name":"Swellow","species":"Swellow","item":"flameorb","ability":"Guts","moves":["protect","facade","doubleedge","bravebird"],"nature":"Jolly","evs":{"hp":0,"atk":252,"def":0,"spa":0,"spd":4,"spe":252},"ivs":{"hp":31,"atk":31,"def":31,"spa":31,"spd":31,"spe":31}},{"name":"Dodrio","species":"Dodrio","item":"choiceband","ability":"Tangled Feet","moves":["bravebird","quickattack","knockoff","return"],"nature":"Jolly","evs":{"hp":0,"atk":252,"def":0,"spa":0,"spd":4,"spe":252},"ivs":{"hp":31,"atk":31,"def":31,"spa":31,"spd":31,"spe":31}},{"name":"Chatot","species":"Chatot","item":"leftovers","ability":"Big Pecks","moves":["boomburst","substitute","roost","nastyplot"],"nature":"Bold","evs":{"hp":248,"atk":0,"def":252,"spa":8,"spd":0,"spe":0},"ivs":{"hp":31,"atk":31,"def":31,"spa":31,"spd":31,"spe":31}}],"p2team":[{"name":"Hippowdon","species":"Hippowdon","item":"leftovers","ability":"Sand Stream","moves":["earthquake","stoneedge","slackoff","stealthrock"],"nature":"Impish","evs":{"hp":208,"atk":12,"def":216,"spa":0,"spd":72,"spe":0},"gender":"F","ivs":{"hp":31,"atk":31,"def":31,"spa":31,"spd":31,"spe":31}},{"name":"Gastrodon","species":"Gastrodon","item":"leftovers","ability":"Storm Drain","moves":["scald","toxic","recover","earthpower"],"nature":"Bold","evs":{"hp":252,"atk":0,"def":252,"spa":4,"spd":0,"spe":0},"gender":"M","ivs":{"hp":31,"atk":31,"def":31,"spa":31,"spd":31,"spe":31}},{"name":"Landorus","species":"Landorus","item":"lifeorb","ability":"Sheer Force","moves":["sludgewave","earthpower","psychic","focusblast"],"nature":"Timid","evs":{"hp":0,"atk":0,"def":0,"spa":252,"spd":4,"spe":252},"ivs":{"hp":31,"atk":31,"def":31,"spa":31,"spd":31,"spe":31}},{"name":"Garchomp","species":"Garchomp","item":"garchompite","ability":"Rough Skin","moves":["earthquake","dragonclaw","fireblast","swordsdance"],"nature":"Naive","evs":{"hp":0,"atk":252,"def":0,"spa":4,"spd":0,"spe":252},"ivs":{"hp":31,"atk":31,"def":31,"spa":31,"spd":31,"spe":31}},{"name":"Mamoswine","species":"Mamoswine","item":"assaultvest","ability":"Thick Fat","moves":["earthquake","iciclespear","iceshard","knockoff"],"nature":"Adamant","evs":{"hp":28,"atk":252,"def":0,"spa":0,"spd":8,"spe":220},"ivs":{"hp":31,"atk":31,"def":31,"spa":31,"spd":31,"spe":31}},{"name":"Excadrill","species":"Excadrill","item":"lifeorb","ability":"Sand Rush","moves":["earthquake","ironhead","rockslide","swordsdance"],"nature":"Adamant","evs":{"hp":4,"atk":252,"def":0,"spa":0,"spd":0,"spe":252},"ivs":{"hp":31,"atk":31,"def":31,"spa":31,"spd":31,"spe":31}}],"log":["|player|p1|Santa Jr - ⓑⓐⓓⓐⓢⓢ|163","|player|p2|Emg Svu|67","|gametype|singles","|gen|6","|tier|Monotype","|rated","|rule|Baton Pass Clause: Limit one Baton Passer, can't pass Spe and other stats simultaneously","|rule|Swagger Clause: Swagger is banned","|rule|Same Type Clause: Pokémon in a team must share a type","|clearpoke","|poke|p1|Braviary, M","|poke|p1|Staraptor, F","|poke|p1|Pidgeot, M","|poke|p1|Swellow, F","|poke|p1|Dodrio, F","|poke|p1|Chatot, M","|poke|p2|Hippowdon, F","|poke|p2|Gastrodon, M","|poke|p2|Landorus, M","|poke|p2|Garchomp, M","|poke|p2|Mamoswine, M","|poke|p2|Excadrill, F","|rule|Sleep Clause Mod: Limit one foe put to sleep","|rule|Species Clause: Limit one of each Pokémon","|rule|OHKO Clause: OHKO moves are banned","|rule|Moody Clause: Moody is banned","|rule|Evasion Moves Clause: Evasion moves are banned","|rule|Endless Battle Clause: Forcing endless battles is banned","|rule|HP Percentage Mod: HP is shown in percentages","|teampreview","|","|start","|switch|p1a: Chatot|Chatot, M|355/355","|switch|p2a: Mamoswine|Mamoswine, M|368/368","|turn|1","|","|move|p2a: Mamoswine|Icicle Spear|p1a: Chatot","|-supereffective|p1a: Chatot","|-damage|p1a: Chatot|245/355","|-crit|p1a: Chatot","|-supereffective|p1a: Chatot","|-damage|p1a: Chatot|87/355","|-supereffective|p1a: Chatot","|-damage|p1a: Chatot|0 fnt","|-hitcount|p1a: Chatot|3","|faint|p1a: Chatot","|","|","|switch|p1a: Dodrio|Dodrio, F|261/261","|turn|2","|","|move|p2a: Mamoswine|Ice Shard|p1a: Dodrio","|-supereffective|p1a: Dodrio","|-damage|p1a: Dodrio|45/261","|move|p1a: Dodrio|Brave Bird|p2a: Mamoswine","|-damage|p2a: Mamoswine|0 fnt","|-damage|p1a: Dodrio|0 fnt|[from] recoil|[of] p2a: Mamoswine","|faint|p2a: Mamoswine","|faint|p1a: Dodrio","|","|","|switch|p1a: Pidgeot|Pidgeot, M|307/307","|switch|p2a: Hippowdon|Hippowdon, F|409/409","|-weather|Sandstorm","|turn|3","|","|detailschange|p1a: Pidgeot|Pidgeot-Mega, M","|-mega|p1a: Pidgeot|Pidgeot|Pidgeotite","|move|p1a: Pidgeot|Hurricane|p2a: Hippowdon","|-crit|p2a: Hippowdon","|-damage|p2a: Hippowdon|30/409","|move|p2a: Hippowdon|Stone Edge|p1a: Pidgeot","|-supereffective|p1a: Pidgeot","|-damage|p1a: Pidgeot|109/307","|","|-weather|Sandstorm|[upkeep]","|-damage|p1a: Pidgeot|90/307|[from] sandstorm","|-heal|p2a: Hippowdon|55/409|[from] item: Leftovers","|turn|4","|","|switch|p2a: Excadrill|Excadrill, F|362/362","|move|p1a: Pidgeot|Hurricane|p2a: Excadrill","|-resisted|p2a: Excadrill","|-damage|p2a: Excadrill|227/362","|-start|p2a: Excadrill|confusion","|","|-weather|Sandstorm|[upkeep]","|-damage|p1a: Pidgeot|71/307|[from] sandstorm","|turn|5","|","|switch|p1a: Staraptor|Staraptor, F|374/374","|-ability|p1a: Staraptor|Intimidate","|-unboost|p2a: Excadrill|atk|1","|-activate|p2a: Excadrill|confusion","|move|p2a: Excadrill|Iron Head|p1a: Staraptor","|-damage|p1a: Staraptor|170/374","|-damage|p2a: Excadrill|191/362|[from] item: Life Orb","|","|-weather|Sandstorm|[upkeep]","|-damage|p1a: Staraptor|147/374|[from] sandstorm","|-heal|p1a: Staraptor|170/374|[from] item: Leftovers","|turn|6","|","|-activate|p2a: Excadrill|confusion","|-damage|p2a: Excadrill|117/362|[from] confusion","|move|p1a: Staraptor|Roost|p1a: Staraptor","|-heal|p1a: Staraptor|357/374","|","|-weather|Sandstorm|[upkeep]","|-damage|p1a: Staraptor|334/374|[from] sandstorm","|-heal|p1a: Staraptor|357/374|[from] item: Leftovers","|turn|7","|","|-activate|p2a: Excadrill|confusion","|move|p2a: Excadrill|Rock Slide|p1a: Staraptor","|-supereffective|p1a: Staraptor","|-damage|p1a: Staraptor|136/374","|-damage|p2a: Excadrill|81/362|[from] item: Life Orb","|move|p1a: Staraptor|Feather Dance|p2a: Excadrill","|-unboost|p2a: Excadrill|atk|2","|","|-weather|none","|-heal|p1a: Staraptor|159/374|[from] item: Leftovers","|turn|8","|","|-end|p2a: Excadrill|confusion","|move|p2a: Excadrill|Rock Slide|p1a: Staraptor","|-supereffective|p1a: Staraptor","|-damage|p1a: Staraptor|8/374","|-damage|p2a: Excadrill|45/362|[from] item: Life Orb","|cant|p1a: Staraptor|flinch","|","|-heal|p1a: Staraptor|31/374|[from] item: Leftovers","|turn|9","|","|move|p2a: Excadrill|Iron Head|p1a: Staraptor","|-damage|p1a: Staraptor|0 fnt","|-damage|p2a: Excadrill|9/362|[from] item: Life Orb","|faint|p1a: Staraptor","|","|","|switch|p1a: Pidgeot|Pidgeot-Mega, M|71/307","|turn|10","|","|move|p1a: Pidgeot|Heat Wave|p2a: Excadrill","|-supereffective|p2a: Excadrill","|-damage|p2a: Excadrill|0 fnt","|faint|p2a: Excadrill","|","|","|switch|p2a: Landorus|Landorus, M|319/319","|turn|11","|","|move|p1a: Pidgeot|U-turn|p2a: Landorus","|-resisted|p2a: Landorus","|-damage|p2a: Landorus|299/319","|","|switch|p1a: Braviary|Braviary, M|341/341","|move|p2a: Landorus|Focus Blast|p1a: Braviary|[miss]","|-miss|p2a: Landorus|p1a: Braviary","|","|turn|12","|","|move|p1a: Braviary|Brave Bird|p2a: Landorus","|-damage|p2a: Landorus|55/319","|-damage|p1a: Braviary|260/341|[from] recoil|[of] p2a: Landorus","|move|p2a: Landorus|Focus Blast|p1a: Braviary","|-damage|p1a: Braviary|0 fnt","|faint|p1a: Braviary","|","|","|switch|p1a: Pidgeot|Pidgeot-Mega, M|71/307","|turn|13","|","|move|p1a: Pidgeot|Hurricane|p2a: Landorus","|-damage|p2a: Landorus|0 fnt","|faint|p2a: Landorus","|","|","|switch|p2a: Garchomp|Garchomp, M|357/357","|turn|14","|","|detailschange|p2a: Garchomp|Garchomp-Mega, M","|-mega|p2a: Garchomp|Garchomp|Garchompite","|move|p1a: Pidgeot|Hurricane|p2a: Garchomp","|-damage|p2a: Garchomp|135/357","|move|p2a: Garchomp|Fire Blast|p1a: Pidgeot","|-damage|p1a: Pidgeot|0 fnt","|faint|p1a: Pidgeot","|","|","|switch|p1a: Swellow|Swellow, F|261/261","|turn|15","|","|move|p1a: Swellow|Protect|p1a: Swellow","|-singleturn|p1a: Swellow|Protect","|move|p2a: Garchomp|Dragon Claw|p1a: Swellow","|-activate|p1a: Swellow|Protect","|","|-status|p1a: Swellow|brn|[from] item: Flame Orb","|turn|16","|","|move|p1a: Swellow|Facade|p2a: Garchomp","|-damage|p2a: Garchomp|0 fnt","|faint|p2a: Garchomp","|","|-damage|p1a: Swellow|229/261 brn|[from] brn","|","|switch|p2a: Hippowdon|Hippowdon, F|55/409","|-weather|Sandstorm","|turn|17","|","|move|p1a: Swellow|Facade|p2a: Hippowdon","|-damage|p2a: Hippowdon|0 fnt","|faint|p2a: Hippowdon","|","|-weather|Sandstorm|[upkeep]","|-damage|p1a: Swellow|213/261 brn|[from] sandstorm","|-damage|p1a: Swellow|181/261 brn|[from] brn","|","|switch|p2a: Gastrodon|Gastrodon, M|426/426","|turn|18","|","|move|p1a: Swellow|Facade|p2a: Gastrodon","|-crit|p2a: Gastrodon","|-damage|p2a: Gastrodon|66/426","|move|p2a: Gastrodon|Recover|p2a: Gastrodon","|-heal|p2a: Gastrodon|279/426","|","|-weather|Sandstorm|[upkeep]","|-damage|p1a: Swellow|165/261 brn|[from] sandstorm","|-heal|p2a: Gastrodon|305/426|[from] item: Leftovers","|-damage|p1a: Swellow|133/261 brn|[from] brn","|turn|19","|","|move|p1a: Swellow|Double-Edge|p2a: Gastrodon","|-crit|p2a: Gastrodon","|-damage|p2a: Gastrodon|0 fnt","|-damage|p1a: Swellow|32/261 brn|[from] recoil|[of] p2a: Gastrodon","|faint|p2a: Gastrodon","|","|win|Santa Jr - ⓑⓐⓓⓐⓢⓢ"],"p1rating":{"entryid":"7682506","serverid":"eos","formatid":"monotype","userid":"santajr","username":"Santa Jr","w":4,"l":"2","t":"0","gxe":58.1,"r":"1500","rd":"130","sigma":"0","rptime":"1439715600","rpr":1563.6994322787,"rprd":98.756149333917,"rpsigma":"0","acre":1112.7112414893,"lacre":1112.7112414893,"oldacre":"1073.9067225705"},"p2rating":{"entryid":"7656291","serverid":"eos","formatid":"monotype","userid":"emgsvu","username":"Emg Svu","w":"16","l":8,"t":"0","gxe":62.3,"r":"1576.1249706547","rd":"105.56273244861","sigma":"0","rptime":"1439715600","rpr":1596.5444470895,"rprd":67.043160469862,"rpsigma":"0","acre":1164.1921215649,"lacre":1164.1921215649,"oldacre":"1197.7438008317"},"endType":"normal"}