{"seed":[59040,58492,14153,29022],"turns":21,"p1":"Alliance - Contort","p2":"SWL Nocturne","p1team":[{"name":"Mew","species":"Mew","item":"leftovers","ability":"Synchronize","moves":["stealthrock","softboiled","willowisp","taunt"],"nature":"Calm","evs":{"hp":144,"atk":0,"def":4,"spa":0,"spd":252,"spe":108},"ivs":{"hp":31,"atk":0,"def":31,"spa":31,"spd":31,"spe":31}},{"name":"Medicham","species":"Medicham","item":"medichamite","ability":"Pure Power","moves":["highjumpkick","psychocut","fakeout","bulletpunch"],"nature":"Jolly","evs":{"hp":4,"atk":252,"def":0,"spa":0,"spd":0,"spe":252},"ivs":{"hp":31,"atk":31,"def":31,"spa":31,"spd":31,"spe":31}},{"name":"Slowbro","species":"Slowbro","item":"rockyhelmet","ability":"Regenerator","moves":["scald","psyshock","thunderwave","slackoff"],"nature":"Bold","evs":{"hp":252,"atk":0,"def":252,"spa":4,"spd":0,"spe":0},"ivs":{"hp":31,"atk":0,"def":31,"spa":31,"spd":31,"spe":31}},{"name":"Victini","species":"Victini","item":"choicescarf","ability":"Victory Star","moves":["vcreate","boltstrike","zenheadbutt","uturn"],"nature":"Hasty","evs":{"hp":0,"atk":252,"def":0,"spa":4,"spd":0,"spe":252},"ivs":{"hp":31,"atk":31,"def":31,"spa":31,"spd":31,"spe":31}},{"name":"Meloetta","species":"Meloetta","item":"choicespecs","ability":"Serene Grace","moves":["shadowball","hypervoice","psyshock","uturn"],"nature":"Modest","evs":{"hp":248,"atk":0,"def":0,"spa":252,"spd":8,"spe":0},"ivs":{"hp":31,"atk":31,"def":31,"spa":31,"spd":31,"spe":31}},{"name":"Hoopa-Unbound","species":"Hoopa-Unbound","item":"choicescarf","ability":"Magician","moves":["hyperspacefury","psychic","hyperspacehole","thunderbolt"],"nature":"Hasty","evs":{"hp":0,"atk":4,"def":0,"spa":252,"spd":0,"spe":252},"ivs":{"hp":31,"atk":31,"def":31,"spa":31,"spd":31,"spe":31}}],"p2team":[{"name":"Nidoking","species":"Nidoking","item":"choicescarf","ability":"Sheer Force","moves":["icebeam","flamethrower","sludgewave","earthpower"],"nature":"Modest","evs":{"hp":0,"atk":0,"def":0,"spa":252,"spd":4,"spe":252},"ivs":{"hp":31,"atk":31,"def":31,"spa":31,"spd":31,"spe":31}},{"name":"Venusaur","species":"Venusaur","item":"venusaurite","ability":"Overgrow","moves":["leechseed","synthesis","gigadrain","sludgebomb"],"nature":"Bold","evs":{"hp":252,"atk":0,"def":236,"spa":20,"spd":0,"spe":0},"ivs":{"hp":31,"atk":31,"def":31,"spa":31,"spd":31,"spe":31}},{"name":"Drapion","species":"Drapion","item":"blacksludge","ability":"Battle Armor","moves":["knockoff","earthquake","poisonjab","taunt"],"nature":"Adamant","evs":{"hp":248,"atk":252,"def":0,"spa":0,"spd":8,"spe":0},"ivs":{"hp":31,"atk":31,"def":31,"spa":31,"spd":31,"spe":31}},{"name":"Scolipede","species":"Scolipede","item":"choiceband","ability":"Speed Boost","moves":["megahorn","earthquake","rockslide","poisonjab"],"nature":"Adamant","evs":{"hp":0,"atk":252,"def":0,"spa":0,"spd":4,"spe":252},"ivs":{"hp":31,"atk":31,"def":31,"spa":31,"spd":31,"spe":31}},{"name":"Gengar","species":"Gengar","item":"blacksludge","ability":"Levitate","moves":["disable","substitute","sludgebomb","shadowball"],"nature":"Timid","evs":{"hp":0,"atk":0,"def":0,"spa":252,"spd":4,"spe":252},"ivs":{"hp":31,"atk":31,"def":31,"spa":31,"spd":31,"spe":31}},{"name":"Tentacruel","species":"Tentacruel","item":"blacksludge","ability":"Liquid Ooze","moves":["rapidspin","haze","scald","toxicspikes"],"nature":"Bold","evs":{"hp":252,"atk":0,"def":240,"spa":0,"spd":0,"spe":16},"ivs":{"hp":31,"atk":31,"def":31,"spa":31,"spd":31,"spe":31}}],"log":["|player|p1|Alliance - Contort|alliancecontort.png","|player|p2|SWL Nocturne|45","|gametype|singles","|gen|6","|tier|Monotype","|rated","|rule|Baton Pass Clause: Limit one Baton Passer, can't pass Spe and other stats simultaneously","|rule|Swagger Clause: Swagger is banned","|rule|Same Type Clause: Pokémon in a team must share a type","|clearpoke","|poke|p1|Mew","|poke|p1|Medicham, M","|poke|p1|Slowbro, F","|poke|p1|Victini","|poke|p1|Meloetta","|poke|p1|Hoopa-Unbound","|poke|p2|Nidoking, M","|poke|p2|Venusaur, M","|poke|p2|Drapion, F","|poke|p2|Scolipede, M","|poke|p2|Gengar, M","|poke|p2|Tentacruel, F","|rule|Sleep Clause Mod: Limit one foe put to sleep","|rule|Species Clause: Limit one of each Pokémon","|rule|OHKO Clause: OHKO moves are banned","|rule|Moody Clause: Moody is banned","|rule|Evasion Moves Clause: Evasion moves are banned","|rule|Endless Battle Clause: Forcing endless battles is banned","|rule|HP Percentage Mod: HP is shown in percentages","|teampreview","|","|start","|switch|p1a: Medicham|Medicham, M|262/262","|switch|p2a: Gengar|Gengar, M|261/261","|turn|1","|","|switch|p1a: Meloetta|Meloetta|403/403","|move|p2a: Gengar|Substitute|p2a: Gengar","|-start|p2a: Gengar|Substitute","|-damage|p2a: Gengar|196/261","|","|-heal|p2a: Gengar|212/261|[from] item: Black Sludge","|turn|2","|","|move|p2a: Gengar|Sludge Bomb|p1a: Meloetta","|-damage|p1a: Meloetta|267/403","|move|p1a: Meloetta|Shadow Ball|p2a: Gengar","|-supereffective|p2a: Gengar","|-end|p2a: Gengar|Substitute","|","|-heal|p2a: Gengar|228/261|[from] item: Black Sludge","|turn|3","|","|move|p2a: Gengar|Substitute|p2a: Gengar","|-start|p2a: Gengar|Substitute","|-damage|p2a: Gengar|163/261","|move|p1a: Meloetta|Shadow Ball|p2a: Gengar","|-supereffective|p2a: Gengar","|-end|p2a: Gengar|Substitute","|","|-heal|p2a: Gengar|179/261|[from] item: Black Sludge","|turn|4","|","|switch|p2a: Drapion|Drapion, F|343/343","|switch|p1a: Slowbro|Slowbro, F|394/394","|","|turn|5","|","|move|p2a: Drapion|Taunt|p1a: Slowbro","|-start|p1a: Slowbro|move: Taunt","|cant|p1a: Slowbro|move: Taunt|Thunder Wave","|","|turn|6","|","|move|p2a: Drapion|Knock Off|p1a: Slowbro","|-supereffective|p1a: Slowbro","|-damage|p1a: Slowbro|178/394","|-damage|p2a: Drapion|286/343|[from] item: Rocky Helmet|[of] p1a: Slowbro","|-enditem|p1a: Slowbro|Rocky Helmet|[from] move: Knock Off|[of] p2a: Drapion","|move|p1a: Slowbro|Scald|p2a: Drapion","|-damage|p2a: Drapion|168/343","|-status|p2a: Drapion|brn","|","|-heal|p2a: Drapion|189/343 brn|[from] item: Black Sludge","|-damage|p2a: Drapion|147/343 brn|[from] brn","|turn|7","|","|move|p2a: Drapion|Poison Jab|p1a: Slowbro","|-damage|p1a: Slowbro|139/394","|move|p1a: Slowbro|Psyshock|p2a: Drapion","|-immune|p2a: Drapion|[msg]","|","|-heal|p2a: Drapion|168/343 brn|[from] item: Black Sludge","|-damage|p2a: Drapion|126/343 brn|[from] brn","|-end|p1a: Slowbro|move: Taunt","|turn|8","|","|move|p2a: Drapion|Taunt|p1a: Slowbro","|-start|p1a: Slowbro|move: Taunt","|move|p1a: Slowbro|Scald|p2a: Drapion","|-damage|p2a: Drapion|2/343 brn","|","|-heal|p2a: Drapion|23/343 brn|[from] item: Black Sludge","|-damage|p2a: Drapion|0 fnt|[from] brn","|faint|p2a: Drapion","|","|switch|p2a: Nidoking|Nidoking, M|303/303","|turn|9","|","|switch|p1a: Mew|Mew|377/377","|move|p2a: Nidoking|Sludge Wave|p1a: Mew","|-damage|p1a: Mew|251/377","|","|-heal|p1a: Mew|274/377|[from] item: Leftovers","|turn|10","|","|switch|p2a: Tentacruel|Tentacruel, F|364/364","|move|p1a: Mew|Stealth Rock|p2a: Tentacruel","|-sidestart|p2: SWL Nocturne|move: Stealth Rock","|","|-heal|p1a: Mew|297/377|[from] item: Leftovers","|turn|11","|","|switch|p1a: Meloetta|Meloetta|267/403","|move|p2a: Tentacruel|Toxic Spikes|p1a: Meloetta","|-sidestart|p1: Alliance - Contort|move: Toxic Spikes","|","|turn|12","|","|move|p2a: Tentacruel|Rapid Spin|p1a: Meloetta","|-damage|p1a: Meloetta|253/403","|-sideend|p2: SWL Nocturne|Stealth Rock|[from] move: Rapid Spin|[of] p2a: Tentacruel","|move|p1a: Meloetta|Psyshock|p2a: Tentacruel","|-supereffective|p2a: Tentacruel","|-damage|p2a: Tentacruel|0 fnt","|faint|p2a: Tentacruel","|","|","|switch|p2a: Gengar|Gengar, M|179/261","|turn|13","|","|move|p2a: Gengar|Substitute|p2a: Gengar","|-start|p2a: Gengar|Substitute","|-damage|p2a: Gengar|114/261","|move|p1a: Meloetta|Psyshock|p2a: Gengar","|-supereffective|p2a: Gengar","|-end|p2a: Gengar|Substitute","|","|-heal|p2a: Gengar|130/261|[from] item: Black Sludge","|turn|14","|","|move|p2a: Gengar|Disable|p1a: Meloetta","|-start|p1a: Meloetta|Disable|Psyshock","|cant|p1a: Meloetta|Disable|Psyshock","|","|-heal|p2a: Gengar|146/261|[from] item: Black Sludge","|turn|15","|","|switch|p1a: Hoopa-Unbound|Hoopa-Unbound|301/301","|-status|p1a: Hoopa-Unbound|psn","|move|p2a: Gengar|Sludge Bomb|p1a: Hoopa-Unbound","|-damage|p1a: Hoopa-Unbound|166/301 psn","|","|-heal|p2a: Gengar|162/261|[from] item: Black Sludge","|-damage|p1a: Hoopa-Unbound|129/301 psn|[from] psn","|turn|16","|","|move|p1a: Hoopa-Unbound|Hyperspace Hole|p2a: Gengar","|-supereffective|p2a: Gengar","|-damage|p2a: Gengar|0 fnt","|faint|p2a: Gengar","|","|-damage|p1a: Hoopa-Unbound|92/301 psn|[from] psn","|","|switch|p2a: Venusaur|Venusaur, M|364/364","|turn|17","|","|detailschange|p2a: Venusaur|Venusaur-Mega, M","|-mega|p2a: Venusaur|Venusaur|Venusaurite","|move|p1a: Hoopa-Unbound|Hyperspace Hole|p2a: Venusaur","|-supereffective|p2a: Venusaur","|-damage|p2a: Venusaur|46/364","|move|p2a: Venusaur|Giga Drain|p1a: Hoopa-Unbound","|-damage|p1a: Hoopa-Unbound|2/301 psn","|-heal|p2a: Venusaur|91/364|[from] drain|[of] p1a: Hoopa-Unbound","|","|-damage|p1a: Hoopa-Unbound|0 fnt|[from] psn","|faint|p1a: Hoopa-Unbound","|","|switch|p1a: Meloetta|Meloetta|253/403","|-status|p1a: Meloetta|psn","|turn|18","|","|move|p1a: Meloetta|Psyshock|p2a: Venusaur","|-supereffective|p2a: Venusaur","|-damage|p2a: Venusaur|0 fnt","|faint|p2a: Venusaur","|","|-damage|p1a: Meloetta|203/403 psn|[from] psn","|","|switch|p2a: Scolipede|Scolipede, M|261/261","|turn|19","|","|switch|p1a: Slowbro|Slowbro, F|270/394","|-status|p1a: Slowbro|psn","|move|p2a: Scolipede|Megahorn|p1a: Slowbro","|-crit|p1a: Slowbro","|-supereffective|p1a: Slowbro","|-damage|p1a: Slowbro|0 fnt","|faint|p1a: Slowbro","|","|-boost|p2a: Scolipede|spe|1|[from] ability: Speed Boost","|","|switch|p1a: Victini|Victini|341/341","|-status|p1a: Victini|psn","|turn|20","|","|move|p1a: Victini|V-create|p2a: Scolipede","|-supereffective|p2a: Scolipede","|-damage|p2a: Scolipede|0 fnt","|-unboost|p1a: Victini|spe|1","|-unboost|p1a: Victini|def|1","|-unboost|p1a: Victini|spd|1","|faint|p2a: Scolipede","|","|-damage|p1a: Victini|299/341 psn|[from] psn","|","|switch|p2a: Nidoking|Nidoking, M|303/303","|turn|21","|","|move|p2a: Nidoking|Sludge Wave|p1a: Victini","|-damage|p1a: Victini|22/341 psn","|move|p1a: Victini|V-create|p2a: Nidoking","|-damage|p2a: Nidoking|0 fnt","|-unboost|p1a: Victini|spe|1","|-unboost|p1a: Victini|def|1","|-unboost|p1a: Victini|spd|1","|faint|p2a: Nidoking","|","|win|Alliance - Contort"],"p1rating":{"entryid":"5814858","serverid":"eos","formatid":"monotype","userid":"alliancecontort","username":"Alliance - Contort","w":33,"l":"13","t":"0","gxe":69,"r":"1638.4418632074","rd":"66.035971430349","sigma":"0","rptime":"1439715600","rpr":1652.493979321,"rprd":61.739955720597,"rpsigma":"0","acre":1288.2726221633,"lacre":1288.2726221633,"oldacre":"1279.9539057337"},"p2rating":{"entryid":7679315,"formatid":"monotype","userid":"swlnocturne","username":"SWL Nocturne","r":1500,"rd":130,"sigma":0,"rpr":1473.1732766794,"rprd":123.07947607245,"rpsigma":0,"rptime":1439715600,"w":0,"l":1,"t":0,"gxe":46.6,"acre":1000,"lacre":1000,"oldacre":1000},"endType":"normal"}