{"seed":[24140,257,49836,30579],"turns":21,"p1":"Fairy Ouroboros","p2":"SlyZix","p1team":[{"name":"Deoxys-Speed","species":"Deoxys-Speed","item":"lightclay","ability":"Pressure","moves":["taunt","stealthrock","lightscreen","reflect"],"nature":"Timid","evs":{"hp":248,"atk":0,"def":0,"spa":0,"spd":8,"spe":252},"ivs":{"hp":31,"atk":0,"def":31,"spa":31,"spd":31,"spe":31}},{"name":"Gardevoir","species":"Gardevoir","item":"gardevoirite","ability":"Trace","moves":["substitute","hypervoice","psyshock","painsplit"],"nature":"Modest","evs":{"hp":0,"atk":0,"def":0,"spa":252,"spd":4,"spe":252},"ivs":{"hp":31,"atk":0,"def":31,"spa":31,"spd":31,"spe":31}},{"name":"Victini","species":"Victini","item":"choicescarf","ability":"Victory Star","moves":["vcreate","uturn","boltstrike","blueflare"],"nature":"Naive","evs":{"hp":0,"atk":252,"def":0,"spa":4,"spd":0,"spe":252},"ivs":{"hp":31,"atk":31,"def":31,"spa":31,"spd":31,"spe":31}},{"name":"Mew","species":"Mew","item":"leftovers","ability":"Synchronize","moves":["nastyplot","vacuumwave","flamethrower","psyshock"],"nature":"Modest","evs":{"hp":148,"atk":0,"def":0,"spa":252,"spd":0,"spe":108},"ivs":{"hp":31,"atk":0,"def":31,"spa":31,"spd":31,"spe":31}},{"name":"Hoopa-Unbound","species":"Hoopa-Unbound","item":"dreadplate","ability":"Magician","moves":["knockoff","drainpunch","gunkshot","darkpulse"],"nature":"Lonely","evs":{"hp":236,"atk":252,"def":0,"spa":8,"spd":0,"spe":12},"ivs":{"hp":31,"atk":31,"def":31,"spa":31,"spd":31,"spe":31}},{"name":"Meloetta","species":"Meloetta","item":"assaultvest","ability":"Serene Grace","moves":["thunderbolt","energyball","shadowball","hypervoice"],"nature":"Modest","evs":{"hp":248,"atk":0,"def":0,"spa":252,"spd":8,"spe":0},"ivs":{"hp":31,"atk":0,"def":31,"spa":31,"spd":31,"spe":31}}],"p2team":[{"name":"Charizard","species":"Charizard","item":"charizarditey","ability":"Blaze","moves":["flamethrower","airslash","solarbeam","focusblast"],"nature":"Timid","evs":{"hp":0,"atk":0,"def":0,"spa":252,"spd":4,"spe":252},"ivs":{"hp":31,"atk":31,"def":31,"spa":31,"spd":31,"spe":31}},{"name":"Victini","species":"Victini","item":"choicescarf","ability":"Victory Star","moves":["glaciate","blueflare","energyball","thunderbolt"],"nature":"Timid","evs":{"hp":0,"atk":0,"def":0,"spa":252,"spd":4,"spe":252},"ivs":{"hp":31,"atk":31,"def":31,"spa":31,"spd":31,"spe":31}},{"name":"Torkoal","species":"Torkoal","item":"leftovers","ability":"White Smoke","moves":["lavaplume","rapidspin","stealthrock","rest"],"nature":"Bold","evs":{"hp":252,"atk":0,"def":252,"spa":4,"spd":0,"spe":0},"ivs":{"hp":31,"atk":31,"def":31,"spa":31,"spd":31,"spe":31}},{"name":"Rotom-Heat","species":"Rotom-Heat","item":"leftovers","ability":"Levitate","moves":["voltswitch","overheat","painsplit","willowisp"],"nature":"Calm","evs":{"hp":252,"atk":0,"def":0,"spa":4,"spd":252,"spe":0},"ivs":{"hp":31,"atk":31,"def":31,"spa":31,"spd":31,"spe":31}},{"name":"Entei","species":"Entei","item":"lifeorb","ability":"Pressure","moves":["ironhead","sacredfire","stoneedge","extremespeed"],"nature":"Adamant","evs":{"hp":0,"atk":252,"def":0,"spa":0,"spd":4,"spe":252},"shiny":true,"ivs":{"hp":31,"atk":31,"def":31,"spa":31,"spd":31,"spe":31}},{"name":"Emboar","species":"Emboar","item":"choicescarf","ability":"Reckless","moves":["flareblitz","headsmash","wildcharge","superpower"],"nature":"Jolly","evs":{"hp":0,"atk":252,"def":0,"spa":0,"spd":4,"spe":252},"ivs":{"hp":31,"atk":31,"def":31,"spa":31,"spd":31,"spe":31}}],"log":["|player|p1|Fairy Ouroboros|swlneki.png","|player|p2|SlyZix|293","|gametype|singles","|gen|6","|tier|Monotype","|rated","|rule|Baton Pass Clause: Limit one Baton Passer, can't pass Spe and other stats simultaneously","|rule|Swagger Clause: Swagger is banned","|rule|Same Type Clause: Pokémon in a team must share a type","|clearpoke","|poke|p1|Deoxys-Speed","|poke|p1|Gardevoir, M","|poke|p1|Victini","|poke|p1|Mew","|poke|p1|Hoopa-Unbound","|poke|p1|Meloetta","|poke|p2|Charizard, M","|poke|p2|Victini","|poke|p2|Torkoal, M","|poke|p2|Rotom-Heat","|poke|p2|Entei, shiny","|poke|p2|Emboar, F","|rule|Sleep Clause Mod: Limit one foe put to sleep","|rule|Species Clause: Limit one of each Pokémon","|rule|OHKO Clause: OHKO moves are banned","|rule|Moody Clause: Moody is banned","|rule|Evasion Moves Clause: Evasion moves are banned","|rule|Endless Battle Clause: Forcing endless battles is banned","|rule|HP Percentage Mod: HP is shown in percentages","|teampreview","|","|start","|switch|p1a: Deoxys-Speed|Deoxys-Speed|303/303","|switch|p2a: Torkoal|Torkoal, M|344/344","|-ability|p1a: Deoxys-Speed|Pressure","|turn|1","|","|move|p1a: Deoxys-Speed|Taunt|p2a: Torkoal","|-start|p2a: Torkoal|move: Taunt","|cant|p2a: Torkoal|move: Taunt|Stealth Rock","|","|turn|2","|","|move|p1a: Deoxys-Speed|Stealth Rock|p2a: Torkoal","|-sidestart|p2: SlyZix|move: Stealth Rock","|move|p2a: Torkoal|Lava Plume|p1a: Deoxys-Speed","|-damage|p1a: Deoxys-Speed|219/303","|-status|p1a: Deoxys-Speed|brn","|","|-damage|p1a: Deoxys-Speed|182/303 brn|[from] brn","|turn|3","|","|move|p1a: Deoxys-Speed|Reflect|p1a: Deoxys-Speed","|-sidestart|p1: Fairy Ouroboros|Reflect","|move|p2a: Torkoal|Rapid Spin|p1a: Deoxys-Speed","|-damage|p1a: Deoxys-Speed|175/303 brn","|-sideend|p2: SlyZix|Stealth Rock|[from] move: Rapid Spin|[of] p2a: Torkoal","|","|-damage|p1a: Deoxys-Speed|138/303 brn|[from] brn","|-end|p2a: Torkoal|move: Taunt","|turn|4","|","|move|p1a: Deoxys-Speed|Taunt|p2a: Torkoal","|-start|p2a: Torkoal|move: Taunt","|move|p2a: Torkoal|Lava Plume|p1a: Deoxys-Speed","|-crit|p1a: Deoxys-Speed","|-damage|p1a: Deoxys-Speed|3/303 brn","|","|-damage|p1a: Deoxys-Speed|0 fnt|[from] brn","|faint|p1a: Deoxys-Speed","|","|switch|p1a: Hoopa-Unbound|Hoopa-Unbound|360/360","|turn|5","|","|move|p1a: Hoopa-Unbound|Dark Pulse|p2a: Torkoal","|-damage|p2a: Torkoal|109/344","|move|p2a: Torkoal|Lava Plume|p1a: Hoopa-Unbound","|-damage|p1a: Hoopa-Unbound|294/360","|","|-heal|p2a: Torkoal|130/344|[from] item: Leftovers","|turn|6","|","|switch|p2a: Rotom-Heat|Rotom-Heat|304/304","|move|p1a: Hoopa-Unbound|Dark Pulse|p2a: Rotom-Heat","|-damage|p2a: Rotom-Heat|184/304","|","|-heal|p2a: Rotom-Heat|203/304|[from] item: Leftovers","|turn|7","|","|move|p2a: Rotom-Heat|Overheat|p1a: Hoopa-Unbound|[miss]","|-miss|p2a: Rotom-Heat|p1a: Hoopa-Unbound","|move|p1a: Hoopa-Unbound|Knock Off|p2a: Rotom-Heat","|-damage|p2a: Rotom-Heat|0 fnt","|-enditem|p2a: Rotom-Heat|Leftovers|[from] move: Knock Off|[of] p1a: Hoopa-Unbound","|faint|p2a: Rotom-Heat","|","|","|switch|p2a: Charizard|Charizard, M|297/297","|turn|8","|","|detailschange|p2a: Charizard|Charizard-Mega-Y, M","|-mega|p2a: Charizard|Charizard|Charizardite Y","|-weather|SunnyDay","|move|p2a: Charizard|Flamethrower|p1a: Hoopa-Unbound","|-damage|p1a: Hoopa-Unbound|56/360","|move|p1a: Hoopa-Unbound|Gunk Shot|p2a: Charizard","|-damage|p2a: Charizard|89/297","|-status|p2a: Charizard|psn","|","|-weather|SunnyDay|[upkeep]","|-damage|p2a: Charizard|52/297 psn|[from] psn","|turn|9","|","|move|p2a: Charizard|Flamethrower|p1a: Hoopa-Unbound","|-damage|p1a: Hoopa-Unbound|0 fnt","|faint|p1a: Hoopa-Unbound","|","|-weather|SunnyDay|[upkeep]","|-damage|p2a: Charizard|15/297 psn|[from] psn","|","|switch|p1a: Victini|Victini|341/341","|turn|10","|","|move|p1a: Victini|U-turn|p2a: Charizard","|-resisted|p2a: Charizard","|-damage|p2a: Charizard|0 fnt","|faint|p2a: Charizard","|","|switch|p1a: Gardevoir|Gardevoir, M|277/277","|","|-weather|SunnyDay|[upkeep]","|-sideend|p1: Fairy Ouroboros|Reflect","|","|switch|p2a: Emboar|Emboar, F|361/361","|-ability|p1a: Gardevoir|Reckless|[from] ability: Trace|[of] p2a: Emboar","|turn|11","|","|detailschange|p1a: Gardevoir|Gardevoir-Mega, M","|-mega|p1a: Gardevoir|Gardevoir|Gardevoirite","|move|p2a: Emboar|Flare Blitz|p1a: Gardevoir","|-damage|p1a: Gardevoir|0 fnt","|-damage|p2a: Emboar|270/361|[from] recoil|[of] p1a: Gardevoir","|faint|p1a: Gardevoir","|","|-weather|SunnyDay|[upkeep]","|","|switch|p1a: Victini|Victini|341/341","|turn|12","|","|switch|p2a: Torkoal|Torkoal, M|130/344","|move|p1a: Victini|V-create|p2a: Torkoal","|-resisted|p2a: Torkoal","|-damage|p2a: Torkoal|25/344","|-unboost|p1a: Victini|spe|1","|-unboost|p1a: Victini|def|1","|-unboost|p1a: Victini|spd|1","|","|-weather|none","|-heal|p2a: Torkoal|46/344|[from] item: Leftovers","|turn|13","|","|move|p1a: Victini|V-create|p2a: Torkoal","|-resisted|p2a: Torkoal","|-damage|p2a: Torkoal|0 fnt","|-unboost|p1a: Victini|spe|1","|-unboost|p1a: Victini|def|1","|-unboost|p1a: Victini|spd|1","|faint|p2a: Torkoal","|","|","|switch|p2a: Entei|Entei, shiny|371/371","|-ability|p2a: Entei|Pressure","|turn|14","|","|move|p2a: Entei|Stone Edge|p1a: Victini","|-supereffective|p1a: Victini","|-damage|p1a: Victini|0 fnt","|-damage|p2a: Entei|334/371|[from] item: Life Orb","|faint|p1a: Victini","|","|","|switch|p1a: Mew|Mew|378/378","|turn|15","|","|move|p2a: Entei|Sacred Fire|p1a: Mew","|-crit|p1a: Mew","|-damage|p1a: Mew|53/378","|-status|p1a: Mew|brn","|-damage|p2a: Entei|297/371|[from] item: Life Orb","|move|p1a: Mew|Psyshock|p2a: Entei","|-crit|p2a: Entei","|-damage|p2a: Entei|77/371","|","|-heal|p1a: Mew|76/378 brn|[from] item: Leftovers","|-damage|p1a: Mew|29/378 brn|[from] brn","|turn|16","|","|move|p2a: Entei|Extreme Speed|p1a: Mew","|-damage|p1a: Mew|0 fnt","|-damage|p2a: Entei|40/371|[from] item: Life Orb","|faint|p1a: Mew","|","|","|switch|p1a: Meloetta|Meloetta|403/403","|turn|17","|","|move|p2a: Entei|Sacred Fire|p1a: Meloetta|[miss]","|-miss|p2a: Entei|p1a: Meloetta","|move|p1a: Meloetta|Hyper Voice|p2a: Entei","|-damage|p2a: Entei|0 fnt","|faint|p2a: Entei","|","|","|switch|p2a: Victini|Victini|341/341","|turn|18","|","|move|p2a: Victini|Blue Flare|p1a: Meloetta","|-damage|p1a: Meloetta|297/403","|move|p1a: Meloetta|Thunderbolt|p2a: Victini","|-damage|p2a: Victini|227/341","|","|turn|19","|","|move|p2a: Victini|Blue Flare|p1a: Meloetta","|-damage|p1a: Meloetta|195/403","|move|p1a: Meloetta|Thunderbolt|p2a: Victini","|-damage|p2a: Victini|118/341","|","|turn|20","|","|move|p2a: Victini|Blue Flare|p1a: Meloetta","|-crit|p1a: Meloetta","|-damage|p1a: Meloetta|24/403","|move|p1a: Meloetta|Thunderbolt|p2a: Victini","|-damage|p2a: Victini|4/341","|","|turn|21","|","|move|p2a: Victini|Blue Flare|p1a: Meloetta","|-damage|p1a: Meloetta|0 fnt","|faint|p1a: Meloetta","|","|win|SlyZix"],"p1rating":{"entryid":"7662052","serverid":"eos","formatid":"monotype","userid":"fairyouroboros","username":"Fairy Ouroboros","w":"9","l":2,"t":"0","gxe":66.1,"r":"1500","rd":"130","sigma":"0","rptime":"1439629200","rpr":1629.6102506613,"rprd":84.646325376264,"rpsigma":"0","acre":1170.7462750139,"lacre":1170.7462750139,"oldacre":"1202.0602897338"},"p2rating":{"entryid":"6871806","serverid":"eos","formatid":"monotype","userid":"slyzix","username":"SlyZix","w":6,"l":"6","t":"0","gxe":50.1,"r":"1550.7891805332","rd":"95.956925353462","sigma":"0","rptime":"1439629200","rpr":1500.8483668335,"rprd":85.050878352339,"rpsigma":"0","acre":1143.6852048566,"lacre":1143.6852048566,"oldacre":"1112.3711901367"},"endType":"normal"}