{"seed":[26410,576,46852,29988],"turns":27,"p1":"Alliance ♋ akaFila","p2":"Emg Svu","p1team":[{"name":"meme 1","species":"genesect","item":"choicescarf","ability":"Download","moves":["flamethrower","flashcannon","uturn","extremespeed"],"nature":"Hasty","evs":{"hp":0,"atk":4,"def":0,"spa":252,"spd":0,"spe":252},"shiny":true,"ivs":{"hp":31,"atk":31,"def":31,"spa":31,"spd":31,"spe":31}},{"name":"meme 2","species":"armaldo","item":"choiceband","ability":"Battle Armor","moves":["rockblast","aquatail","facade","rapidspin"],"nature":"Adamant","evs":{"hp":248,"atk":252,"def":0,"spa":0,"spd":8,"spe":0},"shiny":true,"ivs":{"hp":31,"atk":31,"def":31,"spa":31,"spd":31,"spe":31}},{"name":"meme 3","species":"beedrill","item":"beedrillite","ability":"Swarm","moves":["xscissor","knockoff","gigaimpact","protect"],"nature":"Jolly","evs":{"hp":0,"atk":252,"def":0,"spa":0,"spd":4,"spe":252},"shiny":true,"ivs":{"hp":31,"atk":31,"def":31,"spa":31,"spd":31,"spe":31}},{"name":"meme 4","species":"shedinja","item":"focussash","ability":"Wonder Guard","moves":["swordsdance","phantomforce","xscissor","shadowsneak"],"nature":"Jolly","evs":{"hp":0,"atk":252,"def":4,"spa":0,"spd":0,"spe":252},"shiny":true,"ivs":{"hp":31,"atk":31,"def":31,"spa":31,"spd":31,"spe":31}},{"name":"meme 5","species":"yanmega","item":"leftovers","ability":"Speed Boost","moves":["airslash","ancientpower","bugbuzz","protect"],"nature":"Modest","evs":{"hp":0,"atk":0,"def":0,"spa":252,"spd":4,"spe":252},"shiny":true,"ivs":{"hp":31,"atk":31,"def":31,"spa":31,"spd":31,"spe":31}},{"name":"meme 6","species":"volcarona","item":"assaultvest","ability":"Flame Body","moves":["fierydance","hurricane","flamecharge","uturn"],"nature":"Calm","evs":{"hp":252,"atk":0,"def":4,"spa":0,"spd":252,"spe":0},"shiny":true,"ivs":{"hp":31,"atk":31,"def":31,"spa":31,"spd":31,"spe":31}}],"p2team":[{"name":"Hippowdon","species":"Hippowdon","item":"leftovers","ability":"Sand Stream","moves":["earthquake","stoneedge","slackoff","stealthrock"],"nature":"Impish","evs":{"hp":208,"atk":12,"def":216,"spa":0,"spd":72,"spe":0},"gender":"F","ivs":{"hp":31,"atk":31,"def":31,"spa":31,"spd":31,"spe":31}},{"name":"Gastrodon","species":"Gastrodon","item":"leftovers","ability":"Storm Drain","moves":["scald","toxic","recover","earthpower"],"nature":"Bold","evs":{"hp":252,"atk":0,"def":252,"spa":4,"spd":0,"spe":0},"gender":"M","ivs":{"hp":31,"atk":31,"def":31,"spa":31,"spd":31,"spe":31}},{"name":"Landorus","species":"Landorus","item":"lifeorb","ability":"Sheer Force","moves":["sludgewave","earthpower","psychic","focusblast"],"nature":"Timid","evs":{"hp":0,"atk":0,"def":0,"spa":252,"spd":4,"spe":252},"ivs":{"hp":31,"atk":31,"def":31,"spa":31,"spd":31,"spe":31}},{"name":"Garchomp","species":"Garchomp","item":"garchompite","ability":"Rough Skin","moves":["earthquake","dragonclaw","fireblast","swordsdance"],"nature":"Naive","evs":{"hp":0,"atk":252,"def":0,"spa":4,"spd":0,"spe":252},"ivs":{"hp":31,"atk":31,"def":31,"spa":31,"spd":31,"spe":31}},{"name":"Mamoswine","species":"Mamoswine","item":"assaultvest","ability":"Thick Fat","moves":["earthquake","iciclespear","iceshard","knockoff"],"nature":"Adamant","evs":{"hp":248,"atk":252,"def":0,"spa":0,"spd":8,"spe":0},"ivs":{"hp":31,"atk":31,"def":31,"spa":31,"spd":31,"spe":31}},{"name":"Excadrill","species":"Excadrill","item":"lifeorb","ability":"Sand Rush","moves":["earthquake","ironhead","rockslide","swordsdance"],"nature":"Adamant","evs":{"hp":4,"atk":252,"def":0,"spa":0,"spd":0,"spe":252},"ivs":{"hp":31,"atk":31,"def":31,"spa":31,"spd":31,"spe":31}}],"log":["|player|p1|Alliance ♋ akaFila|allianceakafila.gif","|player|p2|Emg Svu|67","|gametype|singles","|gen|6","|tier|Monotype","|rated","|rule|Baton Pass Clause: Limit one Baton Passer, can't pass Spe and other stats simultaneously","|rule|Swagger Clause: Swagger is banned","|rule|Same Type Clause: Pokémon in a team must share a type","|clearpoke","|poke|p1|Genesect-*, shiny","|poke|p1|Armaldo, F, shiny","|poke|p1|Beedrill, F, shiny","|poke|p1|Shedinja, shiny","|poke|p1|Yanmega, F, shiny","|poke|p1|Volcarona, M, shiny","|poke|p2|Hippowdon, F","|poke|p2|Gastrodon, M","|poke|p2|Landorus, M","|poke|p2|Garchomp, F","|poke|p2|Mamoswine, F","|poke|p2|Excadrill, M","|rule|Sleep Clause Mod: Limit one foe put to sleep","|rule|Species Clause: Limit one of each Pokémon","|rule|OHKO Clause: OHKO moves are banned","|rule|Moody Clause: Moody is banned","|rule|Evasion Moves Clause: Evasion moves are banned","|rule|Endless Battle Clause: Forcing endless battles is banned","|rule|HP Percentage Mod: HP is shown in percentages","|teampreview","|","|start","|switch|p1a: meme 1|Genesect, shiny|283/283","|switch|p2a: Hippowdon|Hippowdon, F|409/409","|-boost|p1a: meme 1|spa|1|[from] ability: Download","|-weather|Sandstorm","|turn|1","|","|move|p1a: meme 1|U-turn|p2a: Hippowdon","|-damage|p2a: Hippowdon|340/409","|","|switch|p1a: meme 3|Beedrill, F, shiny|271/271","|move|p2a: Hippowdon|Stealth Rock|p1a: meme 3","|-sidestart|p1: Alliance ♋ akaFila|move: Stealth Rock","|","|-weather|Sandstorm|[upkeep]","|-damage|p1a: meme 3|255/271|[from] sandstorm","|-heal|p2a: Hippowdon|365/409|[from] item: Leftovers","|turn|2","|","|detailschange|p1a: meme 3|Beedrill-Mega, F, shiny","|-mega|p1a: meme 3|Beedrill|Beedrillite","|move|p1a: meme 3|Knock Off|p2a: Hippowdon","|-damage|p2a: Hippowdon|276/409","|-enditem|p2a: Hippowdon|Leftovers|[from] move: Knock Off|[of] p1a: meme 3","|move|p2a: Hippowdon|Stone Edge|p1a: meme 3|[miss]","|-miss|p2a: Hippowdon|p1a: meme 3","|","|-weather|Sandstorm|[upkeep]","|-damage|p1a: meme 3|239/271|[from] sandstorm","|turn|3","|","|move|p1a: meme 3|Protect|p1a: meme 3","|-singleturn|p1a: meme 3|Protect","|move|p2a: Hippowdon|Stone Edge|p1a: meme 3","|-activate|p1a: meme 3|Protect","|","|-weather|Sandstorm|[upkeep]","|-damage|p1a: meme 3|223/271|[from] sandstorm","|turn|4","|","|switch|p1a: meme 2|Armaldo, F, shiny|353/353","|-damage|p1a: meme 2|265/353|[from] Stealth Rock","|move|p2a: Hippowdon|Stone Edge|p1a: meme 2|[miss]","|-miss|p2a: Hippowdon|p1a: meme 2","|","|-weather|Sandstorm|[upkeep]","|turn|5","|","|move|p2a: Hippowdon|Stone Edge|p1a: meme 2|[miss]","|-miss|p2a: Hippowdon|p1a: meme 2","|move|p1a: meme 2|Rapid Spin|p2a: Hippowdon","|-damage|p2a: Hippowdon|251/409","|-sideend|p1: Alliance ♋ akaFila|Stealth Rock|[from] move: Rapid Spin|[of] p1a: meme 2","|","|-weather|none","|turn|6","|","|switch|p1a: meme 4|Shedinja, shiny|1/1","|move|p2a: Hippowdon|Stone Edge|p1a: meme 4","|-supereffective|p1a: meme 4","|-enditem|p1a: meme 4|Focus Sash","|-damage|p1a: meme 4|1/1","|","|turn|7","|","|move|p1a: meme 4|Phantom Force|p2a: Hippowdon|[still]","|-prepare|p1a: meme 4|Phantom Force|p2a: Hippowdon","|move|p2a: Hippowdon|Stealth Rock|p1a: meme 4","|-sidestart|p1: Alliance ♋ akaFila|move: Stealth Rock","|","|turn|8","|","|move|p1a: meme 4|Phantom Force|p2a: Hippowdon|[from]lockedmove","|-damage|p2a: Hippowdon|167/409","|move|p2a: Hippowdon|Slack Off|p2a: Hippowdon","|-heal|p2a: Hippowdon|372/409","|","|turn|9","|","|move|p1a: meme 4|Phantom Force|p2a: Hippowdon|[still]","|-prepare|p1a: meme 4|Phantom Force|p2a: Hippowdon","|move|p2a: Hippowdon|Stone Edge|p1a: meme 4|[miss]","|-miss|p2a: Hippowdon|p1a: meme 4","|","|turn|10","|","|move|p1a: meme 4|Phantom Force|p2a: Hippowdon|[from]lockedmove","|-damage|p2a: Hippowdon|288/409","|move|p2a: Hippowdon|Stone Edge|p1a: meme 4","|-supereffective|p1a: meme 4","|-damage|p1a: meme 4|0 fnt","|faint|p1a: meme 4","|","|","|switch|p1a: meme 5|Yanmega, F, shiny|313/313","|-damage|p1a: meme 5|157/313|[from] Stealth Rock","|turn|11","|","|move|p1a: meme 5|Protect|p1a: meme 5","|-singleturn|p1a: meme 5|Protect","|move|p2a: Hippowdon|Stone Edge|p1a: meme 5","|-activate|p1a: meme 5|Protect","|","|-heal|p1a: meme 5|176/313|[from] item: Leftovers","|-boost|p1a: meme 5|spe|1|[from] ability: Speed Boost","|turn|12","|","|move|p1a: meme 5|Air Slash|p2a: Hippowdon","|-damage|p2a: Hippowdon|122/409","|move|p2a: Hippowdon|Slack Off|p2a: Hippowdon","|-heal|p2a: Hippowdon|327/409","|","|-heal|p1a: meme 5|195/313|[from] item: Leftovers","|-boost|p1a: meme 5|spe|1|[from] ability: Speed Boost","|turn|13","|","|switch|p2a: Mamoswine|Mamoswine, F|423/423","|move|p1a: meme 5|Air Slash|p2a: Mamoswine","|-damage|p2a: Mamoswine|284/423","|","|-heal|p1a: meme 5|214/313|[from] item: Leftovers","|-boost|p1a: meme 5|spe|1|[from] ability: Speed Boost","|turn|14","|","|switch|p1a: meme 1|Genesect, shiny|283/283","|-damage|p1a: meme 1|248/283|[from] Stealth Rock","|-boost|p1a: meme 1|spa|1|[from] ability: Download","|move|p2a: Mamoswine|Ice Shard|p1a: meme 1","|-crit|p1a: meme 1","|-resisted|p1a: meme 1","|-damage|p1a: meme 1|174/283","|","|turn|15","|","|move|p1a: meme 1|Flash Cannon|p2a: Mamoswine","|-supereffective|p2a: Mamoswine","|-damage|p2a: Mamoswine|0 fnt","|faint|p2a: Mamoswine","|","|","|switch|p2a: Landorus|Landorus, M|319/319","|turn|16","|","|switch|p1a: meme 5|Yanmega, F, shiny|214/313","|-damage|p1a: meme 5|58/313|[from] Stealth Rock","|move|p2a: Landorus|Earth Power|p1a: meme 5","|-immune|p1a: meme 5|[msg]","|","|-heal|p1a: meme 5|77/313|[from] item: Leftovers","|turn|17","|","|move|p1a: meme 5|Protect|p1a: meme 5","|-singleturn|p1a: meme 5|Protect","|move|p2a: Landorus|Sludge Wave|p1a: meme 5","|-activate|p1a: meme 5|Protect","|","|-heal|p1a: meme 5|96/313|[from] item: Leftovers","|-boost|p1a: meme 5|spe|1|[from] ability: Speed Boost","|turn|18","|","|move|p1a: meme 5|Air Slash|p2a: Landorus","|-damage|p2a: Landorus|165/319","|move|p2a: Landorus|Psychic|p1a: meme 5","|-damage|p1a: meme 5|0 fnt","|faint|p1a: meme 5","|","|","|switch|p1a: meme 3|Beedrill-Mega, F, shiny|223/271","|-damage|p1a: meme 3|156/271|[from] Stealth Rock","|turn|19","|","|move|p1a: meme 3|Giga Impact|p2a: Landorus","|-damage|p2a: Landorus|0 fnt","|faint|p2a: Landorus","|","|","|switch|p2a: Garchomp|Garchomp, F|357/357","|turn|20","|-mustrecharge|p1a: meme 3","|-mustrecharge|p1a: meme 3","|","|detailschange|p2a: Garchomp|Garchomp-Mega, F","|-mega|p2a: Garchomp|Garchomp|Garchompite","|cant|p1a: meme 3|recharge","|move|p2a: Garchomp|Swords Dance|p2a: Garchomp","|-boost|p2a: Garchomp|atk|2","|","|turn|21","|","|move|p1a: meme 3|Giga Impact|p2a: Garchomp","|-damage|p2a: Garchomp|180/357","|move|p2a: Garchomp|Earthquake|p1a: meme 3","|-damage|p1a: meme 3|0 fnt","|faint|p1a: meme 3","|","|","|switch|p1a: meme 1|Genesect, shiny|174/283","|-damage|p1a: meme 1|139/283|[from] Stealth Rock","|-boost|p1a: meme 1|spa|1|[from] ability: Download","|turn|22","|","|move|p1a: meme 1|Flash Cannon|p2a: Garchomp","|-damage|p2a: Garchomp|0 fnt","|faint|p2a: Garchomp","|","|","|switch|p2a: Gastrodon|Gastrodon, M|426/426","|turn|23","|","|move|p1a: meme 1|Flash Cannon|p2a: Gastrodon","|-resisted|p2a: Gastrodon","|-damage|p2a: Gastrodon|313/426","|move|p2a: Gastrodon|Scald|p1a: meme 1","|-damage|p1a: meme 1|49/283","|","|-heal|p2a: Gastrodon|339/426|[from] item: Leftovers","|turn|24","|","|move|p1a: meme 1|Flash Cannon|p2a: Gastrodon","|-crit|p2a: Gastrodon","|-resisted|p2a: Gastrodon","|-damage|p2a: Gastrodon|158/426","|move|p2a: Gastrodon|Scald|p1a: meme 1","|-damage|p1a: meme 1|0 fnt","|faint|p1a: meme 1","|","|-heal|p2a: Gastrodon|184/426|[from] item: Leftovers","|","|switch|p1a: meme 2|Armaldo, F, shiny|265/353","|-damage|p1a: meme 2|177/353|[from] Stealth Rock","|turn|25","|","|move|p1a: meme 2|Facade|p2a: Gastrodon","|-damage|p2a: Gastrodon|60/426","|move|p2a: Gastrodon|Scald|p1a: meme 2","|-supereffective|p1a: meme 2","|-damage|p1a: meme 2|0 fnt","|faint|p1a: meme 2","|","|-heal|p2a: Gastrodon|86/426|[from] item: Leftovers","|","|switch|p1a: meme 6|Volcarona, M, shiny|374/374","|-damage|p1a: meme 6|187/374|[from] Stealth Rock","|turn|26","|","|move|p1a: meme 6|Hurricane|p2a: Gastrodon","|-damage|p2a: Gastrodon|0 fnt","|faint|p2a: Gastrodon","|","|","|switch|p2a: Hippowdon|Hippowdon, F|327/409","|-weather|Sandstorm","|turn|27","|","|move|p1a: meme 6|Fiery Dance|p2a: Hippowdon","|-damage|p2a: Hippowdon|174/409","|move|p2a: Hippowdon|Earthquake|p1a: meme 6","|-damage|p1a: meme 6|18/374","|","|-weather|Sandstorm|[upkeep]","|-damage|p1a: meme 6|0 fnt|[from] sandstorm","|faint|p1a: meme 6","|","|win|Emg Svu"],"p1rating":{"entryid":"6670496","serverid":"eos","formatid":"monotype","userid":"allianceakafila","username":"Alliance ♋ akaFila","w":"34","l":36,"t":"0","gxe":48.1,"r":"1478.6658074401","rd":"46.666006016858","sigma":"0","rptime":"1439715600","rpr":1485.5451067555,"rprd":45.586363840969,"rpsigma":"0","acre":1161.9186359647,"lacre":1161.9186359647,"oldacre":"1190.3504824656"},"p2rating":{"entryid":"7656291","serverid":"eos","formatid":"monotype","userid":"emgsvu","username":"Emg Svu","w":17,"l":"9","t":"0","gxe":61.7,"r":"1576.1249706547","rd":"105.56273244861","sigma":"0","rptime":"1439715600","rpr":1591.5767841746,"rprd":64.84795088146,"rpsigma":"0","acre":1170.7854889391,"lacre":1170.7854889391,"oldacre":"1142.3536424382"},"endType":"normal"}