{"seed":[64356,12768,19448,40672],"turns":25,"p1":"Unravel DSV","p2":"Rain ☆ S.Herbs","p1team":[{"name":"CMX","species":"charizard","item":"charizarditex","ability":"Blaze","moves":["earthquake","dragonclaw","willowisp","roost"],"nature":"Careful","evs":{"hp":248,"atk":0,"def":0,"spa":0,"spd":148,"spe":112},"gender":"F","ivs":{"hp":31,"atk":31,"def":31,"spa":31,"spd":31,"spe":31}},{"name":"Guillotine","species":"gliscor","item":"toxicorb","ability":"Poison Heal","moves":["swordsdance","earthquake","knockoff","roost"],"nature":"Careful","evs":{"hp":244,"atk":0,"def":8,"spa":0,"spd":200,"spe":56},"gender":"F","ivs":{"hp":31,"atk":31,"def":31,"spa":31,"spd":31,"spe":31}},{"name":"Haxdos","species":"gyarados","item":"leftovers","ability":"Intimidate","moves":["waterfall","rest","sleeptalk","thunderwave"],"nature":"Careful","evs":{"hp":248,"atk":0,"def":0,"spa":0,"spd":252,"spe":8},"gender":"M","ivs":{"hp":31,"atk":31,"def":31,"spa":31,"spd":31,"spe":31}},{"name":"Roger","species":"tornadustherian","item":"assaultvest","ability":"Regenerator","moves":["hurricane","focusblast","knockoff","uturn"],"nature":"Timid","evs":{"hp":132,"atk":0,"def":0,"spa":160,"spd":0,"spe":216},"ivs":{"hp":31,"atk":31,"def":31,"spa":31,"spd":31,"spe":31}},{"name":"Kitty Kat","species":"landorustherian","item":"choicescarf","ability":"Intimidate","moves":["uturn","knockoff","stoneedge","earthquake"],"nature":"Adamant","evs":{"hp":0,"atk":252,"def":0,"spa":0,"spd":4,"spe":252},"ivs":{"hp":31,"atk":31,"def":31,"spa":31,"spd":31,"spe":31}},{"name":"Wall Maria","species":"skarmory","item":"leftovers","ability":"Sturdy","moves":["roost","defog","bravebird","whirlwind"],"nature":"Impish","evs":{"hp":252,"atk":0,"def":252,"spa":0,"spd":4,"spe":0},"gender":"F","ivs":{"hp":31,"atk":31,"def":31,"spa":31,"spd":31,"spe":31}}],"p2team":[{"name":"Hippowdon","species":"Hippowdon","item":"leftovers","ability":"Sand Stream","moves":["earthquake","stealthrock","slackoff","toxic"],"nature":"Careful","evs":{"hp":252,"atk":4,"def":252,"spa":0,"spd":0,"spe":0},"ivs":{"hp":31,"atk":31,"def":31,"spa":31,"spd":31,"spe":31}},{"name":"Landorus","species":"Landorus","item":"choicescarf","ability":"Sheer Force","moves":["earthpower","grassknot","rockslide","sludgewave"],"nature":"Naive","evs":{"hp":0,"atk":4,"def":0,"spa":252,"spd":0,"spe":252},"ivs":{"hp":31,"atk":31,"def":31,"spa":31,"spd":31,"spe":31}},{"name":"Gliscor","species":"Gliscor","item":"toxicorb","ability":"Poison Heal","moves":["swordsdance","earthquake","knockoff","poisonjab"],"nature":"Careful","evs":{"hp":244,"atk":0,"def":8,"spa":0,"spd":200,"spe":56},"ivs":{"hp":31,"atk":31,"def":31,"spa":31,"spd":31,"spe":31}},{"name":"Garchomp","species":"Garchomp","item":"garchompite","ability":"Rough Skin","moves":["dracometeor","earthquake","flamethrower","stealthrock"],"nature":"Naive","evs":{"hp":0,"atk":4,"def":0,"spa":252,"spd":0,"spe":252},"ivs":{"hp":31,"atk":31,"def":31,"spa":31,"spd":31,"spe":31}},{"name":"Gastrodon","species":"Gastrodon","item":"leftovers","ability":"Storm Drain","moves":["scald","icebeam","toxic","earthpower"],"nature":"Calm","evs":{"hp":252,"atk":0,"def":252,"spa":4,"spd":0,"spe":0},"ivs":{"hp":31,"atk":31,"def":31,"spa":31,"spd":31,"spe":31}},{"name":"Excadrill","species":"Excadrill","item":"airballoon","ability":"Sand Rush","moves":["earthquake","ironhead","rockslide","swordsdance"],"nature":"Adamant","evs":{"hp":0,"atk":252,"def":4,"spa":0,"spd":0,"spe":252},"shiny":true,"ivs":{"hp":31,"atk":31,"def":31,"spa":31,"spd":31,"spe":31}}],"log":["|player|p1|Unravel DSV|dsv.png","|player|p2|Rain ☆ S.Herbs|154","|gametype|singles","|gen|6","|tier|Monotype","|rated","|rule|Baton Pass Clause: Limit one Baton Passer, can't pass Spe and other stats simultaneously","|rule|Swagger Clause: Swagger is banned","|rule|Same Type Clause: Pokémon in a team must share a type","|clearpoke","|poke|p1|Charizard, F","|poke|p1|Gliscor, F","|poke|p1|Gyarados, M","|poke|p1|Tornadus-Therian, M","|poke|p1|Landorus-Therian, M","|poke|p1|Skarmory, F","|poke|p2|Hippowdon, M","|poke|p2|Landorus, M","|poke|p2|Gliscor, M","|poke|p2|Garchomp, F","|poke|p2|Gastrodon, F","|poke|p2|Excadrill, F, shiny","|rule|Sleep Clause Mod: Limit one foe put to sleep","|rule|Species Clause: Limit one of each Pokémon","|rule|OHKO Clause: OHKO moves are banned","|rule|Moody Clause: Moody is banned","|rule|Evasion Moves Clause: Evasion moves are banned","|rule|Endless Battle Clause: Forcing endless battles is banned","|rule|HP Percentage Mod: HP is shown in percentages","|teampreview","|","|start","|switch|p1a: CMX|Charizard, F|359/359","|switch|p2a: Hippowdon|Hippowdon, M|420/420","|-weather|Sandstorm","|turn|1","|","|detailschange|p1a: CMX|Charizard-Mega-X, F","|-mega|p1a: CMX|Charizard|Charizardite X","|move|p1a: CMX|Will-O-Wisp|p2a: Hippowdon","|-status|p2a: Hippowdon|brn","|move|p2a: Hippowdon|Toxic|p1a: CMX","|-status|p1a: CMX|tox","|","|-weather|Sandstorm|[upkeep]","|-damage|p1a: CMX|337/359 tox|[from] sandstorm","|-damage|p1a: CMX|315/359 tox|[from] psn","|-damage|p2a: Hippowdon|368/420 brn|[from] brn","|turn|2","|","|move|p1a: CMX|Dragon Claw|p2a: Hippowdon","|-damage|p2a: Hippowdon|250/420 brn","|move|p2a: Hippowdon|Stealth Rock|p1a: CMX","|-sidestart|p1: Unravel DSV|move: Stealth Rock","|","|-weather|Sandstorm|[upkeep]","|-damage|p1a: CMX|293/359 tox|[from] sandstorm","|-heal|p2a: Hippowdon|276/420 brn|[from] item: Leftovers","|-damage|p1a: CMX|249/359 tox|[from] psn","|-damage|p2a: Hippowdon|224/420 brn|[from] brn","|turn|3","|","|switch|p1a: Wall Maria|Skarmory, F|334/334","|-damage|p1a: Wall Maria|293/334|[from] Stealth Rock","|switch|p2a: Gliscor|Gliscor, M|352/352","|","|-weather|Sandstorm|[upkeep]","|-heal|p1a: Wall Maria|313/334|[from] item: Leftovers","|-status|p2a: Gliscor|tox|[from] item: Toxic Orb","|turn|4","|","|move|p2a: Gliscor|Knock Off|p1a: Wall Maria","|-damage|p1a: Wall Maria|273/334","|-enditem|p1a: Wall Maria|Leftovers|[from] move: Knock Off|[of] p2a: Gliscor","|move|p1a: Wall Maria|Defog|p2a: Gliscor","|-unboost|p2a: Gliscor|evasion|1","|-sideend|p1: Unravel DSV|Stealth Rock|[from] move: Defog|[of] p1a: Wall Maria","|","|-weather|Sandstorm|[upkeep]","|turn|5","|","|switch|p1a: CMX|Charizard-Mega-X, F|249/359 tox","|move|p2a: Gliscor|Swords Dance|p2a: Gliscor","|-boost|p2a: Gliscor|atk|2","|","|-weather|none","|-damage|p1a: CMX|227/359 tox|[from] psn","|turn|6","|","|move|p1a: CMX|Dragon Claw|p2a: Gliscor","|-damage|p2a: Gliscor|229/352 tox","|move|p2a: Gliscor|Earthquake|p1a: CMX","|-supereffective|p1a: CMX","|-damage|p1a: CMX|0 fnt","|faint|p1a: CMX","|","|-heal|p2a: Gliscor|273/352 tox|[from] ability: Poison Heal","|","|switch|p1a: Kitty Kat|Landorus-Therian, M|319/319","|-ability|p1a: Kitty Kat|Intimidate","|-unboost|p2a: Gliscor|atk|1","|turn|7","|","|move|p1a: Kitty Kat|U-turn|p2a: Gliscor","|-resisted|p2a: Gliscor","|-damage|p2a: Gliscor|233/352 tox","|","|switch|p1a: Haxdos|Gyarados, M|393/393","|-ability|p1a: Haxdos|Intimidate","|-unboost|p2a: Gliscor|atk|1","|move|p2a: Gliscor|Knock Off|p1a: Haxdos","|-crit|p1a: Haxdos","|-damage|p1a: Haxdos|257/393","|-enditem|p1a: Haxdos|Leftovers|[from] move: Knock Off|[of] p2a: Gliscor","|","|-heal|p2a: Gliscor|277/352 tox|[from] ability: Poison Heal","|turn|8","|","|move|p2a: Gliscor|Poison Jab|p1a: Haxdos","|-damage|p1a: Haxdos|187/393","|-status|p1a: Haxdos|psn","|move|p1a: Haxdos|Waterfall|p2a: Gliscor","|-supereffective|p2a: Gliscor","|-damage|p2a: Gliscor|101/352 tox","|","|-heal|p2a: Gliscor|145/352 tox|[from] ability: Poison Heal","|-damage|p1a: Haxdos|138/393 psn|[from] psn","|turn|9","|","|switch|p2a: Hippowdon|Hippowdon, M|224/420 brn","|-weather|Sandstorm","|move|p1a: Haxdos|Rest|p1a: Haxdos","|-status|p1a: Haxdos|slp","|-heal|p1a: Haxdos|393/393 slp|[silent]","|-status|p1a: Haxdos|slp|[from] move: Rest","|","|-weather|Sandstorm|[upkeep]","|-damage|p1a: Haxdos|369/393 slp|[from] sandstorm","|-heal|p2a: Hippowdon|250/420 brn|[from] item: Leftovers","|-damage|p2a: Hippowdon|198/420 brn|[from] brn","|turn|10","|","|switch|p1a: Guillotine|Gliscor, F|352/352","|move|p2a: Hippowdon|Stealth Rock|p1a: Guillotine","|-sidestart|p1: Unravel DSV|move: Stealth Rock","|","|-weather|Sandstorm|[upkeep]","|-heal|p2a: Hippowdon|224/420 brn|[from] item: Leftovers","|-damage|p2a: Hippowdon|172/420 brn|[from] brn","|-status|p1a: Guillotine|tox|[from] item: Toxic Orb","|turn|11","|","|move|p1a: Guillotine|Swords Dance|p1a: Guillotine","|-boost|p1a: Guillotine|atk|2","|move|p2a: Hippowdon|Slack Off|p2a: Hippowdon","|-heal|p2a: Hippowdon|382/420 brn","|","|-weather|Sandstorm|[upkeep]","|-heal|p2a: Hippowdon|408/420 brn|[from] item: Leftovers","|-damage|p2a: Hippowdon|356/420 brn|[from] brn","|turn|12","|","|switch|p2a: Gliscor|Gliscor, M|145/352 tox","|move|p1a: Guillotine|Knock Off|p2a: Gliscor","|-damage|p2a: Gliscor|32/352 tox","|-enditem|p2a: Gliscor|Toxic Orb|[from] move: Knock Off|[of] p1a: Guillotine","|","|-weather|Sandstorm|[upkeep]","|-heal|p2a: Gliscor|76/352 tox|[from] ability: Poison Heal","|turn|13","|","|move|p2a: Gliscor|Knock Off|p1a: Guillotine","|-damage|p1a: Guillotine|292/352 tox","|-enditem|p1a: Guillotine|Toxic Orb|[from] move: Knock Off|[of] p2a: Gliscor","|move|p1a: Guillotine|Knock Off|p2a: Gliscor","|-damage|p2a: Gliscor|0 fnt","|faint|p2a: Gliscor","|","|-weather|none","|-heal|p1a: Guillotine|336/352 tox|[from] ability: Poison Heal","|","|switch|p2a: Gastrodon|Gastrodon, F|426/426","|turn|14","|","|move|p1a: Guillotine|Earthquake|p2a: Gastrodon","|-damage|p2a: Gastrodon|185/426","|move|p2a: Gastrodon|Ice Beam|p1a: Guillotine","|-supereffective|p1a: Guillotine","|-damage|p1a: Guillotine|80/352 tox","|","|-heal|p2a: Gastrodon|211/426|[from] item: Leftovers","|-heal|p1a: Guillotine|124/352 tox|[from] ability: Poison Heal","|turn|15","|","|switch|p2a: Landorus|Landorus, M|319/319","|move|p1a: Guillotine|Earthquake|p2a: Landorus","|-immune|p2a: Landorus|[msg]","|","|-heal|p1a: Guillotine|168/352 tox|[from] ability: Poison Heal","|turn|16","|","|switch|p1a: Roger|Tornadus-Therian, M|332/332","|-damage|p1a: Roger|249/332|[from] Stealth Rock","|move|p2a: Landorus|Rock Slide|p1a: Roger","|-supereffective|p1a: Roger","|-damage|p1a: Roger|25/332","|","|turn|17","|","|move|p2a: Landorus|Rock Slide|p1a: Roger","|-supereffective|p1a: Roger","|-damage|p1a: Roger|0 fnt","|faint|p1a: Roger","|","|","|switch|p1a: Guillotine|Gliscor, F|168/352 tox","|-damage|p1a: Guillotine|124/352 tox|[from] Stealth Rock","|turn|18","|","|move|p2a: Landorus|Rock Slide|p1a: Guillotine","|-damage|p1a: Guillotine|52/352 tox","|move|p1a: Guillotine|Roost|p1a: Guillotine","|-heal|p1a: Guillotine|228/352 tox","|","|-heal|p1a: Guillotine|272/352 tox|[from] ability: Poison Heal","|turn|19","|","|switch|p2a: Hippowdon|Hippowdon, M|356/420 brn","|-weather|Sandstorm","|move|p1a: Guillotine|Swords Dance|p1a: Guillotine","|-boost|p1a: Guillotine|atk|2","|","|-weather|Sandstorm|[upkeep]","|-heal|p2a: Hippowdon|382/420 brn|[from] item: Leftovers","|-heal|p1a: Guillotine|316/352 tox|[from] ability: Poison Heal","|-damage|p2a: Hippowdon|330/420 brn|[from] brn","|turn|20","|","|switch|p2a: Landorus|Landorus, M|319/319","|move|p1a: Guillotine|Earthquake|p2a: Landorus","|-immune|p2a: Landorus|[msg]","|","|-weather|Sandstorm|[upkeep]","|-heal|p1a: Guillotine|352/352 tox|[from] ability: Poison Heal","|turn|21","|","|move|p2a: Landorus|Rock Slide|p1a: Guillotine","|-damage|p1a: Guillotine|274/352 tox","|move|p1a: Guillotine|Swords Dance|p1a: Guillotine","|-boost|p1a: Guillotine|atk|2","|","|-weather|Sandstorm|[upkeep]","|-heal|p1a: Guillotine|318/352 tox|[from] ability: Poison Heal","|turn|22","|","|switch|p2a: Gastrodon|Gastrodon, F|211/426","|move|p1a: Guillotine|Swords Dance|p1a: Guillotine","|-boost|p1a: Guillotine|atk|2","|","|-weather|Sandstorm|[upkeep]","|-heal|p2a: Gastrodon|237/426|[from] item: Leftovers","|-heal|p1a: Guillotine|352/352 tox|[from] ability: Poison Heal","|turn|23","|","|move|p1a: Guillotine|Earthquake|p2a: Gastrodon","|-damage|p2a: Gastrodon|0 fnt","|faint|p2a: Gastrodon","|","|-weather|none","|","|switch|p2a: Hippowdon|Hippowdon, M|330/420 brn","|-weather|Sandstorm","|turn|24","|","|move|p1a: Guillotine|Knock Off|p2a: Hippowdon","|-damage|p2a: Hippowdon|109/420 brn","|-enditem|p2a: Hippowdon|Leftovers|[from] move: Knock Off|[of] p1a: Guillotine","|move|p2a: Hippowdon|Toxic|p1a: Guillotine","|-fail|p1a: Guillotine|tox","|","|-weather|Sandstorm|[upkeep]","|-damage|p2a: Hippowdon|57/420 brn|[from] brn","|turn|25","|","|win|Unravel DSV"],"p1rating":{"entryid":"7661999","serverid":"eos","formatid":"monotype","userid":"unraveldsv","username":"Unravel DSV","w":4,"l":"1","t":"0","gxe":65.3,"r":"1556.2733060998","rd":"111.4055424666","sigma":"0","rptime":"1439715600","rpr":1624.090084504,"rprd":102.02990388549,"rpsigma":"0","acre":1138.7156154449,"lacre":1138.7156154449,"oldacre":"1113.7610554627"},"p2rating":{"entryid":"7610897","serverid":"eos","formatid":"monotype","userid":"rainsherbs","username":"Rain ☆ S.Herbs","w":"10","l":9,"t":"0","gxe":51.9,"r":"1613.0187063722","rd":"88.744540362824","sigma":"0","rptime":"1439715600","rpr":1514.8791612161,"rprd":71.253165955157,"rpsigma":"0","acre":1088.1749956168,"lacre":1088.1749956168,"oldacre":"1113.129555599"},"endType":"forfeit"}