{"seed":[31970,7879,64825,51757],"turns":22,"p1":"SL~Pixie","p2":"Emg Svu","p1team":[{"name":"Alomomola","species":"Alomomola","item":"rockyhelmet","ability":"Regenerator","moves":["wish","protect","toxic","mirrorcoat"],"nature":"Bold","evs":{"hp":252,"atk":0,"def":252,"spa":0,"spd":4,"spe":0},"ivs":{"hp":31,"atk":0,"def":31,"spa":31,"spd":31,"spe":31}},{"name":"Azumarill","species":"Azumarill","item":"leftovers","ability":"Sap Sipper","moves":["toxic","scald","perishsong","knockoff"],"nature":"Impish","evs":{"hp":252,"atk":0,"def":252,"spa":0,"spd":4,"spe":0},"ivs":{"hp":31,"atk":31,"def":31,"spa":31,"spd":31,"spe":31}},{"name":"Lanturn","species":"Lanturn","item":"leftovers","ability":"Volt Absorb","moves":["voltswitch","toxic"],"nature":"Calm","evs":{"hp":252,"atk":0,"def":4,"spa":0,"spd":252,"spe":0},"ivs":{"hp":31,"atk":0,"def":31,"spa":31,"spd":31,"spe":31}},{"name":"Keldeo","species":"Keldeo","item":"choicespecs","ability":"Justified","moves":["scald","hydropump","secretsword","icywind"],"nature":"Timid","evs":{"hp":4,"atk":0,"def":0,"spa":252,"spd":0,"spe":252},"ivs":{"hp":31,"atk":0,"def":31,"spa":31,"spd":31,"spe":31}},{"name":"Quagsire","species":"Quagsire","item":"leftovers","ability":"Unaware","moves":["recover","toxic","earthquake","waterfall"],"nature":"Impish","evs":{"hp":252,"atk":4,"def":252,"spa":0,"spd":0,"spe":0},"ivs":{"hp":31,"atk":31,"def":31,"spa":31,"spd":31,"spe":31}},{"name":"Empoleon","species":"Empoleon","item":"leftovers","ability":"Torrent","moves":["roar","stealthrock","defog","flashcannon"],"nature":"Calm","evs":{"hp":252,"atk":0,"def":0,"spa":4,"spd":252,"spe":0},"ivs":{"hp":31,"atk":31,"def":31,"spa":31,"spd":31,"spe":31}}],"p2team":[{"name":"Hippowdon","species":"Hippowdon","item":"leftovers","ability":"Sand Stream","moves":["earthquake","stoneedge","slackoff","stealthrock"],"nature":"Impish","evs":{"hp":208,"atk":12,"def":216,"spa":0,"spd":72,"spe":0},"gender":"F","ivs":{"hp":31,"atk":31,"def":31,"spa":31,"spd":31,"spe":31}},{"name":"Gastrodon","species":"Gastrodon","item":"leftovers","ability":"Storm Drain","moves":["scald","toxic","recover","earthpower"],"nature":"Bold","evs":{"hp":252,"atk":0,"def":252,"spa":4,"spd":0,"spe":0},"gender":"M","ivs":{"hp":31,"atk":31,"def":31,"spa":31,"spd":31,"spe":31}},{"name":"Landorus","species":"Landorus","item":"lifeorb","ability":"Sheer Force","moves":["sludgewave","earthpower","psychic","focusblast"],"nature":"Timid","evs":{"hp":0,"atk":0,"def":0,"spa":252,"spd":4,"spe":252},"ivs":{"hp":31,"atk":31,"def":31,"spa":31,"spd":31,"spe":31}},{"name":"Garchomp","species":"Garchomp","item":"garchompite","ability":"Rough Skin","moves":["earthquake","dragonclaw","fireblast","swordsdance"],"nature":"Naive","evs":{"hp":0,"atk":252,"def":0,"spa":4,"spd":0,"spe":252},"ivs":{"hp":31,"atk":31,"def":31,"spa":31,"spd":31,"spe":31}},{"name":"Mamoswine","species":"Mamoswine","item":"assaultvest","ability":"Thick Fat","moves":["earthquake","iciclespear","iceshard","knockoff"],"nature":"Adamant","evs":{"hp":248,"atk":252,"def":0,"spa":0,"spd":8,"spe":0},"ivs":{"hp":31,"atk":31,"def":31,"spa":31,"spd":31,"spe":31}},{"name":"Excadrill","species":"Excadrill","item":"lifeorb","ability":"Sand Rush","moves":["earthquake","ironhead","rockslide","swordsdance"],"nature":"Adamant","evs":{"hp":4,"atk":252,"def":0,"spa":0,"spd":0,"spe":252},"ivs":{"hp":31,"atk":31,"def":31,"spa":31,"spd":31,"spe":31}}],"log":["|player|p1|SL~Pixie|138","|player|p2|Emg Svu|67","|gametype|singles","|gen|6","|tier|Monotype","|rated","|rule|Baton Pass Clause: Limit one Baton Passer, can't pass Spe and other stats simultaneously","|rule|Swagger Clause: Swagger is banned","|rule|Same Type Clause: Pokémon in a team must share a type","|clearpoke","|poke|p1|Alomomola, M","|poke|p1|Azumarill, F","|poke|p1|Lanturn, F","|poke|p1|Keldeo","|poke|p1|Quagsire, M","|poke|p1|Empoleon, M","|poke|p2|Hippowdon, F","|poke|p2|Gastrodon, M","|poke|p2|Landorus, M","|poke|p2|Garchomp, F","|poke|p2|Mamoswine, M","|poke|p2|Excadrill, M","|rule|Sleep Clause Mod: Limit one foe put to sleep","|rule|Species Clause: Limit one of each Pokémon","|rule|OHKO Clause: OHKO moves are banned","|rule|Moody Clause: Moody is banned","|rule|Evasion Moves Clause: Evasion moves are banned","|rule|Endless Battle Clause: Forcing endless battles is banned","|rule|HP Percentage Mod: HP is shown in percentages","|teampreview","|","|start","|switch|p1a: Empoleon|Empoleon, M|372/372","|switch|p2a: Hippowdon|Hippowdon, F|409/409","|-weather|Sandstorm","|turn|1","|","|switch|p2a: Gastrodon|Gastrodon, M|426/426","|move|p1a: Empoleon|Stealth Rock|p2a: Gastrodon","|-sidestart|p2: Emg Svu|move: Stealth Rock","|","|-weather|Sandstorm|[upkeep]","|turn|2","|","|move|p2a: Gastrodon|Earth Power|p1a: Empoleon","|-supereffective|p1a: Empoleon","|-damage|p1a: Empoleon|228/372","|move|p1a: Empoleon|Roar|p2a: Gastrodon","|drag|p2a: Mamoswine|Mamoswine, M|423/423","|-damage|p2a: Mamoswine|371/423|[from] Stealth Rock","|","|-weather|Sandstorm|[upkeep]","|-heal|p1a: Empoleon|251/372|[from] item: Leftovers","|turn|3","|","|move|p2a: Mamoswine|Earthquake|p1a: Empoleon","|-supereffective|p1a: Empoleon","|-damage|p1a: Empoleon|0 fnt","|faint|p1a: Empoleon","|","|-weather|Sandstorm|[upkeep]","|","|switch|p1a: Keldeo|Keldeo|324/324","|turn|4","|","|move|p1a: Keldeo|Secret Sword|p2a: Mamoswine","|-supereffective|p2a: Mamoswine","|-damage|p2a: Mamoswine|0 fnt","|faint|p2a: Mamoswine","|","|-weather|Sandstorm|[upkeep]","|-damage|p1a: Keldeo|304/324|[from] sandstorm","|","|switch|p2a: Excadrill|Excadrill, M|362/362","|-damage|p2a: Excadrill|351/362|[from] Stealth Rock","|turn|5","|","|move|p2a: Excadrill|Earthquake|p1a: Keldeo","|-damage|p1a: Keldeo|26/324","|-damage|p2a: Excadrill|315/362|[from] item: Life Orb","|move|p1a: Keldeo|Secret Sword|p2a: Excadrill","|-supereffective|p2a: Excadrill","|-damage|p2a: Excadrill|0 fnt","|faint|p2a: Excadrill","|","|-weather|none","|","|switch|p2a: Gastrodon|Gastrodon, M|426/426","|-damage|p2a: Gastrodon|400/426|[from] Stealth Rock","|turn|6","|","|switch|p1a: Lanturn|Lanturn, F|454/454","|move|p2a: Gastrodon|Earth Power|p1a: Lanturn","|-supereffective|p1a: Lanturn","|-damage|p1a: Lanturn|292/454","|","|-heal|p1a: Lanturn|320/454|[from] item: Leftovers","|-heal|p2a: Gastrodon|426/426|[from] item: Leftovers","|turn|7","|","|move|p1a: Lanturn|Toxic|p2a: Gastrodon","|-status|p2a: Gastrodon|tox","|move|p2a: Gastrodon|Toxic|p1a: Lanturn","|-status|p1a: Lanturn|tox","|","|-heal|p1a: Lanturn|348/454 tox|[from] item: Leftovers","|-damage|p1a: Lanturn|320/454 tox|[from] psn","|-damage|p2a: Gastrodon|400/426 tox|[from] psn","|turn|8","|","|switch|p1a: Azumarill|Azumarill, F|404/404","|move|p2a: Gastrodon|Earth Power|p1a: Azumarill","|-damage|p1a: Azumarill|290/404","|","|-heal|p1a: Azumarill|315/404|[from] item: Leftovers","|-heal|p2a: Gastrodon|426/426 tox|[from] item: Leftovers","|-damage|p2a: Gastrodon|374/426 tox|[from] psn","|turn|9","|","|move|p1a: Azumarill|Knock Off|p2a: Gastrodon","|-damage|p2a: Gastrodon|335/426 tox","|-enditem|p2a: Gastrodon|Leftovers|[from] move: Knock Off|[of] p1a: Azumarill","|move|p2a: Gastrodon|Toxic|p1a: Azumarill","|-status|p1a: Azumarill|tox","|","|-heal|p1a: Azumarill|340/404 tox|[from] item: Leftovers","|-damage|p1a: Azumarill|315/404 tox|[from] psn","|-damage|p2a: Gastrodon|257/426 tox|[from] psn","|turn|10","|","|move|p1a: Azumarill|Perish Song|p1a: Azumarill","|-start|p1a: Azumarill|perish3|[silent]","|-start|p2a: Gastrodon|perish3|[silent]","|-fieldactivate|move: Perish Song","|move|p2a: Gastrodon|Earth Power|p1a: Azumarill","|-damage|p1a: Azumarill|194/404 tox","|","|-start|p1a: Azumarill|perish3","|-start|p2a: Gastrodon|perish3","|-heal|p1a: Azumarill|219/404 tox|[from] item: Leftovers","|-damage|p1a: Azumarill|169/404 tox|[from] psn","|-damage|p2a: Gastrodon|153/426 tox|[from] psn","|turn|11","|","|switch|p1a: Lanturn|Lanturn, F|320/454 tox","|move|p2a: Gastrodon|Recover|p2a: Gastrodon","|-heal|p2a: Gastrodon|366/426 tox","|","|-start|p2a: Gastrodon|perish2","|-heal|p1a: Lanturn|348/454 tox|[from] item: Leftovers","|-damage|p1a: Lanturn|320/454 tox|[from] psn","|-damage|p2a: Gastrodon|236/426 tox|[from] psn","|turn|12","|","|switch|p1a: Alomomola|Alomomola, M|534/534","|move|p2a: Gastrodon|Earth Power|p1a: Alomomola","|-damage|p1a: Alomomola|344/534","|","|-start|p2a: Gastrodon|perish1","|-damage|p2a: Gastrodon|80/426 tox|[from] psn","|turn|13","|","|move|p1a: Alomomola|Protect|p1a: Alomomola","|-singleturn|p1a: Alomomola|Protect","|move|p2a: Gastrodon|Toxic|p1a: Alomomola","|-activate|p1a: Alomomola|Protect","|","|-start|p2a: Gastrodon|perish0","|faint|p2a: Gastrodon","|","|switch|p2a: Landorus|Landorus, M|319/319","|-damage|p2a: Landorus|280/319|[from] Stealth Rock","|turn|14","|","|move|p2a: Landorus|Earth Power|p1a: Alomomola","|-damage|p1a: Alomomola|0 fnt","|faint|p1a: Alomomola","|","|","|switch|p1a: Keldeo|Keldeo|26/324","|turn|15","|","|switch|p2a: Hippowdon|Hippowdon, F|409/409","|-damage|p2a: Hippowdon|384/409|[from] Stealth Rock","|-weather|Sandstorm","|move|p1a: Keldeo|Scald|p2a: Hippowdon","|-supereffective|p2a: Hippowdon","|-damage|p2a: Hippowdon|0 fnt","|faint|p2a: Hippowdon","|","|-weather|Sandstorm|[upkeep]","|-damage|p1a: Keldeo|6/324|[from] sandstorm","|","|switch|p2a: Garchomp|Garchomp, F|357/357","|-damage|p2a: Garchomp|335/357|[from] Stealth Rock","|turn|16","|","|switch|p1a: Lanturn|Lanturn, F|320/454 tox","|detailschange|p2a: Garchomp|Garchomp-Mega, F","|-mega|p2a: Garchomp|Garchomp|Garchompite","|move|p2a: Garchomp|Earthquake|p1a: Lanturn","|-supereffective|p1a: Lanturn","|-damage|p1a: Lanturn|0 fnt","|faint|p1a: Lanturn","|","|-weather|Sandstorm|[upkeep]","|","|switch|p1a: Quagsire|Quagsire, M|394/394","|turn|17","|","|move|p2a: Garchomp|Swords Dance|p2a: Garchomp","|-boost|p2a: Garchomp|atk|2","|move|p1a: Quagsire|Toxic|p2a: Garchomp","|-status|p2a: Garchomp|tox","|","|-weather|Sandstorm|[upkeep]","|-damage|p2a: Garchomp|313/357 tox|[from] psn","|turn|18","|","|move|p2a: Garchomp|Earthquake|p1a: Quagsire","|-damage|p1a: Quagsire|183/394","|move|p1a: Quagsire|Waterfall|p2a: Garchomp","|-damage|p2a: Garchomp|244/357 tox","|","|-weather|Sandstorm|[upkeep]","|-heal|p1a: Quagsire|207/394|[from] item: Leftovers","|-damage|p2a: Garchomp|200/357 tox|[from] psn","|turn|19","|","|move|p2a: Garchomp|Earthquake|p1a: Quagsire","|-damage|p1a: Quagsire|0 fnt","|faint|p1a: Quagsire","|","|-weather|none","|-damage|p2a: Garchomp|134/357 tox|[from] psn","|","|switch|p1a: Azumarill|Azumarill, F|169/404 tox","|turn|20","|","|move|p2a: Garchomp|Earthquake|p1a: Azumarill","|-damage|p1a: Azumarill|0 fnt","|faint|p1a: Azumarill","|","|-damage|p2a: Garchomp|46/357 tox|[from] psn","|","|switch|p1a: Keldeo|Keldeo|6/324","|turn|21","|","|move|p1a: Keldeo|Icy Wind|p2a: Garchomp","|-supereffective|p2a: Garchomp","|-damage|p2a: Garchomp|0 fnt","|faint|p2a: Garchomp","|","|","|switch|p2a: Landorus|Landorus, M|280/319","|-damage|p2a: Landorus|241/319|[from] Stealth Rock","|turn|22","|","|move|p1a: Keldeo|Icy Wind|p2a: Landorus","|-supereffective|p2a: Landorus","|-damage|p2a: Landorus|0 fnt","|faint|p2a: Landorus","|","|win|SL~Pixie"],"p1rating":{"entryid":"7506194","serverid":"eos","formatid":"monotype","userid":"slpixie","username":"SL~Pixie","w":14,"l":"9","t":"0","gxe":61.7,"r":"1557.2303416926","rd":"76.20109889985","sigma":"0","rptime":"1439715600","rpr":1591.1378591664,"rprd":66.605611028987,"rpsigma":"0","acre":1230.2040868303,"lacre":1230.2040868303,"oldacre":"1208.3656077036"},"p2rating":{"entryid":"7656291","serverid":"eos","formatid":"monotype","userid":"emgsvu","username":"Emg Svu","w":"16","l":9,"t":"0","gxe":60.7,"r":"1576.1249706547","rd":"105.56273244861","sigma":"0","rptime":"1439715600","rpr":1583.0624779663,"rprd":65.897278202388,"rpsigma":"0","acre":1142.3536424382,"lacre":1142.3536424382,"oldacre":"1164.1921215649"},"endType":"normal"}