{"seed":[35518,34174,44397,5765],"turns":24,"p1":"xNailz","p2":"SWL Neßki","p1team":[{"name":"Charizard","species":"Charizard","item":"charizarditey","ability":"Blaze","moves":["solarbeam","flamethrower","dragonpulse","defog"],"nature":"Timid","evs":{"hp":0,"atk":0,"def":0,"spa":252,"spd":4,"spe":252},"ivs":{"hp":31,"atk":0,"def":31,"spa":31,"spd":31,"spe":31}},{"name":"Infernape","species":"Infernape","item":"focussash","ability":"Iron Fist","moves":["closecombat","overheat","machpunch","stealthrock"],"nature":"Naive","evs":{"hp":0,"atk":252,"def":4,"spa":0,"spd":0,"spe":252},"ivs":{"hp":31,"atk":30,"def":30,"spa":31,"spd":31,"spe":31}},{"name":"Victini","species":"Victini","item":"choicescarf","ability":"Victory Star","moves":["vcreate","boltstrike","uturn","zenheadbutt"],"nature":"Naive","evs":{"hp":0,"atk":252,"def":0,"spa":4,"spd":0,"spe":252},"ivs":{"hp":31,"atk":31,"def":31,"spa":31,"spd":31,"spe":31}},{"name":"Arcanine","species":"Arcanine","item":"leftovers","ability":"Intimidate","moves":["willowisp","extremespeed","morningsun","ironhead"],"nature":"Impish","evs":{"hp":240,"atk":0,"def":252,"spa":0,"spd":0,"spe":16},"ivs":{"hp":31,"atk":30,"def":30,"spa":31,"spd":31,"spe":31}},{"name":"Rotom-Heat","species":"Rotom-Heat","item":"leftovers","ability":"Levitate","moves":["thunderwave","overheat","hiddenpowerice","voltswitch"],"nature":"Modest","evs":{"hp":248,"atk":0,"def":0,"spa":8,"spd":252,"spe":0},"ivs":{"hp":31,"atk":30,"def":30,"spa":31,"spd":31,"spe":31}},{"name":"Chandelure","species":"Chandelure","item":"lifeorb","ability":"Infiltrator","moves":["flamethrower","energyball","trickroom","shadowball"],"nature":"Quiet","evs":{"hp":248,"atk":0,"def":8,"spa":252,"spd":0,"spe":0},"ivs":{"hp":31,"atk":30,"def":30,"spa":31,"spd":31,"spe":31}}],"p2team":[{"name":"Deoxys-Speed","species":"Deoxys-Speed","item":"lightclay","ability":"Pressure","moves":["taunt","stealthrock","lightscreen","reflect"],"nature":"Timid","evs":{"hp":248,"atk":0,"def":0,"spa":0,"spd":8,"spe":252},"ivs":{"hp":31,"atk":0,"def":31,"spa":31,"spd":31,"spe":31}},{"name":"Gardevoir","species":"Gardevoir","item":"gardevoirite","ability":"Trace","moves":["substitute","hypervoice","psyshock","focusblast"],"nature":"Modest","evs":{"hp":0,"atk":0,"def":0,"spa":252,"spd":4,"spe":252},"ivs":{"hp":31,"atk":31,"def":31,"spa":30,"spd":30,"spe":31}},{"name":"Victini","species":"Victini","item":"choicescarf","ability":"Victory Star","moves":["vcreate","uturn","boltstrike","blueflare"],"nature":"Naive","evs":{"hp":0,"atk":252,"def":0,"spa":4,"spd":0,"spe":252},"ivs":{"hp":31,"atk":31,"def":31,"spa":31,"spd":31,"spe":31}},{"name":"Mew","species":"Mew","item":"leftovers","ability":"Synchronize","moves":["nastyplot","vacuumwave","flamethrower","psyshock"],"nature":"Modest","evs":{"hp":148,"atk":0,"def":0,"spa":252,"spd":0,"spe":108},"ivs":{"hp":31,"atk":0,"def":31,"spa":31,"spd":31,"spe":31}},{"name":"Hoopa-Unbound","species":"Hoopa-Unbound","item":"dreadplate","ability":"Magician","moves":["knockoff","hyperspacehole","gunkshot","darkpulse"],"nature":"Lonely","evs":{"hp":96,"atk":252,"def":0,"spa":148,"spd":0,"spe":12},"ivs":{"hp":31,"atk":31,"def":31,"spa":31,"spd":31,"spe":31}},{"name":"Meloetta","species":"Meloetta","item":"assaultvest","ability":"Serene Grace","moves":["thunderbolt","energyball","shadowball","hypervoice"],"nature":"Modest","evs":{"hp":248,"atk":0,"def":0,"spa":252,"spd":8,"spe":0},"ivs":{"hp":31,"atk":0,"def":31,"spa":31,"spd":31,"spe":31}}],"log":["|player|p1|xNailz|160","|player|p2|SWL Neßki|swlneki.png","|gametype|singles","|gen|6","|tier|Monotype","|rated","|rule|Baton Pass Clause: Limit one Baton Passer, can't pass Spe and other stats simultaneously","|rule|Swagger Clause: Swagger is banned","|rule|Same Type Clause: Pokémon in a team must share a type","|clearpoke","|poke|p1|Charizard, F","|poke|p1|Infernape, M","|poke|p1|Victini","|poke|p1|Arcanine, M","|poke|p1|Rotom-Heat","|poke|p1|Chandelure, M","|poke|p2|Deoxys-Speed","|poke|p2|Gardevoir, M","|poke|p2|Victini","|poke|p2|Mew","|poke|p2|Hoopa-Unbound","|poke|p2|Meloetta","|rule|Sleep Clause Mod: Limit one foe put to sleep","|rule|Species Clause: Limit one of each Pokémon","|rule|OHKO Clause: OHKO moves are banned","|rule|Moody Clause: Moody is banned","|rule|Evasion Moves Clause: Evasion moves are banned","|rule|Endless Battle Clause: Forcing endless battles is banned","|rule|HP Percentage Mod: HP is shown in percentages","|teampreview","|","|start","|switch|p1a: Charizard|Charizard, F|297/297","|switch|p2a: Deoxys-Speed|Deoxys-Speed|303/303","|-ability|p2a: Deoxys-Speed|Pressure","|turn|1","|","|detailschange|p1a: Charizard|Charizard-Mega-Y, F","|-mega|p1a: Charizard|Charizard|Charizardite Y","|-weather|SunnyDay","|move|p2a: Deoxys-Speed|Stealth Rock|p1a: Charizard","|-sidestart|p1: xNailz|move: Stealth Rock","|move|p1a: Charizard|Flamethrower|p2a: Deoxys-Speed","|-damage|p2a: Deoxys-Speed|0 fnt","|faint|p2a: Deoxys-Speed","|","|-weather|SunnyDay|[upkeep]","|","|switch|p2a: Victini|Victini|341/341","|turn|2","|","|switch|p1a: Arcanine|Arcanine, M|381/381","|-damage|p1a: Arcanine|286/381|[from] Stealth Rock","|-ability|p1a: Arcanine|Intimidate","|-unboost|p2a: Victini|atk|1","|move|p2a: Victini|Bolt Strike|p1a: Arcanine","|-damage|p1a: Arcanine|213/381","|","|-weather|SunnyDay|[upkeep]","|-heal|p1a: Arcanine|236/381|[from] item: Leftovers","|turn|3","|","|switch|p2a: Hoopa-Unbound|Hoopa-Unbound|325/325","|move|p1a: Arcanine|Will-O-Wisp|p2a: Hoopa-Unbound","|-status|p2a: Hoopa-Unbound|brn","|","|-weather|SunnyDay|[upkeep]","|-heal|p1a: Arcanine|259/381|[from] item: Leftovers","|-damage|p2a: Hoopa-Unbound|285/325 brn|[from] brn","|turn|4","|","|switch|p1a: Infernape|Infernape, M|293/293","|-damage|p1a: Infernape|257/293|[from] Stealth Rock","|move|p2a: Hoopa-Unbound|Dark Pulse|p1a: Infernape","|-resisted|p1a: Infernape","|-damage|p1a: Infernape|122/293","|","|-weather|SunnyDay|[upkeep]","|-damage|p2a: Hoopa-Unbound|245/325 brn|[from] brn","|turn|5","|","|switch|p2a: Victini|Victini|341/341","|move|p1a: Infernape|Close Combat|p2a: Victini","|-resisted|p2a: Victini","|-damage|p2a: Victini|244/341","|-unboost|p1a: Infernape|def|1","|-unboost|p1a: Infernape|spd|1","|","|-weather|none","|turn|6","|","|move|p1a: Infernape|Mach Punch|p2a: Victini","|-resisted|p2a: Victini","|-damage|p2a: Victini|204/341","|move|p2a: Victini|U-turn|p1a: Infernape","|-resisted|p1a: Infernape","|-damage|p1a: Infernape|89/293","|","|switch|p2a: Mew|Mew|378/378","|","|turn|7","|","|move|p2a: Mew|Vacuum Wave|p1a: Infernape","|-damage|p1a: Infernape|0 fnt","|faint|p1a: Infernape","|","|","|switch|p1a: Charizard|Charizard-Mega-Y, F|297/297","|-damage|p1a: Charizard|149/297|[from] Stealth Rock","|-weather|SunnyDay","|turn|8","|","|move|p1a: Charizard|Defog|p2a: Mew","|-unboost|p2a: Mew|evasion|1","|-sideend|p1: xNailz|Stealth Rock|[from] move: Defog|[of] p1a: Charizard","|move|p2a: Mew|Psyshock|p1a: Charizard","|-damage|p1a: Charizard|0 fnt","|faint|p1a: Charizard","|","|-weather|SunnyDay|[upkeep]","|","|switch|p1a: Victini|Victini|341/341","|turn|9","|","|switch|p2a: Gardevoir|Gardevoir, M|277/277","|-ability|p2a: Gardevoir|Victory Star|[from] ability: Trace|[of] p1a: Victini","|move|p1a: Victini|V-create|p2a: Gardevoir","|-damage|p2a: Gardevoir|0 fnt","|-unboost|p1a: Victini|spe|1","|-unboost|p1a: Victini|def|1","|-unboost|p1a: Victini|spd|1","|faint|p2a: Gardevoir","|","|-weather|SunnyDay|[upkeep]","|","|switch|p2a: Hoopa-Unbound|Hoopa-Unbound|245/325 brn","|turn|10","|","|switch|p1a: Arcanine|Arcanine, M|259/381","|-ability|p1a: Arcanine|Intimidate","|-unboost|p2a: Hoopa-Unbound|atk|1","|move|p2a: Hoopa-Unbound|Dark Pulse|p1a: Arcanine","|-damage|p1a: Arcanine|6/381","|","|-weather|SunnyDay|[upkeep]","|-heal|p1a: Arcanine|29/381|[from] item: Leftovers","|-damage|p2a: Hoopa-Unbound|205/325 brn|[from] brn","|turn|11","|","|move|p1a: Arcanine|Extreme Speed|p2a: Hoopa-Unbound","|-damage|p2a: Hoopa-Unbound|83/325 brn","|move|p2a: Hoopa-Unbound|Dark Pulse|p1a: Arcanine","|-damage|p1a: Arcanine|0 fnt","|faint|p1a: Arcanine","|","|-weather|SunnyDay|[upkeep]","|-damage|p2a: Hoopa-Unbound|43/325 brn|[from] brn","|","|switch|p1a: Victini|Victini|341/341","|turn|12","|","|move|p1a: Victini|U-turn|p2a: Hoopa-Unbound","|-supereffective|p2a: Hoopa-Unbound","|-damage|p2a: Hoopa-Unbound|0 fnt","|faint|p2a: Hoopa-Unbound","|","|switch|p1a: Rotom-Heat|Rotom-Heat|303/303","|","|-weather|none","|","|switch|p2a: Mew|Mew|378/378","|turn|13","|","|move|p2a: Mew|Nasty Plot|p2a: Mew","|-boost|p2a: Mew|spa|2","|move|p1a: Rotom-Heat|Thunder Wave|p2a: Mew","|-status|p2a: Mew|par","|","|turn|14","|","|move|p1a: Rotom-Heat|Overheat|p2a: Mew","|-damage|p2a: Mew|215/378 par","|-unboost|p1a: Rotom-Heat|spa|2","|cant|p2a: Mew|par","|","|-heal|p2a: Mew|238/378 par|[from] item: Leftovers","|turn|15","|","|move|p1a: Rotom-Heat|Volt Switch|p2a: Mew","|-damage|p2a: Mew|193/378 par","|","|switch|p1a: Chandelure|Chandelure, M|323/323","|move|p2a: Mew|Psyshock|p1a: Chandelure","|-damage|p1a: Chandelure|26/323","|","|-heal|p2a: Mew|216/378 par|[from] item: Leftovers","|turn|16","|","|move|p1a: Chandelure|Flamethrower|p2a: Mew","|-damage|p2a: Mew|0 fnt","|-damage|p1a: Chandelure|0 fnt|[from] item: Life Orb","|faint|p2a: Mew","|faint|p1a: Chandelure","|","|","|switch|p1a: Victini|Victini|341/341","|switch|p2a: Meloetta|Meloetta|403/403","|turn|17","|","|move|p1a: Victini|U-turn|p2a: Meloetta","|-supereffective|p2a: Meloetta","|-damage|p2a: Meloetta|235/403","|","|switch|p1a: Rotom-Heat|Rotom-Heat|303/303","|move|p2a: Meloetta|Shadow Ball|p1a: Rotom-Heat","|-damage|p1a: Rotom-Heat|223/303","|","|-heal|p1a: Rotom-Heat|241/303|[from] item: Leftovers","|turn|18","|","|move|p2a: Meloetta|Shadow Ball|p1a: Rotom-Heat","|-damage|p1a: Rotom-Heat|156/303","|move|p1a: Rotom-Heat|Thunder Wave|p2a: Meloetta","|-status|p2a: Meloetta|par","|","|-heal|p1a: Rotom-Heat|174/303|[from] item: Leftovers","|turn|19","|","|move|p1a: Rotom-Heat|Overheat|p2a: Meloetta","|-damage|p2a: Meloetta|148/403 par","|-unboost|p1a: Rotom-Heat|spa|2","|move|p2a: Meloetta|Shadow Ball|p1a: Rotom-Heat","|-damage|p1a: Rotom-Heat|90/303","|","|-heal|p1a: Rotom-Heat|108/303|[from] item: Leftovers","|turn|20","|","|move|p1a: Rotom-Heat|Overheat|p2a: Meloetta","|-damage|p2a: Meloetta|102/403 par","|-unboost|p1a: Rotom-Heat|spa|2","|move|p2a: Meloetta|Shadow Ball|p1a: Rotom-Heat","|-damage|p1a: Rotom-Heat|36/303","|","|-heal|p1a: Rotom-Heat|54/303|[from] item: Leftovers","|turn|21","|","|move|p1a: Rotom-Heat|Overheat|p2a: Meloetta","|-damage|p2a: Meloetta|71/403 par","|-unboost|p1a: Rotom-Heat|spa|2","|move|p2a: Meloetta|Shadow Ball|p1a: Rotom-Heat","|-damage|p1a: Rotom-Heat|0 fnt","|faint|p1a: Rotom-Heat","|","|","|switch|p1a: Victini|Victini|341/341","|turn|22","|","|move|p1a: Victini|Bolt Strike|p2a: Meloetta","|-damage|p2a: Meloetta|0 fnt","|faint|p2a: Meloetta","|","|","|switch|p2a: Victini|Victini|204/341","|turn|23","|","|move|p2a: Victini|Bolt Strike|p1a: Victini","|-damage|p1a: Victini|220/341","|move|p1a: Victini|Bolt Strike|p2a: Victini","|-damage|p2a: Victini|69/341","|","|turn|24","|","|move|p1a: Victini|Bolt Strike|p2a: Victini","|-crit|p2a: Victini","|-damage|p2a: Victini|0 fnt","|faint|p2a: Victini","|","|win|xNailz"],"p1rating":{"entryid":"6782407","serverid":"eos","formatid":"monotype","userid":"xnailz","username":"xNailz","w":33,"l":"13","t":"0","gxe":70.5,"r":"1658.2976807604","rd":"57.088273243941","sigma":"0","rptime":"1439715600","rpr":1666.3870258011,"rprd":56.361471980158,"rpsigma":"0","acre":1260.8147377748,"lacre":1260.8147377748,"oldacre":"1234.4427324829"},"p2rating":{"entryid":"6746789","serverid":"eos","formatid":"monotype","userid":"swlneki","username":"SWL Neßki","w":"35","l":20,"t":"0","gxe":65.1,"r":"1622.0742964777","rd":"53.869186402568","sigma":"0","rptime":"1439715600","rpr":1618.7431982235,"rprd":51.612353071743,"rpsigma":"0","acre":1227.1572429108,"lacre":1227.1572429108,"oldacre":"1253.5292482027"},"endType":"normal"}