{"seed":[1169,14504,4334,31738],"turns":26,"p1":"Marx-Bot","p2":"Rain xFRZ","p1team":[{"name":"Sharpedo","species":"Sharpedo","item":"focussash","ability":"Speed Boost","moves":["crunch","waterfall","earthquake","destinybond"],"nature":"Adamant","evs":{"hp":0,"atk":252,"def":0,"spa":0,"spd":4,"spe":252},"ivs":{"hp":31,"atk":31,"def":31,"spa":31,"spd":31,"spe":31}},{"name":"Blastoise","species":"Blastoise","item":"blastoisinite","ability":"Torrent","moves":["darkpulse","dragonpulse","icebeam","waterspout"],"nature":"Modest","evs":{"hp":248,"atk":0,"def":0,"spa":252,"spd":8,"spe":0},"ivs":{"hp":31,"atk":31,"def":31,"spa":31,"spd":31,"spe":31}},{"name":"Ludicolo","species":"Ludicolo","item":"choicespecs","ability":"Swift Swim","moves":["gigadrain","icebeam","surf","energyball"],"nature":"Modest","evs":{"hp":0,"atk":0,"def":0,"spa":252,"spd":4,"spe":252},"ivs":{"hp":31,"atk":31,"def":31,"spa":31,"spd":31,"spe":31}},{"name":"Quagsire","species":"Quagsire","item":"leftovers","ability":"Unaware","moves":["protect","recover","waterfall","toxic"],"nature":"Impish","evs":{"hp":252,"atk":4,"def":252,"spa":0,"spd":0,"spe":0},"ivs":{"hp":31,"atk":31,"def":31,"spa":31,"spd":31,"spe":31}},{"name":"Rotom-Wash","species":"Rotom-Wash","item":"leftovers","ability":"Levitate","moves":["hydropump","willowisp","voltswitch","painsplit"],"nature":"Calm","evs":{"hp":252,"atk":0,"def":0,"spa":4,"spd":252,"spe":0},"ivs":{"hp":31,"atk":31,"def":31,"spa":31,"spd":31,"spe":31}},{"name":"Politoed","species":"Politoed","item":"leftovers","ability":"Drizzle","moves":["scald","icebeam","psychic","toxic"],"nature":"Bold","evs":{"hp":252,"atk":0,"def":252,"spa":4,"spd":0,"spe":0},"ivs":{"hp":31,"atk":31,"def":31,"spa":31,"spd":31,"spe":31}}],"p2team":[{"name":"Da Real Spooderman","species":"galvantula","item":"focussash","ability":"Swarm","moves":["bugbuzz","energyball","voltswitch","stickyweb"],"nature":"Timid","evs":{"hp":0,"atk":0,"def":0,"spa":252,"spd":4,"spe":252},"gender":"M","shiny":true,"ivs":{"hp":31,"atk":31,"def":31,"spa":31,"spd":31,"spe":31}},{"name":"Terminator","species":"rotomwash","item":"leftovers","ability":"Levitate","moves":["voltswitch","hydropump","willowisp","painsplit"],"nature":"Calm","evs":{"hp":120,"atk":0,"def":132,"spa":4,"spd":252,"spe":0},"shiny":true,"ivs":{"hp":31,"atk":31,"def":31,"spa":31,"spd":31,"spe":31}},{"name":"THUNDERDOME","species":"thundurus","item":"focussash","ability":"Prankster","moves":["thunderwave","nastyplot","thunderbolt","hiddenpowerice"],"nature":"Timid","evs":{"hp":0,"atk":0,"def":0,"spa":252,"spd":4,"spe":252},"ivs":{"hp":31,"atk":30,"def":30,"spa":31,"spd":31,"spe":31}},{"name":"Hawkeye","species":"zapdos","item":"lifeorb","ability":"Pressure","moves":["thunderbolt","heatwave","extrasensory","defog"],"nature":"Timid","evs":{"hp":0,"atk":0,"def":0,"spa":252,"spd":4,"spe":252},"ivs":{"hp":31,"atk":30,"def":30,"spa":31,"spd":31,"spe":31}},{"name":"Balloon Boii","species":"magnezone","item":"airballoon","ability":"Sturdy","moves":["thunderbolt","flashcannon","signalbeam","thunderwave"],"nature":"Modest","evs":{"hp":248,"atk":0,"def":0,"spa":252,"spd":8,"spe":0},"shiny":true,"ivs":{"hp":31,"atk":31,"def":31,"spa":31,"spd":31,"spe":31}},{"name":"Escort","species":"ampharos","item":"ampharosite","ability":"Static","moves":["dragonpulse","voltswitch","focusblast","powergem"],"nature":"Modest","evs":{"hp":248,"atk":0,"def":0,"spa":252,"spd":8,"spe":0},"gender":"F","ivs":{"hp":31,"atk":31,"def":31,"spa":31,"spd":31,"spe":31}}],"log":["|player|p1|Marx-Bot|238","|player|p2|Rain xFRZ|130","|gametype|singles","|gen|6","|tier|Monotype","|rated","|rule|Baton Pass Clause: Limit one Baton Passer, can't pass Spe and other stats simultaneously","|rule|Swagger Clause: Swagger is banned","|rule|Same Type Clause: Pokémon in a team must share a type","|clearpoke","|poke|p1|Sharpedo, M","|poke|p1|Blastoise, F","|poke|p1|Ludicolo, F","|poke|p1|Quagsire, F","|poke|p1|Rotom-Wash","|poke|p1|Politoed, M","|poke|p2|Galvantula, M, shiny","|poke|p2|Rotom-Wash, shiny","|poke|p2|Thundurus, M","|poke|p2|Zapdos","|poke|p2|Magnezone, shiny","|poke|p2|Ampharos, F","|rule|Sleep Clause Mod: Limit one foe put to sleep","|rule|Species Clause: Limit one of each Pokémon","|rule|OHKO Clause: OHKO moves are banned","|rule|Moody Clause: Moody is banned","|rule|Evasion Moves Clause: Evasion moves are banned","|rule|Endless Battle Clause: Forcing endless battles is banned","|rule|HP Percentage Mod: HP is shown in percentages","|teampreview","|","|start","|switch|p1a: Blastoise|Blastoise, F|361/361","|switch|p2a: Hawkeye|Zapdos|321/321","|-ability|p2a: Hawkeye|Pressure","|turn|1","|","|switch|p1a: Quagsire|Quagsire, F|394/394","|move|p2a: Hawkeye|Thunderbolt|p1a: Quagsire","|-immune|p1a: Quagsire|[msg]","|","|turn|2","|","|switch|p2a: Da Real Spooderman|Galvantula, M, shiny|281/281","|move|p1a: Quagsire|Toxic|p2a: Da Real Spooderman","|-status|p2a: Da Real Spooderman|tox","|","|-damage|p2a: Da Real Spooderman|264/281 tox|[from] psn","|turn|3","|","|move|p1a: Quagsire|Protect|p1a: Quagsire","|-singleturn|p1a: Quagsire|Protect","|move|p2a: Da Real Spooderman|Sticky Web|p1a: Quagsire","|-sidestart|p1: Marx-Bot|move: Sticky Web","|","|-damage|p2a: Da Real Spooderman|230/281 tox|[from] psn","|turn|4","|","|switch|p1a: Rotom-Wash|Rotom-Wash|304/304","|move|p2a: Da Real Spooderman|Energy Ball|p1a: Rotom-Wash","|-supereffective|p1a: Rotom-Wash","|-damage|p1a: Rotom-Wash|190/304","|","|-heal|p1a: Rotom-Wash|209/304|[from] item: Leftovers","|-damage|p2a: Da Real Spooderman|179/281 tox|[from] psn","|turn|5","|","|switch|p2a: THUNDERDOME|Thundurus, M|299/299","|move|p1a: Rotom-Wash|Volt Switch|p2a: THUNDERDOME","|-damage|p2a: THUNDERDOME|200/299","|","|switch|p1a: Politoed|Politoed, M|384/384","|-activate|p1a: Politoed|move: Sticky Web","|-unboost|p1a: Politoed|spe|1","|-weather|RainDance","|","|-weather|RainDance|[upkeep]","|turn|6","|","|move|p2a: THUNDERDOME|Nasty Plot|p2a: THUNDERDOME","|-boost|p2a: THUNDERDOME|spa|2","|move|p1a: Politoed|Ice Beam|p2a: THUNDERDOME","|-supereffective|p2a: THUNDERDOME","|-damage|p2a: THUNDERDOME|32/299","|","|-weather|RainDance|[upkeep]","|turn|7","|","|switch|p1a: Quagsire|Quagsire, F|394/394","|-activate|p1a: Quagsire|move: Sticky Web","|-unboost|p1a: Quagsire|spe|1","|move|p2a: THUNDERDOME|Thunderbolt|p1a: Quagsire","|-immune|p1a: Quagsire|[msg]","|","|-weather|RainDance|[upkeep]","|turn|8","|","|move|p2a: THUNDERDOME|Hidden Power|p1a: Quagsire","|-damage|p1a: Quagsire|302/394","|move|p1a: Quagsire|Waterfall|p2a: THUNDERDOME","|-damage|p2a: THUNDERDOME|0 fnt","|faint|p2a: THUNDERDOME","|","|-weather|RainDance|[upkeep]","|-heal|p1a: Quagsire|326/394|[from] item: Leftovers","|","|switch|p2a: Da Real Spooderman|Galvantula, M, shiny|179/281 tox","|turn|9","|","|switch|p1a: Rotom-Wash|Rotom-Wash|209/304","|move|p2a: Da Real Spooderman|Energy Ball|p1a: Rotom-Wash","|-supereffective|p1a: Rotom-Wash","|-damage|p1a: Rotom-Wash|81/304","|","|-weather|none","|-heal|p1a: Rotom-Wash|100/304|[from] item: Leftovers","|-damage|p2a: Da Real Spooderman|162/281 tox|[from] psn","|turn|10","|","|move|p2a: Da Real Spooderman|Energy Ball|p1a: Rotom-Wash","|-supereffective|p1a: Rotom-Wash","|-damage|p1a: Rotom-Wash|0 fnt","|faint|p1a: Rotom-Wash","|","|-damage|p2a: Da Real Spooderman|128/281 tox|[from] psn","|","|switch|p1a: Politoed|Politoed, M|384/384","|-activate|p1a: Politoed|move: Sticky Web","|-unboost|p1a: Politoed|spe|1","|-weather|RainDance","|turn|11","|","|move|p2a: Da Real Spooderman|Volt Switch|p1a: Politoed","|-crit|p1a: Politoed","|-supereffective|p1a: Politoed","|-damage|p1a: Politoed|76/384","|","|switch|p2a: Escort|Ampharos, F|383/383","|move|p1a: Politoed|Scald|p2a: Escort","|-crit|p2a: Escort","|-damage|p2a: Escort|166/383","|","|-weather|RainDance|[upkeep]","|-heal|p1a: Politoed|100/384|[from] item: Leftovers","|turn|12","|","|switch|p1a: Quagsire|Quagsire, F|326/394","|-activate|p1a: Quagsire|move: Sticky Web","|-unboost|p1a: Quagsire|spe|1","|detailschange|p2a: Escort|Ampharos-Mega, F","|-mega|p2a: Escort|Ampharos|Ampharosite","|-ability|p2a: Escort|Mold Breaker","|move|p2a: Escort|Dragon Pulse|p1a: Quagsire","|-damage|p1a: Quagsire|25/394","|","|-weather|RainDance|[upkeep]","|-heal|p1a: Quagsire|49/394|[from] item: Leftovers","|turn|13","|","|move|p1a: Quagsire|Protect|p1a: Quagsire","|-singleturn|p1a: Quagsire|Protect","|move|p2a: Escort|Dragon Pulse|p1a: Quagsire","|-activate|p1a: Quagsire|Protect","|","|-weather|RainDance|[upkeep]","|-heal|p1a: Quagsire|73/394|[from] item: Leftovers","|turn|14","|","|move|p2a: Escort|Dragon Pulse|p1a: Quagsire","|-damage|p1a: Quagsire|0 fnt","|faint|p1a: Quagsire","|","|-weather|RainDance|[upkeep]","|","|switch|p1a: Ludicolo|Ludicolo, F|301/301","|-activate|p1a: Ludicolo|move: Sticky Web","|-unboost|p1a: Ludicolo|spe|1","|turn|15","|","|move|p1a: Ludicolo|Ice Beam|p2a: Escort","|-supereffective|p2a: Escort","|-damage|p2a: Escort|0 fnt","|faint|p2a: Escort","|","|-weather|none","|","|switch|p2a: Hawkeye|Zapdos|321/321","|-ability|p2a: Hawkeye|Pressure","|turn|16","|","|switch|p1a: Politoed|Politoed, M|100/384","|-activate|p1a: Politoed|move: Sticky Web","|-unboost|p1a: Politoed|spe|1","|-weather|RainDance","|move|p2a: Hawkeye|Thunderbolt|p1a: Politoed","|-supereffective|p1a: Politoed","|-damage|p1a: Politoed|0 fnt","|-damage|p2a: Hawkeye|289/321|[from] item: Life Orb","|faint|p1a: Politoed","|","|-weather|RainDance|[upkeep]","|","|switch|p1a: Ludicolo|Ludicolo, F|301/301","|-activate|p1a: Ludicolo|move: Sticky Web","|-unboost|p1a: Ludicolo|spe|1","|turn|17","|","|switch|p2a: Terminator|Rotom-Wash, shiny|271/271","|move|p1a: Ludicolo|Giga Drain|p2a: Terminator","|-supereffective|p2a: Terminator","|-damage|p2a: Terminator|43/271","|","|-weather|RainDance|[upkeep]","|-heal|p2a: Terminator|59/271|[from] item: Leftovers","|turn|18","|","|move|p1a: Ludicolo|Giga Drain|p2a: Terminator","|-supereffective|p2a: Terminator","|-damage|p2a: Terminator|0 fnt","|faint|p2a: Terminator","|","|-weather|RainDance|[upkeep]","|","|switch|p2a: Balloon Boii|Magnezone, shiny|343/343","|-item|p2a: Balloon Boii|Air Balloon","|turn|19","|","|move|p1a: Ludicolo|Giga Drain|p2a: Balloon Boii","|-resisted|p2a: Balloon Boii","|-damage|p2a: Balloon Boii|248/343","|-enditem|p2a: Balloon Boii|Air Balloon","|move|p2a: Balloon Boii|Thunderbolt|p1a: Ludicolo","|-damage|p1a: Ludicolo|141/301","|","|-weather|RainDance|[upkeep]","|turn|20","|","|move|p1a: Ludicolo|Giga Drain|p2a: Balloon Boii","|-resisted|p2a: Balloon Boii","|-damage|p2a: Balloon Boii|155/343","|-heal|p1a: Ludicolo|188/301|[from] drain|[of] p2a: Balloon Boii","|move|p2a: Balloon Boii|Thunderbolt|p1a: Ludicolo","|-damage|p1a: Ludicolo|11/301","|","|-weather|none","|turn|21","|","|move|p1a: Ludicolo|Giga Drain|p2a: Balloon Boii","|-resisted|p2a: Balloon Boii","|-damage|p2a: Balloon Boii|55/343","|-heal|p1a: Ludicolo|61/301|[from] drain|[of] p2a: Balloon Boii","|move|p2a: Balloon Boii|Thunderbolt|p1a: Ludicolo","|-damage|p1a: Ludicolo|0 fnt","|faint|p1a: Ludicolo","|","|","|switch|p1a: Sharpedo|Sharpedo, M|281/281","|-activate|p1a: Sharpedo|move: Sticky Web","|-unboost|p1a: Sharpedo|spe|1","|turn|22","|","|move|p1a: Sharpedo|Destiny Bond|p1a: Sharpedo","|-singlemove|p1a: Sharpedo|Destiny Bond","|move|p2a: Balloon Boii|Thunder Wave|p1a: Sharpedo","|-status|p1a: Sharpedo|par","|","|-boost|p1a: Sharpedo|spe|1|[from] ability: Speed Boost","|turn|23","|","|move|p2a: Balloon Boii|Thunderbolt|p1a: Sharpedo","|-supereffective|p1a: Sharpedo","|-enditem|p1a: Sharpedo|Focus Sash","|-damage|p1a: Sharpedo|1/281 par","|move|p1a: Sharpedo|Earthquake|p2a: Balloon Boii","|-supereffective|p2a: Balloon Boii","|-damage|p2a: Balloon Boii|0 fnt","|faint|p2a: Balloon Boii","|","|-boost|p1a: Sharpedo|spe|1|[from] ability: Speed Boost","|","|switch|p2a: Hawkeye|Zapdos|289/321","|-ability|p2a: Hawkeye|Pressure","|turn|24","|","|move|p2a: Hawkeye|Thunderbolt|p1a: Sharpedo","|-crit|p1a: Sharpedo","|-supereffective|p1a: Sharpedo","|-damage|p1a: Sharpedo|0 fnt","|-damage|p2a: Hawkeye|257/321|[from] item: Life Orb","|faint|p1a: Sharpedo","|","|","|switch|p1a: Blastoise|Blastoise, F|361/361","|-activate|p1a: Blastoise|move: Sticky Web","|-unboost|p1a: Blastoise|spe|1","|turn|25","|","|detailschange|p1a: Blastoise|Blastoise-Mega, F","|-mega|p1a: Blastoise|Blastoise|Blastoisinite","|move|p2a: Hawkeye|Thunderbolt|p1a: Blastoise","|-supereffective|p1a: Blastoise","|-damage|p1a: Blastoise|10/361","|-damage|p2a: Hawkeye|225/321|[from] item: Life Orb","|move|p1a: Blastoise|Ice Beam|p2a: Hawkeye","|-supereffective|p2a: Hawkeye","|-damage|p2a: Hawkeye|0 fnt","|faint|p2a: Hawkeye","|","|","|switch|p2a: Da Real Spooderman|Galvantula, M, shiny|128/281 tox","|turn|26","|","|move|p2a: Da Real Spooderman|Volt Switch|p1a: Blastoise","|-supereffective|p1a: Blastoise","|-damage|p1a: Blastoise|0 fnt","|faint|p1a: Blastoise","|","|win|Rain xFRZ"],"p1rating":{"entryid":"5765428","serverid":"eos","formatid":"monotype","userid":"marxbot","username":"Marx Bot","w":"207","l":299,"t":"0","gxe":43.5,"r":"1449.2241103163","rd":"32.521873808857","sigma":"0","rptime":"1439715600","rpr":1450.9394340296,"rprd":32.296518147534,"rpsigma":"0","acre":1171.9546283728,"lacre":1171.9546283728,"oldacre":"1210.4841132978"},"p2rating":{"entryid":7675373,"formatid":"monotype","userid":"rainxfrz","username":"Rain xFRZ","r":1500,"rd":130,"sigma":0,"rpr":1536.4554921271,"rprd":121.9896194753,"rpsigma":0,"rptime":1439715600,"w":1,"l":0,"t":0,"gxe":54.6,"acre":1061.6471758799,"lacre":1061.6471758799,"oldacre":1000},"endType":"normal"}