{"seed":[10033,38662,60979,36974],"turns":39,"p1":"Neowulf","p2":"Crystal Jake","p1team":[{"name":"Hydreigon","species":"Hydreigon","item":"choicescarf","ability":"Levitate","moves":["fireblast","uturn","flashcannon","dracometeor"],"nature":"Timid","evs":{"hp":0,"atk":0,"def":0,"spa":252,"spd":4,"spe":252},"ivs":{"hp":31,"atk":31,"def":31,"spa":31,"spd":31,"spe":31}},{"name":"Sharpedo","species":"Sharpedo","item":"sharpedonite","ability":"Speed Boost","moves":["protect","waterfall","zenheadbutt","crunch"],"nature":"Jolly","evs":{"hp":0,"atk":252,"def":0,"spa":0,"spd":4,"spe":252},"ivs":{"hp":31,"atk":31,"def":31,"spa":31,"spd":31,"spe":31}},{"name":"Bisharp","species":"Bisharp","item":"lifeorb","ability":"Defiant","moves":["swordsdance","ironhead","suckerpunch","knockoff"],"nature":"Jolly","evs":{"hp":0,"atk":252,"def":0,"spa":0,"spd":4,"spe":252},"ivs":{"hp":31,"atk":31,"def":31,"spa":31,"spd":31,"spe":31}},{"name":"Sableye","species":"Sableye","item":"leftovers","ability":"Prankster","moves":["willowisp","recover","taunt","darkpulse"],"nature":"Bold","evs":{"hp":96,"atk":0,"def":252,"spa":0,"spd":160,"spe":0},"ivs":{"hp":31,"atk":31,"def":31,"spa":31,"spd":31,"spe":31}},{"name":"Umbreon","species":"Umbreon","item":"leftovers","ability":"Synchronize","moves":["healbell","wish","protect","foulplay"],"nature":"Calm","evs":{"hp":252,"atk":0,"def":4,"spa":0,"spd":252,"spe":0},"ivs":{"hp":31,"atk":31,"def":31,"spa":31,"spd":31,"spe":31}},{"name":"Hoopa-Unbound","species":"Hoopa-Unbound","item":"assaultvest","ability":"Magician","moves":["hyperspacefury","zenheadbutt","firepunch","knockoff"],"nature":"Adamant","evs":{"hp":248,"atk":252,"def":0,"spa":0,"spd":8,"spe":0},"ivs":{"hp":31,"atk":31,"def":31,"spa":31,"spd":31,"spe":31}}],"p2team":[{"name":"Toge-Tard","species":"togekiss","item":"leftovers","ability":"Serene Grace","moves":["thunderwave","airslash","defog","roost"],"nature":"Calm","evs":{"hp":252,"atk":0,"def":0,"spa":4,"spd":252,"spe":0},"ivs":{"hp":31,"atk":31,"def":31,"spa":31,"spd":31,"spe":31}},{"name":"Skarmory","species":"Skarmory","item":"rockyhelmet","ability":"Sturdy","moves":["stealthrock","whirlwind","defog","bravebird"],"nature":"Impish","evs":{"hp":248,"atk":0,"def":236,"spa":0,"spd":0,"spe":24},"ivs":{"hp":31,"atk":31,"def":31,"spa":31,"spd":31,"spe":31}},{"name":"Landorus-Therian","species":"Landorus-Therian","item":"lifeorb","ability":"Intimidate","moves":["stoneedge","earthquake","superpower","rockpolish"],"nature":"Adamant","evs":{"hp":252,"atk":252,"def":0,"spa":0,"spd":4,"spe":0},"ivs":{"hp":31,"atk":31,"def":31,"spa":31,"spd":31,"spe":31}},{"name":"Gyarados","species":"Gyarados","item":"gyaradosite","ability":"Moxie","moves":["earthquake","waterfall","icefang","dragondance"],"nature":"Adamant","evs":{"hp":252,"atk":0,"def":0,"spa":0,"spd":100,"spe":4},"ivs":{"hp":31,"atk":31,"def":31,"spa":31,"spd":31,"spe":31}},{"name":"Staraptor","species":"Staraptor","item":"choicescarf","ability":"Intimidate","moves":["bravebird","closecombat","uturn","pluck"],"nature":"Jolly","evs":{"hp":0,"atk":252,"def":0,"spa":0,"spd":4,"spe":252},"ivs":{"hp":31,"atk":31,"def":31,"spa":31,"spd":31,"spe":31}},{"name":"Thundurus-Therian","species":"Thundurus-Therian","item":"lifeorb","ability":"Volt Absorb","moves":["thunderbolt","flashcannon","darkpulse","focusblast"],"nature":"Timid","evs":{"hp":0,"atk":0,"def":0,"spa":252,"spd":4,"spe":252},"ivs":{"hp":31,"atk":31,"def":31,"spa":31,"spd":31,"spe":31}}],"log":["|player|p1|Neowulf|163","|player|p2|Crystal Jake|150","|gametype|singles","|gen|6","|tier|Monotype","|rated","|rule|Baton Pass Clause: Limit one Baton Passer, can't pass Spe and other stats simultaneously","|rule|Swagger Clause: Swagger is banned","|rule|Same Type Clause: Pokémon in a team must share a type","|clearpoke","|poke|p1|Hydreigon, M","|poke|p1|Sharpedo, F","|poke|p1|Bisharp, M","|poke|p1|Sableye, F","|poke|p1|Umbreon, F","|poke|p1|Hoopa-Unbound","|poke|p2|Togekiss, M","|poke|p2|Skarmory, M","|poke|p2|Landorus-Therian, M","|poke|p2|Gyarados, F","|poke|p2|Staraptor, M","|poke|p2|Thundurus-Therian, M","|rule|Sleep Clause Mod: Limit one foe put to sleep","|rule|Species Clause: Limit one of each Pokémon","|rule|OHKO Clause: OHKO moves are banned","|rule|Moody Clause: Moody is banned","|rule|Evasion Moves Clause: Evasion moves are banned","|rule|Endless Battle Clause: Forcing endless battles is banned","|rule|HP Percentage Mod: HP is shown in percentages","|teampreview","|","|start","|switch|p1a: Hydreigon|Hydreigon, M|325/325","|switch|p2a: Staraptor|Staraptor, M|311/311","|-ability|p2a: Staraptor|Intimidate","|-unboost|p1a: Hydreigon|atk|1","|turn|1","|","|switch|p1a: Umbreon|Umbreon, F|394/394","|move|p2a: Staraptor|Close Combat|p1a: Umbreon","|-supereffective|p1a: Umbreon","|-damage|p1a: Umbreon|162/394","|-unboost|p2a: Staraptor|def|1","|-unboost|p2a: Staraptor|spd|1","|","|-heal|p1a: Umbreon|186/394|[from] item: Leftovers","|turn|2","|","|switch|p2a: Toge-Tard|Togekiss, M|374/374","|move|p1a: Umbreon|Protect|p1a: Umbreon","|-fail|p1a: Umbreon","|","|-heal|p1a: Umbreon|210/394|[from] item: Leftovers","|turn|3","|","|move|p2a: Toge-Tard|Thunder Wave|p1a: Umbreon","|-status|p1a: Umbreon|par","|-status|p2a: Toge-Tard|par","|move|p1a: Umbreon|Wish|p1a: Umbreon","|","|-heal|p1a: Umbreon|234/394 par|[from] item: Leftovers","|turn|4","|","|switch|p2a: Landorus-Therian|Landorus-Therian, M|382/382","|-ability|p2a: Landorus-Therian|Intimidate","|-unboost|p1a: Umbreon|atk|1","|move|p1a: Umbreon|Heal Bell|p1a: Umbreon","|-cureteam|p1a: Umbreon|[from] move: HealBell","|","|-heal|p1a: Umbreon|394/394|[from] move: Wish|[wisher] Umbreon","|turn|5","|","|move|p1a: Umbreon|Protect|p1a: Umbreon","|-singleturn|p1a: Umbreon|Protect","|move|p2a: Landorus-Therian|Rock Polish|p2a: Landorus-Therian","|-boost|p2a: Landorus-Therian|spe|2","|","|turn|6","|","|switch|p1a: Sableye|Sableye, F|265/265","|move|p2a: Landorus-Therian|Superpower|p1a: Sableye","|-immune|p1a: Sableye|[msg]","|","|turn|7","|","|move|p1a: Sableye|Will-O-Wisp|p2a: Landorus-Therian","|-status|p2a: Landorus-Therian|brn","|move|p2a: Landorus-Therian|Earthquake|p1a: Sableye","|-damage|p1a: Sableye|147/265","|-damage|p2a: Landorus-Therian|344/382 brn|[from] item: Life Orb","|","|-heal|p1a: Sableye|163/265|[from] item: Leftovers","|-damage|p2a: Landorus-Therian|297/382 brn|[from] brn","|turn|8","|","|move|p1a: Sableye|Taunt|p2a: Landorus-Therian","|-start|p2a: Landorus-Therian|move: Taunt","|move|p2a: Landorus-Therian|Earthquake|p1a: Sableye","|-damage|p1a: Sableye|47/265","|-damage|p2a: Landorus-Therian|259/382 brn|[from] item: Life Orb","|","|-heal|p1a: Sableye|63/265|[from] item: Leftovers","|-damage|p2a: Landorus-Therian|212/382 brn|[from] brn","|turn|9","|","|move|p1a: Sableye|Recover|p1a: Sableye","|-heal|p1a: Sableye|196/265","|move|p2a: Landorus-Therian|Earthquake|p1a: Sableye","|-damage|p1a: Sableye|84/265","|-damage|p2a: Landorus-Therian|174/382 brn|[from] item: Life Orb","|","|-heal|p1a: Sableye|100/265|[from] item: Leftovers","|-damage|p2a: Landorus-Therian|127/382 brn|[from] brn","|turn|10","|","|move|p1a: Sableye|Recover|p1a: Sableye","|-heal|p1a: Sableye|233/265","|move|p2a: Landorus-Therian|Earthquake|p1a: Sableye","|-damage|p1a: Sableye|120/265","|-damage|p2a: Landorus-Therian|89/382 brn|[from] item: Life Orb","|","|-heal|p1a: Sableye|136/265|[from] item: Leftovers","|-damage|p2a: Landorus-Therian|42/382 brn|[from] brn","|-end|p2a: Landorus-Therian|move: Taunt","|turn|11","|","|move|p1a: Sableye|Recover|p1a: Sableye","|-heal|p1a: Sableye|265/265","|move|p2a: Landorus-Therian|Earthquake|p1a: Sableye","|-damage|p1a: Sableye|155/265","|-damage|p2a: Landorus-Therian|4/382 brn|[from] item: Life Orb","|","|-heal|p1a: Sableye|171/265|[from] item: Leftovers","|-damage|p2a: Landorus-Therian|0 fnt|[from] brn","|faint|p2a: Landorus-Therian","|","|switch|p2a: Thundurus-Therian|Thundurus-Therian, M|299/299","|turn|12","|","|switch|p1a: Umbreon|Umbreon, F|394/394","|move|p2a: Thundurus-Therian|Thunderbolt|p1a: Umbreon","|-damage|p1a: Umbreon|258/394","|-damage|p2a: Thundurus-Therian|270/299|[from] item: Life Orb","|","|-heal|p1a: Umbreon|282/394|[from] item: Leftovers","|turn|13","|","|move|p2a: Thundurus-Therian|Focus Blast|p1a: Umbreon","|-supereffective|p1a: Umbreon","|-damage|p1a: Umbreon|43/394","|-damage|p2a: Thundurus-Therian|241/299|[from] item: Life Orb","|move|p1a: Umbreon|Wish|p1a: Umbreon","|","|-heal|p1a: Umbreon|67/394|[from] item: Leftovers","|turn|14","|","|move|p1a: Umbreon|Protect|p1a: Umbreon","|-singleturn|p1a: Umbreon|Protect","|move|p2a: Thundurus-Therian|Thunderbolt|p1a: Umbreon","|-activate|p1a: Umbreon|Protect","|","|-heal|p1a: Umbreon|264/394|[from] move: Wish|[wisher] Umbreon","|-heal|p1a: Umbreon|288/394|[from] item: Leftovers","|turn|15","|","|switch|p1a: Sableye|Sableye, F|171/265","|move|p2a: Thundurus-Therian|Focus Blast|p1a: Sableye","|-immune|p1a: Sableye|[msg]","|","|-heal|p1a: Sableye|187/265|[from] item: Leftovers","|turn|16","|","|switch|p1a: Hydreigon|Hydreigon, M|325/325","|move|p2a: Thundurus-Therian|Thunderbolt|p1a: Hydreigon","|-resisted|p1a: Hydreigon","|-damage|p1a: Hydreigon|195/325","|-damage|p2a: Thundurus-Therian|212/299|[from] item: Life Orb","|","|turn|17","|","|move|p1a: Hydreigon|Draco Meteor|p2a: Thundurus-Therian","|-damage|p2a: Thundurus-Therian|0 fnt","|-unboost|p1a: Hydreigon|spa|2","|faint|p2a: Thundurus-Therian","|","|","|switch|p2a: Staraptor|Staraptor, M|311/311","|-ability|p2a: Staraptor|Intimidate","|-unboost|p1a: Hydreigon|atk|1","|turn|18","|","|move|p2a: Staraptor|U-turn|p1a: Hydreigon","|-crit|p1a: Hydreigon","|-supereffective|p1a: Hydreigon","|-damage|p1a: Hydreigon|0 fnt","|faint|p1a: Hydreigon","|","|switch|p2a: Gyarados|Gyarados, F|394/394","|","|","|switch|p1a: Sableye|Sableye, F|187/265","|turn|19","|","|switch|p2a: Toge-Tard|Togekiss, M|374/374 par","|move|p1a: Sableye|Will-O-Wisp|p2a: Toge-Tard","|-fail|p2a: Toge-Tard","|","|-heal|p1a: Sableye|203/265|[from] item: Leftovers","|turn|20","|","|switch|p1a: Umbreon|Umbreon, F|288/394","|move|p2a: Toge-Tard|Air Slash|p1a: Umbreon","|-damage|p1a: Umbreon|225/394","|","|-heal|p1a: Umbreon|249/394|[from] item: Leftovers","|turn|21","|","|switch|p2a: Skarmory|Skarmory, M|333/333","|move|p1a: Umbreon|Wish|p1a: Umbreon","|","|-heal|p1a: Umbreon|273/394|[from] item: Leftovers","|turn|22","|","|move|p1a: Umbreon|Protect|p1a: Umbreon","|-singleturn|p1a: Umbreon|Protect","|move|p2a: Skarmory|Stealth Rock|p1a: Umbreon","|-sidestart|p1: Neowulf|move: Stealth Rock","|","|-heal|p1a: Umbreon|394/394|[from] move: Wish|[wisher] Umbreon","|turn|23","|","|switch|p1a: Hoopa-Unbound|Hoopa-Unbound|363/363","|-damage|p1a: Hoopa-Unbound|318/363|[from] Stealth Rock","|move|p2a: Skarmory|Whirlwind|p1a: Hoopa-Unbound","|drag|p1a: Bisharp|Bisharp, M|271/271","|-damage|p1a: Bisharp|255/271|[from] Stealth Rock","|","|turn|24","|","|move|p1a: Bisharp|Knock Off|p2a: Skarmory","|-damage|p2a: Skarmory|208/333","|-damage|p1a: Bisharp|210/271|[from] item: Rocky Helmet|[of] p2a: Skarmory","|-enditem|p2a: Skarmory|Rocky Helmet|[from] move: Knock Off|[of] p1a: Bisharp","|-damage|p1a: Bisharp|183/271|[from] item: Life Orb","|move|p2a: Skarmory|Whirlwind|p1a: Bisharp","|drag|p1a: Sableye|Sableye, F|203/265","|-damage|p1a: Sableye|170/265|[from] Stealth Rock","|","|-heal|p1a: Sableye|186/265|[from] item: Leftovers","|turn|25","|","|move|p1a: Sableye|Will-O-Wisp|p2a: Skarmory","|-status|p2a: Skarmory|brn","|move|p2a: Skarmory|Whirlwind|p1a: Sableye","|drag|p1a: Hoopa-Unbound|Hoopa-Unbound|318/363","|-damage|p1a: Hoopa-Unbound|273/363|[from] Stealth Rock","|","|-damage|p2a: Skarmory|167/333 brn|[from] brn","|turn|26","|","|move|p1a: Hoopa-Unbound|Fire Punch|p2a: Skarmory","|-supereffective|p2a: Skarmory","|-damage|p2a: Skarmory|35/333 brn","|move|p2a: Skarmory|Whirlwind|p1a: Hoopa-Unbound","|drag|p1a: Bisharp|Bisharp, M|183/271","|-damage|p1a: Bisharp|167/271|[from] Stealth Rock","|","|-damage|p2a: Skarmory|0 fnt|[from] brn","|faint|p2a: Skarmory","|","|switch|p2a: Gyarados|Gyarados, F|394/394","|turn|27","|","|switch|p1a: Hoopa-Unbound|Hoopa-Unbound|273/363","|-damage|p1a: Hoopa-Unbound|228/363|[from] Stealth Rock","|detailschange|p2a: Gyarados|Gyarados-Mega, F","|-mega|p2a: Gyarados|Gyarados|Gyaradosite","|-ability|p2a: Gyarados|Mold Breaker","|move|p2a: Gyarados|Dragon Dance|p2a: Gyarados","|-boost|p2a: Gyarados|atk|1","|-boost|p2a: Gyarados|spe|1","|","|turn|28","|","|move|p2a: Gyarados|Waterfall|p1a: Hoopa-Unbound","|-damage|p1a: Hoopa-Unbound|0 fnt","|faint|p1a: Hoopa-Unbound","|","|","|switch|p1a: Sableye|Sableye, F|186/265","|-damage|p1a: Sableye|153/265|[from] Stealth Rock","|turn|29","|","|move|p1a: Sableye|Will-O-Wisp|p2a: Gyarados","|-status|p2a: Gyarados|brn","|move|p2a: Gyarados|Dragon Dance|p2a: Gyarados","|-boost|p2a: Gyarados|atk|1","|-boost|p2a: Gyarados|spe|1","|","|-heal|p1a: Sableye|169/265|[from] item: Leftovers","|-damage|p2a: Gyarados|345/394 brn|[from] brn","|turn|30","|","|move|p1a: Sableye|Taunt|p2a: Gyarados","|-start|p2a: Gyarados|move: Taunt","|cant|p2a: Gyarados|move: Taunt|Dragon Dance","|","|-heal|p1a: Sableye|185/265|[from] item: Leftovers","|-damage|p2a: Gyarados|296/394 brn|[from] brn","|turn|31","|","|move|p1a: Sableye|Recover|p1a: Sableye","|-heal|p1a: Sableye|265/265","|move|p2a: Gyarados|Waterfall|p1a: Sableye","|-damage|p1a: Sableye|127/265","|","|-heal|p1a: Sableye|143/265|[from] item: Leftovers","|-damage|p2a: Gyarados|247/394 brn|[from] brn","|turn|32","|","|move|p1a: Sableye|Recover|p1a: Sableye","|-heal|p1a: Sableye|265/265","|move|p2a: Gyarados|Waterfall|p1a: Sableye","|-damage|p1a: Sableye|125/265","|","|-heal|p1a: Sableye|141/265|[from] item: Leftovers","|-damage|p2a: Gyarados|198/394 brn|[from] brn","|-end|p2a: Gyarados|move: Taunt","|turn|33","|","|move|p1a: Sableye|Taunt|p2a: Gyarados","|-start|p2a: Gyarados|move: Taunt","|move|p2a: Gyarados|Waterfall|p1a: Sableye","|-damage|p1a: Sableye|14/265","|","|-heal|p1a: Sableye|30/265|[from] item: Leftovers","|-damage|p2a: Gyarados|149/394 brn|[from] brn","|turn|34","|","|move|p1a: Sableye|Recover|p1a: Sableye","|-heal|p1a: Sableye|163/265","|move|p2a: Gyarados|Waterfall|p1a: Sableye","|-damage|p1a: Sableye|40/265","|","|-heal|p1a: Sableye|56/265|[from] item: Leftovers","|-damage|p2a: Gyarados|100/394 brn|[from] brn","|turn|35","|","|move|p1a: Sableye|Recover|p1a: Sableye","|-heal|p1a: Sableye|189/265","|move|p2a: Gyarados|Waterfall|p1a: Sableye","|-damage|p1a: Sableye|68/265","|","|-heal|p1a: Sableye|84/265|[from] item: Leftovers","|-damage|p2a: Gyarados|51/394 brn|[from] brn","|-end|p2a: Gyarados|move: Taunt","|turn|36","|","|move|p1a: Sableye|Recover|p1a: Sableye","|-heal|p1a: Sableye|217/265","|move|p2a: Gyarados|Waterfall|p1a: Sableye","|-damage|p1a: Sableye|94/265","|","|-heal|p1a: Sableye|110/265|[from] item: Leftovers","|-damage|p2a: Gyarados|2/394 brn|[from] brn","|turn|37","|","|move|p1a: Sableye|Recover|p1a: Sableye","|-heal|p1a: Sableye|243/265","|move|p2a: Gyarados|Waterfall|p1a: Sableye","|-damage|p1a: Sableye|108/265","|","|-heal|p1a: Sableye|124/265|[from] item: Leftovers","|-damage|p2a: Gyarados|0 fnt|[from] brn","|faint|p2a: Gyarados","|","|switch|p2a: Staraptor|Staraptor, M|311/311","|-ability|p2a: Staraptor|Intimidate","|-unboost|p1a: Sableye|atk|1","|turn|38","|","|move|p1a: Sableye|Will-O-Wisp|p2a: Staraptor","|-status|p2a: Staraptor|brn","|move|p2a: Staraptor|Brave Bird|p1a: Sableye","|-damage|p1a: Sableye|36/265","|-damage|p2a: Staraptor|282/311 brn|[from] recoil|[of] p1a: Sableye","|","|-heal|p1a: Sableye|52/265|[from] item: Leftovers","|-damage|p2a: Staraptor|244/311 brn|[from] brn","|turn|39","|","|win|Neowulf"],"p1rating":{"entryid":"6156418","serverid":"eos","formatid":"monotype","userid":"neowulf","username":"Neowulf","w":140,"l":"75","t":"0","gxe":67.5,"r":"1636.6236019747","rd":"39.782602278891","sigma":"0","rptime":"1439715600","rpr":1638.5892145289,"rprd":39.101533377958,"rpsigma":"0","acre":1343.9532488962,"lacre":1343.9532488962,"oldacre":"1335.2122720808"},"p2rating":{"entryid":"7196111","serverid":"eos","formatid":"monotype","userid":"crystaljake","username":"Crystal Jake","w":"4","l":5,"t":"0","gxe":53,"r":"1553.2939499958","rd":"104.9507334839","sigma":"0","rptime":"1439715600","rpr":1522.9808456537,"rprd":90.544542614076,"rpsigma":"0","acre":1102.9198773492,"lacre":1102.9198773492,"oldacre":"1113.8460983685"},"endType":"forfeit"}