{"seed":[18261,49951,39842,7369],"turns":21,"p1":"Blizzardbuffalo123","p2":"Union Dois","p1team":[{"name":"Shuckle","species":"Shuckle","item":"leftovers","ability":"Contrary","moves":["shellsmash","stickyweb","infestation","rest"],"nature":"Modest","evs":{"hp":0,"atk":0,"def":0,"spa":252,"spd":4,"spe":252},"ivs":{"hp":31,"atk":31,"def":31,"spa":31,"spd":31,"spe":31}},{"name":"Genesect-Burn","species":"Genesect-Burn","item":"burndrive","ability":"Download","moves":["bugbuzz","technoblast","extremespeed","ironhead"],"nature":"Hasty","evs":{"hp":0,"atk":252,"def":0,"spa":4,"spd":0,"spe":252},"shiny":true,"ivs":{"hp":31,"atk":31,"def":31,"spa":31,"spd":31,"spe":31}},{"name":"Vespiquen","species":"Vespiquen","item":"insectplate","ability":"Pressure","moves":["attackorder","defendorder","healorder","airslash"],"nature":"Gentle","evs":{"hp":252,"atk":4,"def":0,"spa":0,"spd":252,"spe":0},"ivs":{"hp":31,"atk":30,"def":31,"spa":30,"spd":31,"spe":31}},{"name":"Volcarona","species":"Volcarona","item":"leftovers","ability":"Flame Body","moves":["fierydance","bugbuzz","gigadrain","psychic"],"nature":"Timid","evs":{"hp":0,"atk":0,"def":0,"spa":252,"spd":4,"spe":252},"ivs":{"hp":31,"atk":31,"def":31,"spa":31,"spd":31,"spe":31}},{"name":"Escavalier","species":"Escavalier","item":"assaultvest","ability":"Overcoat","moves":["megahorn","knockoff","ironhead","drillrun"],"nature":"Adamant","evs":{"hp":248,"atk":252,"def":0,"spa":0,"spd":8,"spe":0},"ivs":{"hp":31,"atk":31,"def":31,"spa":31,"spd":31,"spe":31}},{"name":"Scizor","species":"Scizor","item":"scizorite","ability":"Swarm","moves":["bulletpunch","swordsdance","xscissor","wingattack"],"nature":"Adamant","evs":{"hp":252,"atk":252,"def":0,"spa":0,"spd":4,"spe":0},"ivs":{"hp":30,"atk":30,"def":30,"spa":30,"spd":30,"spe":31}}],"p2team":[{"name":"Galvantula","species":"Galvantula","item":"choicespecs","ability":"Compound Eyes","moves":["stickyweb","bugbuzz","thunder","voltswitch"],"nature":"Timid","evs":{"hp":4,"atk":0,"def":0,"spa":252,"spd":0,"spe":252},"ivs":{"hp":31,"atk":31,"def":31,"spa":31,"spd":31,"spe":31}},{"name":"Scizor","species":"Scizor","item":"leftovers","ability":"Technician","moves":["uturn","superpower","bulletpunch","knockoff"],"nature":"Adamant","evs":{"hp":248,"atk":252,"def":0,"spa":0,"spd":0,"spe":0},"ivs":{"hp":31,"atk":31,"def":31,"spa":31,"spd":31,"spe":31}},{"name":"Volcarona","species":"Volcarona","item":"lumberry","ability":"Flame Body","moves":["quiverdance","fierydance","hiddenpowerground","bugbuzz"],"nature":"Timid","evs":{"hp":0,"atk":0,"def":0,"spa":252,"spd":0,"spe":252},"ivs":{"hp":31,"atk":31,"def":31,"spa":30,"spd":30,"spe":31}},{"name":"Forretress","species":"Forretress","item":"redcard","ability":"Sturdy","moves":["spikes","painsplit","voltswitch","rapidspin"],"nature":"Bold","evs":{"hp":252,"atk":0,"def":252,"spa":0,"spd":0,"spe":0},"ivs":{"hp":31,"atk":31,"def":31,"spa":31,"spd":31,"spe":31}},{"name":"Pinsir","species":"Pinsir","item":"pinsirite","ability":"Hyper Cutter","moves":["quickattack","earthquake","frustration","swordsdance"],"nature":"Jolly","evs":{"hp":4,"atk":252,"def":0,"spa":0,"spd":0,"spe":252},"happiness":0,"ivs":{"hp":31,"atk":31,"def":31,"spa":31,"spd":31,"spe":31}},{"name":"Shuckle","species":"Shuckle","item":"mentalherb","ability":"Sturdy","moves":["shellsmash","rest","toxic","infestation"],"nature":"Careful","evs":{"hp":252,"atk":0,"def":0,"spa":0,"spd":252,"spe":0},"ivs":{"hp":31,"atk":31,"def":31,"spa":31,"spd":31,"spe":31}}],"log":["|player|p1|Blizzardbuffalo123|3","|player|p2|Union Dois|uniondois.png","|gametype|singles","|gen|6","|tier|Monotype","|rated","|rule|Baton Pass Clause: Limit one Baton Passer, can't pass Spe and other stats simultaneously","|rule|Swagger Clause: Swagger is banned","|rule|Same Type Clause: Pokémon in a team must share a type","|clearpoke","|poke|p1|Shuckle, F","|poke|p1|Genesect-*, shiny","|poke|p1|Vespiquen, F","|poke|p1|Volcarona, M","|poke|p1|Escavalier, F","|poke|p1|Scizor, M","|poke|p2|Galvantula, M","|poke|p2|Scizor, M","|poke|p2|Volcarona, F","|poke|p2|Forretress, F","|poke|p2|Pinsir, M","|poke|p2|Shuckle, F","|rule|Sleep Clause Mod: Limit one foe put to sleep","|rule|Species Clause: Limit one of each Pokémon","|rule|OHKO Clause: OHKO moves are banned","|rule|Moody Clause: Moody is banned","|rule|Evasion Moves Clause: Evasion moves are banned","|rule|Endless Battle Clause: Forcing endless battles is banned","|rule|HP Percentage Mod: HP is shown in percentages","|teampreview","|","|start","|switch|p1a: Volcarona|Volcarona, M|311/311","|switch|p2a: Forretress|Forretress, F|354/354","|turn|1","|","|move|p1a: Volcarona|Fiery Dance|p2a: Forretress","|-supereffective|p2a: Forretress","|-ability|p2a: Forretress|Sturdy","|-damage|p2a: Forretress|1/354","|-enditem|p2a: Forretress|Red Card|[of] p1a: Volcarona","|drag|p1a: Scizor|Scizor, M|343/343","|move|p2a: Forretress|Pain Split|p1a: Scizor","|-sethp|p1a: Scizor|172/343|p2a: Forretress|172/354|[from] move: Pain Split","|","|turn|2","|","|switch|p2a: Galvantula|Galvantula, M|282/282","|detailschange|p1a: Scizor|Scizor-Mega, M","|-mega|p1a: Scizor|Scizor|Scizorite","|move|p1a: Scizor|Swords Dance|p1a: Scizor","|-boost|p1a: Scizor|atk|2","|","|turn|3","|","|move|p1a: Scizor|Bullet Punch|p2a: Galvantula","|-resisted|p2a: Galvantula","|-damage|p2a: Galvantula|83/282","|move|p2a: Galvantula|Thunder|p1a: Scizor","|-damage|p1a: Scizor|0 fnt","|faint|p1a: Scizor","|","|","|switch|p1a: Shuckle|Shuckle, F|181/181","|turn|4","|","|move|p2a: Galvantula|Thunder|p1a: Shuckle|[miss]","|-miss|p2a: Galvantula|p1a: Shuckle","|move|p1a: Shuckle|Sticky Web|p2a: Galvantula","|-sidestart|p2: Union Dois|move: Sticky Web","|","|turn|5","|","|switch|p2a: Forretress|Forretress, F|172/354","|-activate|p2a: Forretress|move: Sticky Web","|-unboost|p2a: Forretress|spe|1","|move|p1a: Shuckle|Infestation|p2a: Forretress","|-resisted|p2a: Forretress","|-damage|p2a: Forretress|162/354","|-activate|p2a: Forretress|move: Infestation|[of] p1a: Shuckle","|","|-damage|p2a: Forretress|118/354|[from] move: Infestation|[partiallytrapped]","|turn|6","|","|move|p1a: Shuckle|Shell Smash|p1a: Shuckle","|-boost|p1a: Shuckle|def|1","|-boost|p1a: Shuckle|spd|1","|-unboost|p1a: Shuckle|atk|2","|-unboost|p1a: Shuckle|spa|2","|-unboost|p1a: Shuckle|spe|2","|move|p2a: Forretress|Rapid Spin|p1a: Shuckle","|-resisted|p1a: Shuckle","|-damage|p1a: Shuckle|179/181","|-sideend|p2: Union Dois|Sticky Web|[from] move: Rapid Spin|[of] p2a: Forretress","|-end|p2a: Forretress|Infestation|[partiallytrapped]","|","|-heal|p1a: Shuckle|181/181|[from] item: Leftovers","|turn|7","|","|switch|p2a: Scizor|Scizor, M|343/343","|move|p1a: Shuckle|Infestation|p2a: Scizor","|-resisted|p2a: Scizor","|-damage|p2a: Scizor|339/343","|-activate|p2a: Scizor|move: Infestation|[of] p1a: Shuckle","|","|-heal|p2a: Scizor|343/343|[from] item: Leftovers","|-damage|p2a: Scizor|301/343|[from] move: Infestation|[partiallytrapped]","|turn|8","|","|move|p2a: Scizor|Bullet Punch|p1a: Shuckle","|-supereffective|p1a: Shuckle","|-damage|p1a: Shuckle|109/181","|move|p1a: Shuckle|Sticky Web|p2a: Scizor","|-sidestart|p2: Union Dois|move: Sticky Web","|","|-heal|p2a: Scizor|322/343|[from] item: Leftovers","|-heal|p1a: Shuckle|120/181|[from] item: Leftovers","|-damage|p2a: Scizor|280/343|[from] move: Infestation|[partiallytrapped]","|turn|9","|","|move|p2a: Scizor|Bullet Punch|p1a: Shuckle","|-supereffective|p1a: Shuckle","|-damage|p1a: Shuckle|48/181","|move|p1a: Shuckle|Shell Smash|p1a: Shuckle","|-boost|p1a: Shuckle|def|1","|-boost|p1a: Shuckle|spd|1","|-unboost|p1a: Shuckle|atk|2","|-unboost|p1a: Shuckle|spa|2","|-unboost|p1a: Shuckle|spe|2","|","|-heal|p2a: Scizor|301/343|[from] item: Leftovers","|-heal|p1a: Shuckle|59/181|[from] item: Leftovers","|-damage|p2a: Scizor|259/343|[from] move: Infestation|[partiallytrapped]","|turn|10","|","|move|p2a: Scizor|Bullet Punch|p1a: Shuckle","|-supereffective|p1a: Shuckle","|-damage|p1a: Shuckle|0 fnt","|faint|p1a: Shuckle","|","|-heal|p2a: Scizor|280/343|[from] item: Leftovers","|","|switch|p1a: Genesect-Burn|Genesect-Burn, shiny|283/283","|-boost|p1a: Genesect-Burn|spa|1|[from] ability: Download","|turn|11","|","|switch|p2a: Shuckle|Shuckle, F|244/244","|-activate|p2a: Shuckle|move: Sticky Web","|-unboost|p2a: Shuckle|spe|1","|move|p1a: Genesect-Burn|Techno Blast|p2a: Shuckle","|-damage|p2a: Shuckle|177/244","|","|turn|12","|","|move|p1a: Genesect-Burn|Iron Head|p2a: Shuckle","|-supereffective|p2a: Shuckle","|-damage|p2a: Shuckle|45/244","|cant|p2a: Shuckle|flinch","|","|turn|13","|","|move|p1a: Genesect-Burn|Techno Blast|p2a: Shuckle","|-damage|p2a: Shuckle|0 fnt","|faint|p2a: Shuckle","|","|","|switch|p2a: Volcarona|Volcarona, F|311/311","|-activate|p2a: Volcarona|move: Sticky Web","|-unboost|p2a: Volcarona|spe|1","|turn|14","|","|move|p1a: Genesect-Burn|Iron Head|p2a: Volcarona","|-resisted|p2a: Volcarona","|-damage|p2a: Volcarona|209/311","|move|p2a: Volcarona|Fiery Dance|p1a: Genesect-Burn","|-supereffective|p1a: Genesect-Burn","|-damage|p1a: Genesect-Burn|0 fnt","|-boost|p2a: Volcarona|spa|1","|faint|p1a: Genesect-Burn","|","|","|switch|p1a: Volcarona|Volcarona, M|311/311","|turn|15","|","|move|p1a: Volcarona|Fiery Dance|p2a: Volcarona","|-damage|p2a: Volcarona|76/311","|-boost|p1a: Volcarona|spa|1","|move|p2a: Volcarona|Quiver Dance|p2a: Volcarona","|-boost|p2a: Volcarona|spa|1","|-boost|p2a: Volcarona|spd|1","|-boost|p2a: Volcarona|spe|1","|","|turn|16","|","|move|p1a: Volcarona|Fiery Dance|p2a: Volcarona","|-damage|p2a: Volcarona|0 fnt","|-boost|p1a: Volcarona|spa|1","|faint|p2a: Volcarona","|","|","|switch|p2a: Forretress|Forretress, F|118/354","|-activate|p2a: Forretress|move: Sticky Web","|-unboost|p2a: Forretress|spe|1","|turn|17","|","|move|p1a: Volcarona|Fiery Dance|p2a: Forretress","|-supereffective|p2a: Forretress","|-damage|p2a: Forretress|0 fnt","|-boost|p1a: Volcarona|spa|1","|faint|p2a: Forretress","|","|","|switch|p2a: Pinsir|Pinsir, M|272/272","|-activate|p2a: Pinsir|move: Sticky Web","|-unboost|p2a: Pinsir|spe|1","|turn|18","|","|detailschange|p2a: Pinsir|Pinsir-Mega, M","|-mega|p2a: Pinsir|Pinsir|Pinsirite","|move|p2a: Pinsir|Quick Attack|p1a: Volcarona","|-supereffective|p1a: Volcarona","|-damage|p1a: Volcarona|0 fnt","|faint|p1a: Volcarona","|","|","|switch|p1a: Escavalier|Escavalier, F|343/343","|turn|19","|","|move|p2a: Pinsir|Swords Dance|p2a: Pinsir","|-boost|p2a: Pinsir|atk|2","|move|p1a: Escavalier|Iron Head|p2a: Pinsir","|-damage|p2a: Pinsir|125/272","|","|turn|20","|","|move|p2a: Pinsir|Frustration|p1a: Escavalier","|-damage|p1a: Escavalier|0 fnt","|faint|p1a: Escavalier","|","|","|switch|p1a: Vespiquen|Vespiquen, F|344/344","|-ability|p1a: Vespiquen|Pressure","|turn|21","|","|move|p2a: Pinsir|Quick Attack|p1a: Vespiquen","|-supereffective|p1a: Vespiquen","|-damage|p1a: Vespiquen|0 fnt","|faint|p1a: Vespiquen","|","|win|Union Dois"],"p1rating":{"entryid":"5731593","serverid":"eos","formatid":"monotype","userid":"blizzardbuffalo123","username":"Blizzardbuffalo123","w":"30","l":217,"t":"0","gxe":14.9,"r":"1169.2884925121","rd":"48.440992646531","sigma":"0","rptime":"1439715600","rpr":1169.0175946515,"rprd":47.016451095296,"rpsigma":"0","acre":1000,"lacre":1000,"oldacre":"1002.941392471"},"p2rating":{"entryid":"7509562","serverid":"eos","formatid":"monotype","userid":"uniondois","username":"Union Dois","w":2,"l":"0","t":"0","gxe":56.1,"r":1540.1606143388,"rd":123.94231767275,"sigma":"0","rptime":1439715600,"rpr":1549.1778832514,"rprd":121.07344557916,"rpsigma":"0","acre":1076.730214902,"lacre":1076.730214902,"oldacre":"1048.2064476284"},"endType":"normal"}