{"seed":[45189,2879,60695,14809],"turns":39,"p1":"Claire - nee~","p2":"Emg Svu","p1team":[{"name":"Tyranitar","species":"Tyranitar","item":"leftovers","ability":"Sand Stream","moves":["stealthrock","thunderwave","darkpulse","earthpower"],"nature":"Calm","evs":{"hp":252,"atk":0,"def":0,"spa":0,"spd":252,"spe":0},"ivs":{"hp":31,"atk":0,"def":31,"spa":31,"spd":31,"spe":31}},{"name":"Sableye","species":"Sableye","item":"leftovers","ability":"Prankster","moves":["willowisp","recover","snarl","taunt"],"nature":"Calm","evs":{"hp":252,"atk":0,"def":0,"spa":4,"spd":252,"spe":0},"ivs":{"hp":31,"atk":0,"def":31,"spa":31,"spd":31,"spe":31}},{"name":"Mandibuzz","species":"Mandibuzz","item":"rockyhelmet","ability":"Overcoat","moves":["foulplay","toxic","defog","roost"],"nature":"Bold","evs":{"hp":248,"atk":0,"def":252,"spa":0,"spd":8,"spe":0},"ivs":{"hp":31,"atk":31,"def":31,"spa":0,"spd":31,"spe":31}},{"name":"Absol","species":"Absol","item":"absolite","ability":"Pressure","moves":["swordsdance","suckerpunch","playrough","superpower"],"nature":"Jolly","evs":{"hp":0,"atk":252,"def":0,"spa":0,"spd":4,"spe":252},"ivs":{"hp":31,"atk":31,"def":31,"spa":0,"spd":31,"spe":31}},{"name":"Bisharp","species":"Bisharp","item":"leftovers","ability":"Defiant","moves":["swordsdance","substitute","suckerpunch","ironhead"],"nature":"Impish","evs":{"hp":252,"atk":0,"def":252,"spa":0,"spd":4,"spe":0},"ivs":{"hp":31,"atk":31,"def":31,"spa":0,"spd":31,"spe":31}},{"name":"Hydreigon","species":"Hydreigon","item":"choicescarf","ability":"Levitate","moves":["dracometeor","darkpulse","flamethrower","flashcannon"],"nature":"Timid","evs":{"hp":0,"atk":0,"def":0,"spa":252,"spd":4,"spe":252},"ivs":{"hp":31,"atk":0,"def":31,"spa":31,"spd":31,"spe":31}}],"p2team":[{"name":"Hippowdon","species":"Hippowdon","item":"leftovers","ability":"Sand Stream","moves":["earthquake","icefang","slackoff","stealthrock"],"nature":"Impish","evs":{"hp":252,"atk":4,"def":252,"spa":0,"spd":0,"spe":0},"gender":"F","ivs":{"hp":31,"atk":31,"def":31,"spa":31,"spd":31,"spe":31}},{"name":"Gastrodon","species":"Gastrodon","item":"leftovers","ability":"Storm Drain","moves":["scald","toxic","recover","earthpower"],"nature":"Bold","evs":{"hp":252,"atk":0,"def":252,"spa":4,"spd":0,"spe":0},"gender":"M","ivs":{"hp":31,"atk":31,"def":31,"spa":31,"spd":31,"spe":31}},{"name":"Landorus","species":"Landorus","item":"lifeorb","ability":"Sheer Force","moves":["sludgewave","earthpower","psychic","focusblast"],"nature":"Timid","evs":{"hp":0,"atk":0,"def":0,"spa":252,"spd":4,"spe":252},"ivs":{"hp":31,"atk":31,"def":31,"spa":31,"spd":31,"spe":31}},{"name":"Garchomp","species":"Garchomp","item":"garchompite","ability":"Rough Skin","moves":["earthquake","dragonclaw","fireblast","swordsdance"],"nature":"Naive","evs":{"hp":0,"atk":252,"def":0,"spa":4,"spd":0,"spe":252},"ivs":{"hp":31,"atk":31,"def":31,"spa":31,"spd":31,"spe":31}},{"name":"Mamoswine","species":"Mamoswine","item":"assaultvest","ability":"Thick Fat","moves":["earthquake","iciclespear","iceshard","knockoff"],"nature":"Adamant","evs":{"hp":28,"atk":252,"def":0,"spa":0,"spd":8,"spe":220},"ivs":{"hp":31,"atk":31,"def":31,"spa":31,"spd":31,"spe":31}},{"name":"Excadrill","species":"Excadrill","item":"lifeorb","ability":"Sand Rush","moves":["earthquake","ironhead","rockslide","swordsdance"],"nature":"Adamant","evs":{"hp":4,"atk":252,"def":0,"spa":0,"spd":0,"spe":252},"ivs":{"hp":31,"atk":31,"def":31,"spa":31,"spd":31,"spe":31}}],"log":["|player|p1|Claire - nee~|4","|player|p2|Emg Svu|67","|gametype|singles","|gen|6","|tier|Monotype","|rated","|rule|Baton Pass Clause: Limit one Baton Passer, can't pass Spe and other stats simultaneously","|rule|Swagger Clause: Swagger is banned","|rule|Same Type Clause: Pokémon in a team must share a type","|clearpoke","|poke|p1|Tyranitar, M","|poke|p1|Sableye, M","|poke|p1|Mandibuzz, F","|poke|p1|Absol, M","|poke|p1|Bisharp, M","|poke|p1|Hydreigon, M","|poke|p2|Hippowdon, F","|poke|p2|Gastrodon, M","|poke|p2|Landorus, M","|poke|p2|Garchomp, M","|poke|p2|Mamoswine, M","|poke|p2|Excadrill, M","|rule|Sleep Clause Mod: Limit one foe put to sleep","|rule|Species Clause: Limit one of each Pokémon","|rule|OHKO Clause: OHKO moves are banned","|rule|Moody Clause: Moody is banned","|rule|Evasion Moves Clause: Evasion moves are banned","|rule|Endless Battle Clause: Forcing endless battles is banned","|rule|HP Percentage Mod: HP is shown in percentages","|teampreview","|","|start","|switch|p1a: Sableye|Sableye, M|304/304","|switch|p2a: Landorus|Landorus, M|319/319","|turn|1","|","|move|p2a: Landorus|Earth Power|p1a: Sableye","|-damage|p1a: Sableye|82/304","|move|p1a: Sableye|Snarl|p2a: Landorus","|-miss|p1a: Sableye|p2a: Landorus","|","|-heal|p1a: Sableye|101/304|[from] item: Leftovers","|turn|2","|","|switch|p1a: Hydreigon|Hydreigon, M|325/325","|move|p2a: Landorus|Earth Power|p1a: Hydreigon","|-immune|p1a: Hydreigon|[msg]","|","|turn|3","|","|move|p1a: Hydreigon|Draco Meteor|p2a: Landorus","|-crit|p2a: Landorus","|-damage|p2a: Landorus|0 fnt","|-unboost|p1a: Hydreigon|spa|2","|faint|p2a: Landorus","|","|","|switch|p2a: Mamoswine|Mamoswine, M|368/368","|turn|4","|","|switch|p1a: Bisharp|Bisharp, M|334/334","|move|p2a: Mamoswine|Icicle Spear|p1a: Bisharp","|-resisted|p1a: Bisharp","|-damage|p1a: Bisharp|315/334","|-resisted|p1a: Bisharp","|-damage|p1a: Bisharp|295/334","|-resisted|p1a: Bisharp","|-damage|p1a: Bisharp|277/334","|-resisted|p1a: Bisharp","|-damage|p1a: Bisharp|259/334","|-hitcount|p1a: Bisharp|4","|","|-heal|p1a: Bisharp|279/334|[from] item: Leftovers","|turn|5","|","|switch|p1a: Mandibuzz|Mandibuzz, F|423/423","|move|p2a: Mamoswine|Earthquake|p1a: Mandibuzz","|-immune|p1a: Mandibuzz|[msg]","|","|turn|6","|","|move|p2a: Mamoswine|Icicle Spear|p1a: Mandibuzz","|-supereffective|p1a: Mandibuzz","|-damage|p1a: Mandibuzz|349/423","|-supereffective|p1a: Mandibuzz","|-damage|p1a: Mandibuzz|277/423","|-hitcount|p1a: Mandibuzz|2","|move|p1a: Mandibuzz|Foul Play|p2a: Mamoswine","|-damage|p2a: Mamoswine|145/368","|","|turn|7","|","|switch|p2a: Hippowdon|Hippowdon, F|420/420","|-weather|Sandstorm","|move|p1a: Mandibuzz|Foul Play|p2a: Hippowdon","|-damage|p2a: Hippowdon|338/420","|","|-weather|Sandstorm|[upkeep]","|-heal|p2a: Hippowdon|364/420|[from] item: Leftovers","|turn|8","|","|switch|p1a: Sableye|Sableye, M|101/304","|move|p2a: Hippowdon|Stealth Rock|p1a: Sableye","|-sidestart|p1: Claire - nee~|move: Stealth Rock","|","|-weather|Sandstorm|[upkeep]","|-damage|p1a: Sableye|82/304|[from] sandstorm","|-heal|p1a: Sableye|101/304|[from] item: Leftovers","|-heal|p2a: Hippowdon|390/420|[from] item: Leftovers","|turn|9","|","|move|p1a: Sableye|Recover|p1a: Sableye","|-heal|p1a: Sableye|253/304","|move|p2a: Hippowdon|Earthquake|p1a: Sableye","|-damage|p1a: Sableye|91/304","|","|-weather|Sandstorm|[upkeep]","|-damage|p1a: Sableye|72/304|[from] sandstorm","|-heal|p1a: Sableye|91/304|[from] item: Leftovers","|-heal|p2a: Hippowdon|416/420|[from] item: Leftovers","|turn|10","|","|move|p1a: Sableye|Recover|p1a: Sableye","|-heal|p1a: Sableye|243/304","|move|p2a: Hippowdon|Ice Fang|p1a: Sableye","|-damage|p1a: Sableye|176/304","|","|-weather|Sandstorm|[upkeep]","|-damage|p1a: Sableye|157/304|[from] sandstorm","|-heal|p1a: Sableye|176/304|[from] item: Leftovers","|-heal|p2a: Hippowdon|420/420|[from] item: Leftovers","|turn|11","|","|move|p1a: Sableye|Will-O-Wisp|p2a: Hippowdon","|-status|p2a: Hippowdon|brn","|move|p2a: Hippowdon|Earthquake|p1a: Sableye","|-damage|p1a: Sableye|93/304","|","|-weather|none","|-heal|p1a: Sableye|112/304|[from] item: Leftovers","|-damage|p2a: Hippowdon|368/420 brn|[from] brn","|turn|12","|","|move|p1a: Sableye|Taunt|p2a: Hippowdon","|-start|p2a: Hippowdon|move: Taunt","|move|p2a: Hippowdon|Earthquake|p1a: Sableye","|-damage|p1a: Sableye|29/304","|","|-heal|p1a: Sableye|48/304|[from] item: Leftovers","|-heal|p2a: Hippowdon|394/420 brn|[from] item: Leftovers","|-damage|p2a: Hippowdon|342/420 brn|[from] brn","|turn|13","|","|switch|p2a: Gastrodon|Gastrodon, M|426/426","|move|p1a: Sableye|Recover|p1a: Sableye","|-heal|p1a: Sableye|200/304","|","|-heal|p1a: Sableye|219/304|[from] item: Leftovers","|turn|14","|","|move|p1a: Sableye|Taunt|p2a: Gastrodon","|-start|p2a: Gastrodon|move: Taunt","|cant|p2a: Gastrodon|move: Taunt|Toxic","|","|-heal|p1a: Sableye|238/304|[from] item: Leftovers","|turn|15","|","|move|p1a: Sableye|Snarl|p2a: Gastrodon","|-damage|p2a: Gastrodon|369/426","|-unboost|p2a: Gastrodon|spa|1","|move|p2a: Gastrodon|Scald|p1a: Sableye","|-damage|p1a: Sableye|186/304","|-status|p1a: Sableye|brn","|","|-heal|p1a: Sableye|205/304 brn|[from] item: Leftovers","|-heal|p2a: Gastrodon|395/426|[from] item: Leftovers","|-damage|p1a: Sableye|167/304 brn|[from] brn","|turn|16","|","|move|p1a: Sableye|Recover|p1a: Sableye","|-heal|p1a: Sableye|304/304 brn","|move|p2a: Gastrodon|Earth Power|p1a: Sableye","|-damage|p1a: Sableye|244/304 brn","|","|-heal|p1a: Sableye|263/304 brn|[from] item: Leftovers","|-heal|p2a: Gastrodon|421/426|[from] item: Leftovers","|-damage|p1a: Sableye|225/304 brn|[from] brn","|-end|p2a: Gastrodon|move: Taunt","|turn|17","|","|move|p1a: Sableye|Taunt|p2a: Gastrodon","|-start|p2a: Gastrodon|move: Taunt","|move|p2a: Gastrodon|Earth Power|p1a: Sableye","|-damage|p1a: Sableye|159/304 brn","|","|-heal|p1a: Sableye|178/304 brn|[from] item: Leftovers","|-heal|p2a: Gastrodon|426/426|[from] item: Leftovers","|-damage|p1a: Sableye|140/304 brn|[from] brn","|turn|18","|","|switch|p1a: Mandibuzz|Mandibuzz, F|277/423","|-damage|p1a: Mandibuzz|172/423|[from] Stealth Rock","|move|p2a: Gastrodon|Earth Power|p1a: Mandibuzz","|-immune|p1a: Mandibuzz|[msg]","|","|turn|19","|","|move|p1a: Mandibuzz|Toxic|p2a: Gastrodon","|-status|p2a: Gastrodon|tox","|move|p2a: Gastrodon|Scald|p1a: Mandibuzz","|-crit|p1a: Mandibuzz","|-damage|p1a: Mandibuzz|37/423","|","|-damage|p2a: Gastrodon|400/426 tox|[from] psn","|-end|p2a: Gastrodon|move: Taunt","|turn|20","|","|move|p1a: Mandibuzz|Roost|p1a: Mandibuzz","|-heal|p1a: Mandibuzz|249/423","|move|p2a: Gastrodon|Toxic|p1a: Mandibuzz","|-status|p1a: Mandibuzz|tox","|","|-heal|p2a: Gastrodon|426/426 tox|[from] item: Leftovers","|-damage|p1a: Mandibuzz|223/423 tox|[from] psn","|-damage|p2a: Gastrodon|374/426 tox|[from] psn","|turn|21","|","|move|p1a: Mandibuzz|Defog|p2a: Gastrodon","|-unboost|p2a: Gastrodon|evasion|1","|-sideend|p1: Claire - nee~|Stealth Rock|[from] move: Defog|[of] p1a: Mandibuzz","|move|p2a: Gastrodon|Scald|p1a: Mandibuzz","|-damage|p1a: Mandibuzz|163/423 tox","|","|-heal|p2a: Gastrodon|400/426 tox|[from] item: Leftovers","|-damage|p1a: Mandibuzz|111/423 tox|[from] psn","|-damage|p2a: Gastrodon|322/426 tox|[from] psn","|turn|22","|","|move|p1a: Mandibuzz|Roost|p1a: Mandibuzz","|-heal|p1a: Mandibuzz|323/423 tox","|move|p2a: Gastrodon|Scald|p1a: Mandibuzz","|-damage|p1a: Mandibuzz|265/423 tox","|","|-heal|p2a: Gastrodon|348/426 tox|[from] item: Leftovers","|-damage|p1a: Mandibuzz|187/423 tox|[from] psn","|-damage|p2a: Gastrodon|244/426 tox|[from] psn","|turn|23","|","|switch|p2a: Hippowdon|Hippowdon, F|342/420 brn","|-weather|Sandstorm","|move|p1a: Mandibuzz|Roost|p1a: Mandibuzz","|-heal|p1a: Mandibuzz|399/423 tox","|","|-weather|Sandstorm|[upkeep]","|-heal|p2a: Hippowdon|368/420 brn|[from] item: Leftovers","|-damage|p1a: Mandibuzz|295/423 tox|[from] psn","|-damage|p2a: Hippowdon|316/420 brn|[from] brn","|turn|24","|","|switch|p1a: Hydreigon|Hydreigon, M|325/325","|move|p2a: Hippowdon|Stealth Rock|p1a: Hydreigon","|-sidestart|p1: Claire - nee~|move: Stealth Rock","|","|-weather|Sandstorm|[upkeep]","|-damage|p1a: Hydreigon|305/325|[from] sandstorm","|-heal|p2a: Hippowdon|342/420 brn|[from] item: Leftovers","|-damage|p2a: Hippowdon|290/420 brn|[from] brn","|turn|25","|","|move|p1a: Hydreigon|Draco Meteor|p2a: Hippowdon","|-damage|p2a: Hippowdon|0 fnt","|-unboost|p1a: Hydreigon|spa|2","|faint|p2a: Hippowdon","|","|-weather|Sandstorm|[upkeep]","|-damage|p1a: Hydreigon|285/325|[from] sandstorm","|","|switch|p2a: Excadrill|Excadrill, M|362/362","|turn|26","|","|switch|p1a: Mandibuzz|Mandibuzz, F|295/423 tox","|-damage|p1a: Mandibuzz|190/423 tox|[from] Stealth Rock","|move|p2a: Excadrill|Iron Head|p1a: Mandibuzz","|-damage|p1a: Mandibuzz|41/423 tox","|-damage|p2a: Excadrill|302/362|[from] item: Rocky Helmet|[of] p1a: Mandibuzz","|-damage|p2a: Excadrill|266/362|[from] item: Life Orb","|","|-weather|Sandstorm|[upkeep]","|-damage|p1a: Mandibuzz|15/423 tox|[from] psn","|turn|27","|","|move|p2a: Excadrill|Iron Head|p1a: Mandibuzz","|-damage|p1a: Mandibuzz|0 fnt","|-damage|p2a: Excadrill|206/362|[from] item: Rocky Helmet|[of] p1a: Mandibuzz","|-damage|p2a: Excadrill|170/362|[from] item: Life Orb","|faint|p1a: Mandibuzz","|","|-weather|none","|","|switch|p1a: Sableye|Sableye, M|140/304 brn","|-damage|p1a: Sableye|102/304 brn|[from] Stealth Rock","|turn|28","|","|switch|p2a: Gastrodon|Gastrodon, M|244/426 tox","|move|p1a: Sableye|Recover|p1a: Sableye","|-heal|p1a: Sableye|254/304 brn","|","|-heal|p1a: Sableye|273/304 brn|[from] item: Leftovers","|-heal|p2a: Gastrodon|270/426 tox|[from] item: Leftovers","|-damage|p1a: Sableye|235/304 brn|[from] brn","|-damage|p2a: Gastrodon|244/426 tox|[from] psn","|turn|29","|","|move|p1a: Sableye|Taunt|p2a: Gastrodon","|-start|p2a: Gastrodon|move: Taunt","|move|p2a: Gastrodon|Earth Power|p1a: Sableye","|-damage|p1a: Sableye|141/304 brn","|","|-heal|p1a: Sableye|160/304 brn|[from] item: Leftovers","|-heal|p2a: Gastrodon|270/426 tox|[from] item: Leftovers","|-damage|p1a: Sableye|122/304 brn|[from] brn","|-damage|p2a: Gastrodon|218/426 tox|[from] psn","|turn|30","|","|move|p1a: Sableye|Recover|p1a: Sableye","|-heal|p1a: Sableye|274/304 brn","|move|p2a: Gastrodon|Scald|p1a: Sableye","|-damage|p1a: Sableye|193/304 brn","|","|-heal|p1a: Sableye|212/304 brn|[from] item: Leftovers","|-heal|p2a: Gastrodon|244/426 tox|[from] item: Leftovers","|-damage|p1a: Sableye|174/304 brn|[from] brn","|-damage|p2a: Gastrodon|166/426 tox|[from] psn","|turn|31","|","|move|p1a: Sableye|Recover|p1a: Sableye","|-heal|p1a: Sableye|304/304 brn","|move|p2a: Gastrodon|Scald|p1a: Sableye","|-damage|p1a: Sableye|216/304 brn","|","|-heal|p1a: Sableye|235/304 brn|[from] item: Leftovers","|-heal|p2a: Gastrodon|192/426 tox|[from] item: Leftovers","|-damage|p1a: Sableye|197/304 brn|[from] brn","|-damage|p2a: Gastrodon|88/426 tox|[from] psn","|-end|p2a: Gastrodon|move: Taunt","|turn|32","|","|move|p1a: Sableye|Recover|p1a: Sableye","|-heal|p1a: Sableye|304/304 brn","|move|p2a: Gastrodon|Earth Power|p1a: Sableye","|-damage|p1a: Sableye|217/304 brn","|","|-heal|p1a: Sableye|236/304 brn|[from] item: Leftovers","|-heal|p2a: Gastrodon|114/426 tox|[from] item: Leftovers","|-damage|p1a: Sableye|198/304 brn|[from] brn","|-damage|p2a: Gastrodon|0 fnt|[from] psn","|faint|p2a: Gastrodon","|","|switch|p2a: Garchomp|Garchomp, M|357/357","|turn|33","|","|detailschange|p2a: Garchomp|Garchomp-Mega, M","|-mega|p2a: Garchomp|Garchomp|Garchompite","|move|p1a: Sableye|Will-O-Wisp|p2a: Garchomp|[miss]","|-miss|p1a: Sableye|p2a: Garchomp","|move|p2a: Garchomp|Fire Blast|p1a: Sableye","|-damage|p1a: Sableye|95/304 brn","|","|-heal|p1a: Sableye|114/304 brn|[from] item: Leftovers","|-damage|p1a: Sableye|76/304 brn|[from] brn","|turn|34","|","|move|p1a: Sableye|Recover|p1a: Sableye","|-heal|p1a: Sableye|228/304 brn","|move|p2a: Garchomp|Earthquake|p1a: Sableye","|-damage|p1a: Sableye|0 fnt","|faint|p1a: Sableye","|","|","|switch|p1a: Hydreigon|Hydreigon, M|285/325","|-damage|p1a: Hydreigon|245/325|[from] Stealth Rock","|turn|35","|","|switch|p2a: Mamoswine|Mamoswine, M|145/368","|move|p1a: Hydreigon|Draco Meteor|p2a: Mamoswine","|-damage|p2a: Mamoswine|0 fnt","|-unboost|p1a: Hydreigon|spa|2","|faint|p2a: Mamoswine","|","|","|switch|p2a: Excadrill|Excadrill, M|170/362","|turn|36","|","|switch|p1a: Tyranitar|Tyranitar, M|404/404","|-damage|p1a: Tyranitar|354/404|[from] Stealth Rock","|-weather|Sandstorm","|move|p2a: Excadrill|Iron Head|p1a: Tyranitar","|-supereffective|p1a: Tyranitar","|-damage|p1a: Tyranitar|0 fnt","|-damage|p2a: Excadrill|134/362|[from] item: Life Orb","|faint|p1a: Tyranitar","|","|-weather|Sandstorm|[upkeep]","|","|switch|p1a: Absol|Absol, M|271/271","|-damage|p1a: Absol|238/271|[from] Stealth Rock","|-ability|p1a: Absol|Pressure","|turn|37","|","|detailschange|p1a: Absol|Absol-Mega, M","|-mega|p1a: Absol|Absol|Absolite","|move|p1a: Absol|Sucker Punch|p2a: Excadrill","|-damage|p2a: Excadrill|0 fnt","|faint|p2a: Excadrill","|","|-weather|Sandstorm|[upkeep]","|-damage|p1a: Absol|222/271|[from] sandstorm","|","|switch|p2a: Garchomp|Garchomp-Mega, M|357/357","|turn|38","|","|move|p1a: Absol|Play Rough|p2a: Garchomp","|-supereffective|p2a: Garchomp","|-damage|p2a: Garchomp|133/357","|-unboost|p2a: Garchomp|atk|1","|move|p2a: Garchomp|Earthquake|p1a: Absol","|-damage|p1a: Absol|0 fnt","|faint|p1a: Absol","|","|-weather|Sandstorm|[upkeep]","|","|switch|p1a: Hydreigon|Hydreigon, M|245/325","|-damage|p1a: Hydreigon|205/325|[from] Stealth Rock","|turn|39","|","|move|p1a: Hydreigon|Dark Pulse|p2a: Garchomp","|-damage|p2a: Garchomp|0 fnt","|faint|p2a: Garchomp","|","|win|Claire - nee~"],"p1rating":{"entryid":"7670834","serverid":"eos","formatid":"monotype","userid":"clairenee","username":"Claire - nee~","w":2,"l":"0","t":"0","gxe":57.2,"r":"1500","rd":"130","sigma":"0","rptime":"1439715600","rpr":1557.7010939803,"rprd":119.50475548049,"rpsigma":"0","acre":1088.5144452256,"lacre":1088.5144452256,"oldacre":"1046.7190444461"},"p2rating":{"entryid":"7656291","serverid":"eos","formatid":"monotype","userid":"emgsvu","username":"Emg Svu","w":"5","l":3,"t":"0","gxe":54.4,"r":"1576.1249706547","rd":"105.56273244861","sigma":"0","rptime":"1439715600","rpr":1534.5365467931,"rprd":95.4293703137,"rpsigma":"0","acre":1110.0533731949,"lacre":1110.0533731949,"oldacre":"1141.7240957951"},"endType":"normal"}