{"seed":[39297,8247,41124,25375],"turns":20,"p1":"SL~Kingdra","p2":"Rustic Espeon","p1team":[{"name":"Chesnaught","species":"Chesnaught","item":"leftovers","ability":"Bulletproof","moves":["spikes","leechseed","spikyshield","drainpunch"],"nature":"Impish","evs":{"hp":252,"atk":0,"def":252,"spa":0,"spd":4,"spe":0},"ivs":{"hp":31,"atk":31,"def":31,"spa":31,"spd":31,"spe":31}},{"name":"Infernape","species":"Infernape","item":"focussash","ability":"Iron Fist","moves":["stealthrock","closecombat","firepunch","machpunch"],"nature":"Jolly","evs":{"hp":4,"atk":252,"def":0,"spa":0,"spd":0,"spe":252},"ivs":{"hp":31,"atk":31,"def":31,"spa":31,"spd":31,"spe":31}},{"name":"Medicham","species":"Medicham","item":"medichamite","ability":"Pure Power","moves":["fakeout","bulletpunch","zenheadbutt","highjumpkick"],"nature":"Jolly","evs":{"hp":4,"atk":252,"def":0,"spa":0,"spd":0,"spe":252},"ivs":{"hp":31,"atk":31,"def":31,"spa":31,"spd":31,"spe":31}},{"name":"Terrakion","species":"Terrakion","item":"choicescarf","ability":"Justified","moves":["ironhead","stoneedge","closecombat","earthquake"],"nature":"Adamant","evs":{"hp":4,"atk":252,"def":0,"spa":0,"spd":0,"spe":252},"ivs":{"hp":31,"atk":31,"def":31,"spa":31,"spd":31,"spe":31}},{"name":"Keldeo-Resolute","species":"Keldeo-Resolute","item":"choicespecs","ability":"Justified","moves":["secretsword","scald","icywind","hydropump"],"nature":"Timid","evs":{"hp":4,"atk":0,"def":0,"spa":252,"spd":0,"spe":252},"ivs":{"hp":31,"atk":31,"def":31,"spa":31,"spd":31,"spe":31}},{"name":"Hawlucha","species":"Hawlucha","item":"powerherb","ability":"Unburden","moves":["acrobatics","skyattack","drainpunch","swordsdance"],"nature":"Adamant","evs":{"hp":0,"atk":252,"def":0,"spa":0,"spd":0,"spe":252},"ivs":{"hp":31,"atk":31,"def":31,"spa":31,"spd":31,"spe":31}}],"p2team":[{"name":"Skarmory","species":"Skarmory","item":"rockyhelmet","ability":"Sturdy","moves":["roost","stealthrock","bravebird","defog"],"nature":"Impish","evs":{"hp":0,"atk":252,"def":0,"spa":0,"spd":4,"spe":252},"ivs":{"hp":31,"atk":31,"def":31,"spa":31,"spd":31,"spe":31}},{"name":"Heatran","species":"Heatran","item":"airballoon","ability":"Flash Fire","moves":["protect","lavaplume","earthpower","willowisp"],"nature":"Calm","evs":{"hp":248,"atk":0,"def":0,"spa":8,"spd":252,"spe":0},"ivs":{"hp":31,"atk":31,"def":31,"spa":31,"spd":31,"spe":31}},{"name":"Excadrill","species":"Excadrill","item":"choicescarf","ability":"Mold Breaker","moves":["earthquake","ironhead","rockslide","xscissor"],"nature":"Jolly","evs":{"hp":0,"atk":252,"def":0,"spa":0,"spd":4,"spe":252},"ivs":{"hp":31,"atk":31,"def":31,"spa":31,"spd":31,"spe":31}},{"name":"Magnezone","species":"Magnezone","item":"choicescarf","ability":"Sturdy","moves":["hiddenpowerice","thunderbolt","triattack","voltswitch"],"nature":"Modest","evs":{"hp":248,"atk":0,"def":0,"spa":252,"spd":8,"spe":0},"ivs":{"hp":31,"atk":30,"def":30,"spa":31,"spd":31,"spe":31}},{"name":"Lucario","species":"Lucario","item":"lifeorb","ability":"Inner Focus","moves":["aurasphere","vacuumwave","flashcannon","shadowball"],"nature":"Timid","evs":{"hp":0,"atk":0,"def":0,"spa":252,"spd":4,"spe":252},"ivs":{"hp":31,"atk":31,"def":31,"spa":31,"spd":31,"spe":31}},{"name":"Jirachi","species":"Jirachi","item":"choicescarf","ability":"Serene Grace","moves":["ironhead","zenheadbutt","icepunch","uturn"],"nature":"Jolly","evs":{"hp":0,"atk":252,"def":0,"spa":0,"spd":4,"spe":252},"ivs":{"hp":31,"atk":31,"def":31,"spa":31,"spd":31,"spe":31}}],"log":["|player|p1|SL~Kingdra|99","|player|p2|Rustic Espeon|70","|gametype|singles","|gen|6","|tier|Monotype","|rated","|rule|Baton Pass Clause: Limit one Baton Passer, can't pass Spe and other stats simultaneously","|rule|Swagger Clause: Swagger is banned","|rule|Same Type Clause: Pokémon in a team must share a type","|clearpoke","|poke|p1|Chesnaught, M","|poke|p1|Infernape, M","|poke|p1|Medicham, M","|poke|p1|Terrakion","|poke|p1|Keldeo-Resolute","|poke|p1|Hawlucha, F","|poke|p2|Skarmory, F","|poke|p2|Heatran, M","|poke|p2|Excadrill, M","|poke|p2|Magnezone","|poke|p2|Lucario, M","|poke|p2|Jirachi","|rule|Sleep Clause Mod: Limit one foe put to sleep","|rule|Species Clause: Limit one of each Pokémon","|rule|OHKO Clause: OHKO moves are banned","|rule|Moody Clause: Moody is banned","|rule|Evasion Moves Clause: Evasion moves are banned","|rule|Endless Battle Clause: Forcing endless battles is banned","|rule|HP Percentage Mod: HP is shown in percentages","|teampreview","|","|start","|switch|p1a: Infernape|Infernape, M|294/294","|switch|p2a: Skarmory|Skarmory, F|271/271","|turn|1","|","|move|p1a: Infernape|Stealth Rock|p2a: Skarmory","|-sidestart|p2: Rustic Espeon|move: Stealth Rock","|move|p2a: Skarmory|Stealth Rock|p1a: Infernape","|-sidestart|p1: SL~Kingdra|move: Stealth Rock","|","|turn|2","|","|move|p1a: Infernape|Fire Punch|p2a: Skarmory","|-supereffective|p2a: Skarmory","|-damage|p2a: Skarmory|83/271","|-damage|p1a: Infernape|245/294|[from] item: Rocky Helmet|[of] p2a: Skarmory","|-status|p2a: Skarmory|brn","|move|p2a: Skarmory|Defog|p1a: Infernape","|-unboost|p1a: Infernape|evasion|1","|-sideend|p1: SL~Kingdra|Stealth Rock|[from] move: Defog|[of] p1a: Infernape","|-sideend|p2: Rustic Espeon|Stealth Rock|[from] move: Defog|[of] p2a: Skarmory","|","|-damage|p2a: Skarmory|50/271 brn|[from] brn","|turn|3","|","|switch|p2a: Heatran|Heatran, M|385/385","|-item|p2a: Heatran|Air Balloon","|move|p1a: Infernape|Fire Punch|p2a: Heatran","|-start|p2a: Heatran|ability: Flash Fire","|","|turn|4","|","|-end|p2a: Heatran|ability: Flash Fire|[silent]","|switch|p2a: Skarmory|Skarmory, F|50/271 brn","|move|p1a: Infernape|Close Combat|p2a: Skarmory","|-damage|p2a: Skarmory|0 fnt","|-damage|p1a: Infernape|196/294|[from] item: Rocky Helmet|[of] p2a: Skarmory","|-unboost|p1a: Infernape|def|1","|-unboost|p1a: Infernape|spd|1","|faint|p2a: Skarmory","|","|","|switch|p2a: Magnezone|Magnezone|343/343","|turn|5","|","|move|p1a: Infernape|Stealth Rock|p2a: Magnezone","|-sidestart|p2: Rustic Espeon|move: Stealth Rock","|move|p2a: Magnezone|Volt Switch|p1a: Infernape","|-damage|p1a: Infernape|0 fnt","|faint|p1a: Infernape","|","|switch|p2a: Jirachi|Jirachi|341/341","|-damage|p2a: Jirachi|320/341|[from] Stealth Rock","|","|","|switch|p1a: Chesnaught|Chesnaught, M|380/380","|turn|6","|","|move|p2a: Jirachi|Zen Headbutt|p1a: Chesnaught","|-supereffective|p1a: Chesnaught","|-damage|p1a: Chesnaught|224/380","|cant|p1a: Chesnaught|flinch","|","|-heal|p1a: Chesnaught|247/380|[from] item: Leftovers","|turn|7","|","|switch|p2a: Magnezone|Magnezone|343/343","|-damage|p2a: Magnezone|322/343|[from] Stealth Rock","|move|p1a: Chesnaught|Spiky Shield|p1a: Chesnaught","|-fail|p1a: Chesnaught","|","|-heal|p1a: Chesnaught|270/380|[from] item: Leftovers","|turn|8","|","|move|p1a: Chesnaught|Spiky Shield|p1a: Chesnaught","|-singleturn|p1a: Chesnaught|move: Protect","|move|p2a: Magnezone|Tri Attack|p1a: Chesnaught","|-activate|p1a: Chesnaught|Protect","|","|-heal|p1a: Chesnaught|293/380|[from] item: Leftovers","|turn|9","|","|move|p2a: Magnezone|Tri Attack|p1a: Chesnaught","|-damage|p1a: Chesnaught|155/380","|move|p1a: Chesnaught|Drain Punch|p2a: Magnezone","|-supereffective|p2a: Magnezone","|-damage|p2a: Magnezone|152/343","|-heal|p1a: Chesnaught|240/380|[from] drain|[of] p2a: Magnezone","|","|-heal|p1a: Chesnaught|263/380|[from] item: Leftovers","|turn|10","|","|move|p2a: Magnezone|Tri Attack|p1a: Chesnaught","|-damage|p1a: Chesnaught|141/380","|-status|p1a: Chesnaught|brn","|move|p1a: Chesnaught|Drain Punch|p2a: Magnezone","|-supereffective|p2a: Magnezone","|-damage|p2a: Magnezone|64/343","|-heal|p1a: Chesnaught|185/380 brn|[from] drain|[of] p2a: Magnezone","|","|-heal|p1a: Chesnaught|208/380 brn|[from] item: Leftovers","|-damage|p1a: Chesnaught|161/380 brn|[from] brn","|turn|11","|","|move|p2a: Magnezone|Tri Attack|p1a: Chesnaught","|-damage|p1a: Chesnaught|34/380 brn","|move|p1a: Chesnaught|Drain Punch|p2a: Magnezone","|-supereffective|p2a: Magnezone","|-damage|p2a: Magnezone|0 fnt","|-heal|p1a: Chesnaught|66/380 brn|[from] drain|[of] p2a: Magnezone","|faint|p2a: Magnezone","|","|-heal|p1a: Chesnaught|89/380 brn|[from] item: Leftovers","|-damage|p1a: Chesnaught|42/380 brn|[from] brn","|","|switch|p2a: Lucario|Lucario, M|281/281","|-damage|p2a: Lucario|273/281|[from] Stealth Rock","|turn|12","|","|move|p1a: Chesnaught|Spiky Shield|p1a: Chesnaught","|-singleturn|p1a: Chesnaught|move: Protect","|move|p2a: Lucario|Vacuum Wave|p1a: Chesnaught","|-activate|p1a: Chesnaught|Protect","|","|-heal|p1a: Chesnaught|65/380 brn|[from] item: Leftovers","|-damage|p1a: Chesnaught|18/380 brn|[from] brn","|turn|13","|","|move|p2a: Lucario|Vacuum Wave|p1a: Chesnaught","|-damage|p1a: Chesnaught|0 fnt","|-damage|p2a: Lucario|245/281|[from] item: Life Orb","|faint|p1a: Chesnaught","|","|","|switch|p1a: Medicham|Medicham, M|262/262","|turn|14","|","|switch|p2a: Heatran|Heatran, M|385/385","|-damage|p2a: Heatran|337/385|[from] Stealth Rock","|-item|p2a: Heatran|Air Balloon","|detailschange|p1a: Medicham|Medicham-Mega, M","|-mega|p1a: Medicham|Medicham|Medichamite","|move|p1a: Medicham|Fake Out|p2a: Heatran","|-crit|p2a: Heatran","|-resisted|p2a: Heatran","|-damage|p2a: Heatran|277/385","|-enditem|p2a: Heatran|Air Balloon","|","|turn|15","|","|move|p2a: Heatran|Protect|p2a: Heatran","|-singleturn|p2a: Heatran|Protect","|move|p1a: Medicham|High Jump Kick|p2a: Heatran","|-activate|p2a: Heatran|Protect","|-damage|p1a: Medicham|131/262|[from] highjumpkick","|","|turn|16","|","|move|p1a: Medicham|High Jump Kick|p2a: Heatran","|-supereffective|p2a: Heatran","|-damage|p2a: Heatran|0 fnt","|faint|p2a: Heatran","|","|","|switch|p2a: Jirachi|Jirachi|320/341","|-damage|p2a: Jirachi|299/341|[from] Stealth Rock","|turn|17","|","|move|p2a: Jirachi|Zen Headbutt|p1a: Medicham","|-damage|p1a: Medicham|1/262","|move|p1a: Medicham|High Jump Kick|p2a: Jirachi","|-damage|p2a: Jirachi|0 fnt","|faint|p2a: Jirachi","|","|","|switch|p2a: Lucario|Lucario, M|245/281","|-damage|p2a: Lucario|237/281|[from] Stealth Rock","|turn|18","|","|move|p2a: Lucario|Vacuum Wave|p1a: Medicham","|-resisted|p1a: Medicham","|-damage|p1a: Medicham|0 fnt","|-damage|p2a: Lucario|209/281|[from] item: Life Orb","|faint|p1a: Medicham","|","|","|switch|p1a: Hawlucha|Hawlucha, F|297/297","|turn|19","|","|move|p1a: Hawlucha|Sky Attack|p2a: Lucario|[still]","|-prepare|p1a: Hawlucha|Sky Attack|p2a: Lucario","|-enditem|p1a: Hawlucha|Power Herb","|-anim|p1a: Hawlucha|Sky Attack|p2a: Lucario","|-crit|p2a: Lucario","|-damage|p2a: Lucario|0 fnt","|faint|p2a: Lucario","|","|","|switch|p2a: Excadrill|Excadrill, M|361/361","|-damage|p2a: Excadrill|350/361|[from] Stealth Rock","|-ability|p2a: Excadrill|Mold Breaker","|turn|20","|","|move|p1a: Hawlucha|Drain Punch|p2a: Excadrill","|-supereffective|p2a: Excadrill","|-damage|p2a: Excadrill|0 fnt","|faint|p2a: Excadrill","|","|win|SL~Kingdra"],"p1rating":{"entryid":"7548471","serverid":"eos","formatid":"monotype","userid":"slkingdra","username":"SL~Kingdra","w":23,"l":"20","t":"0","gxe":52.2,"r":"1481.8412010282","rd":"58.95433178987","sigma":"0","rptime":"1439715600","rpr":1516.3892890003,"rprd":52.62834938037,"rpsigma":"0","acre":1189.8612493839,"lacre":1189.8612493839,"oldacre":"1170.4248705554"},"p2rating":{"entryid":"7202561","serverid":"eos","formatid":"monotype","userid":"rusticespeon","username":"Rustic Espeon","w":"24","l":19,"t":"0","gxe":55.6,"r":"1570.1119799868","rd":"55.202317511448","sigma":"0","rptime":"1439715600","rpr":1542.8798412779,"rprd":53.454284098734,"rpsigma":"0","acre":1073.3102527816,"lacre":1073.3102527816,"oldacre":"1091.7890893959"},"endType":"normal"}