{"seed":[36869,63733,28668,38886],"turns":39,"p1":"Legacy - Wisp","p2":"Vin Prof Gortex","p1team":[{"name":"Tek","species":"golurk","item":"focussash","ability":"No Guard","moves":["stealthrock","dynamicpunch","earthquake","stoneedge"],"nature":"Adamant","evs":{"hp":0,"atk":252,"def":4,"spa":0,"spd":0,"spe":252},"ivs":{"hp":31,"atk":31,"def":31,"spa":31,"spd":31,"spe":31}},{"name":"Koume","species":"chandelure","item":"choicescarf","ability":"Flash Fire","moves":["energyball","shadowball","fireblast","hiddenpowerground"],"nature":"Timid","evs":{"hp":0,"atk":0,"def":0,"spa":252,"spd":4,"spe":252},"gender":"F","ivs":{"hp":31,"atk":31,"def":31,"spa":30,"spd":30,"spe":31}},{"name":"Nabooru","species":"jellicent","item":"leftovers","ability":"Cursed Body","moves":["scald","acidarmor","recover","toxic"],"nature":"Calm","evs":{"hp":252,"atk":0,"def":4,"spa":0,"spd":252,"spe":0},"gender":"F","ivs":{"hp":31,"atk":31,"def":31,"spa":31,"spd":31,"spe":0},"shiny":true},{"name":"Naesanh","species":"aegislash","item":"lifeorb","ability":"Stance Change","moves":["ironhead","shadowsneak","sacredsword","swordsdance"],"nature":"Adamant","evs":{"hp":252,"atk":252,"def":4,"spa":0,"spd":0,"spe":0},"gender":"F","ivs":{"hp":31,"atk":31,"def":31,"spa":31,"spd":31,"spe":31}},{"name":"Sen","species":"sableye","item":"sablenite","ability":"Prankster","moves":["fakeout","knockoff","recover","willowisp"],"nature":"Impish","evs":{"hp":248,"atk":8,"def":252,"spa":0,"spd":0,"spe":0},"gender":"M","ivs":{"hp":31,"atk":31,"def":31,"spa":31,"spd":31,"spe":31}},{"name":"Ipse","species":"shedinja","item":"focussash","ability":"Wonder Guard","moves":["secretpower","protect","batonpass","willowisp"],"nature":"Jolly","evs":{"hp":1,"atk":252,"def":1,"spa":1,"spd":1,"spe":252},"shiny":true,"ivs":{"hp":31,"atk":31,"def":31,"spa":31,"spd":31,"spe":31}}],"p2team":[{"name":"Bisharp","species":"Bisharp","item":"leftovers","ability":"Defiant","moves":["swordsdance","knockoff","suckerpunch","lowkick"],"nature":"Jolly","evs":{"hp":0,"atk":252,"def":0,"spa":0,"spd":4,"spe":252},"ivs":{"hp":31,"atk":31,"def":31,"spa":31,"spd":31,"spe":31}},{"name":"Doublade","species":"Doublade","item":"eviolite","ability":"No Guard","moves":["shadowsneak","swordsdance","ironhead","aerialace"],"nature":"Adamant","evs":{"hp":0,"atk":0,"def":0,"spa":0,"spd":0,"spe":24},"ivs":{"hp":31,"atk":31,"def":31,"spa":31,"spd":31,"spe":31}},{"name":"Ferrothorn","species":"Ferrothorn","item":"rockyhelmet","ability":"Iron Barbs","moves":["powerwhip","leechseed","stealthrock","protect"],"nature":"Impish","evs":{"hp":248,"atk":8,"def":252,"spa":0,"spd":0,"spe":0},"ivs":{"hp":31,"atk":31,"def":31,"spa":31,"spd":31,"spe":31}},{"name":"Heatran","species":"Heatran","item":"leftovers","ability":"Flash Fire","moves":["lavaplume","earthpower","toxic","protect"],"nature":"Calm","evs":{"hp":224,"atk":0,"def":0,"spa":32,"spd":252,"spe":0},"ivs":{"hp":31,"atk":31,"def":31,"spa":31,"spd":31,"spe":31}},{"name":"Skarmory","species":"Skarmory","item":"rockyhelmet","ability":"Sturdy","moves":["bravebird","defog","roost","whirlwind"],"nature":"Impish","evs":{"hp":0,"atk":0,"def":0,"spa":0,"spd":0,"spe":24},"ivs":{"hp":31,"atk":31,"def":31,"spa":31,"spd":31,"spe":31}},{"name":"Lucario","species":"Lucario","item":"choicescarf","ability":"Steadfast","moves":["aurasphere","flashcannon","darkpulse","hiddenpowerice"],"nature":"Timid","evs":{"hp":0,"atk":0,"def":0,"spa":252,"spd":4,"spe":252},"ivs":{"hp":31,"atk":30,"def":30,"spa":31,"spd":31,"spe":31}}],"log":["|player|p1|Legacy - Wisp|etrayu.png","|player|p2|Vin Prof Gortex|1","|gametype|singles","|gen|6","|tier|Monotype","|rated","|rule|Baton Pass Clause: Limit one Baton Passer, can't pass Spe and other stats simultaneously","|rule|Swagger Clause: Swagger is banned","|rule|Same Type Clause: Pokémon in a team must share a type","|clearpoke","|poke|p1|Golurk","|poke|p1|Chandelure, F","|poke|p1|Jellicent, F, shiny","|poke|p1|Aegislash, F","|poke|p1|Sableye, M","|poke|p1|Shedinja, shiny","|poke|p2|Bisharp, M","|poke|p2|Doublade, F","|poke|p2|Ferrothorn, F","|poke|p2|Heatran, M","|poke|p2|Skarmory, M","|poke|p2|Lucario, M","|rule|Sleep Clause Mod: Limit one foe put to sleep","|rule|Species Clause: Limit one of each Pokémon","|rule|OHKO Clause: OHKO moves are banned","|rule|Moody Clause: Moody is banned","|rule|Evasion Moves Clause: Evasion moves are banned","|rule|Endless Battle Clause: Forcing endless battles is banned","|rule|HP Percentage Mod: HP is shown in percentages","|teampreview","|","|start","|switch|p1a: Sen|Sableye, M|303/303","|switch|p2a: Bisharp|Bisharp, M|271/271","|turn|1","|","|switch|p2a: Heatran|Heatran, M|379/379","|detailschange|p1a: Sen|Sableye-Mega, M","|-mega|p1a: Sen|Sableye|Sablenite","|move|p1a: Sen|Knock Off|p2a: Heatran","|-damage|p2a: Heatran|289/379","|-enditem|p2a: Heatran|Leftovers|[from] move: Knock Off|[of] p1a: Sen","|","|turn|2","|","|move|p2a: Heatran|Lava Plume|p1a: Sen","|-damage|p1a: Sen|194/303","|move|p1a: Sen|Knock Off|p2a: Heatran","|-damage|p2a: Heatran|228/379","|","|turn|3","|","|switch|p1a: Koume|Chandelure, F|261/261","|move|p2a: Heatran|Lava Plume|p1a: Koume","|-start|p1a: Koume|ability: Flash Fire","|","|turn|4","|","|move|p1a: Koume|Hidden Power|p2a: Heatran","|-supereffective|p2a: Heatran","|-damage|p2a: Heatran|24/379","|move|p2a: Heatran|Earth Power|p1a: Koume","|-supereffective|p1a: Koume","|-damage|p1a: Koume|75/261","|","|turn|5","|","|move|p2a: Heatran|Protect|p2a: Heatran","|-singleturn|p2a: Heatran|Protect","|move|p1a: Koume|Hidden Power|p2a: Heatran","|-activate|p2a: Heatran|Protect","|","|turn|6","|","|switch|p2a: Skarmory|Skarmory, M|271/271","|move|p1a: Koume|Hidden Power|p2a: Skarmory","|-immune|p2a: Skarmory|[msg]","|","|turn|7","|","|-end|p1a: Koume|ability: Flash Fire|[silent]","|switch|p1a: Sen|Sableye-Mega, M|194/303","|move|p2a: Skarmory|Whirlwind|p1a: Sen","|move|p1a: Sen|Whirlwind|p2a: Skarmory|[from]Magic Bounce","|drag|p2a: Ferrothorn|Ferrothorn, F|351/351","|","|turn|8","|","|move|p2a: Ferrothorn|Power Whip|p1a: Sen|[miss]","|-miss|p2a: Ferrothorn|p1a: Sen","|move|p1a: Sen|Recover|p1a: Sen","|-heal|p1a: Sen|303/303","|","|turn|9","|","|move|p1a: Sen|Will-O-Wisp|p2a: Ferrothorn","|-status|p2a: Ferrothorn|brn","|move|p2a: Ferrothorn|Power Whip|p1a: Sen","|-damage|p1a: Sen|261/303","|","|-damage|p2a: Ferrothorn|308/351 brn|[from] brn","|turn|10","|","|switch|p2a: Lucario|Lucario, M|281/281","|move|p1a: Sen|Knock Off|p2a: Lucario","|-resisted|p2a: Lucario","|-damage|p2a: Lucario|215/281","|-enditem|p2a: Lucario|Choice Scarf|[from] move: Knock Off|[of] p1a: Sen","|","|turn|11","|","|move|p2a: Lucario|Flash Cannon|p1a: Sen","|-damage|p1a: Sen|152/303","|move|p1a: Sen|Will-O-Wisp|p2a: Lucario","|-status|p2a: Lucario|brn","|","|-damage|p2a: Lucario|180/281 brn|[from] brn","|turn|12","|","|switch|p1a: Ipse|Shedinja, shiny|1/1","|move|p2a: Lucario|Flash Cannon|p1a: Ipse","|-activate|p1a: Ipse|ability: Wonder Guard","|","|-damage|p2a: Lucario|145/281 brn|[from] brn","|turn|13","|","|switch|p2a: Ferrothorn|Ferrothorn, F|308/351 brn","|move|p1a: Ipse|Secret Power|p2a: Ferrothorn","|-resisted|p2a: Ferrothorn","|-damage|p2a: Ferrothorn|289/351 brn","|","|-damage|p2a: Ferrothorn|246/351 brn|[from] brn","|turn|14","|","|switch|p1a: Sen|Sableye-Mega, M|152/303","|switch|p2a: Heatran|Heatran, M|24/379","|","|turn|15","|","|move|p2a: Heatran|Earth Power|p1a: Sen","|-damage|p1a: Sen|72/303","|move|p1a: Sen|Recover|p1a: Sen","|-heal|p1a: Sen|224/303","|","|turn|16","|","|move|p2a: Heatran|Lava Plume|p1a: Sen","|-damage|p1a: Sen|110/303","|move|p1a: Sen|Knock Off|p2a: Heatran","|-damage|p2a: Heatran|0 fnt","|faint|p2a: Heatran","|","|","|switch|p2a: Bisharp|Bisharp, M|271/271","|turn|17","|","|move|p2a: Bisharp|Swords Dance|p2a: Bisharp","|-boost|p2a: Bisharp|atk|2","|move|p1a: Sen|Will-O-Wisp|p2a: Bisharp","|-status|p2a: Bisharp|brn","|","|-damage|p2a: Bisharp|238/271 brn|[from] brn","|turn|18","|","|move|p2a: Bisharp|Swords Dance|p2a: Bisharp","|-boost|p2a: Bisharp|atk|2","|move|p1a: Sen|Recover|p1a: Sen","|-heal|p1a: Sen|262/303","|","|-heal|p2a: Bisharp|254/271 brn|[from] item: Leftovers","|-damage|p2a: Bisharp|221/271 brn|[from] brn","|turn|19","|","|switch|p1a: Nabooru|Jellicent, F, shiny|404/404","|move|p2a: Bisharp|Swords Dance|p2a: Bisharp","|-boost|p2a: Bisharp|atk|2","|","|-heal|p2a: Bisharp|237/271 brn|[from] item: Leftovers","|-damage|p2a: Bisharp|204/271 brn|[from] brn","|turn|20","|","|move|p2a: Bisharp|Knock Off|p1a: Nabooru","|-supereffective|p1a: Nabooru","|-damage|p1a: Nabooru|0 fnt","|-enditem|p1a: Nabooru|Leftovers|[from] move: Knock Off|[of] p2a: Bisharp","|faint|p1a: Nabooru","|","|-heal|p2a: Bisharp|220/271 brn|[from] item: Leftovers","|-damage|p2a: Bisharp|187/271 brn|[from] brn","|","|switch|p1a: Ipse|Shedinja, shiny|1/1","|turn|21","|","|move|p1a: Ipse|Protect|p1a: Ipse","|-singleturn|p1a: Ipse|Protect","|move|p2a: Bisharp|Knock Off|p1a: Ipse","|-activate|p1a: Ipse|Protect","|","|-heal|p2a: Bisharp|203/271 brn|[from] item: Leftovers","|-damage|p2a: Bisharp|170/271 brn|[from] brn","|turn|22","|","|move|p2a: Bisharp|Knock Off|p1a: Ipse","|-crit|p1a: Ipse","|-supereffective|p1a: Ipse","|-enditem|p1a: Ipse|Focus Sash","|-damage|p1a: Ipse|1/1","|move|p1a: Ipse|Secret Power|p2a: Bisharp","|-resisted|p2a: Bisharp","|-damage|p2a: Bisharp|136/271 brn","|","|-heal|p2a: Bisharp|152/271 brn|[from] item: Leftovers","|-damage|p2a: Bisharp|119/271 brn|[from] brn","|turn|23","|","|move|p1a: Ipse|Protect|p1a: Ipse","|-singleturn|p1a: Ipse|Protect","|move|p2a: Bisharp|Knock Off|p1a: Ipse","|-activate|p1a: Ipse|Protect","|","|-heal|p2a: Bisharp|135/271 brn|[from] item: Leftovers","|-damage|p2a: Bisharp|102/271 brn|[from] brn","|turn|24","|","|move|p2a: Bisharp|Sucker Punch|p1a: Ipse","|-fail|p2a: Bisharp","|move|p1a: Ipse|Baton Pass|p1a: Ipse","|","|switch|p1a: Sen|Sableye-Mega, M|262/303","|","|-heal|p2a: Bisharp|118/271 brn|[from] item: Leftovers","|-damage|p2a: Bisharp|85/271 brn|[from] brn","|turn|25","|","|move|p1a: Sen|Fake Out|p2a: Bisharp","|-resisted|p2a: Bisharp","|-damage|p2a: Bisharp|72/271 brn","|cant|p2a: Bisharp|flinch","|","|-heal|p2a: Bisharp|88/271 brn|[from] item: Leftovers","|-damage|p2a: Bisharp|55/271 brn|[from] brn","|turn|26","|","|move|p2a: Bisharp|Knock Off|p1a: Sen","|-damage|p1a: Sen|130/303","|move|p1a: Sen|Recover|p1a: Sen","|-heal|p1a: Sen|282/303","|","|-heal|p2a: Bisharp|71/271 brn|[from] item: Leftovers","|-damage|p2a: Bisharp|38/271 brn|[from] brn","|turn|27","|","|move|p2a: Bisharp|Knock Off|p1a: Sen","|-damage|p1a: Sen|137/303","|move|p1a: Sen|Recover|p1a: Sen","|-heal|p1a: Sen|289/303","|","|-heal|p2a: Bisharp|54/271 brn|[from] item: Leftovers","|-damage|p2a: Bisharp|21/271 brn|[from] brn","|turn|28","|","|move|p2a: Bisharp|Low Kick|p1a: Sen","|-immune|p1a: Sen|[msg]","|move|p1a: Sen|Recover|p1a: Sen","|-heal|p1a: Sen|303/303","|","|-heal|p2a: Bisharp|37/271 brn|[from] item: Leftovers","|-damage|p2a: Bisharp|4/271 brn|[from] brn","|turn|29","|","|move|p2a: Bisharp|Knock Off|p1a: Sen","|-damage|p1a: Sen|176/303","|move|p1a: Sen|Recover|p1a: Sen","|-heal|p1a: Sen|303/303","|","|-heal|p2a: Bisharp|20/271 brn|[from] item: Leftovers","|-damage|p2a: Bisharp|0 fnt|[from] brn","|faint|p2a: Bisharp","|","|switch|p2a: Doublade|Doublade, F|259/259","|turn|30","|","|move|p2a: Doublade|Swords Dance|p2a: Doublade","|-boost|p2a: Doublade|atk|2","|move|p1a: Sen|Will-O-Wisp|p2a: Doublade","|-status|p2a: Doublade|brn","|","|-damage|p2a: Doublade|227/259 brn|[from] brn","|turn|31","|","|move|p2a: Doublade|Swords Dance|p2a: Doublade","|-boost|p2a: Doublade|atk|2","|move|p1a: Sen|Knock Off|p2a: Doublade","|-supereffective|p2a: Doublade","|-damage|p2a: Doublade|131/259 brn","|-enditem|p2a: Doublade|Eviolite|[from] move: Knock Off|[of] p1a: Sen","|","|-damage|p2a: Doublade|99/259 brn|[from] brn","|turn|32","|","|move|p2a: Doublade|Swords Dance|p2a: Doublade","|-boost|p2a: Doublade|atk|2","|move|p1a: Sen|Recover|p1a: Sen","|-fail|p1a: Sen","|","|-damage|p2a: Doublade|67/259 brn|[from] brn","|turn|33","|","|move|p2a: Doublade|Iron Head|p1a: Sen","|-crit|p1a: Sen","|-damage|p1a: Sen|93/303","|move|p1a: Sen|Recover|p1a: Sen","|-heal|p1a: Sen|245/303","|","|-damage|p2a: Doublade|35/259 brn|[from] brn","|turn|34","|","|move|p2a: Doublade|Iron Head|p1a: Sen","|-damage|p1a: Sen|113/303","|move|p1a: Sen|Recover|p1a: Sen","|-heal|p1a: Sen|265/303","|","|-damage|p2a: Doublade|3/259 brn|[from] brn","|turn|35","|","|move|p2a: Doublade|Iron Head|p1a: Sen","|-damage|p1a: Sen|134/303","|cant|p1a: Sen|flinch","|","|-damage|p2a: Doublade|0 fnt|[from] brn","|faint|p2a: Doublade","|","|switch|p2a: Lucario|Lucario, M|145/281 brn","|turn|36","|","|switch|p1a: Ipse|Shedinja, shiny|1/1","|move|p2a: Lucario|Flash Cannon|p1a: Ipse","|-activate|p1a: Ipse|ability: Wonder Guard","|","|-damage|p2a: Lucario|110/281 brn|[from] brn","|turn|37","|","|switch|p2a: Ferrothorn|Ferrothorn, F|246/351 brn","|move|p1a: Ipse|Protect|p1a: Ipse","|-fail|p1a: Ipse","|","|-damage|p2a: Ferrothorn|203/351 brn|[from] brn","|turn|38","|","|switch|p1a: Sen|Sableye-Mega, M|134/303","|move|p2a: Ferrothorn|Stealth Rock|p1a: Sen","|move|p1a: Sen|Stealth Rock|p2a: Ferrothorn|[from]Magic Bounce","|-sidestart|p2: Vin Prof Gortex|move: Stealth Rock","|","|-damage|p2a: Ferrothorn|160/351 brn|[from] brn","|turn|39","|","|win|Legacy - Wisp"],"p1rating":{"entryid":"7577028","serverid":"eos","formatid":"monotype","userid":"legacywisp","username":"Legacy - Wisp","w":8,"l":"5","t":"0","gxe":54.8,"r":"1440.6003294899","rd":"92.112611144985","sigma":"0","rptime":"1439715600","rpr":1537.5817741488,"rprd":80.665754919923,"rpsigma":"0","acre":1178.7180024883,"lacre":1178.7180024883,"oldacre":"1152.0434859532"},"p2rating":{"entryid":"6198402","serverid":"eos","formatid":"monotype","userid":"vinprofgortex","username":"Vin Prof Gortex","w":"11","l":5,"t":"0","gxe":61,"r":"1617.21901878","rd":"89.459690151726","sigma":"0","rptime":"1439715600","rpr":1586.5913934821,"rprd":87.363278159979,"rpsigma":"0","acre":1148.6753304843,"lacre":1148.6753304843,"oldacre":"1175.3498470194"},"endType":"forfeit"}