{"seed":[52941,27644,2085,30497],"turns":57,"p1":"Knight♕Altair","p2":"Seven Swell","p1team":[{"name":"Take a Chance xd","species":"chansey","item":"eviolite","ability":"Natural Cure","moves":["toxic","softboiled","seismictoss","stealthrock"],"nature":"Bold","evs":{"hp":4,"atk":0,"def":252,"spa":0,"spd":252,"spe":0},"ivs":{"hp":31,"atk":31,"def":31,"spa":31,"spd":31,"spe":31}},{"name":"Im very Punny xd","species":"lopunny","item":"lopunnite","ability":"Limber","moves":["highjumpkick","return","fakeout","icepunch"],"nature":"Jolly","evs":{"hp":0,"atk":252,"def":4,"spa":0,"spd":0,"spe":252},"ivs":{"hp":31,"atk":31,"def":31,"spa":31,"spd":31,"spe":31}},{"name":"Pory is gone 2 far","species":"porygon2","item":"eviolite","ability":"Trace","moves":["toxic","icebeam","discharge","recover"],"nature":"Bold","evs":{"hp":252,"atk":0,"def":252,"spa":4,"spd":0,"spe":0},"ivs":{"hp":31,"atk":31,"def":31,"spa":31,"spd":31,"spe":31}},{"name":"Mellow Out D00d","species":"meloetta","item":"lifeorb","ability":"Serene Grace","moves":["relicsong","psychic","closecombat","knockoff"],"nature":"Naive","evs":{"hp":0,"atk":128,"def":0,"spa":128,"spd":0,"spe":252},"ivs":{"hp":31,"atk":31,"def":31,"spa":31,"spd":31,"spe":31}},{"name":"The Raptorz Star","species":"staraptor","item":"choicescarf","ability":"Reckless","moves":["bravebird","doubleedge","finalgambit","uturn"],"nature":"Adamant","evs":{"hp":0,"atk":252,"def":4,"spa":0,"spd":0,"spe":252},"ivs":{"hp":31,"atk":31,"def":31,"spa":31,"spd":31,"spe":31}},{"name":"Smeargle","species":"Smeargle","item":"focussash","ability":"Own Tempo","moves":["stickyweb","toxicspikes","spore","magiccoat"],"nature":"Timid","evs":{"hp":96,"atk":0,"def":120,"spa":0,"spd":40,"spe":252},"ivs":{"hp":31,"atk":31,"def":31,"spa":31,"spd":31,"spe":31}}],"p2team":[{"name":"Mew","species":"Mew","item":"leftovers","ability":"Synchronize","moves":["roost","toxic","healbell","aurasphere"],"nature":"Calm","evs":{"hp":252,"atk":0,"def":0,"spa":4,"spd":252,"spe":0},"ivs":{"hp":31,"atk":31,"def":31,"spa":31,"spd":31,"spe":31}},{"name":"Slowbro","species":"Slowbro","item":"rockyhelmet","ability":"Regenerator","moves":["scald","yawn","flamethrower","slackoff"],"nature":"Bold","evs":{"hp":252,"atk":0,"def":252,"spa":4,"spd":0,"spe":0},"ivs":{"hp":31,"atk":31,"def":31,"spa":31,"spd":31,"spe":31}},{"name":"Deoxys-Speed","species":"Deoxys-Speed","item":"focussash","ability":"Pressure","moves":["stealthrock","thunderbolt","thunderwave","icebeam"],"nature":"Timid","evs":{"hp":252,"atk":0,"def":0,"spa":44,"spd":0,"spe":212},"ivs":{"hp":31,"atk":31,"def":31,"spa":31,"spd":31,"spe":31}},{"name":"Latias","species":"Latias","item":"leftovers","ability":"Levitate","moves":["dracometeor","psyshock","roost","defog"],"nature":"Timid","evs":{"hp":252,"atk":0,"def":0,"spa":4,"spd":0,"spe":252},"ivs":{"hp":31,"atk":31,"def":31,"spa":31,"spd":31,"spe":31}},{"name":"Hoopa-Unbound","species":"Hoopa-Unbound","item":"focussash","ability":"Magician","moves":["hyperspacefury","drainpunch","firepunch","gunkshot"],"nature":"Adamant","evs":{"hp":0,"atk":252,"def":0,"spa":0,"spd":4,"spe":252},"ivs":{"hp":31,"atk":31,"def":31,"spa":31,"spd":31,"spe":31}},{"name":"Gardevoir","species":"Gardevoir","item":"gardevoirite","ability":"Trace","moves":["hypervoice","psyshock","shadowball","taunt"],"nature":"Timid","evs":{"hp":0,"atk":0,"def":0,"spa":252,"spd":4,"spe":252},"ivs":{"hp":31,"atk":31,"def":31,"spa":31,"spd":31,"spe":31}}],"log":["|player|p1|Knight♕Altair|274","|player|p2|Seven Swell|sevenswell.png","|gametype|singles","|gen|6","|tier|Monotype","|rated","|rule|Baton Pass Clause: Limit one Baton Passer, can't pass Spe and other stats simultaneously","|rule|Swagger Clause: Swagger is banned","|rule|Same Type Clause: Pokémon in a team must share a type","|clearpoke","|poke|p1|Chansey, F","|poke|p1|Lopunny, M","|poke|p1|Porygon2","|poke|p1|Meloetta","|poke|p1|Staraptor, M","|poke|p1|Smeargle, F","|poke|p2|Mew","|poke|p2|Slowbro, M","|poke|p2|Deoxys-Speed","|poke|p2|Latias, F","|poke|p2|Hoopa-Unbound","|poke|p2|Gardevoir, M","|rule|Sleep Clause Mod: Limit one foe put to sleep","|rule|Species Clause: Limit one of each Pokémon","|rule|OHKO Clause: OHKO moves are banned","|rule|Moody Clause: Moody is banned","|rule|Evasion Moves Clause: Evasion moves are banned","|rule|Endless Battle Clause: Forcing endless battles is banned","|rule|HP Percentage Mod: HP is shown in percentages","|teampreview","|","|start","|switch|p1a: Smeargle|Smeargle, F|275/275","|switch|p2a: Gardevoir|Gardevoir, M|277/277","|-ability|p2a: Gardevoir|Own Tempo|[from] ability: Trace|[of] p1a: Smeargle","|turn|1","|","|detailschange|p2a: Gardevoir|Gardevoir-Mega, M","|-mega|p2a: Gardevoir|Gardevoir|Gardevoirite","|move|p2a: Gardevoir|Taunt|p1a: Smeargle","|-start|p1a: Smeargle|move: Taunt","|cant|p1a: Smeargle|move: Taunt|Spore","|","|turn|2","|","|switch|p1a: Mellow Out D00d|Meloetta|341/341","|move|p2a: Gardevoir|Psyshock|p1a: Mellow Out D00d","|-resisted|p1a: Mellow Out D00d","|-damage|p1a: Mellow Out D00d|234/341","|","|turn|3","|","|switch|p2a: Mew|Mew|404/404","|move|p1a: Mellow Out D00d|Relic Song|p2a: Mew","|-damage|p2a: Mew|290/404","|-damage|p1a: Mellow Out D00d|200/341|[from] item: Life Orb","|-formechange|p1a: Mellow Out D00d|Meloetta-Pirouette|[msg]","|","|-heal|p2a: Mew|315/404|[from] item: Leftovers","|turn|4","|","|switch|p2a: Slowbro|Slowbro, M|394/394","|move|p1a: Mellow Out D00d|Knock Off|p2a: Slowbro","|-supereffective|p2a: Slowbro","|-damage|p2a: Slowbro|225/394","|-damage|p1a: Mellow Out D00d|144/341|[from] item: Rocky Helmet|[of] p2a: Slowbro","|-enditem|p2a: Slowbro|Rocky Helmet|[from] move: Knock Off|[of] p1a: Mellow Out D00d","|-damage|p1a: Mellow Out D00d|110/341|[from] item: Life Orb","|","|turn|5","|","|move|p1a: Mellow Out D00d|Relic Song|p2a: Slowbro","|-damage|p2a: Slowbro|89/394","|-damage|p1a: Mellow Out D00d|76/341|[from] item: Life Orb","|-formechange|p1a: Mellow Out D00d|Meloetta|[msg]","|move|p2a: Slowbro|Slack Off|p2a: Slowbro","|-heal|p2a: Slowbro|286/394","|","|turn|6","|","|switch|p2a: Mew|Mew|315/404","|move|p1a: Mellow Out D00d|Relic Song|p2a: Mew","|-damage|p2a: Mew|198/404","|-status|p2a: Mew|slp","|-damage|p1a: Mellow Out D00d|42/341|[from] item: Life Orb","|-formechange|p1a: Mellow Out D00d|Meloetta-Pirouette|[msg]","|","|-heal|p2a: Mew|223/404 slp|[from] item: Leftovers","|turn|7","|","|switch|p2a: Slowbro|Slowbro, M|394/394","|move|p1a: Mellow Out D00d|Knock Off|p2a: Slowbro","|-supereffective|p2a: Slowbro","|-damage|p2a: Slowbro|269/394","|-damage|p1a: Mellow Out D00d|8/341|[from] item: Life Orb","|","|turn|8","|","|move|p1a: Mellow Out D00d|Relic Song|p2a: Slowbro","|-damage|p2a: Slowbro|133/394","|-formechange|p1a: Mellow Out D00d|Meloetta|[msg]","|-damage|p1a: Mellow Out D00d|0 fnt|[from] item: Life Orb","|faint|p1a: Mellow Out D00d","|move|p2a: Slowbro|Slack Off|p2a: Slowbro","|-heal|p2a: Slowbro|330/394","|","|","|switch|p1a: Smeargle|Smeargle, F|275/275","|turn|9","|","|switch|p2a: Latias|Latias, F|364/364","|move|p1a: Smeargle|Spore|p2a: Latias","|-message|Sleep Clause Mod activated.","|-immune|p2a: Latias|[msg]","|","|turn|10","|","|switch|p1a: Take a Chance xd|Chansey, F|642/642","|move|p2a: Latias|Psyshock|p1a: Take a Chance xd","|-damage|p1a: Take a Chance xd|516/642","|","|turn|11","|","|switch|p2a: Mew|Mew|223/404 slp","|move|p1a: Take a Chance xd|Stealth Rock|p2a: Mew","|-sidestart|p2: Seven Swell|move: Stealth Rock","|","|-heal|p2a: Mew|248/404 slp|[from] item: Leftovers","|turn|12","|","|cant|p2a: Mew|slp","|move|p1a: Take a Chance xd|Seismic Toss|p2a: Mew","|-damage|p2a: Mew|148/404 slp","|","|-heal|p2a: Mew|173/404 slp|[from] item: Leftovers","|turn|13","|","|-curestatus|p2a: Mew|slp","|move|p2a: Mew|Roost|p2a: Mew","|-heal|p2a: Mew|375/404","|move|p1a: Take a Chance xd|Seismic Toss|p2a: Mew","|-damage|p2a: Mew|275/404","|","|-heal|p2a: Mew|300/404|[from] item: Leftovers","|turn|14","|","|move|p2a: Mew|Toxic|p1a: Take a Chance xd","|-status|p1a: Take a Chance xd|tox","|move|p1a: Take a Chance xd|Toxic|p2a: Mew","|-status|p2a: Mew|tox","|","|-heal|p2a: Mew|325/404 tox|[from] item: Leftovers","|-damage|p2a: Mew|300/404 tox|[from] psn","|-damage|p1a: Take a Chance xd|476/642 tox|[from] psn","|turn|15","|","|switch|p1a: The Raptorz Star|Staraptor, M|311/311","|move|p2a: Mew|Heal Bell|p2a: Mew","|-cureteam|p2a: Mew|[from] move: HealBell","|","|-heal|p2a: Mew|325/404|[from] item: Leftovers","|turn|16","|","|switch|p2a: Slowbro|Slowbro, M|394/394","|-damage|p2a: Slowbro|345/394|[from] Stealth Rock","|move|p1a: The Raptorz Star|Brave Bird|p2a: Slowbro","|-damage|p2a: Slowbro|167/394","|-damage|p1a: The Raptorz Star|252/311|[from] recoil|[of] p2a: Slowbro","|","|turn|17","|","|move|p1a: The Raptorz Star|Brave Bird|p2a: Slowbro","|-damage|p2a: Slowbro|0 fnt","|-damage|p1a: The Raptorz Star|197/311|[from] recoil|[of] p2a: Slowbro","|faint|p2a: Slowbro","|","|","|switch|p2a: Deoxys-Speed|Deoxys-Speed|304/304","|-damage|p2a: Deoxys-Speed|266/304|[from] Stealth Rock","|-ability|p2a: Deoxys-Speed|Pressure","|turn|18","|","|switch|p1a: Smeargle|Smeargle, F|275/275","|move|p2a: Deoxys-Speed|Thunder Wave|p1a: Smeargle","|-status|p1a: Smeargle|par","|","|turn|19","|","|switch|p2a: Gardevoir|Gardevoir-Mega, M|277/277","|-damage|p2a: Gardevoir|243/277|[from] Stealth Rock","|move|p1a: Smeargle|Spore|p2a: Gardevoir","|-status|p2a: Gardevoir|slp","|","|turn|20","|","|cant|p2a: Gardevoir|slp","|cant|p1a: Smeargle|par","|","|turn|21","|","|cant|p2a: Gardevoir|slp","|move|p1a: Smeargle|Sticky Web|p2a: Gardevoir","|-sidestart|p2: Seven Swell|move: Sticky Web","|","|turn|22","|","|-curestatus|p2a: Gardevoir|slp","|move|p2a: Gardevoir|Hyper Voice|p1a: Smeargle","|-enditem|p1a: Smeargle|Focus Sash","|-damage|p1a: Smeargle|1/275 par","|move|p1a: Smeargle|Toxic Spikes|p2a: Gardevoir","|-sidestart|p2: Seven Swell|move: Toxic Spikes","|","|turn|23","|","|move|p2a: Gardevoir|Psyshock|p1a: Smeargle","|-damage|p1a: Smeargle|0 fnt","|faint|p1a: Smeargle","|","|","|switch|p1a: Im very Punny xd|Lopunny, M|271/271","|turn|24","|","|detailschange|p1a: Im very Punny xd|Lopunny-Mega, M","|-mega|p1a: Im very Punny xd|Lopunny|Lopunnite","|move|p1a: Im very Punny xd|Fake Out|p2a: Gardevoir","|-damage|p2a: Gardevoir|137/277","|cant|p2a: Gardevoir|flinch","|","|turn|25","|","|move|p1a: Im very Punny xd|Return|p2a: Gardevoir","|-damage|p2a: Gardevoir|0 fnt","|faint|p2a: Gardevoir","|","|","|switch|p2a: Latias|Latias, F|364/364","|-damage|p2a: Latias|319/364|[from] Stealth Rock","|turn|26","|","|switch|p1a: Take a Chance xd|Chansey, F|476/642","|move|p2a: Latias|Defog|p1a: Take a Chance xd","|-unboost|p1a: Take a Chance xd|evasion|1","|-sideend|p2: Seven Swell|Toxic Spikes|[from] move: Defog|[of] p2a: Latias","|-sideend|p2: Seven Swell|Stealth Rock|[from] move: Defog|[of] p2a: Latias","|-sideend|p2: Seven Swell|Sticky Web|[from] move: Defog|[of] p2a: Latias","|","|-heal|p2a: Latias|341/364|[from] item: Leftovers","|turn|27","|","|switch|p2a: Hoopa-Unbound|Hoopa-Unbound|301/301","|move|p1a: Take a Chance xd|Toxic|p2a: Hoopa-Unbound","|-status|p2a: Hoopa-Unbound|tox","|","|-damage|p2a: Hoopa-Unbound|283/301 tox|[from] psn","|turn|28","|","|switch|p1a: The Raptorz Star|Staraptor, M|197/311","|move|p2a: Hoopa-Unbound|Drain Punch|p1a: The Raptorz Star","|-damage|p1a: The Raptorz Star|44/311","|-heal|p2a: Hoopa-Unbound|301/301 tox|[from] drain|[of] p1a: The Raptorz Star","|","|-damage|p2a: Hoopa-Unbound|265/301 tox|[from] psn","|turn|29","|","|switch|p2a: Latias|Latias, F|341/364","|move|p1a: The Raptorz Star|U-turn|p2a: Latias","|-supereffective|p2a: Latias","|-damage|p2a: Latias|151/364","|","|switch|p1a: Im very Punny xd|Lopunny-Mega, M|271/271","|","|-heal|p2a: Latias|173/364|[from] item: Leftovers","|turn|30","|","|move|p1a: Im very Punny xd|Fake Out|p2a: Latias","|-damage|p2a: Latias|88/364","|cant|p2a: Latias|flinch","|","|-heal|p2a: Latias|110/364|[from] item: Leftovers","|turn|31","|","|move|p1a: Im very Punny xd|Return|p2a: Latias","|-crit|p2a: Latias","|-damage|p2a: Latias|0 fnt","|faint|p2a: Latias","|","|","|switch|p2a: Deoxys-Speed|Deoxys-Speed|266/304","|-ability|p2a: Deoxys-Speed|Pressure","|turn|32","|","|move|p2a: Deoxys-Speed|Thunder Wave|p1a: Im very Punny xd","|-status|p1a: Im very Punny xd|par","|move|p1a: Im very Punny xd|Return|p2a: Deoxys-Speed","|-damage|p2a: Deoxys-Speed|77/304","|","|turn|33","|","|move|p2a: Deoxys-Speed|Stealth Rock|p1a: Im very Punny xd","|-sidestart|p1: Knight♕Altair|move: Stealth Rock","|cant|p1a: Im very Punny xd|par","|","|turn|34","|","|move|p2a: Deoxys-Speed|Ice Beam|p1a: Im very Punny xd","|-damage|p1a: Im very Punny xd|199/271 par","|move|p1a: Im very Punny xd|Return|p2a: Deoxys-Speed","|-damage|p2a: Deoxys-Speed|0 fnt","|faint|p2a: Deoxys-Speed","|","|","|switch|p2a: Hoopa-Unbound|Hoopa-Unbound|265/301 tox","|turn|35","|","|switch|p1a: The Raptorz Star|Staraptor, M|44/311","|-damage|p1a: The Raptorz Star|0 fnt|[from] Stealth Rock","|faint|p1a: The Raptorz Star","|move|p2a: Hoopa-Unbound|Drain Punch|p1: The Raptorz Star|[notarget]","|-notarget","|","|-damage|p2a: Hoopa-Unbound|247/301 tox|[from] psn","|","|switch|p1a: Im very Punny xd|Lopunny-Mega, M|199/271 par","|-damage|p1a: Im very Punny xd|183/271 par|[from] Stealth Rock","|turn|36","|","|switch|p2a: Mew|Mew|325/404","|cant|p1a: Im very Punny xd|par","|","|-heal|p2a: Mew|350/404|[from] item: Leftovers","|turn|37","|","|move|p2a: Mew|Aura Sphere|p1a: Im very Punny xd","|-supereffective|p1a: Im very Punny xd","|-damage|p1a: Im very Punny xd|47/271 par","|move|p1a: Im very Punny xd|Return|p2a: Mew","|-damage|p2a: Mew|161/404","|","|-heal|p2a: Mew|186/404|[from] item: Leftovers","|turn|38","|","|move|p2a: Mew|Roost|p2a: Mew","|-heal|p2a: Mew|388/404","|cant|p1a: Im very Punny xd|par","|","|-heal|p2a: Mew|404/404|[from] item: Leftovers","|turn|39","|","|move|p2a: Mew|Aura Sphere|p1a: Im very Punny xd","|-supereffective|p1a: Im very Punny xd","|-damage|p1a: Im very Punny xd|0 fnt","|faint|p1a: Im very Punny xd","|","|","|switch|p1a: Take a Chance xd|Chansey, F|476/642","|-damage|p1a: Take a Chance xd|396/642|[from] Stealth Rock","|turn|40","|","|move|p2a: Mew|Toxic|p1a: Take a Chance xd","|-status|p1a: Take a Chance xd|tox","|move|p1a: Take a Chance xd|Soft-Boiled|p1a: Take a Chance xd","|-heal|p1a: Take a Chance xd|642/642 tox","|","|-damage|p1a: Take a Chance xd|602/642 tox|[from] psn","|turn|41","|","|switch|p2a: Hoopa-Unbound|Hoopa-Unbound|247/301 tox","|move|p1a: Take a Chance xd|Toxic|p2a: Hoopa-Unbound","|-fail|p2a: Hoopa-Unbound|tox","|","|-damage|p2a: Hoopa-Unbound|229/301 tox|[from] psn","|-damage|p1a: Take a Chance xd|522/642 tox|[from] psn","|turn|42","|","|switch|p1a: Pory is gone 2 far|Porygon2|374/374","|-damage|p1a: Pory is gone 2 far|328/374|[from] Stealth Rock","|-ability|p1a: Pory is gone 2 far|Magician|[from] ability: Trace|[of] p2a: Hoopa-Unbound","|move|p2a: Hoopa-Unbound|Drain Punch|p1a: Pory is gone 2 far","|-supereffective|p1a: Pory is gone 2 far","|-damage|p1a: Pory is gone 2 far|208/374","|-heal|p2a: Hoopa-Unbound|289/301 tox|[from] drain|[of] p1a: Pory is gone 2 far","|","|-damage|p2a: Hoopa-Unbound|253/301 tox|[from] psn","|turn|43","|","|switch|p2a: Mew|Mew|404/404","|move|p1a: Pory is gone 2 far|Recover|p1a: Pory is gone 2 far","|-heal|p1a: Pory is gone 2 far|374/374","|","|turn|44","|","|move|p2a: Mew|Toxic|p1a: Pory is gone 2 far","|-status|p1a: Pory is gone 2 far|tox","|move|p1a: Pory is gone 2 far|Toxic|p2a: Mew","|-status|p2a: Mew|tox","|","|-damage|p2a: Mew|379/404 tox|[from] psn","|-damage|p1a: Pory is gone 2 far|351/374 tox|[from] psn","|turn|45","|","|switch|p1a: Take a Chance xd|Chansey, F|522/642","|-damage|p1a: Take a Chance xd|442/642|[from] Stealth Rock","|move|p2a: Mew|Aura Sphere|p1a: Take a Chance xd","|-supereffective|p1a: Take a Chance xd","|-damage|p1a: Take a Chance xd|378/642","|","|-heal|p2a: Mew|404/404 tox|[from] item: Leftovers","|-damage|p2a: Mew|354/404 tox|[from] psn","|turn|46","|","|move|p2a: Mew|Heal Bell|p2a: Mew","|-cureteam|p2a: Mew|[from] move: HealBell","|move|p1a: Take a Chance xd|Soft-Boiled|p1a: Take a Chance xd","|-heal|p1a: Take a Chance xd|642/642","|","|-heal|p2a: Mew|379/404|[from] item: Leftovers","|turn|47","|","|move|p2a: Mew|Toxic|p1a: Take a Chance xd","|-status|p1a: Take a Chance xd|tox","|move|p1a: Take a Chance xd|Toxic|p2a: Mew","|-status|p2a: Mew|tox","|","|-heal|p2a: Mew|404/404 tox|[from] item: Leftovers","|-damage|p2a: Mew|379/404 tox|[from] psn","|-damage|p1a: Take a Chance xd|602/642 tox|[from] psn","|turn|48","|","|switch|p1a: Pory is gone 2 far|Porygon2|351/374 tox","|-damage|p1a: Pory is gone 2 far|305/374 tox|[from] Stealth Rock","|-ability|p1a: Pory is gone 2 far|Synchronize|[from] ability: Trace|[of] p2a: Mew","|move|p2a: Mew|Aura Sphere|p1a: Pory is gone 2 far","|-supereffective|p1a: Pory is gone 2 far","|-damage|p1a: Pory is gone 2 far|219/374 tox","|","|-heal|p2a: Mew|404/404 tox|[from] item: Leftovers","|-damage|p2a: Mew|354/404 tox|[from] psn","|-damage|p1a: Pory is gone 2 far|196/374 tox|[from] psn","|turn|49","|","|move|p2a: Mew|Heal Bell|p2a: Mew","|-cureteam|p2a: Mew|[from] move: HealBell","|move|p1a: Pory is gone 2 far|Recover|p1a: Pory is gone 2 far","|-heal|p1a: Pory is gone 2 far|374/374 tox","|","|-heal|p2a: Mew|379/404|[from] item: Leftovers","|-damage|p1a: Pory is gone 2 far|328/374 tox|[from] psn","|turn|50","|","|move|p2a: Mew|Aura Sphere|p1a: Pory is gone 2 far","|-supereffective|p1a: Pory is gone 2 far","|-damage|p1a: Pory is gone 2 far|244/374 tox","|move|p1a: Pory is gone 2 far|Toxic|p2a: Mew","|-status|p2a: Mew|tox","|","|-heal|p2a: Mew|404/404 tox|[from] item: Leftovers","|-damage|p2a: Mew|379/404 tox|[from] psn","|-damage|p1a: Pory is gone 2 far|175/374 tox|[from] psn","|turn|51","|","|move|p2a: Mew|Aura Sphere|p1a: Pory is gone 2 far","|-supereffective|p1a: Pory is gone 2 far","|-damage|p1a: Pory is gone 2 far|89/374 tox","|move|p1a: Pory is gone 2 far|Recover|p1a: Pory is gone 2 far","|-heal|p1a: Pory is gone 2 far|276/374 tox","|","|-heal|p2a: Mew|404/404 tox|[from] item: Leftovers","|-damage|p2a: Mew|354/404 tox|[from] psn","|-damage|p1a: Pory is gone 2 far|184/374 tox|[from] psn","|turn|52","|","|move|p2a: Mew|Aura Sphere|p1a: Pory is gone 2 far","|-supereffective|p1a: Pory is gone 2 far","|-damage|p1a: Pory is gone 2 far|90/374 tox","|move|p1a: Pory is gone 2 far|Recover|p1a: Pory is gone 2 far","|-heal|p1a: Pory is gone 2 far|277/374 tox","|","|-heal|p2a: Mew|379/404 tox|[from] item: Leftovers","|-damage|p2a: Mew|304/404 tox|[from] psn","|-damage|p1a: Pory is gone 2 far|162/374 tox|[from] psn","|turn|53","|","|move|p2a: Mew|Heal Bell|p2a: Mew","|-cureteam|p2a: Mew|[from] move: HealBell","|move|p1a: Pory is gone 2 far|Recover|p1a: Pory is gone 2 far","|-heal|p1a: Pory is gone 2 far|349/374 tox","|","|-heal|p2a: Mew|329/404|[from] item: Leftovers","|-damage|p1a: Pory is gone 2 far|211/374 tox|[from] psn","|turn|54","|","|switch|p2a: Hoopa-Unbound|Hoopa-Unbound|253/301","|move|p1a: Pory is gone 2 far|Toxic|p2a: Hoopa-Unbound|[miss]","|-miss|p1a: Pory is gone 2 far|p2a: Hoopa-Unbound","|","|-damage|p1a: Pory is gone 2 far|50/374 tox|[from] psn","|turn|55","|","|move|p2a: Hoopa-Unbound|Drain Punch|p1a: Pory is gone 2 far","|-supereffective|p1a: Pory is gone 2 far","|-damage|p1a: Pory is gone 2 far|0 fnt","|-heal|p2a: Hoopa-Unbound|278/301|[from] drain|[of] p1a: Pory is gone 2 far","|faint|p1a: Pory is gone 2 far","|","|","|switch|p1a: Take a Chance xd|Chansey, F|602/642","|-damage|p1a: Take a Chance xd|522/642|[from] Stealth Rock","|turn|56","|","|move|p2a: Hoopa-Unbound|Drain Punch|p1a: Take a Chance xd","|-supereffective|p1a: Take a Chance xd","|-damage|p1a: Take a Chance xd|204/642","|-heal|p2a: Hoopa-Unbound|301/301|[from] drain|[of] p1a: Take a Chance xd","|move|p1a: Take a Chance xd|Toxic|p2a: Hoopa-Unbound","|-status|p2a: Hoopa-Unbound|tox","|","|-damage|p2a: Hoopa-Unbound|283/301 tox|[from] psn","|turn|57","|","|move|p2a: Hoopa-Unbound|Drain Punch|p1a: Take a Chance xd","|-supereffective|p1a: Take a Chance xd","|-damage|p1a: Take a Chance xd|0 fnt","|-heal|p2a: Hoopa-Unbound|301/301 tox|[from] drain|[of] p1a: Take a Chance xd","|faint|p1a: Take a Chance xd","|","|win|Seven Swell"],"p1rating":{"entryid":"7650439","serverid":"eos","formatid":"monotype","userid":"knightaltair","username":"Knight♕Altair","w":"7","l":9,"t":"0","gxe":42.4,"r":1449.4521056691,"rd":77.342457706898,"sigma":"0","rptime":1439715600,"rpr":1440.7963244873,"rprd":75.921204446274,"rpsigma":"0","acre":1096.844704125,"lacre":1096.844704125,"oldacre":"1108.7081483009"},"p2rating":{"entryid":"7267988","serverid":"eos","formatid":"monotype","userid":"sevenswell","username":"Seven Swell","w":57,"l":"32","t":"0","gxe":67.2,"r":"1629.9062906016","rd":"40.865844898642","sigma":"0","rptime":"1439715600","rpr":1635.7159922808,"rprd":40.442789637965,"rpsigma":"0","acre":1321.0511746882,"lacre":1321.0511746882,"oldacre":"1311.5604193474"},"endType":"normal"}