{"seed":[16153,63657,10400,2549],"turns":26,"p1":"GTX♅Bzumzum","p2":"Rain ☆ S.Herbs","p1team":[{"name":"Elec","species":"manectric","item":"manectite","ability":"Lightning Rod","moves":["thunderbolt","hiddenpowergrass","voltswitch","overheat"],"nature":"Timid","evs":{"hp":0,"atk":0,"def":0,"spa":252,"spd":4,"spe":252},"gender":"M","ivs":{"hp":31,"atk":30,"def":31,"spa":30,"spd":31,"spe":31}},{"name":"Water-Safe","species":"rotomwash","item":"chestoberry","ability":"Levitate","moves":["hydropump","raindance","willowisp","rest"],"nature":"Calm","evs":{"hp":248,"atk":0,"def":88,"spa":8,"spd":164,"spe":0},"shiny":true,"ivs":{"hp":31,"atk":31,"def":31,"spa":31,"spd":31,"spe":31}},{"name":"MY ZONE!!!","species":"magnezone","item":"choicespecs","ability":"Sturdy","moves":["hiddenpowerice","flashcannon","triattack","signalbeam"],"nature":"Timid","evs":{"hp":248,"atk":0,"def":0,"spa":252,"spd":8,"spe":0},"ivs":{"hp":31,"atk":30,"def":30,"spa":31,"spd":31,"spe":31},"shiny":true},{"name":"Lumpsy Lampsy","species":"lanturn","item":"leftovers","ability":"Water Absorb","moves":["scald","icebeam","discharge","soak"],"nature":"Calm","evs":{"hp":252,"atk":0,"def":0,"spa":144,"spd":112,"spe":0},"gender":"M","shiny":true,"happiness":0,"ivs":{"hp":31,"atk":31,"def":31,"spa":31,"spd":31,"spe":31}},{"name":"Lightning","species":"raichu","item":"choicescarf","ability":"Static","moves":["focusblast","grassknot","voltswitch","surf"],"nature":"Modest","evs":{"hp":4,"atk":0,"def":64,"spa":136,"spd":52,"spe":252},"gender":"M","shiny":true,"ivs":{"hp":31,"atk":31,"def":31,"spa":31,"spd":31,"spe":31}},{"name":"Plugg-in Failure","species":"electivire","item":"choicescarf","ability":"Vital Spirit","moves":["crosschop","earthquake","icepunch","rockslide"],"nature":"Jolly","evs":{"hp":0,"atk":252,"def":0,"spa":0,"spd":4,"spe":252},"gender":"M","shiny":true,"ivs":{"hp":31,"atk":31,"def":31,"spa":31,"spd":31,"spe":31}}],"p2team":[{"name":"Hippowdon","species":"Hippowdon","item":"leftovers","ability":"Sand Stream","moves":["earthquake","stealthrock","slackoff","toxic"],"nature":"Careful","evs":{"hp":252,"atk":4,"def":252,"spa":0,"spd":0,"spe":0},"ivs":{"hp":31,"atk":31,"def":31,"spa":31,"spd":31,"spe":31}},{"name":"Landorus","species":"Landorus","item":"choicescarf","ability":"Sheer Force","moves":["earthpower","grassknot","rockslide","sludgewave"],"nature":"Naive","evs":{"hp":0,"atk":4,"def":0,"spa":252,"spd":0,"spe":252},"ivs":{"hp":31,"atk":31,"def":31,"spa":31,"spd":31,"spe":31}},{"name":"Gliscor","species":"Gliscor","item":"toxicorb","ability":"Poison Heal","moves":["swordsdance","earthquake","knockoff","poisonjab"],"nature":"Careful","evs":{"hp":244,"atk":0,"def":8,"spa":0,"spd":200,"spe":56},"ivs":{"hp":31,"atk":31,"def":31,"spa":31,"spd":31,"spe":31}},{"name":"Garchomp","species":"Garchomp","item":"garchompite","ability":"Rough Skin","moves":["dracometeor","earthquake","flamethrower","stealthrock"],"nature":"Naive","evs":{"hp":0,"atk":4,"def":0,"spa":252,"spd":0,"spe":252},"ivs":{"hp":31,"atk":31,"def":31,"spa":31,"spd":31,"spe":31}},{"name":"Gastrodon","species":"Gastrodon","item":"leftovers","ability":"Storm Drain","moves":["surf","icebeam","toxic","earthpower"],"nature":"Calm","evs":{"hp":252,"atk":0,"def":252,"spa":4,"spd":0,"spe":0},"ivs":{"hp":31,"atk":31,"def":31,"spa":31,"spd":31,"spe":31}},{"name":"Excadrill","species":"Excadrill","item":"airballoon","ability":"Sand Rush","moves":["earthquake","ironhead","rockslide","swordsdance"],"nature":"Adamant","evs":{"hp":0,"atk":252,"def":4,"spa":0,"spd":0,"spe":252},"shiny":true,"ivs":{"hp":31,"atk":31,"def":31,"spa":31,"spd":31,"spe":31}}],"log":["|player|p1|GTX♅Bzumzum|225","|player|p2|Rain ☆ S.Herbs|154","|gametype|singles","|gen|6","|tier|Monotype","|rated","|rule|Baton Pass Clause: Limit one Baton Passer, can't pass Spe and other stats simultaneously","|rule|Swagger Clause: Swagger is banned","|rule|Same Type Clause: Pokémon in a team must share a type","|clearpoke","|poke|p1|Manectric, M","|poke|p1|Rotom-Wash, shiny","|poke|p1|Magnezone, shiny","|poke|p1|Lanturn, M, shiny","|poke|p1|Raichu, M, shiny","|poke|p1|Electivire, M, shiny","|poke|p2|Hippowdon, F","|poke|p2|Landorus, M","|poke|p2|Gliscor, F","|poke|p2|Garchomp, F","|poke|p2|Gastrodon, M","|poke|p2|Excadrill, F, shiny","|rule|Sleep Clause Mod: Limit one foe put to sleep","|rule|Species Clause: Limit one of each Pokémon","|rule|OHKO Clause: OHKO moves are banned","|rule|Moody Clause: Moody is banned","|rule|Evasion Moves Clause: Evasion moves are banned","|rule|Endless Battle Clause: Forcing endless battles is banned","|rule|HP Percentage Mod: HP is shown in percentages","|teampreview","|","|start","|switch|p1a: Water-Safe|Rotom-Wash, shiny|303/303","|switch|p2a: Hippowdon|Hippowdon, F|420/420","|-weather|Sandstorm","|turn|1","|","|switch|p1a: MY ZONE!!!|Magnezone, shiny|343/343","|move|p2a: Hippowdon|Toxic|p1a: MY ZONE!!!","|-immune|p1a: MY ZONE!!!|[msg]","|","|-weather|Sandstorm|[upkeep]","|turn|2","|","|move|p1a: MY ZONE!!!|Hidden Power|p2a: Hippowdon","|-supereffective|p2a: Hippowdon","|-damage|p2a: Hippowdon|148/420","|move|p2a: Hippowdon|Stealth Rock|p1a: MY ZONE!!!","|-sidestart|p1: GTX♅Bzumzum|move: Stealth Rock","|","|-weather|Sandstorm|[upkeep]","|-heal|p2a: Hippowdon|174/420|[from] item: Leftovers","|turn|3","|","|switch|p2a: Gastrodon|Gastrodon, M|426/426","|move|p1a: MY ZONE!!!|Hidden Power|p2a: Gastrodon","|-damage|p2a: Gastrodon|308/426","|","|-weather|Sandstorm|[upkeep]","|-heal|p2a: Gastrodon|334/426|[from] item: Leftovers","|turn|4","|","|switch|p1a: Water-Safe|Rotom-Wash, shiny|303/303","|-damage|p1a: Water-Safe|266/303|[from] Stealth Rock","|move|p2a: Gastrodon|Earth Power|p1a: Water-Safe","|-immune|p1a: Water-Safe|[msg]","|","|-weather|Sandstorm|[upkeep]","|-damage|p1a: Water-Safe|248/303|[from] sandstorm","|-heal|p2a: Gastrodon|360/426|[from] item: Leftovers","|turn|5","|","|move|p1a: Water-Safe|Will-O-Wisp|p2a: Gastrodon","|-status|p2a: Gastrodon|brn","|move|p2a: Gastrodon|Toxic|p1a: Water-Safe","|-status|p1a: Water-Safe|tox","|","|-weather|none","|-heal|p2a: Gastrodon|386/426 brn|[from] item: Leftovers","|-damage|p1a: Water-Safe|230/303 tox|[from] psn","|-damage|p2a: Gastrodon|333/426 brn|[from] brn","|turn|6","|","|move|p1a: Water-Safe|Rain Dance|p1a: Water-Safe","|-weather|RainDance","|move|p2a: Gastrodon|Surf|p1a: Water-Safe","|-resisted|p1a: Water-Safe","|-damage|p1a: Water-Safe|173/303 tox","|","|-weather|RainDance|[upkeep]","|-heal|p2a: Gastrodon|359/426 brn|[from] item: Leftovers","|-damage|p1a: Water-Safe|137/303 tox|[from] psn","|-damage|p2a: Gastrodon|306/426 brn|[from] brn","|turn|7","|","|switch|p1a: Lumpsy Lampsy|Lanturn, M, shiny|454/454","|-damage|p1a: Lumpsy Lampsy|398/454|[from] Stealth Rock","|move|p2a: Gastrodon|Surf|p1a: Lumpsy Lampsy","|-heal|p1a: Lumpsy Lampsy|454/454|[from] ability: Water Absorb|[of] p2a: Gastrodon","|","|-weather|RainDance|[upkeep]","|-heal|p2a: Gastrodon|332/426 brn|[from] item: Leftovers","|-damage|p2a: Gastrodon|279/426 brn|[from] brn","|turn|8","|","|move|p1a: Lumpsy Lampsy|Ice Beam|p2a: Gastrodon","|-damage|p2a: Gastrodon|207/426 brn","|move|p2a: Gastrodon|Earth Power|p1a: Lumpsy Lampsy","|-supereffective|p1a: Lumpsy Lampsy","|-damage|p1a: Lumpsy Lampsy|248/454","|","|-weather|RainDance|[upkeep]","|-heal|p1a: Lumpsy Lampsy|276/454|[from] item: Leftovers","|-heal|p2a: Gastrodon|233/426 brn|[from] item: Leftovers","|-damage|p2a: Gastrodon|180/426 brn|[from] brn","|turn|9","|","|move|p1a: Lumpsy Lampsy|Soak|p2a: Gastrodon","|-boost|p2a: Gastrodon|spa|1|[from] ability: Storm Drain","|move|p2a: Gastrodon|Toxic|p1a: Lumpsy Lampsy","|-status|p1a: Lumpsy Lampsy|tox","|","|-weather|RainDance|[upkeep]","|-heal|p1a: Lumpsy Lampsy|304/454 tox|[from] item: Leftovers","|-heal|p2a: Gastrodon|206/426 brn|[from] item: Leftovers","|-damage|p1a: Lumpsy Lampsy|276/454 tox|[from] psn","|-damage|p2a: Gastrodon|153/426 brn|[from] brn","|turn|10","|","|switch|p1a: Water-Safe|Rotom-Wash, shiny|137/303 tox","|-damage|p1a: Water-Safe|100/303 tox|[from] Stealth Rock","|move|p2a: Gastrodon|Earth Power|p1a: Water-Safe","|-immune|p1a: Water-Safe|[msg]","|","|-weather|none","|-heal|p2a: Gastrodon|179/426 brn|[from] item: Leftovers","|-damage|p1a: Water-Safe|82/303 tox|[from] psn","|-damage|p2a: Gastrodon|126/426 brn|[from] brn","|turn|11","|","|switch|p2a: Hippowdon|Hippowdon, F|174/420","|-weather|Sandstorm","|move|p1a: Water-Safe|Rest|p1a: Water-Safe","|-status|p1a: Water-Safe|slp","|-heal|p1a: Water-Safe|303/303 slp|[silent]","|-status|p1a: Water-Safe|slp|[from] move: Rest","|-enditem|p1a: Water-Safe|Chesto Berry|[eat]","|-curestatus|p1a: Water-Safe|slp","|","|-weather|Sandstorm|[upkeep]","|-damage|p1a: Water-Safe|285/303|[from] sandstorm","|-heal|p2a: Hippowdon|200/420|[from] item: Leftovers","|turn|12","|","|switch|p2a: Gastrodon|Gastrodon, M|126/426 brn","|move|p1a: Water-Safe|Rain Dance|p1a: Water-Safe","|-weather|RainDance","|","|-weather|RainDance|[upkeep]","|-heal|p2a: Gastrodon|152/426 brn|[from] item: Leftovers","|-damage|p2a: Gastrodon|99/426 brn|[from] brn","|turn|13","|","|switch|p1a: Lumpsy Lampsy|Lanturn, M, shiny|276/454 tox","|-damage|p1a: Lumpsy Lampsy|220/454 tox|[from] Stealth Rock","|move|p2a: Gastrodon|Toxic|p1a: Lumpsy Lampsy","|-fail|p1a: Lumpsy Lampsy|tox","|","|-weather|RainDance|[upkeep]","|-heal|p1a: Lumpsy Lampsy|248/454 tox|[from] item: Leftovers","|-heal|p2a: Gastrodon|125/426 brn|[from] item: Leftovers","|-damage|p1a: Lumpsy Lampsy|220/454 tox|[from] psn","|-damage|p2a: Gastrodon|72/426 brn|[from] brn","|turn|14","|","|switch|p1a: Water-Safe|Rotom-Wash, shiny|285/303","|-damage|p1a: Water-Safe|248/303|[from] Stealth Rock","|switch|p2a: Hippowdon|Hippowdon, F|200/420","|-weather|Sandstorm","|","|-weather|Sandstorm|[upkeep]","|-damage|p1a: Water-Safe|230/303|[from] sandstorm","|-heal|p2a: Hippowdon|226/420|[from] item: Leftovers","|turn|15","|","|move|p1a: Water-Safe|Will-O-Wisp|p2a: Hippowdon","|-status|p2a: Hippowdon|brn","|move|p2a: Hippowdon|Toxic|p1a: Water-Safe","|-status|p1a: Water-Safe|tox","|","|-weather|Sandstorm|[upkeep]","|-damage|p1a: Water-Safe|212/303 tox|[from] sandstorm","|-heal|p2a: Hippowdon|252/420 brn|[from] item: Leftovers","|-damage|p1a: Water-Safe|194/303 tox|[from] psn","|-damage|p2a: Hippowdon|200/420 brn|[from] brn","|turn|16","|","|switch|p2a: Gliscor|Gliscor, F|352/352","|move|p1a: Water-Safe|Rain Dance|p1a: Water-Safe","|-weather|RainDance","|","|-weather|RainDance|[upkeep]","|-damage|p1a: Water-Safe|158/303 tox|[from] psn","|-status|p2a: Gliscor|tox|[from] item: Toxic Orb","|turn|17","|","|switch|p2a: Hippowdon|Hippowdon, F|200/420 brn","|-weather|Sandstorm","|switch|p1a: Lumpsy Lampsy|Lanturn, M, shiny|220/454 tox","|-damage|p1a: Lumpsy Lampsy|164/454 tox|[from] Stealth Rock","|","|-weather|Sandstorm|[upkeep]","|-damage|p1a: Lumpsy Lampsy|136/454 tox|[from] sandstorm","|-heal|p1a: Lumpsy Lampsy|164/454 tox|[from] item: Leftovers","|-heal|p2a: Hippowdon|226/420 brn|[from] item: Leftovers","|-damage|p1a: Lumpsy Lampsy|136/454 tox|[from] psn","|-damage|p2a: Hippowdon|174/420 brn|[from] brn","|turn|18","|","|switch|p1a: Water-Safe|Rotom-Wash, shiny|158/303 tox","|-damage|p1a: Water-Safe|121/303 tox|[from] Stealth Rock","|switch|p2a: Gastrodon|Gastrodon, M|72/426 brn","|","|-weather|Sandstorm|[upkeep]","|-damage|p1a: Water-Safe|103/303 tox|[from] sandstorm","|-heal|p2a: Gastrodon|98/426 brn|[from] item: Leftovers","|-damage|p1a: Water-Safe|85/303 tox|[from] psn","|-damage|p2a: Gastrodon|45/426 brn|[from] brn","|turn|19","|","|switch|p2a: Excadrill|Excadrill, F, shiny|361/361","|-item|p2a: Excadrill|Air Balloon","|move|p1a: Water-Safe|Rain Dance|p1a: Water-Safe","|-weather|RainDance","|","|-weather|RainDance|[upkeep]","|-damage|p1a: Water-Safe|49/303 tox|[from] psn","|turn|20","|","|move|p2a: Excadrill|Rock Slide|p1a: Water-Safe","|-damage|p1a: Water-Safe|0 fnt","|faint|p1a: Water-Safe","|","|-weather|RainDance|[upkeep]","|","|switch|p1a: Lumpsy Lampsy|Lanturn, M, shiny|136/454 tox","|-damage|p1a: Lumpsy Lampsy|80/454 tox|[from] Stealth Rock","|turn|21","|","|move|p2a: Excadrill|Earthquake|p1a: Lumpsy Lampsy","|-supereffective|p1a: Lumpsy Lampsy","|-damage|p1a: Lumpsy Lampsy|0 fnt","|faint|p1a: Lumpsy Lampsy","|","|-weather|RainDance|[upkeep]","|","|switch|p1a: Lightning|Raichu, M, shiny|262/262","|-damage|p1a: Lightning|230/262|[from] Stealth Rock","|turn|22","|","|switch|p2a: Hippowdon|Hippowdon, F|174/420 brn","|-weather|Sandstorm","|move|p1a: Lightning|Surf|p2a: Hippowdon","|-supereffective|p2a: Hippowdon","|-damage|p2a: Hippowdon|0 fnt","|faint|p2a: Hippowdon","|","|-weather|Sandstorm|[upkeep]","|-damage|p1a: Lightning|214/262|[from] sandstorm","|","|switch|p2a: Excadrill|Excadrill, F, shiny|361/361","|-item|p2a: Excadrill|Air Balloon","|turn|23","|","|move|p2a: Excadrill|Earthquake|p1a: Lightning","|-supereffective|p1a: Lightning","|-damage|p1a: Lightning|0 fnt","|faint|p1a: Lightning","|","|-weather|Sandstorm|[upkeep]","|","|switch|p1a: Elec|Manectric, M|281/281","|-damage|p1a: Elec|246/281|[from] Stealth Rock","|turn|24","|","|detailschange|p1a: Elec|Manectric-Mega, M","|-mega|p1a: Elec|Manectric|Manectite","|-ability|p1a: Elec|Intimidate","|-unboost|p2a: Excadrill|atk|1","|move|p2a: Excadrill|Earthquake|p1a: Elec","|-supereffective|p1a: Elec","|-damage|p1a: Elec|0 fnt","|faint|p1a: Elec","|","|-weather|Sandstorm|[upkeep]","|","|switch|p1a: Plugg-in Failure|Electivire, M, shiny|291/291","|-damage|p1a: Plugg-in Failure|255/291|[from] Stealth Rock","|turn|25","|","|move|p2a: Excadrill|Earthquake|p1a: Plugg-in Failure","|-supereffective|p1a: Plugg-in Failure","|-damage|p1a: Plugg-in Failure|0 fnt","|faint|p1a: Plugg-in Failure","|","|-weather|Sandstorm|[upkeep]","|","|switch|p1a: MY ZONE!!!|Magnezone, shiny|343/343","|-damage|p1a: MY ZONE!!!|322/343|[from] Stealth Rock","|turn|26","|","|move|p2a: Excadrill|Earthquake|p1a: MY ZONE!!!","|-supereffective|p1a: MY ZONE!!!","|-damage|p1a: MY ZONE!!!|0 fnt","|faint|p1a: MY ZONE!!!","|","|win|Rain ☆ S.Herbs"],"p1rating":{"entryid":"6857825","serverid":"eos","formatid":"monotype","userid":"gtxbzumzum","username":"GTX♅Bzumzum","w":"41","l":133,"t":"0","gxe":24,"r":"1281.2155081297","rd":"31.535222195216","sigma":"0","rptime":"1439715600","rpr":1282.2980221903,"rprd":31.223494967747,"rpsigma":"0","acre":1051.2964062109,"lacre":1051.2964062109,"oldacre":"1070.9078289381"},"p2rating":{"entryid":"7610897","serverid":"eos","formatid":"monotype","userid":"rainsherbs","username":"Rain ☆ S.Herbs","w":11,"l":"9","t":"0","gxe":52.7,"r":"1613.0187063722","rd":"88.744540362824","sigma":"0","rptime":"1439715600","rpr":1520.406334894,"rprd":70.591126644651,"rpsigma":"0","acre":1113.6192147568,"lacre":1113.6192147568,"oldacre":"1088.1749956168"},"endType":"normal"}