{"seed":[62464,41642,3186,33421],"turns":26,"p1":"GTX♅Bzumzum","p2":"Marx-Bot","p1team":[{"name":"Elec","species":"manectric","item":"manectite","ability":"Lightning Rod","moves":["thunderbolt","hiddenpowergrass","voltswitch","overheat"],"nature":"Timid","evs":{"hp":0,"atk":0,"def":0,"spa":252,"spd":4,"spe":252},"gender":"M","ivs":{"hp":31,"atk":30,"def":31,"spa":30,"spd":31,"spe":31}},{"name":"Water-Safe","species":"rotomwash","item":"chestoberry","ability":"Levitate","moves":["hydropump","raindance","willowisp","rest"],"nature":"Calm","evs":{"hp":248,"atk":0,"def":88,"spa":8,"spd":164,"spe":0},"shiny":true,"ivs":{"hp":31,"atk":31,"def":31,"spa":31,"spd":31,"spe":31}},{"name":"MY ZONE!!!","species":"magnezone","item":"choicespecs","ability":"Sturdy","moves":["hiddenpowerice","flashcannon","triattack","signalbeam"],"nature":"Modest","evs":{"hp":248,"atk":0,"def":0,"spa":252,"spd":8,"spe":0},"ivs":{"hp":31,"atk":30,"def":30,"spa":31,"spd":31,"spe":31},"shiny":true},{"name":"Lumpsy Lampsy","species":"lanturn","item":"leftovers","ability":"Water Absorb","moves":["scald","icebeam","discharge","soak"],"nature":"Calm","evs":{"hp":252,"atk":0,"def":0,"spa":144,"spd":112,"spe":0},"gender":"M","shiny":true,"happiness":0,"ivs":{"hp":31,"atk":31,"def":31,"spa":31,"spd":31,"spe":31}},{"name":"Lightning","species":"raichu","item":"choicescarf","ability":"Static","moves":["focusblast","grassknot","voltswitch","surf"],"nature":"Modest","evs":{"hp":4,"atk":0,"def":64,"spa":136,"spd":52,"spe":252},"gender":"M","shiny":true,"ivs":{"hp":31,"atk":31,"def":31,"spa":31,"spd":31,"spe":31}},{"name":"Plugg-in Failure","species":"electivire","item":"choicescarf","ability":"Vital Spirit","moves":["crosschop","earthquake","icepunch","rockslide"],"nature":"Adamant","evs":{"hp":0,"atk":252,"def":0,"spa":0,"spd":4,"spe":252},"gender":"M","shiny":true,"ivs":{"hp":31,"atk":31,"def":31,"spa":31,"spd":31,"spe":31}}],"p2team":[{"name":"Abomasnow","species":"Abomasnow","item":"focussash","ability":"Snow Warning","moves":["blizzard","gigadrain","iceshard","shadowball"],"nature":"Mild","evs":{"hp":248,"atk":8,"def":0,"spa":252,"spd":0,"spe":0},"ivs":{"hp":31,"atk":31,"def":31,"spa":31,"spd":31,"spe":31}},{"name":"Froslass","species":"Froslass","item":"focussash","ability":"Cursed Body","moves":["destinybond","icebeam","taunt","shadowball"],"nature":"Timid","evs":{"hp":0,"atk":0,"def":0,"spa":252,"spd":4,"spe":252},"ivs":{"hp":31,"atk":31,"def":31,"spa":31,"spd":31,"spe":31}},{"name":"Ice Age","species":"mamoswine","item":"choicescarf","ability":"Thick Fat","moves":["superpower","earthquake","iciclecrash","stoneedge"],"nature":"Jolly","evs":{"hp":0,"atk":252,"def":0,"spa":0,"spd":4,"spe":252},"gender":"M","shiny":true,"ivs":{"hp":31,"atk":31,"def":31,"spa":31,"spd":31,"spe":31}},{"name":"The Titanic","species":"avalugg","item":"rockyhelmet","ability":"Sturdy","moves":["rapidspin","toxic","recover","avalanche"],"nature":"Bold","evs":{"hp":248,"atk":0,"def":252,"spa":0,"spd":8,"spe":0},"gender":"M","shiny":true,"ivs":{"hp":31,"atk":31,"def":31,"spa":31,"spd":31,"spe":31}},{"name":"Kyurem","species":"Kyurem","item":"choicespecs","ability":"Pressure","moves":["dragonpulse","icebeam","shadowball","earthpower"],"nature":"Modest","evs":{"hp":248,"atk":0,"def":0,"spa":252,"spd":8,"spe":0},"ivs":{"hp":31,"atk":31,"def":31,"spa":31,"spd":31,"spe":31}},{"name":"King Kold","species":"rotomfrost","item":"leftovers","ability":"Levitate","moves":["discharge","willowisp","painsplit","charge"],"nature":"Calm","evs":{"hp":248,"atk":0,"def":0,"spa":252,"spd":8,"spe":0},"shiny":true,"ivs":{"hp":31,"atk":31,"def":31,"spa":31,"spd":31,"spe":31}}],"log":["|player|p1|GTX♅Bzumzum|225","|player|p2|Marx-Bot|238","|gametype|singles","|gen|6","|tier|Monotype","|rated","|rule|Baton Pass Clause: Limit one Baton Passer, can't pass Spe and other stats simultaneously","|rule|Swagger Clause: Swagger is banned","|rule|Same Type Clause: Pokémon in a team must share a type","|clearpoke","|poke|p1|Manectric, M","|poke|p1|Rotom-Wash, shiny","|poke|p1|Magnezone, shiny","|poke|p1|Lanturn, M, shiny","|poke|p1|Raichu, M, shiny","|poke|p1|Electivire, M, shiny","|poke|p2|Abomasnow, F","|poke|p2|Froslass, F","|poke|p2|Mamoswine, M, shiny","|poke|p2|Avalugg, M, shiny","|poke|p2|Kyurem","|poke|p2|Rotom-Frost, shiny","|rule|Sleep Clause Mod: Limit one foe put to sleep","|rule|Species Clause: Limit one of each Pokémon","|rule|OHKO Clause: OHKO moves are banned","|rule|Moody Clause: Moody is banned","|rule|Evasion Moves Clause: Evasion moves are banned","|rule|Endless Battle Clause: Forcing endless battles is banned","|rule|HP Percentage Mod: HP is shown in percentages","|teampreview","|","|start","|switch|p1a: Water-Safe|Rotom-Wash, shiny|303/303","|switch|p2a: Abomasnow|Abomasnow, F|383/383","|-weather|Hail","|turn|1","|","|move|p1a: Water-Safe|Rain Dance|p1a: Water-Safe","|-weather|RainDance","|move|p2a: Abomasnow|Giga Drain|p1a: Water-Safe","|-supereffective|p1a: Water-Safe","|-damage|p1a: Water-Safe|133/303","|","|-weather|RainDance|[upkeep]","|turn|2","|","|switch|p1a: Lumpsy Lampsy|Lanturn, M, shiny|454/454","|move|p2a: Abomasnow|Giga Drain|p1a: Lumpsy Lampsy","|-supereffective|p1a: Lumpsy Lampsy","|-damage|p1a: Lumpsy Lampsy|232/454","|","|-weather|RainDance|[upkeep]","|-heal|p1a: Lumpsy Lampsy|260/454|[from] item: Leftovers","|turn|3","|","|switch|p2a: King Kold|Rotom-Frost, shiny|303/303","|move|p1a: Lumpsy Lampsy|Soak|p2a: King Kold","|-start|p2a: King Kold|typechange|Water","|","|-weather|RainDance|[upkeep]","|-heal|p1a: Lumpsy Lampsy|288/454|[from] item: Leftovers","|turn|4","|","|move|p2a: King Kold|Charge|p2a: King Kold","|-boost|p2a: King Kold|spd|1","|-activate|p2a: King Kold|move: Charge","|move|p1a: Lumpsy Lampsy|Discharge|p2a: King Kold","|-supereffective|p2a: King Kold","|-damage|p2a: King Kold|199/303","|","|-weather|RainDance|[upkeep]","|-heal|p2a: King Kold|217/303|[from] item: Leftovers","|-heal|p1a: Lumpsy Lampsy|316/454|[from] item: Leftovers","|turn|5","|","|switch|p1a: Elec|Manectric, M|281/281","|move|p2a: King Kold|Will-O-Wisp|p1a: Elec","|-status|p1a: Elec|brn","|","|-weather|none","|-heal|p2a: King Kold|235/303|[from] item: Leftovers","|-damage|p1a: Elec|246/281 brn|[from] brn","|turn|6","|","|switch|p2a: Ice Age|Mamoswine, M, shiny|361/361","|move|p1a: Elec|Hidden Power|p2a: Ice Age","|-supereffective|p2a: Ice Age","|-damage|p2a: Ice Age|189/361","|","|-damage|p1a: Elec|211/281 brn|[from] brn","|turn|7","|","|detailschange|p1a: Elec|Manectric-Mega, M","|-mega|p1a: Elec|Manectric|Manectite","|-ability|p1a: Elec|Intimidate","|-unboost|p2a: Ice Age|atk|1","|move|p2a: Ice Age|Icicle Crash|p1a: Elec","|-damage|p1a: Elec|97/281 brn","|move|p1a: Elec|Overheat|p2a: Ice Age","|-supereffective|p2a: Ice Age","|-damage|p2a: Ice Age|0 fnt","|-unboost|p1a: Elec|spa|2","|faint|p2a: Ice Age","|","|-damage|p1a: Elec|62/281 brn|[from] brn","|","|switch|p2a: Abomasnow|Abomasnow, F|383/383","|-weather|Hail","|turn|8","|","|move|p2a: Abomasnow|Ice Shard|p1a: Elec","|-damage|p1a: Elec|4/281 brn","|move|p1a: Elec|Volt Switch|p2a: Abomasnow","|-resisted|p2a: Abomasnow","|-damage|p2a: Abomasnow|345/383","|","|switch|p1a: Lightning|Raichu, M, shiny|262/262","|","|-weather|Hail|[upkeep]","|-damage|p1a: Lightning|246/262|[from] hail","|turn|9","|","|switch|p2a: The Titanic|Avalugg, M, shiny|393/393","|move|p1a: Lightning|Focus Blast|p2a: The Titanic","|-supereffective|p2a: The Titanic","|-ability|p2a: The Titanic|Sturdy","|-damage|p2a: The Titanic|1/393","|","|-weather|Hail|[upkeep]","|-damage|p1a: Lightning|230/262|[from] hail","|turn|10","|","|switch|p2a: Froslass|Froslass, F|281/281","|move|p1a: Lightning|Focus Blast|p2a: Froslass","|-immune|p2a: Froslass|[msg]","|","|-weather|Hail|[upkeep]","|-damage|p1a: Lightning|214/262|[from] hail","|turn|11","|","|switch|p1a: Water-Safe|Rotom-Wash, shiny|133/303","|move|p2a: Froslass|Ice Beam|p1a: Water-Safe","|-resisted|p1a: Water-Safe","|-damage|p1a: Water-Safe|91/303","|","|-weather|Hail|[upkeep]","|-damage|p1a: Water-Safe|73/303|[from] hail","|turn|12","|","|move|p2a: Froslass|Shadow Ball|p1a: Water-Safe","|-crit|p1a: Water-Safe","|-damage|p1a: Water-Safe|0 fnt","|faint|p1a: Water-Safe","|","|-weather|none","|","|switch|p1a: Plugg-in Failure|Electivire, M, shiny|291/291","|turn|13","|","|move|p1a: Plugg-in Failure|Rock Slide|p2a: Froslass","|-supereffective|p2a: Froslass","|-damage|p2a: Froslass|27/281","|move|p2a: Froslass|Ice Beam|p1a: Plugg-in Failure","|-damage|p1a: Plugg-in Failure|147/291","|","|turn|14","|","|switch|p2a: The Titanic|Avalugg, M, shiny|1/393","|move|p1a: Plugg-in Failure|Rock Slide|p2a: The Titanic","|-supereffective|p2a: The Titanic","|-damage|p2a: The Titanic|0 fnt","|faint|p2a: The Titanic","|","|","|switch|p2a: Abomasnow|Abomasnow, F|345/383","|-weather|Hail","|turn|15","|","|move|p2a: Abomasnow|Ice Shard|p1a: Plugg-in Failure","|-damage|p1a: Plugg-in Failure|87/291","|move|p1a: Plugg-in Failure|Rock Slide|p2a: Abomasnow","|-supereffective|p2a: Abomasnow","|-damage|p2a: Abomasnow|63/383","|","|-weather|Hail|[upkeep]","|-damage|p1a: Plugg-in Failure|69/291|[from] hail","|turn|16","|","|switch|p1a: Lumpsy Lampsy|Lanturn, M, shiny|316/454","|move|p2a: Abomasnow|Ice Shard|p1a: Lumpsy Lampsy","|-resisted|p1a: Lumpsy Lampsy","|-damage|p1a: Lumpsy Lampsy|283/454","|","|-weather|Hail|[upkeep]","|-damage|p1a: Lumpsy Lampsy|255/454|[from] hail","|-heal|p1a: Lumpsy Lampsy|283/454|[from] item: Leftovers","|turn|17","|","|move|p1a: Lumpsy Lampsy|Discharge|p2a: Abomasnow","|-resisted|p2a: Abomasnow","|-damage|p2a: Abomasnow|14/383","|move|p2a: Abomasnow|Giga Drain|p1a: Lumpsy Lampsy","|-supereffective|p1a: Lumpsy Lampsy","|-damage|p1a: Lumpsy Lampsy|43/454","|-heal|p2a: Abomasnow|134/383|[from] drain|[of] p1a: Lumpsy Lampsy","|","|-weather|Hail|[upkeep]","|-damage|p1a: Lumpsy Lampsy|15/454|[from] hail","|-heal|p1a: Lumpsy Lampsy|43/454|[from] item: Leftovers","|turn|18","|","|move|p2a: Abomasnow|Ice Shard|p1a: Lumpsy Lampsy","|-resisted|p1a: Lumpsy Lampsy","|-damage|p1a: Lumpsy Lampsy|7/454","|move|p1a: Lumpsy Lampsy|Discharge|p2a: Abomasnow","|-resisted|p2a: Abomasnow","|-damage|p2a: Abomasnow|83/383","|","|-weather|Hail|[upkeep]","|-damage|p1a: Lumpsy Lampsy|0 fnt|[from] hail","|faint|p1a: Lumpsy Lampsy","|","|switch|p1a: MY ZONE!!!|Magnezone, shiny|343/343","|turn|19","|","|switch|p1a: Plugg-in Failure|Electivire, M, shiny|69/291","|switch|p2a: King Kold|Rotom-Frost, shiny|235/303","|","|-weather|none","|-heal|p2a: King Kold|253/303|[from] item: Leftovers","|turn|20","|","|move|p1a: Plugg-in Failure|Cross Chop|p2a: King Kold|[miss]","|-miss|p1a: Plugg-in Failure|p2a: King Kold","|move|p2a: King Kold|Pain Split|p1a: Plugg-in Failure","|-sethp|p1a: Plugg-in Failure|161/291|p2a: King Kold|161/303|[from] move: Pain Split","|","|-heal|p2a: King Kold|179/303|[from] item: Leftovers","|turn|21","|","|move|p1a: Plugg-in Failure|Cross Chop|p2a: King Kold","|-supereffective|p2a: King Kold","|-damage|p2a: King Kold|0 fnt","|faint|p2a: King Kold","|","|","|switch|p2a: Froslass|Froslass, F|27/281","|turn|22","|","|switch|p1a: Elec|Manectric-Mega, M|4/281 brn","|-ability|p1a: Elec|Intimidate","|-unboost|p2a: Froslass|atk|1","|move|p2a: Froslass|Ice Beam|p1a: Elec","|-damage|p1a: Elec|0 fnt","|faint|p1a: Elec","|","|","|switch|p1a: Lightning|Raichu, M, shiny|214/262","|turn|23","|","|move|p1a: Lightning|Volt Switch|p2a: Froslass","|-damage|p2a: Froslass|0 fnt","|faint|p2a: Froslass","|","|switch|p1a: MY ZONE!!!|Magnezone, shiny|343/343","|","|","|switch|p2a: Kyurem|Kyurem|453/453","|-ability|p2a: Kyurem|Pressure","|turn|24","|","|move|p2a: Kyurem|Earth Power|p1a: MY ZONE!!!","|-supereffective|p1a: MY ZONE!!!","|-ability|p1a: MY ZONE!!!|Sturdy","|-damage|p1a: MY ZONE!!!|1/343","|move|p1a: MY ZONE!!!|Flash Cannon|p2a: Kyurem","|-supereffective|p2a: Kyurem","|-damage|p2a: Kyurem|0 fnt","|faint|p2a: Kyurem","|","|","|switch|p2a: Abomasnow|Abomasnow, F|83/383","|-weather|Hail","|turn|25","|","|move|p2a: Abomasnow|Ice Shard|p1a: MY ZONE!!!","|-resisted|p1a: MY ZONE!!!","|-damage|p1a: MY ZONE!!!|0 fnt","|faint|p1a: MY ZONE!!!","|","|-weather|Hail|[upkeep]","|","|switch|p1a: Lightning|Raichu, M, shiny|214/262","|turn|26","|","|move|p1a: Lightning|Focus Blast|p2a: Abomasnow","|-supereffective|p2a: Abomasnow","|-damage|p2a: Abomasnow|0 fnt","|faint|p2a: Abomasnow","|","|win|GTX♅Bzumzum"],"p1rating":{"entryid":"6857825","serverid":"eos","formatid":"monotype","userid":"gtxbzumzum","username":"GTX♅Bzumzum","w":41,"l":"132","t":"0","gxe":24.1,"r":"1281.2155081297","rd":"31.535222195216","sigma":"0","rptime":"1439715600","rpr":1283.0458075415,"rprd":31.278967150151,"rpsigma":"0","acre":1070.9078289381,"lacre":1070.9078289381,"oldacre":"1021.9339164263"},"p2rating":{"entryid":"5765428","serverid":"eos","formatid":"monotype","userid":"marxbot","username":"Marx Bot","w":"207","l":301,"t":"0","gxe":42.8,"r":"1449.2241103163","rd":"32.521873808857","sigma":"0","rptime":"1439715600","rpr":1445.0112225409,"rprd":32.082213728005,"rpsigma":"0","acre":1109.2853676656,"lacre":1109.2853676656,"oldacre":"1142.6373352464"},"endType":"normal"}