{"seed":[11820,62247,65446,11185],"turns":33,"p1":"M☆ster dinite","p2":"Void Who","p1team":[{"name":"Charizard","species":"Charizard","item":"charizarditex","ability":"Blaze","moves":["dragondance","flareblitz","dragonclaw","roost"],"nature":"Jolly","evs":{"hp":0,"atk":252,"def":4,"spa":0,"spd":0,"spe":252},"ivs":{"hp":31,"atk":31,"def":31,"spa":31,"spd":31,"spe":31}},{"name":"Skarmory","species":"Skarmory","item":"rockyhelmet","ability":"Sturdy","moves":["roost","defog","bravebird","whirlwind"],"nature":"Impish","evs":{"hp":252,"atk":0,"def":252,"spa":0,"spd":4,"spe":0},"ivs":{"hp":31,"atk":31,"def":31,"spa":31,"spd":31,"spe":31}},{"name":"Togekiss","species":"Togekiss","item":"leftovers","ability":"Serene Grace","moves":["nastyplot","airslash","thunderwave","roost"],"nature":"Timid","evs":{"hp":248,"atk":0,"def":76,"spa":0,"spd":8,"spe":176},"ivs":{"hp":31,"atk":31,"def":31,"spa":31,"spd":31,"spe":31}},{"name":"Dragonite","species":"Dragonite","item":"choiceband","ability":"Multiscale","moves":["outrage","extremespeed","firepunch","earthquake"],"nature":"Adamant","evs":{"hp":0,"atk":252,"def":4,"spa":0,"spd":0,"spe":252},"ivs":{"hp":31,"atk":31,"def":31,"spa":31,"spd":31,"spe":31}},{"name":"Thundurus-Therian","species":"Thundurus-Therian","item":"choicescarf","ability":"Volt Absorb","moves":["grassknot","thunderbolt","hiddenpowerice","focusblast"],"nature":"Timid","evs":{"hp":4,"atk":0,"def":0,"spa":252,"spd":0,"spe":252},"ivs":{"hp":31,"atk":30,"def":30,"spa":31,"spd":31,"spe":31}},{"name":"Landorus","species":"Landorus","item":"lifeorb","ability":"Sheer Force","moves":["earthpower","focusblast","psychic","hiddenpowerice"],"nature":"Rash","evs":{"hp":0,"atk":4,"def":0,"spa":252,"spd":0,"spe":252},"ivs":{"atk":30,"def":30,"hp":31,"spe":31,"spa":31,"spd":31}}],"p2team":[{"name":"Mew","species":"Mew","item":"rockyhelmet","ability":"Synchronize","moves":["defog","knockoff","roost","willowisp"],"nature":"Careful","evs":{"hp":248,"atk":8,"def":0,"spa":0,"spd":252,"spe":0},"ivs":{"hp":31,"atk":31,"def":31,"spa":31,"spd":31,"spe":31}},{"name":"Medicham","species":"Medicham","item":"medichamite","ability":"Pure Power","moves":["fakeout","drainpunch","bulletpunch","firepunch"],"nature":"Adamant","evs":{"hp":248,"atk":252,"def":0,"spa":0,"spd":8,"spe":0},"ivs":{"hp":31,"atk":31,"def":31,"spa":31,"spd":31,"spe":31}},{"name":"Victini","species":"Victini","item":"choicescarf","ability":"Victory Star","moves":["boltstrike","vcreate","uturn","zenheadbutt"],"nature":"Jolly","evs":{"hp":0,"atk":252,"def":0,"spa":0,"spd":4,"spe":252},"ivs":{"hp":31,"atk":31,"def":31,"spa":31,"spd":31,"spe":31}},{"name":"Slowbro","species":"Slowbro","item":"leftovers","ability":"Regenerator","moves":["flamethrower","scald","thunderwave","slackoff"],"nature":"Bold","evs":{"hp":252,"atk":0,"def":252,"spa":4,"spd":0,"spe":0},"ivs":{"hp":31,"atk":31,"def":31,"spa":31,"spd":31,"spe":31}},{"name":"Latios","species":"Latios","item":"choicescarf","ability":"Levitate","moves":["psychic","dracometeor","surf","shadowball"],"nature":"Timid","evs":{"hp":0,"atk":0,"def":0,"spa":252,"spd":4,"spe":252},"ivs":{"hp":31,"atk":31,"def":31,"spa":31,"spd":31,"spe":31}},{"name":"Meloetta","species":"Meloetta","item":"assaultvest","ability":"Serene Grace","moves":["psychic","focusblast","energyball","hypervoice"],"nature":"Modest","evs":{"hp":248,"atk":0,"def":0,"spa":252,"spd":8,"spe":0},"ivs":{"hp":31,"atk":31,"def":31,"spa":31,"spd":31,"spe":31}}],"log":["|player|p1|M☆ster dinite|137","|player|p2|Void Who|voidwho.gif","|gametype|singles","|gen|6","|tier|Monotype","|rated","|rule|Baton Pass Clause: Limit one Baton Passer, can't pass Spe and other stats simultaneously","|rule|Swagger Clause: Swagger is banned","|rule|Same Type Clause: Pokémon in a team must share a type","|clearpoke","|poke|p1|Charizard, F","|poke|p1|Skarmory, M","|poke|p1|Togekiss, F","|poke|p1|Dragonite, M","|poke|p1|Thundurus-Therian, M","|poke|p1|Landorus, M","|poke|p2|Mew","|poke|p2|Medicham, F","|poke|p2|Victini","|poke|p2|Slowbro, M","|poke|p2|Latios, M","|poke|p2|Meloetta","|rule|Sleep Clause Mod: Limit one foe put to sleep","|rule|Species Clause: Limit one of each Pokémon","|rule|OHKO Clause: OHKO moves are banned","|rule|Moody Clause: Moody is banned","|rule|Evasion Moves Clause: Evasion moves are banned","|rule|Endless Battle Clause: Forcing endless battles is banned","|rule|HP Percentage Mod: HP is shown in percentages","|teampreview","|","|start","|switch|p1a: Dragonite|Dragonite, M|323/323","|switch|p2a: Mew|Mew|403/403","|turn|1","|","|move|p1a: Dragonite|Outrage|p2a: Mew","|-damage|p2a: Mew|19/403","|-damage|p1a: Dragonite|270/323|[from] item: Rocky Helmet|[of] p2a: Mew","|move|p2a: Mew|Will-O-Wisp|p1a: Dragonite","|-status|p1a: Dragonite|brn","|","|-damage|p1a: Dragonite|230/323 brn|[from] brn","|turn|2","|","|switch|p2a: Slowbro|Slowbro, M|394/394","|move|p1a: Dragonite|Outrage|p2a: Slowbro|[from]lockedmove","|-damage|p2a: Slowbro|274/394","|","|-heal|p2a: Slowbro|298/394|[from] item: Leftovers","|-damage|p1a: Dragonite|190/323 brn|[from] brn","|turn|3","|","|move|p1a: Dragonite|Outrage|p2a: Slowbro|[from]lockedmove","|-damage|p2a: Slowbro|172/394","|-start|p1a: Dragonite|confusion|[fatigue]","|move|p2a: Slowbro|Slack Off|p2a: Slowbro","|-heal|p2a: Slowbro|369/394","|","|-heal|p2a: Slowbro|393/394|[from] item: Leftovers","|-damage|p1a: Dragonite|150/323 brn|[from] brn","|turn|4","|","|switch|p1a: Thundurus-Therian|Thundurus-Therian, M|300/300","|switch|p2a: Mew|Mew|19/403","|","|turn|5","|","|switch|p2a: Meloetta|Meloetta|403/403","|move|p1a: Thundurus-Therian|Thunderbolt|p2a: Meloetta","|-crit|p2a: Meloetta","|-damage|p2a: Meloetta|261/403","|","|turn|6","|","|move|p1a: Thundurus-Therian|Thunderbolt|p2a: Meloetta","|-damage|p2a: Meloetta|162/403","|move|p2a: Meloetta|Hyper Voice|p1a: Thundurus-Therian","|-damage|p1a: Thundurus-Therian|87/300","|","|turn|7","|","|switch|p1a: Dragonite|Dragonite, M|150/323 brn","|move|p2a: Meloetta|Hyper Voice|p1a: Dragonite","|-damage|p1a: Dragonite|0 fnt","|faint|p1a: Dragonite","|","|","|switch|p1a: Landorus|Landorus, M|319/319","|turn|8","|","|switch|p2a: Mew|Mew|19/403","|move|p1a: Landorus|Focus Blast|p2a: Mew","|-resisted|p2a: Mew","|-damage|p2a: Mew|0 fnt","|faint|p2a: Mew","|","|","|switch|p2a: Latios|Latios, M|301/301","|turn|9","|","|move|p2a: Latios|Surf|p1a: Landorus","|-supereffective|p1a: Landorus","|-damage|p1a: Landorus|23/319","|move|p1a: Landorus|Hidden Power|p2a: Latios","|-supereffective|p2a: Latios","|-damage|p2a: Latios|132/301","|-damage|p1a: Landorus|0 fnt|[from] item: Life Orb","|faint|p1a: Landorus","|","|","|switch|p1a: Thundurus-Therian|Thundurus-Therian, M|87/300","|turn|10","|","|move|p2a: Latios|Surf|p1a: Thundurus-Therian","|-damage|p1a: Thundurus-Therian|0 fnt","|faint|p1a: Thundurus-Therian","|","|","|switch|p1a: Charizard|Charizard, F|297/297","|turn|11","|","|detailschange|p1a: Charizard|Charizard-Mega-X, F","|-mega|p1a: Charizard|Charizard|Charizardite X","|move|p2a: Latios|Surf|p1a: Charizard","|-damage|p1a: Charizard|166/297","|move|p1a: Charizard|Dragon Dance|p1a: Charizard","|-boost|p1a: Charizard|atk|1","|-boost|p1a: Charizard|spe|1","|","|turn|12","|","|move|p2a: Latios|Surf|p1a: Charizard","|-damage|p1a: Charizard|51/297","|move|p1a: Charizard|Dragon Dance|p1a: Charizard","|-boost|p1a: Charizard|atk|1","|-boost|p1a: Charizard|spe|1","|","|turn|13","|","|move|p1a: Charizard|Dragon Claw|p2a: Latios","|-supereffective|p2a: Latios","|-damage|p2a: Latios|0 fnt","|faint|p2a: Latios","|","|","|switch|p2a: Medicham|Medicham, F|323/323","|turn|14","|","|switch|p1a: Skarmory|Skarmory, M|334/334","|detailschange|p2a: Medicham|Medicham-Mega, F","|-mega|p2a: Medicham|Medicham|Medichamite","|move|p2a: Medicham|Fake Out|p1a: Skarmory","|-resisted|p1a: Skarmory","|-damage|p1a: Skarmory|308/334","|-damage|p2a: Medicham|270/323|[from] item: Rocky Helmet|[of] p1a: Skarmory","|","|turn|15","|","|switch|p2a: Slowbro|Slowbro, M|394/394","|move|p1a: Skarmory|Brave Bird|p2a: Slowbro","|-damage|p2a: Slowbro|321/394","|-damage|p1a: Skarmory|284/334|[from] recoil|[of] p2a: Slowbro","|","|-heal|p2a: Slowbro|345/394|[from] item: Leftovers","|turn|16","|","|move|p1a: Skarmory|Brave Bird|p2a: Slowbro","|-damage|p2a: Slowbro|267/394","|-damage|p1a: Skarmory|258/334|[from] recoil|[of] p2a: Slowbro","|move|p2a: Slowbro|Thunder Wave|p1a: Skarmory","|-status|p1a: Skarmory|par","|","|-heal|p2a: Slowbro|291/394|[from] item: Leftovers","|turn|17","|","|switch|p1a: Togekiss|Togekiss, F|373/373","|move|p2a: Slowbro|Flamethrower|p1a: Togekiss","|-damage|p1a: Togekiss|312/373","|","|-heal|p1a: Togekiss|335/373|[from] item: Leftovers","|-heal|p2a: Slowbro|315/394|[from] item: Leftovers","|turn|18","|","|move|p1a: Togekiss|Thunder Wave|p2a: Slowbro","|-status|p2a: Slowbro|par","|move|p2a: Slowbro|Thunder Wave|p1a: Togekiss","|-status|p1a: Togekiss|par","|","|-heal|p1a: Togekiss|358/373 par|[from] item: Leftovers","|-heal|p2a: Slowbro|339/394 par|[from] item: Leftovers","|turn|19","|","|move|p1a: Togekiss|Nasty Plot|p1a: Togekiss","|-boost|p1a: Togekiss|spa|2","|cant|p2a: Slowbro|par","|","|-heal|p1a: Togekiss|373/373 par|[from] item: Leftovers","|-heal|p2a: Slowbro|363/394 par|[from] item: Leftovers","|turn|20","|","|switch|p2a: Meloetta|Meloetta|162/403","|cant|p1a: Togekiss|par","|","|turn|21","|","|move|p2a: Meloetta|Hyper Voice|p1a: Togekiss","|-damage|p1a: Togekiss|217/373 par","|cant|p1a: Togekiss|par","|","|-heal|p1a: Togekiss|240/373 par|[from] item: Leftovers","|turn|22","|","|move|p2a: Meloetta|Hyper Voice|p1a: Togekiss","|-damage|p1a: Togekiss|95/373 par","|move|p1a: Togekiss|Air Slash|p2a: Meloetta","|-damage|p2a: Meloetta|56/403","|","|-heal|p1a: Togekiss|118/373 par|[from] item: Leftovers","|turn|23","|","|move|p2a: Meloetta|Hyper Voice|p1a: Togekiss","|-damage|p1a: Togekiss|0 fnt","|faint|p1a: Togekiss","|","|","|switch|p1a: Charizard|Charizard-Mega-X, F|51/297","|turn|24","|","|switch|p2a: Slowbro|Slowbro, M|394/394 par","|move|p1a: Charizard|Roost|p1a: Charizard","|-heal|p1a: Charizard|200/297","|","|turn|25","|","|move|p1a: Charizard|Dragon Dance|p1a: Charizard","|-boost|p1a: Charizard|atk|1","|-boost|p1a: Charizard|spe|1","|move|p2a: Slowbro|Thunder Wave|p1a: Charizard","|-status|p1a: Charizard|par","|","|turn|26","|","|move|p1a: Charizard|Dragon Dance|p1a: Charizard","|-boost|p1a: Charizard|atk|1","|-boost|p1a: Charizard|spe|1","|move|p2a: Slowbro|Scald|p1a: Charizard","|-damage|p1a: Charizard|82/297 par","|","|turn|27","|","|move|p1a: Charizard|Roost|p1a: Charizard","|-heal|p1a: Charizard|231/297 par","|move|p2a: Slowbro|Scald|p1a: Charizard","|-damage|p1a: Charizard|125/297 par","|","|turn|28","|","|move|p1a: Charizard|Roost|p1a: Charizard","|-heal|p1a: Charizard|274/297 par","|move|p2a: Slowbro|Scald|p1a: Charizard","|-damage|p1a: Charizard|165/297 par","|","|turn|29","|","|move|p1a: Charizard|Dragon Claw|p2a: Slowbro","|-damage|p2a: Slowbro|132/394 par","|move|p2a: Slowbro|Scald|p1a: Charizard","|-damage|p1a: Charizard|48/297 par","|","|-heal|p2a: Slowbro|156/394 par|[from] item: Leftovers","|turn|30","|","|switch|p2a: Meloetta|Meloetta|56/403","|move|p1a: Charizard|Roost|p1a: Charizard","|-heal|p1a: Charizard|197/297 par","|","|turn|31","|","|move|p2a: Meloetta|Hyper Voice|p1a: Charizard","|-damage|p1a: Charizard|0 fnt","|faint|p1a: Charizard","|","|","|switch|p1a: Skarmory|Skarmory, M|258/334 par","|turn|32","|","|move|p2a: Meloetta|Hyper Voice|p1a: Skarmory","|-resisted|p1a: Skarmory","|-damage|p1a: Skarmory|148/334 par","|move|p1a: Skarmory|Brave Bird|p2a: Meloetta","|-crit|p2a: Meloetta","|-damage|p2a: Meloetta|0 fnt","|-damage|p1a: Skarmory|130/334 par|[from] recoil|[of] p2a: Meloetta","|faint|p2a: Meloetta","|","|","|switch|p2a: Victini|Victini|341/341","|turn|33","|","|move|p2a: Victini|V-create|p1a: Skarmory","|-supereffective|p1a: Skarmory","|-damage|p1a: Skarmory|0 fnt","|-damage|p2a: Victini|285/341|[from] item: Rocky Helmet|[of] p1a: Skarmory","|-unboost|p2a: Victini|spe|1","|-unboost|p2a: Victini|def|1","|-unboost|p2a: Victini|spd|1","|faint|p1a: Skarmory","|","|win|Void Who"],"p1rating":{"entryid":"7670562","serverid":"eos","formatid":"monotype","userid":"msterdinite","username":"M☆ster dinite","w":"1","l":5,"t":"0","gxe":35.1,"r":"1500","rd":"130","sigma":"0","rptime":"1439715600","rpr":1379.474788673,"rprd":100.52700847304,"rpsigma":"0","acre":1000,"lacre":1000,"oldacre":"1000"},"p2rating":{"entryid":"6866008","serverid":"eos","formatid":"monotype","userid":"voidwho","username":"Void Who","w":43,"l":"28","t":"0","gxe":57.8,"r":"1568.4913588554","rd":"49.973479643572","sigma":"0","rptime":"1439715600","rpr":1559.4740657145,"rprd":47.48385822911,"rpsigma":"0","acre":1117.3814119252,"lacre":1117.3814119252,"oldacre":"1099.2544733727"},"endType":"normal"}