{"seed":[31476,17810,64666,32703],"turns":23,"p1":"Desolate Nightmare","p2":"Knight Dooms","p1team":[{"name":"Zeus","species":"thundurus","item":"lifeorb","ability":"Prankster","moves":["grassknot","thunderwave","knockoff","thunderbolt"],"nature":"Hasty","evs":{"hp":104,"atk":0,"def":0,"spa":152,"spd":0,"spe":252},"ivs":{"hp":31,"atk":30,"def":31,"spa":30,"spd":31,"spe":31},"shiny":true},{"name":"Washing Machine","species":"rotomwash","item":"leftovers","ability":"Levitate","moves":["painsplit","willowisp","hiddenpowergrass","hydropump"],"nature":"Bold","evs":{"hp":252,"atk":0,"def":252,"spa":4,"spd":0,"spe":0},"ivs":{"hp":31,"atk":30,"def":31,"spa":30,"spd":31,"spe":31}},{"name":"Trans-Ampharos","species":"ampharos","item":"ampharosite","ability":"Static","moves":["voltswitch","dragonpulse","rest","sleeptalk"],"nature":"Calm","evs":{"hp":248,"atk":0,"def":120,"spa":0,"spd":140,"spe":0},"ivs":{"hp":31,"atk":31,"def":31,"spa":31,"spd":31,"spe":31}},{"name":"Shoes in Spanish","species":"zapdos","item":"leftovers","ability":"Pressure","moves":["thunderbolt","heatwave","roost","toxic"],"nature":"Calm","evs":{"hp":252,"atk":0,"def":0,"spa":4,"spd":252,"spe":0},"shiny":true,"ivs":{"hp":31,"atk":31,"def":31,"spa":31,"spd":31,"spe":31}},{"name":"Static Popeye","species":"electivire","item":"expertbelt","ability":"Motor Drive","moves":["thunderbolt","crosschop","flamethrower","earthquake"],"nature":"Hasty","evs":{"hp":0,"atk":20,"def":0,"spa":232,"spd":4,"spe":252},"shiny":true,"ivs":{"hp":31,"atk":31,"def":31,"spa":31,"spd":31,"spe":31}},{"name":"Sputnik","species":"magnezone","item":"choicescarf","ability":"Magnet Pull","moves":["thunderbolt","voltswitch","flashcannon","hiddenpowerice"],"nature":"Timid","evs":{"hp":4,"atk":0,"def":0,"spa":252,"spd":0,"spe":252},"ivs":{"hp":31,"atk":30,"def":30,"spa":31,"spd":31,"spe":31}}],"p2team":[{"name":"Darmanitan","species":"Darmanitan","item":"choicescarf","ability":"Sheer Force","moves":["flareblitz","superpower","rockslide","uturn"],"nature":"Jolly","evs":{"hp":0,"atk":252,"def":0,"spa":0,"spd":4,"spe":252},"gender":"M","shiny":true,"ivs":{"hp":31,"atk":31,"def":31,"spa":31,"spd":31,"spe":31}},{"name":"Victini","species":"Victini","item":"choicescarf","ability":"Victory Star","moves":["vcreate","zenheadbutt","boltstrike","uturn"],"nature":"Naive","evs":{"hp":4,"atk":252,"def":0,"spa":0,"spd":0,"spe":252},"ivs":{"hp":31,"atk":31,"def":31,"spa":31,"spd":31,"spe":31}},{"name":"Volcarona","species":"Volcarona","item":"focussash","ability":"Flame Body","moves":["fierydance","bugbuzz","gigadrain","quiverdance"],"nature":"Bold","evs":{"hp":250,"atk":0,"def":216,"spa":0,"spd":0,"spe":44},"gender":"M","ivs":{"hp":31,"atk":0,"def":31,"spa":31,"spd":31,"spe":31},"shiny":true},{"name":"Infernape","species":"Infernape","item":"focussash","ability":"Iron Fist","moves":["flamethrower","closecombat","machpunch","thunderpunch"],"nature":"Hasty","evs":{"hp":0,"atk":252,"def":0,"spa":4,"spd":0,"spe":252},"gender":"M","shiny":true,"ivs":{"hp":31,"atk":31,"def":31,"spa":31,"spd":31,"spe":31}},{"name":"Heatran","species":"Heatran","item":"airballoon","ability":"Flash Fire","moves":["lavaplume","flashcannon","earthpower","stealthrock"],"nature":"Calm","evs":{"hp":252,"atk":0,"def":0,"spa":0,"spd":216,"spe":4},"gender":"M","ivs":{"hp":31,"atk":0,"def":31,"spa":31,"spd":31,"spe":31},"shiny":true},{"name":"Charizard","species":"Charizard","item":"charizarditex","ability":"Blaze","moves":["earthquake","flareblitz","dragondance","roost"],"nature":"Jolly","evs":{"hp":12,"atk":252,"def":0,"spa":0,"spd":0,"spe":244},"gender":"M","shiny":true,"ivs":{"hp":31,"atk":31,"def":31,"spa":31,"spd":31,"spe":31}}],"log":["|player|p1|Desolate Nightmare|profnightmare.png","|player|p2|Knight Dooms|154","|gametype|singles","|gen|6","|tier|Monotype","|rated","|rule|Baton Pass Clause: Limit one Baton Passer, can't pass Spe and other stats simultaneously","|rule|Swagger Clause: Swagger is banned","|rule|Same Type Clause: Pokémon in a team must share a type","|clearpoke","|poke|p1|Thundurus, M, shiny","|poke|p1|Rotom-Wash","|poke|p1|Ampharos, F","|poke|p1|Zapdos, shiny","|poke|p1|Electivire, M, shiny","|poke|p1|Magnezone","|poke|p2|Darmanitan, M, shiny","|poke|p2|Victini","|poke|p2|Volcarona, M, shiny","|poke|p2|Infernape, M, shiny","|poke|p2|Heatran, M, shiny","|poke|p2|Charizard, M, shiny","|rule|Sleep Clause Mod: Limit one foe put to sleep","|rule|Species Clause: Limit one of each Pokémon","|rule|OHKO Clause: OHKO moves are banned","|rule|Moody Clause: Moody is banned","|rule|Evasion Moves Clause: Evasion moves are banned","|rule|Endless Battle Clause: Forcing endless battles is banned","|rule|HP Percentage Mod: HP is shown in percentages","|teampreview","|","|start","|switch|p1a: Trans-Ampharos|Ampharos, F|383/383","|switch|p2a: Volcarona|Volcarona, M, shiny|373/373","|turn|1","|","|detailschange|p1a: Trans-Ampharos|Ampharos-Mega, F","|-mega|p1a: Trans-Ampharos|Ampharos|Ampharosite","|-ability|p1a: Trans-Ampharos|Mold Breaker","|move|p2a: Volcarona|Quiver Dance|p2a: Volcarona","|-boost|p2a: Volcarona|spa|1","|-boost|p2a: Volcarona|spd|1","|-boost|p2a: Volcarona|spe|1","|move|p1a: Trans-Ampharos|Volt Switch|p2a: Volcarona","|-damage|p2a: Volcarona|292/373","|","|switch|p1a: Zeus|Thundurus, M, shiny|325/325","|","|turn|2","|","|move|p2a: Volcarona|Fiery Dance|p1a: Zeus","|-damage|p1a: Zeus|102/325","|-boost|p2a: Volcarona|spa|1","|move|p1a: Zeus|Knock Off|p2a: Volcarona","|-damage|p2a: Volcarona|188/373","|-enditem|p2a: Volcarona|Focus Sash|[from] move: Knock Off|[of] p1a: Zeus","|-damage|p1a: Zeus|70/325|[from] item: Life Orb","|","|turn|3","|","|move|p1a: Zeus|Thunder Wave|p2a: Volcarona","|-status|p2a: Volcarona|par","|cant|p2a: Volcarona|par","|","|turn|4","|","|move|p1a: Zeus|Thunderbolt|p2a: Volcarona","|-damage|p2a: Volcarona|70/373 par","|-damage|p1a: Zeus|38/325|[from] item: Life Orb","|move|p2a: Volcarona|Fiery Dance|p1a: Zeus","|-damage|p1a: Zeus|0 fnt","|faint|p1a: Zeus","|","|","|switch|p1a: Static Popeye|Electivire, M, shiny|291/291","|turn|5","|","|move|p1a: Static Popeye|Earthquake|p2a: Volcarona","|-damage|p2a: Volcarona|0 fnt","|faint|p2a: Volcarona","|","|","|switch|p2a: Charizard|Charizard, M, shiny|300/300","|turn|6","|","|detailschange|p2a: Charizard|Charizard-Mega-X, M, shiny","|-mega|p2a: Charizard|Charizard|Charizardite X","|move|p2a: Charizard|Dragon Dance|p2a: Charizard","|-boost|p2a: Charizard|atk|1","|-boost|p2a: Charizard|spe|1","|move|p1a: Static Popeye|Thunderbolt|p2a: Charizard","|-resisted|p2a: Charizard","|-damage|p2a: Charizard|233/300","|","|turn|7","|","|move|p2a: Charizard|Earthquake|p1a: Static Popeye","|-supereffective|p1a: Static Popeye","|-damage|p1a: Static Popeye|0 fnt","|faint|p1a: Static Popeye","|","|","|switch|p1a: Washing Machine|Rotom-Wash|304/304","|turn|8","|","|move|p2a: Charizard|Flare Blitz|p1a: Washing Machine","|-resisted|p1a: Washing Machine","|-damage|p1a: Washing Machine|157/304","|-damage|p2a: Charizard|184/300|[from] recoil|[of] p1a: Washing Machine","|move|p1a: Washing Machine|Hydro Pump|p2a: Charizard","|-damage|p2a: Charizard|37/300","|","|-heal|p1a: Washing Machine|176/304|[from] item: Leftovers","|turn|9","|","|move|p2a: Charizard|Flare Blitz|p1a: Washing Machine","|-resisted|p1a: Washing Machine","|-damage|p1a: Washing Machine|38/304","|-damage|p2a: Charizard|0 fnt|[from] recoil|[of] p1a: Washing Machine","|faint|p2a: Charizard","|move|p1a: Washing Machine|Hydro Pump|p2: Charizard|[notarget]","|-notarget","|","|-heal|p1a: Washing Machine|57/304|[from] item: Leftovers","|","|switch|p2a: Infernape|Infernape, M, shiny|293/293","|turn|10","|","|move|p2a: Infernape|Close Combat|p1a: Washing Machine","|-damage|p1a: Washing Machine|0 fnt","|-unboost|p2a: Infernape|def|1","|-unboost|p2a: Infernape|spd|1","|faint|p1a: Washing Machine","|","|","|switch|p1a: Sputnik|Magnezone|282/282","|turn|11","|","|move|p1a: Sputnik|Volt Switch|p2a: Infernape","|-damage|p2a: Infernape|59/293","|","|switch|p1a: Shoes in Spanish|Zapdos, shiny|384/384","|-ability|p1a: Shoes in Spanish|Pressure","|move|p2a: Infernape|Close Combat|p1a: Shoes in Spanish","|-resisted|p1a: Shoes in Spanish","|-damage|p1a: Shoes in Spanish|285/384","|-unboost|p2a: Infernape|def|1","|-unboost|p2a: Infernape|spd|1","|","|-heal|p1a: Shoes in Spanish|309/384|[from] item: Leftovers","|turn|12","|","|move|p2a: Infernape|Flamethrower|p1a: Shoes in Spanish","|-damage|p1a: Shoes in Spanish|224/384","|move|p1a: Shoes in Spanish|Thunderbolt|p2a: Infernape","|-damage|p2a: Infernape|0 fnt","|faint|p2a: Infernape","|","|-heal|p1a: Shoes in Spanish|248/384|[from] item: Leftovers","|","|switch|p2a: Darmanitan|Darmanitan, M, shiny|351/351","|turn|13","|","|switch|p1a: Trans-Ampharos|Ampharos-Mega, F|383/383","|-ability|p1a: Trans-Ampharos|Mold Breaker","|move|p2a: Darmanitan|Flare Blitz|p1a: Trans-Ampharos","|-crit|p1a: Trans-Ampharos","|-resisted|p1a: Trans-Ampharos","|-damage|p1a: Trans-Ampharos|207/383","|-damage|p2a: Darmanitan|293/351|[from] recoil|[of] p1a: Trans-Ampharos","|","|turn|14","|","|switch|p2a: Heatran|Heatran, M, shiny|386/386","|-item|p2a: Heatran|Air Balloon","|move|p1a: Trans-Ampharos|Rest|p1a: Trans-Ampharos","|-status|p1a: Trans-Ampharos|slp","|-heal|p1a: Trans-Ampharos|383/383 slp|[silent]","|-status|p1a: Trans-Ampharos|slp|[from] move: Rest","|","|turn|15","|","|move|p2a: Heatran|Earth Power|p1a: Trans-Ampharos","|-supereffective|p1a: Trans-Ampharos","|-damage|p1a: Trans-Ampharos|255/383 slp","|cant|p1a: Trans-Ampharos|slp","|move|p1a: Trans-Ampharos|Sleep Talk|p1a: Trans-Ampharos","|move|p1a: Trans-Ampharos|Dragon Pulse|p2a: Heatran|[from]Sleep Talk","|-resisted|p2a: Heatran","|-damage|p2a: Heatran|332/386","|-enditem|p2a: Heatran|Air Balloon","|","|turn|16","|","|move|p2a: Heatran|Stealth Rock|p1a: Trans-Ampharos","|-sidestart|p1: Desolate Nightmare|move: Stealth Rock","|cant|p1a: Trans-Ampharos|slp","|move|p1a: Trans-Ampharos|Sleep Talk|p1a: Trans-Ampharos","|move|p1a: Trans-Ampharos|Rest|p1a: Trans-Ampharos|[from]Sleep Talk","|-fail|p1a: Trans-Ampharos","|","|turn|17","|","|move|p2a: Heatran|Earth Power|p1a: Trans-Ampharos","|-supereffective|p1a: Trans-Ampharos","|-damage|p1a: Trans-Ampharos|121/383 slp","|-curestatus|p1a: Trans-Ampharos|slp","|move|p1a: Trans-Ampharos|Volt Switch|p2a: Heatran","|-damage|p2a: Heatran|233/386","|","|switch|p1a: Sputnik|Magnezone|282/282","|-damage|p1a: Sputnik|265/282|[from] Stealth Rock","|","|turn|18","|","|move|p1a: Sputnik|Thunderbolt|p2a: Heatran","|-crit|p2a: Heatran","|-damage|p2a: Heatran|76/386","|move|p2a: Heatran|Lava Plume|p1a: Sputnik","|-crit|p1a: Sputnik","|-supereffective|p1a: Sputnik","|-damage|p1a: Sputnik|0 fnt","|faint|p1a: Sputnik","|","|","|switch|p1a: Shoes in Spanish|Zapdos, shiny|248/384","|-damage|p1a: Shoes in Spanish|152/384|[from] Stealth Rock","|-ability|p1a: Shoes in Spanish|Pressure","|turn|19","|","|move|p1a: Shoes in Spanish|Roost|p1a: Shoes in Spanish","|-heal|p1a: Shoes in Spanish|344/384","|move|p2a: Heatran|Lava Plume|p1a: Shoes in Spanish","|-damage|p1a: Shoes in Spanish|260/384","|","|-heal|p1a: Shoes in Spanish|284/384|[from] item: Leftovers","|turn|20","|","|move|p1a: Shoes in Spanish|Thunderbolt|p2a: Heatran","|-damage|p2a: Heatran|0 fnt","|faint|p2a: Heatran","|","|-heal|p1a: Shoes in Spanish|308/384|[from] item: Leftovers","|","|switch|p2a: Victini|Victini|342/342","|turn|21","|","|move|p2a: Victini|V-create|p1a: Shoes in Spanish","|-damage|p1a: Shoes in Spanish|11/384","|-unboost|p2a: Victini|spe|1","|-unboost|p2a: Victini|def|1","|-unboost|p2a: Victini|spd|1","|move|p1a: Shoes in Spanish|Toxic|p2a: Victini","|-status|p2a: Victini|tox","|","|-heal|p1a: Shoes in Spanish|35/384|[from] item: Leftovers","|-damage|p2a: Victini|321/342 tox|[from] psn","|turn|22","|","|move|p2a: Victini|V-create|p1a: Shoes in Spanish","|-damage|p1a: Shoes in Spanish|0 fnt","|-unboost|p2a: Victini|spe|1","|-unboost|p2a: Victini|def|1","|-unboost|p2a: Victini|spd|1","|faint|p1a: Shoes in Spanish","|","|-damage|p2a: Victini|279/342 tox|[from] psn","|","|switch|p1a: Trans-Ampharos|Ampharos-Mega, F|121/383","|-damage|p1a: Trans-Ampharos|74/383|[from] Stealth Rock","|-ability|p1a: Trans-Ampharos|Mold Breaker","|turn|23","|","|move|p2a: Victini|V-create|p1a: Trans-Ampharos","|-resisted|p1a: Trans-Ampharos","|-damage|p1a: Trans-Ampharos|0 fnt","|-unboost|p2a: Victini|spe|1","|-unboost|p2a: Victini|def|1","|-unboost|p2a: Victini|spd|1","|faint|p1a: Trans-Ampharos","|","|win|Knight Dooms"],"p1rating":{"entryid":"6455140","serverid":"eos","formatid":"monotype","userid":"desolatenightmare","username":"Desolate Nightmare","w":"22","l":27,"t":"0","gxe":43.5,"r":"1451.4813657255","rd":"55.859699221944","sigma":"0","rptime":"1439629200","rpr":1450.5555650917,"rprd":54.605615493285,"rpsigma":"0","acre":1160.2938227347,"lacre":1160.2938227347,"oldacre":"1174.0768848711"},"p2rating":{"entryid":"7580420","serverid":"eos","formatid":"monotype","userid":"knightdooms","username":"Knight Dooms","w":18,"l":"3","t":"0","gxe":72.9,"r":"1497.2967865232","rd":"98.587113429244","sigma":"0","rptime":"1439629200","rpr":1690.0914001457,"rprd":68.038196914374,"rpsigma":"0","acre":1352.9297401679,"lacre":1352.9297401679,"oldacre":"1341.9032904588"},"endType":"normal"}