{"seed":[39397,4420,37293,12893],"turns":33,"p1":"Twizz","p2":"GTX♅Cool","p1team":[{"name":"Magnezone","species":"Magnezone","item":"leftovers","ability":"Sturdy","moves":["flashcannon","thunderbolt","protect","hiddenpowerice"],"nature":"Modest","evs":{"hp":76,"atk":0,"def":180,"spa":252,"spd":0,"spe":0},"ivs":{"hp":31,"atk":30,"def":30,"spa":31,"spd":31,"spe":31}},{"name":"Zapdos","species":"Zapdos","item":"leftovers","ability":"Pressure","moves":["discharge","heatwave","toxic","roost"],"nature":"Bold","evs":{"hp":4,"atk":0,"def":252,"spa":56,"spd":196,"spe":0},"ivs":{"hp":31,"atk":31,"def":31,"spa":31,"spd":31,"spe":31}},{"name":"Ampharos","species":"Ampharos","item":"ampharosite","ability":"Static","moves":["cottonguard","rest","sleeptalk","dragonpulse"],"nature":"Bold","evs":{"hp":0,"atk":0,"def":252,"spa":136,"spd":120,"spe":0},"ivs":{"hp":31,"atk":31,"def":31,"spa":31,"spd":31,"spe":31}},{"name":"Raikou","species":"Raikou","item":"leftovers","ability":"Pressure","moves":["calmmind","substitute","thunderbolt","extrasensory"],"nature":"Timid","evs":{"hp":0,"atk":0,"def":0,"spa":252,"spd":4,"spe":252},"ivs":{"hp":31,"atk":31,"def":31,"spa":31,"spd":31,"spe":31}},{"name":"Rotom-Wash","species":"Rotom-Wash","item":"choicescarf","ability":"Levitate","moves":["voltswitch","hydropump","willowisp","trick"],"nature":"Timid","evs":{"hp":0,"atk":0,"def":0,"spa":252,"spd":4,"spe":252},"ivs":{"hp":31,"atk":31,"def":31,"spa":31,"spd":31,"spe":31}},{"name":"Condom","species":"eelektross","item":"assaultvest","ability":"Levitate","moves":["gigadrain","thunderbolt","drainpunch","knockoff"],"nature":"Quiet","evs":{"hp":3,"atk":136,"def":0,"spa":108,"spd":252,"spe":0},"ivs":{"hp":31,"atk":31,"def":31,"spa":31,"spd":31,"spe":31}}],"p2team":[{"name":"Electivire","species":"Electivire","item":"lifeorb","ability":"Motor Drive","moves":["wildcharge","earthquake","icepunch","meditate"],"nature":"Jolly","evs":{"hp":0,"atk":4,"def":0,"spa":0,"spd":4,"spe":252},"ivs":{"hp":31,"atk":31,"def":31,"spa":31,"spd":31,"spe":31}},{"name":"Ampharos","species":"Ampharos","item":"ampharosite","ability":"Static","moves":["agility","dragonpulse","thunderbolt","focusblast"],"nature":"Modest","evs":{"hp":4,"atk":0,"def":0,"spa":252,"spd":0,"spe":252},"ivs":{"hp":31,"atk":31,"def":31,"spa":31,"spd":31,"spe":31}},{"name":"Eelektross","species":"Eelektross","item":"assaultvest","ability":"Levitate","moves":["voltswitch","flamethrower","gigadrain","thunderbolt"],"nature":"Modest","evs":{"hp":252,"atk":4,"def":0,"spa":252,"spd":0,"spe":0},"ivs":{"hp":31,"atk":31,"def":31,"spa":31,"spd":31,"spe":31}},{"name":"Thundurus","species":"Thundurus","item":"","ability":"Prankster","moves":["thunderwave","thunderbolt","hiddenpowerice","focusblast"],"nature":"","evs":{"hp":0,"atk":0,"def":4,"spa":252,"spd":0,"spe":252},"ivs":{"hp":31,"atk":30,"def":30,"spa":31,"spd":31,"spe":31}},{"name":"Magnezone","species":"Magnezone","item":"airballoon","ability":"Magnet Pull","moves":["magnetrise","hiddenpowergrass","flashcannon","thunderbolt"],"nature":"Modest","evs":{"hp":128,"atk":0,"def":0,"spa":252,"spd":0,"spe":128},"ivs":{"hp":31,"atk":30,"def":31,"spa":30,"spd":31,"spe":31}},{"name":"Rotom-Wash","species":"Rotom-Wash","item":"leftovers","ability":"Levitate","moves":["voltswitch","hydropump","willowisp","painsplit"],"nature":"","evs":{"hp":248,"atk":0,"def":252,"spa":0,"spd":0,"spe":8},"ivs":{"hp":31,"atk":31,"def":31,"spa":31,"spd":31,"spe":31}}],"log":["|player|p1|Twizz|264","|player|p2|GTX♅Cool|163","|gametype|singles","|gen|6","|tier|Monotype","|rated","|rule|Baton Pass Clause: Limit one Baton Passer, can't pass Spe and other stats simultaneously","|rule|Swagger Clause: Swagger is banned","|rule|Same Type Clause: Pokémon in a team must share a type","|clearpoke","|poke|p1|Magnezone","|poke|p1|Zapdos","|poke|p1|Ampharos, M","|poke|p1|Raikou","|poke|p1|Rotom-Wash","|poke|p1|Eelektross, M","|poke|p2|Electivire, M","|poke|p2|Ampharos, F","|poke|p2|Eelektross, F","|poke|p2|Thundurus, M","|poke|p2|Magnezone","|poke|p2|Rotom-Wash","|rule|Sleep Clause Mod: Limit one foe put to sleep","|rule|Species Clause: Limit one of each Pokémon","|rule|OHKO Clause: OHKO moves are banned","|rule|Moody Clause: Moody is banned","|rule|Evasion Moves Clause: Evasion moves are banned","|rule|Endless Battle Clause: Forcing endless battles is banned","|rule|HP Percentage Mod: HP is shown in percentages","|teampreview","|","|start","|switch|p1a: Rotom-Wash|Rotom-Wash|241/241","|switch|p2a: Rotom-Wash|Rotom-Wash|303/303","|turn|1","|","|move|p1a: Rotom-Wash|Volt Switch|p2a: Rotom-Wash","|-damage|p2a: Rotom-Wash|197/303","|","|switch|p1a: Condom|Eelektross, M|311/311","|move|p2a: Rotom-Wash|Will-O-Wisp|p1a: Condom","|-status|p1a: Condom|brn","|","|-heal|p2a: Rotom-Wash|215/303|[from] item: Leftovers","|-damage|p1a: Condom|273/311 brn|[from] brn","|turn|2","|","|move|p2a: Rotom-Wash|Pain Split|p1a: Condom","|-sethp|p1a: Condom|244/311 brn|p2a: Rotom-Wash|244/303|[from] move: Pain Split","|move|p1a: Condom|Knock Off|p2a: Rotom-Wash","|-damage|p2a: Rotom-Wash|206/303","|-enditem|p2a: Rotom-Wash|Leftovers|[from] move: Knock Off|[of] p1a: Condom","|","|-damage|p1a: Condom|206/311 brn|[from] brn","|turn|3","|","|move|p2a: Rotom-Wash|Hydro Pump|p1a: Condom","|-damage|p1a: Condom|130/311 brn","|move|p1a: Condom|Giga Drain|p2a: Rotom-Wash","|-supereffective|p2a: Rotom-Wash","|-damage|p2a: Rotom-Wash|56/303","|-heal|p1a: Condom|205/311 brn|[from] drain|[of] p2a: Rotom-Wash","|","|-damage|p1a: Condom|167/311 brn|[from] brn","|turn|4","|","|move|p2a: Rotom-Wash|Pain Split|p1a: Condom","|-sethp|p1a: Condom|111/311 brn|p2a: Rotom-Wash|111/303|[from] move: Pain Split","|move|p1a: Condom|Giga Drain|p2a: Rotom-Wash","|-supereffective|p2a: Rotom-Wash","|-damage|p2a: Rotom-Wash|0 fnt","|-heal|p1a: Condom|167/311 brn|[from] drain|[of] p2a: Rotom-Wash","|faint|p2a: Rotom-Wash","|","|-damage|p1a: Condom|129/311 brn|[from] brn","|","|switch|p2a: Eelektross|Eelektross, F|374/374","|turn|5","|","|move|p2a: Eelektross|Thunderbolt|p1a: Condom","|-resisted|p1a: Condom","|-damage|p1a: Condom|80/311 brn","|move|p1a: Condom|Knock Off|p2a: Eelektross","|-damage|p2a: Eelektross|315/374","|-enditem|p2a: Eelektross|Assault Vest|[from] move: Knock Off|[of] p1a: Condom","|","|-damage|p1a: Condom|42/311 brn|[from] brn","|turn|6","|","|move|p2a: Eelektross|Thunderbolt|p1a: Condom","|-resisted|p1a: Condom","|-damage|p1a: Condom|0 fnt","|faint|p1a: Condom","|","|","|switch|p1a: Raikou|Raikou|321/321","|-ability|p1a: Raikou|Pressure","|turn|7","|","|move|p1a: Raikou|Substitute|p1a: Raikou","|-start|p1a: Raikou|Substitute","|-damage|p1a: Raikou|241/321","|move|p2a: Eelektross|Flamethrower|p1a: Raikou","|-end|p1a: Raikou|Substitute","|","|-heal|p1a: Raikou|261/321|[from] item: Leftovers","|turn|8","|","|move|p1a: Raikou|Calm Mind|p1a: Raikou","|-boost|p1a: Raikou|spa|1","|-boost|p1a: Raikou|spd|1","|move|p2a: Eelektross|Flamethrower|p1a: Raikou","|-crit|p1a: Raikou","|-damage|p1a: Raikou|121/321","|","|-heal|p1a: Raikou|141/321|[from] item: Leftovers","|turn|9","|","|move|p1a: Raikou|Calm Mind|p1a: Raikou","|-boost|p1a: Raikou|spa|1","|-boost|p1a: Raikou|spd|1","|move|p2a: Eelektross|Flamethrower|p1a: Raikou","|-damage|p1a: Raikou|89/321","|","|-heal|p1a: Raikou|109/321|[from] item: Leftovers","|turn|10","|","|move|p1a: Raikou|Substitute|p1a: Raikou","|-start|p1a: Raikou|Substitute","|-damage|p1a: Raikou|29/321","|move|p2a: Eelektross|Flamethrower|p1a: Raikou","|-activate|p1a: Raikou|Substitute|[damage]","|","|-heal|p1a: Raikou|49/321|[from] item: Leftovers","|turn|11","|","|move|p1a: Raikou|Calm Mind|p1a: Raikou","|-boost|p1a: Raikou|spa|1","|-boost|p1a: Raikou|spd|1","|move|p2a: Eelektross|Flamethrower|p1a: Raikou","|-end|p1a: Raikou|Substitute","|","|-heal|p1a: Raikou|69/321|[from] item: Leftovers","|turn|12","|","|move|p1a: Raikou|Thunderbolt|p2a: Eelektross","|-resisted|p2a: Eelektross","|-damage|p2a: Eelektross|96/374","|move|p2a: Eelektross|Flamethrower|p1a: Raikou","|-damage|p1a: Raikou|26/321","|-status|p1a: Raikou|brn","|","|-heal|p1a: Raikou|46/321 brn|[from] item: Leftovers","|-damage|p1a: Raikou|6/321 brn|[from] brn","|turn|13","|","|switch|p2a: Electivire|Electivire, M|291/291","|move|p1a: Raikou|Extrasensory|p2a: Electivire","|-damage|p2a: Electivire|29/291","|","|-heal|p1a: Raikou|26/321 brn|[from] item: Leftovers","|-damage|p1a: Raikou|0 fnt|[from] brn","|faint|p1a: Raikou","|","|switch|p1a: Rotom-Wash|Rotom-Wash|241/241","|turn|14","|","|move|p1a: Rotom-Wash|Hydro Pump|p2a: Electivire","|-damage|p2a: Electivire|0 fnt","|faint|p2a: Electivire","|","|","|switch|p2a: Magnezone|Magnezone|313/313","|-item|p2a: Magnezone|Air Balloon","|turn|15","|","|switch|p1a: Ampharos|Ampharos, M|321/321","|move|p2a: Magnezone|Hidden Power|p1a: Ampharos","|-damage|p1a: Ampharos|239/321","|","|turn|16","|","|switch|p1a: Magnezone|Magnezone|300/300","|move|p2a: Magnezone|Flash Cannon|p1a: Magnezone","|-resisted|p1a: Magnezone","|-damage|p1a: Magnezone|258/300","|","|-heal|p1a: Magnezone|276/300|[from] item: Leftovers","|turn|17","|","|move|p1a: Magnezone|Protect|p1a: Magnezone","|-singleturn|p1a: Magnezone|Protect","|move|p2a: Magnezone|Thunderbolt|p1a: Magnezone","|-activate|p1a: Magnezone|Protect","|","|-heal|p1a: Magnezone|294/300|[from] item: Leftovers","|turn|18","|","|move|p2a: Magnezone|Thunderbolt|p1a: Magnezone","|-resisted|p1a: Magnezone","|-damage|p1a: Magnezone|194/300","|move|p1a: Magnezone|Thunderbolt|p2a: Magnezone","|-resisted|p2a: Magnezone","|-damage|p2a: Magnezone|223/313","|-enditem|p2a: Magnezone|Air Balloon","|","|-heal|p1a: Magnezone|212/300|[from] item: Leftovers","|turn|19","|","|move|p1a: Magnezone|Protect|p1a: Magnezone","|-singleturn|p1a: Magnezone|Protect","|move|p2a: Magnezone|Thunderbolt|p1a: Magnezone","|-activate|p1a: Magnezone|Protect","|","|-heal|p1a: Magnezone|230/300|[from] item: Leftovers","|turn|20","|","|move|p2a: Magnezone|Thunderbolt|p1a: Magnezone","|-resisted|p1a: Magnezone","|-damage|p1a: Magnezone|134/300","|move|p1a: Magnezone|Thunderbolt|p2a: Magnezone","|-crit|p2a: Magnezone","|-resisted|p2a: Magnezone","|-damage|p2a: Magnezone|91/313","|","|-heal|p1a: Magnezone|152/300|[from] item: Leftovers","|turn|21","|","|move|p1a: Magnezone|Protect|p1a: Magnezone","|-singleturn|p1a: Magnezone|Protect","|move|p2a: Magnezone|Magnet Rise|p2a: Magnezone","|-start|p2a: Magnezone|Magnet Rise","|","|-heal|p1a: Magnezone|170/300|[from] item: Leftovers","|turn|22","|","|move|p2a: Magnezone|Thunderbolt|p1a: Magnezone","|-resisted|p1a: Magnezone","|-damage|p1a: Magnezone|81/300","|move|p1a: Magnezone|Thunderbolt|p2a: Magnezone","|-resisted|p2a: Magnezone","|-damage|p2a: Magnezone|0 fnt","|faint|p2a: Magnezone","|","|-heal|p1a: Magnezone|99/300|[from] item: Leftovers","|","|switch|p2a: Ampharos|Ampharos, F|322/322","|turn|23","|","|detailschange|p2a: Ampharos|Ampharos-Mega, F","|-mega|p2a: Ampharos|Ampharos|Ampharosite","|-ability|p2a: Ampharos|Mold Breaker","|move|p2a: Ampharos|Agility|p2a: Ampharos","|-boost|p2a: Ampharos|spe|2","|move|p1a: Magnezone|Hidden Power|p2a: Ampharos","|-supereffective|p2a: Ampharos","|-damage|p2a: Ampharos|182/322","|","|-heal|p1a: Magnezone|117/300|[from] item: Leftovers","|turn|24","|","|move|p1a: Magnezone|Protect|p1a: Magnezone","|-singleturn|p1a: Magnezone|Protect","|move|p2a: Ampharos|Focus Blast|p1a: Magnezone","|-activate|p1a: Magnezone|Protect","|","|-heal|p1a: Magnezone|135/300|[from] item: Leftovers","|turn|25","|","|move|p2a: Ampharos|Focus Blast|p1a: Magnezone","|-supereffective|p1a: Magnezone","|-damage|p1a: Magnezone|0 fnt","|faint|p1a: Magnezone","|","|","|switch|p1a: Zapdos|Zapdos|322/322","|-ability|p1a: Zapdos|Pressure","|turn|26","|","|move|p2a: Ampharos|Thunderbolt|p1a: Zapdos","|-damage|p1a: Zapdos|133/322","|move|p1a: Zapdos|Toxic|p2a: Ampharos","|-status|p2a: Ampharos|tox","|","|-heal|p1a: Zapdos|153/322|[from] item: Leftovers","|-damage|p2a: Ampharos|162/322 tox|[from] psn","|turn|27","|","|switch|p1a: Ampharos|Ampharos, M|239/321","|move|p2a: Ampharos|Thunderbolt|p1a: Ampharos","|-resisted|p1a: Ampharos","|-damage|p1a: Ampharos|146/321","|","|-damage|p2a: Ampharos|122/322 tox|[from] psn","|turn|28","|","|detailschange|p1a: Ampharos|Ampharos-Mega, M","|-mega|p1a: Ampharos|Ampharos|Ampharosite","|-ability|p1a: Ampharos|Mold Breaker","|move|p2a: Ampharos|Dragon Pulse|p1a: Ampharos","|-supereffective|p1a: Ampharos","|-damage|p1a: Ampharos|0 fnt","|faint|p1a: Ampharos","|","|-damage|p2a: Ampharos|62/322 tox|[from] psn","|","|switch|p1a: Zapdos|Zapdos|153/322","|-ability|p1a: Zapdos|Pressure","|turn|29","|","|move|p2a: Ampharos|Thunderbolt|p1a: Zapdos","|-crit|p1a: Zapdos","|-damage|p1a: Zapdos|0 fnt","|faint|p1a: Zapdos","|","|-damage|p2a: Ampharos|0 fnt|[from] psn","|faint|p2a: Ampharos","|","|switch|p2a: Thundurus|Thundurus, M|299/299","|switch|p1a: Rotom-Wash|Rotom-Wash|241/241","|turn|30","|","|move|p2a: Thundurus|Thunder Wave|p1a: Rotom-Wash","|-immune|p1a: Rotom-Wash|[msg]","|move|p1a: Rotom-Wash|Hydro Pump|p2a: Thundurus","|-damage|p2a: Thundurus|106/299","|","|turn|31","|","|move|p1a: Rotom-Wash|Hydro Pump|p2a: Thundurus|[miss]","|-miss|p1a: Rotom-Wash|p2a: Thundurus","|move|p2a: Thundurus|Thunderbolt|p1a: Rotom-Wash","|-damage|p1a: Rotom-Wash|90/241","|","|turn|32","|","|move|p1a: Rotom-Wash|Hydro Pump|p2a: Thundurus","|-damage|p2a: Thundurus|0 fnt","|faint|p2a: Thundurus","|","|","|switch|p2a: Eelektross|Eelektross, F|96/374","|turn|33","|","|move|p1a: Rotom-Wash|Hydro Pump|p2a: Eelektross|[miss]","|-miss|p1a: Rotom-Wash|p2a: Eelektross","|move|p2a: Eelektross|Thunderbolt|p1a: Rotom-Wash","|-damage|p1a: Rotom-Wash|0 fnt","|faint|p1a: Rotom-Wash","|","|win|GTX♅Cool"],"p1rating":{"entryid":"6985408","serverid":"eos","formatid":"monotype","userid":"twizz","username":"Twizz","w":"30","l":46,"t":"0","gxe":39.7,"r":"1437.8088602616","rd":"45.410240390821","sigma":"0","rptime":"1439715600","rpr":1420.847135109,"rprd":43.512537975298,"rpsigma":"0","acre":1034.9904145921,"lacre":1034.9904145921,"oldacre":"1055.039051979"},"p2rating":{"entryid":"7611673","serverid":"eos","formatid":"monotype","userid":"gtxcool","username":"GTX♅Cool","w":8,"l":"30","t":"0","gxe":26.3,"r":1291.0838212462,"rd":57.583745743569,"sigma":"0","rptime":1439715600,"rpr":1303.9710038893,"rprd":56.940900212718,"rpsigma":"0","acre":1061.3096809969,"lacre":1061.3096809969,"oldacre":"1020.8095241009"},"endType":"normal"}