{"seed":[39056,50790,41263,21280],"turns":25,"p1":"SL~Kingdra","p2":"Twizz","p1team":[{"name":"Chesnaught","species":"Chesnaught","item":"leftovers","ability":"Bulletproof","moves":["spikes","leechseed","spikyshield","drainpunch"],"nature":"Impish","evs":{"hp":252,"atk":0,"def":252,"spa":0,"spd":4,"spe":0},"ivs":{"hp":31,"atk":31,"def":31,"spa":31,"spd":31,"spe":31}},{"name":"Infernape","species":"Infernape","item":"focussash","ability":"Iron Fist","moves":["stealthrock","closecombat","firepunch","machpunch"],"nature":"Jolly","evs":{"hp":4,"atk":252,"def":0,"spa":0,"spd":0,"spe":252},"ivs":{"hp":31,"atk":31,"def":31,"spa":31,"spd":31,"spe":31}},{"name":"Medicham","species":"Medicham","item":"medichamite","ability":"Pure Power","moves":["fakeout","bulletpunch","zenheadbutt","highjumpkick"],"nature":"Jolly","evs":{"hp":4,"atk":252,"def":0,"spa":0,"spd":0,"spe":252},"ivs":{"hp":31,"atk":31,"def":31,"spa":31,"spd":31,"spe":31}},{"name":"Terrakion","species":"Terrakion","item":"choicescarf","ability":"Justified","moves":["ironhead","stoneedge","closecombat","earthquake"],"nature":"Adamant","evs":{"hp":4,"atk":252,"def":0,"spa":0,"spd":0,"spe":252},"ivs":{"hp":31,"atk":31,"def":31,"spa":31,"spd":31,"spe":31}},{"name":"Keldeo-Resolute","species":"Keldeo-Resolute","item":"choicespecs","ability":"Justified","moves":["secretsword","scald","icywind","hydropump"],"nature":"Timid","evs":{"hp":4,"atk":0,"def":0,"spa":252,"spd":0,"spe":252},"ivs":{"hp":31,"atk":31,"def":31,"spa":31,"spd":31,"spe":31}},{"name":"Hawlucha","species":"Hawlucha","item":"powerherb","ability":"Unburden","moves":["acrobatics","skyattack","drainpunch","swordsdance"],"nature":"Adamant","evs":{"hp":0,"atk":252,"def":0,"spa":0,"spd":0,"spe":252},"ivs":{"hp":31,"atk":31,"def":31,"spa":31,"spd":31,"spe":31}}],"p2team":[{"name":"Magnezone","species":"Magnezone","item":"leftovers","ability":"Sturdy","moves":["flashcannon","thunderbolt","protect","hiddenpowerice"],"nature":"Modest","evs":{"hp":76,"atk":0,"def":180,"spa":252,"spd":0,"spe":0},"ivs":{"hp":31,"atk":30,"def":30,"spa":31,"spd":31,"spe":31}},{"name":"Zapdos","species":"Zapdos","item":"leftovers","ability":"Pressure","moves":["discharge","heatwave","toxic","roost"],"nature":"Bold","evs":{"hp":4,"atk":0,"def":252,"spa":56,"spd":196,"spe":0},"ivs":{"hp":31,"atk":31,"def":31,"spa":31,"spd":31,"spe":31}},{"name":"Ampharos","species":"Ampharos","item":"ampharosite","ability":"Static","moves":["cottonguard","rest","sleeptalk","dragonpulse"],"nature":"Bold","evs":{"hp":0,"atk":0,"def":252,"spa":136,"spd":120,"spe":0},"ivs":{"hp":31,"atk":31,"def":31,"spa":31,"spd":31,"spe":31}},{"name":"Raikou","species":"Raikou","item":"leftovers","ability":"Pressure","moves":["calmmind","substitute","thunderbolt","extrasensory"],"nature":"Timid","evs":{"hp":0,"atk":0,"def":0,"spa":252,"spd":4,"spe":252},"ivs":{"hp":31,"atk":31,"def":31,"spa":31,"spd":31,"spe":31}},{"name":"Rotom-Wash","species":"Rotom-Wash","item":"choicescarf","ability":"Levitate","moves":["voltswitch","hydropump","willowisp","trick"],"nature":"Timid","evs":{"hp":0,"atk":0,"def":0,"spa":252,"spd":4,"spe":252},"ivs":{"hp":31,"atk":31,"def":31,"spa":31,"spd":31,"spe":31}},{"name":"Condom","species":"eelektross","item":"assaultvest","ability":"Levitate","moves":["gigadrain","thunderbolt","drainpunch","knockoff"],"nature":"Quiet","evs":{"hp":3,"atk":136,"def":0,"spa":108,"spd":252,"spe":0},"ivs":{"hp":31,"atk":31,"def":31,"spa":31,"spd":31,"spe":31}}],"log":["|player|p1|SL~Kingdra|99","|player|p2|Twizz|264","|gametype|singles","|gen|6","|tier|Monotype","|rated","|rule|Baton Pass Clause: Limit one Baton Passer, can't pass Spe and other stats simultaneously","|rule|Swagger Clause: Swagger is banned","|rule|Same Type Clause: Pokémon in a team must share a type","|clearpoke","|poke|p1|Chesnaught, F","|poke|p1|Infernape, F","|poke|p1|Medicham, M","|poke|p1|Terrakion","|poke|p1|Keldeo-Resolute","|poke|p1|Hawlucha, M","|poke|p2|Magnezone","|poke|p2|Zapdos","|poke|p2|Ampharos, M","|poke|p2|Raikou","|poke|p2|Rotom-Wash","|poke|p2|Eelektross, F","|rule|Sleep Clause Mod: Limit one foe put to sleep","|rule|Species Clause: Limit one of each Pokémon","|rule|OHKO Clause: OHKO moves are banned","|rule|Moody Clause: Moody is banned","|rule|Evasion Moves Clause: Evasion moves are banned","|rule|Endless Battle Clause: Forcing endless battles is banned","|rule|HP Percentage Mod: HP is shown in percentages","|teampreview","|","|start","|switch|p1a: Infernape|Infernape, F|294/294","|switch|p2a: Rotom-Wash|Rotom-Wash|241/241","|turn|1","|","|move|p2a: Rotom-Wash|Volt Switch|p1a: Infernape","|-damage|p1a: Infernape|152/294","|","|switch|p2a: Raikou|Raikou|321/321","|-ability|p2a: Raikou|Pressure","|move|p1a: Infernape|Stealth Rock|p2a: Raikou","|-sidestart|p2: Twizz|move: Stealth Rock","|","|turn|2","|","|move|p2a: Raikou|Extrasensory|p1a: Infernape","|-supereffective|p1a: Infernape","|-damage|p1a: Infernape|0 fnt","|faint|p1a: Infernape","|","|","|switch|p1a: Keldeo-Resolute|Keldeo-Resolute|324/324","|turn|3","|","|switch|p2a: Rotom-Wash|Rotom-Wash|241/241","|-damage|p2a: Rotom-Wash|211/241|[from] Stealth Rock","|move|p1a: Keldeo-Resolute|Secret Sword|p2a: Rotom-Wash","|-damage|p2a: Rotom-Wash|0 fnt","|faint|p2a: Rotom-Wash","|","|","|switch|p2a: Zapdos|Zapdos|322/322","|-damage|p2a: Zapdos|242/322|[from] Stealth Rock","|-ability|p2a: Zapdos|Pressure","|turn|4","|","|move|p1a: Keldeo-Resolute|Secret Sword|p2a: Zapdos","|-resisted|p2a: Zapdos","|-damage|p2a: Zapdos|146/322","|move|p2a: Zapdos|Roost|p2a: Zapdos","|-heal|p2a: Zapdos|307/322","|","|-heal|p2a: Zapdos|322/322|[from] item: Leftovers","|turn|5","|","|switch|p1a: Terrakion|Terrakion|324/324","|move|p2a: Zapdos|Discharge|p1a: Terrakion","|-damage|p1a: Terrakion|203/324","|","|turn|6","|","|move|p1a: Terrakion|Stone Edge|p2a: Zapdos","|-supereffective|p2a: Zapdos","|-damage|p2a: Zapdos|28/322","|move|p2a: Zapdos|Discharge|p1a: Terrakion","|-damage|p1a: Terrakion|73/324","|-status|p1a: Terrakion|par","|","|-heal|p2a: Zapdos|48/322|[from] item: Leftovers","|turn|7","|","|move|p2a: Zapdos|Roost|p2a: Zapdos","|-heal|p2a: Zapdos|209/322","|move|p1a: Terrakion|Stone Edge|p2a: Zapdos","|-damage|p2a: Zapdos|56/322","|","|-heal|p2a: Zapdos|76/322|[from] item: Leftovers","|turn|8","|","|move|p2a: Zapdos|Roost|p2a: Zapdos","|-heal|p2a: Zapdos|237/322","|move|p1a: Terrakion|Stone Edge|p2a: Zapdos","|-damage|p2a: Zapdos|93/322","|","|-heal|p2a: Zapdos|113/322|[from] item: Leftovers","|turn|9","|","|move|p2a: Zapdos|Discharge|p1a: Terrakion","|-crit|p1a: Terrakion","|-damage|p1a: Terrakion|0 fnt","|faint|p1a: Terrakion","|","|-heal|p2a: Zapdos|133/322|[from] item: Leftovers","|","|switch|p1a: Medicham|Medicham, M|262/262","|turn|10","|","|detailschange|p1a: Medicham|Medicham-Mega, M","|-mega|p1a: Medicham|Medicham|Medichamite","|move|p1a: Medicham|Fake Out|p2a: Zapdos","|-damage|p2a: Zapdos|70/322","|cant|p2a: Zapdos|flinch","|","|-heal|p2a: Zapdos|90/322|[from] item: Leftovers","|turn|11","|","|move|p1a: Medicham|Zen Headbutt|p2a: Zapdos","|-damage|p2a: Zapdos|0 fnt","|faint|p2a: Zapdos","|","|","|switch|p2a: Magnezone|Magnezone|300/300","|-damage|p2a: Magnezone|282/300|[from] Stealth Rock","|turn|12","|","|move|p2a: Magnezone|Protect|p2a: Magnezone","|-singleturn|p2a: Magnezone|Protect","|move|p1a: Medicham|High Jump Kick|p2a: Magnezone","|-activate|p2a: Magnezone|Protect","|-damage|p1a: Medicham|131/262|[from] highjumpkick","|","|-heal|p2a: Magnezone|300/300|[from] item: Leftovers","|turn|13","|","|switch|p1a: Chesnaught|Chesnaught, F|380/380","|move|p2a: Magnezone|Thunderbolt|p1a: Chesnaught","|-resisted|p1a: Chesnaught","|-damage|p1a: Chesnaught|263/380","|","|-heal|p1a: Chesnaught|286/380|[from] item: Leftovers","|turn|14","|","|move|p2a: Magnezone|Protect|p2a: Magnezone","|-singleturn|p2a: Magnezone|Protect","|move|p1a: Chesnaught|Leech Seed|p2a: Magnezone","|-activate|p2a: Magnezone|Protect","|","|-heal|p1a: Chesnaught|309/380|[from] item: Leftovers","|turn|15","|","|switch|p2a: Condom|Eelektross, F|311/311","|-damage|p2a: Condom|273/311|[from] Stealth Rock","|move|p1a: Chesnaught|Leech Seed|p2a: Condom","|-start|p2a: Condom|move: Leech Seed","|","|-heal|p1a: Chesnaught|332/380|[from] item: Leftovers","|-damage|p2a: Condom|235/311|[from] Leech Seed|[of] p1a: Chesnaught","|-heal|p1a: Chesnaught|370/380|[silent]","|turn|16","|","|move|p1a: Chesnaught|Spikes|p2a: Condom","|-sidestart|p2: Twizz|Spikes","|move|p2a: Condom|Knock Off|p1a: Chesnaught","|-resisted|p1a: Chesnaught","|-damage|p1a: Chesnaught|342/380","|-enditem|p1a: Chesnaught|Leftovers|[from] move: Knock Off|[of] p2a: Condom","|","|-damage|p2a: Condom|197/311|[from] Leech Seed|[of] p1a: Chesnaught","|-heal|p1a: Chesnaught|380/380|[silent]","|turn|17","|","|switch|p2a: Raikou|Raikou|321/321","|-damage|p2a: Raikou|281/321|[from] Spikes","|-damage|p2a: Raikou|241/321|[from] Stealth Rock","|-ability|p2a: Raikou|Pressure","|move|p1a: Chesnaught|Spikes|p2a: Raikou","|-sidestart|p2: Twizz|Spikes","|","|-heal|p2a: Raikou|261/321|[from] item: Leftovers","|turn|18","|","|move|p2a: Raikou|Substitute|p2a: Raikou","|-start|p2a: Raikou|Substitute","|-damage|p2a: Raikou|181/321","|move|p1a: Chesnaught|Spikes|p2a: Raikou","|-sidestart|p2: Twizz|Spikes","|","|-heal|p2a: Raikou|201/321|[from] item: Leftovers","|turn|19","|","|move|p2a: Raikou|Calm Mind|p2a: Raikou","|-boost|p2a: Raikou|spa|1","|-boost|p2a: Raikou|spd|1","|move|p1a: Chesnaught|Drain Punch|p2a: Raikou","|-end|p2a: Raikou|Substitute","|","|-heal|p2a: Raikou|221/321|[from] item: Leftovers","|turn|20","|","|move|p2a: Raikou|Extrasensory|p1a: Chesnaught","|-supereffective|p1a: Chesnaught","|-damage|p1a: Chesnaught|30/380","|move|p1a: Chesnaught|Drain Punch|p2a: Raikou","|-damage|p2a: Raikou|100/321","|-heal|p1a: Chesnaught|91/380|[from] drain|[of] p2a: Raikou","|","|-heal|p2a: Raikou|120/321|[from] item: Leftovers","|turn|21","|","|move|p2a: Raikou|Extrasensory|p1a: Chesnaught","|-supereffective|p1a: Chesnaught","|-damage|p1a: Chesnaught|0 fnt","|faint|p1a: Chesnaught","|","|-heal|p2a: Raikou|140/321|[from] item: Leftovers","|","|switch|p1a: Medicham|Medicham-Mega, M|131/262","|turn|22","|","|move|p1a: Medicham|Fake Out|p2a: Raikou","|-damage|p2a: Raikou|46/321","|cant|p2a: Raikou|flinch","|","|-heal|p2a: Raikou|66/321|[from] item: Leftovers","|turn|23","|","|move|p1a: Medicham|Bullet Punch|p2a: Raikou","|-resisted|p2a: Raikou","|-damage|p2a: Raikou|18/321","|move|p2a: Raikou|Thunderbolt|p1a: Medicham","|-crit|p1a: Medicham","|-damage|p1a: Medicham|0 fnt","|faint|p1a: Medicham","|","|-heal|p2a: Raikou|38/321|[from] item: Leftovers","|","|switch|p1a: Hawlucha|Hawlucha, M|297/297","|turn|24","|","|move|p2a: Raikou|Thunderbolt|p1a: Hawlucha","|-supereffective|p1a: Hawlucha","|-damage|p1a: Hawlucha|0 fnt","|faint|p1a: Hawlucha","|","|-heal|p2a: Raikou|58/321|[from] item: Leftovers","|","|switch|p1a: Keldeo-Resolute|Keldeo-Resolute|324/324","|turn|25","|","|move|p2a: Raikou|Thunderbolt|p1a: Keldeo-Resolute","|-crit|p1a: Keldeo-Resolute","|-supereffective|p1a: Keldeo-Resolute","|-damage|p1a: Keldeo-Resolute|0 fnt","|faint|p1a: Keldeo-Resolute","|","|win|Twizz"],"p1rating":{"entryid":"7548471","serverid":"eos","formatid":"monotype","userid":"slkingdra","username":"SL~Kingdra","w":"25","l":23,"t":"0","gxe":51.3,"r":"1481.8412010282","rd":"58.95433178987","sigma":"0","rptime":"1439715600","rpr":1509.7382977923,"rprd":50.080699211425,"rpsigma":"0","acre":1146.395119533,"lacre":1146.395119533,"oldacre":"1182.6832159035"},"p2rating":{"entryid":"6985408","serverid":"eos","formatid":"monotype","userid":"twizz","username":"Twizz","w":30,"l":"44","t":"0","gxe":41,"r":"1437.8088602616","rd":"45.410240390821","sigma":"0","rptime":"1439715600","rpr":1431.214143996,"rprd":44.074964863903,"rpsigma":"0","acre":1068.7128643365,"lacre":1068.7128643365,"oldacre":"1013.6166423152"},"endType":"normal"}