{"seed":[4655,7214,29824,44123],"turns":27,"p1":"Neowulf","p2":"Crystal Jake","p1team":[{"name":"Dragonite","species":"Dragonite","item":"choiceband","ability":"Multiscale","moves":["firepunch","earthquake","dragonclaw","extremespeed"],"nature":"Jolly","evs":{"hp":0,"atk":252,"def":0,"spa":0,"spd":4,"spe":252},"ivs":{"hp":31,"atk":31,"def":31,"spa":31,"spd":31,"spe":31}},{"name":"Pidgeot","species":"Pidgeot","item":"pidgeotite","ability":"Big Pecks","moves":["hurricane","heatwave","uturn","roost"],"nature":"Timid","evs":{"hp":0,"atk":0,"def":0,"spa":252,"spd":4,"spe":252},"ivs":{"hp":31,"atk":31,"def":31,"spa":31,"spd":31,"spe":31}},{"name":"Skarmory","species":"Skarmory","item":"leftovers","ability":"Sturdy","moves":["stealthrock","roost","ironhead","roar"],"nature":"Impish","evs":{"hp":252,"atk":0,"def":232,"spa":0,"spd":0,"spe":24},"ivs":{"hp":31,"atk":31,"def":31,"spa":31,"spd":31,"spe":31}},{"name":"Togekiss","species":"Togekiss","item":"leftovers","ability":"Serene Grace","moves":["thunderwave","roost","defog","airslash"],"nature":"Calm","evs":{"hp":252,"atk":0,"def":0,"spa":4,"spd":252,"spe":0},"ivs":{"hp":31,"atk":31,"def":31,"spa":31,"spd":31,"spe":31}},{"name":"Thundurus-Therian","species":"Thundurus-Therian","item":"choicescarf","ability":"Volt Absorb","moves":["thunderbolt","voltswitch","flashcannon","hiddenpowerice"],"nature":"Timid","evs":{"hp":0,"atk":0,"def":0,"spa":252,"spd":4,"spe":252},"ivs":{"hp":31,"atk":30,"def":30,"spa":31,"spd":31,"spe":31}},{"name":"Gliscor","species":"Gliscor","item":"toxicorb","ability":"Poison Heal","moves":["earthquake","knockoff","toxic","roost"],"nature":"Impish","evs":{"hp":240,"atk":8,"def":188,"spa":0,"spd":0,"spe":72},"ivs":{"hp":31,"atk":31,"def":31,"spa":31,"spd":31,"spe":31}}],"p2team":[{"name":"Rotom-Heat","species":"Rotom-Heat","item":"leftovers","ability":"Levitate","moves":["thunderwave","willowisp","voltswitch","overheat"],"nature":"Calm","evs":{"hp":252,"atk":0,"def":0,"spa":4,"spd":252,"spe":0},"ivs":{"hp":31,"atk":31,"def":31,"spa":31,"spd":31,"spe":31}},{"name":"Torkoal","species":"Torkoal","item":"rockyhelmet","ability":"Shell Armor","moves":["rapidspin","lavaplume","yawn","willowisp"],"nature":"Bold","evs":{"hp":248,"atk":0,"def":4,"spa":4,"spd":0,"spe":0},"ivs":{"hp":31,"atk":31,"def":31,"spa":31,"spd":31,"spe":31}},{"name":"Victini","species":"Victini","item":"choicescarf","ability":"Victory Star","moves":["blueflare","glaciate","thunder","psyshock"],"nature":"Timid","evs":{"hp":0,"atk":0,"def":0,"spa":0,"spd":0,"spe":0},"ivs":{"hp":31,"atk":31,"def":31,"spa":31,"spd":31,"spe":31}},{"name":"Darmanitan","species":"Darmanitan","item":"choicescarf","ability":"Sheer Force","moves":["flareblitz","earthquake","stoneedge","hammerarm"],"nature":"Jolly","evs":{"hp":0,"atk":252,"def":0,"spa":0,"spd":4,"spe":252},"ivs":{"hp":31,"atk":31,"def":31,"spa":31,"spd":31,"spe":31}},{"name":"Charizard","species":"Charizard","item":"charizarditex","ability":"Blaze","moves":["dragondance","dragonclaw","flareblitz","roost"],"nature":"Adamant","evs":{"hp":0,"atk":0,"def":0,"spa":0,"spd":0,"spe":0},"ivs":{"hp":31,"atk":31,"def":31,"spa":31,"spd":31,"spe":31}},{"name":"Heatran","species":"Heatran","item":"airballoon","ability":"Flash Fire","moves":["flashcannon","lavaplume","earthpower","roar"],"nature":"","evs":{"hp":0,"atk":0,"def":0,"spa":0,"spd":0,"spe":0},"ivs":{"hp":31,"atk":31,"def":31,"spa":31,"spd":31,"spe":31}}],"log":["|player|p1|Neowulf|163","|player|p2|Crystal Jake|150","|gametype|singles","|gen|6","|tier|Monotype","|rated","|rule|Baton Pass Clause: Limit one Baton Passer, can't pass Spe and other stats simultaneously","|rule|Swagger Clause: Swagger is banned","|rule|Same Type Clause: Pokémon in a team must share a type","|clearpoke","|poke|p1|Dragonite, F","|poke|p1|Pidgeot, F","|poke|p1|Skarmory, M","|poke|p1|Togekiss, F","|poke|p1|Thundurus-Therian, M","|poke|p1|Gliscor, M","|poke|p2|Rotom-Heat","|poke|p2|Torkoal, M","|poke|p2|Victini","|poke|p2|Darmanitan, M","|poke|p2|Charizard, M","|poke|p2|Heatran, M","|rule|Sleep Clause Mod: Limit one foe put to sleep","|rule|Species Clause: Limit one of each Pokémon","|rule|OHKO Clause: OHKO moves are banned","|rule|Moody Clause: Moody is banned","|rule|Evasion Moves Clause: Evasion moves are banned","|rule|Endless Battle Clause: Forcing endless battles is banned","|rule|HP Percentage Mod: HP is shown in percentages","|teampreview","|","|start","|switch|p1a: Pidgeot|Pidgeot, F|307/307","|switch|p2a: Rotom-Heat|Rotom-Heat|304/304","|turn|1","|","|detailschange|p1a: Pidgeot|Pidgeot-Mega, F","|-mega|p1a: Pidgeot|Pidgeot|Pidgeotite","|move|p1a: Pidgeot|U-turn|p2a: Rotom-Heat","|-resisted|p2a: Rotom-Heat","|-damage|p2a: Rotom-Heat|284/304","|","|switch|p1a: Togekiss|Togekiss, F|374/374","|move|p2a: Rotom-Heat|Thunder Wave|p1a: Togekiss","|-status|p1a: Togekiss|par","|","|-heal|p2a: Rotom-Heat|303/304|[from] item: Leftovers","|turn|2","|","|switch|p1a: Gliscor|Gliscor, M|351/351","|move|p2a: Rotom-Heat|Volt Switch|p1a: Gliscor","|-immune|p1a: Gliscor|[msg]","|","|-heal|p2a: Rotom-Heat|304/304|[from] item: Leftovers","|-status|p1a: Gliscor|tox|[from] item: Toxic Orb","|turn|3","|","|move|p1a: Gliscor|Toxic|p2a: Rotom-Heat","|-status|p2a: Rotom-Heat|tox","|move|p2a: Rotom-Heat|Overheat|p1a: Gliscor|[miss]","|-miss|p2a: Rotom-Heat|p1a: Gliscor","|","|-damage|p2a: Rotom-Heat|285/304 tox|[from] psn","|turn|4","|","|move|p1a: Gliscor|Knock Off|p2a: Rotom-Heat","|-damage|p2a: Rotom-Heat|219/304 tox","|-enditem|p2a: Rotom-Heat|Leftovers|[from] move: Knock Off|[of] p1a: Gliscor","|move|p2a: Rotom-Heat|Overheat|p1a: Gliscor","|-damage|p1a: Gliscor|143/351 tox","|-unboost|p2a: Rotom-Heat|spa|2","|","|-heal|p1a: Gliscor|186/351 tox|[from] ability: Poison Heal","|-damage|p2a: Rotom-Heat|181/304 tox|[from] psn","|turn|5","|","|switch|p2a: Charizard|Charizard, M|297/297","|move|p1a: Gliscor|Roost|p1a: Gliscor","|-heal|p1a: Gliscor|351/351 tox","|","|turn|6","|","|detailschange|p2a: Charizard|Charizard-Mega-X, M","|-mega|p2a: Charizard|Charizard|Charizardite X","|move|p1a: Gliscor|Roost|p1a: Gliscor","|-fail|p1a: Gliscor","|move|p2a: Charizard|Dragon Dance|p2a: Charizard","|-boost|p2a: Charizard|atk|1","|-boost|p2a: Charizard|spe|1","|","|turn|7","|","|move|p2a: Charizard|Dragon Dance|p2a: Charizard","|-boost|p2a: Charizard|atk|1","|-boost|p2a: Charizard|spe|1","|move|p1a: Gliscor|Earthquake|p2a: Charizard","|-supereffective|p2a: Charizard","|-damage|p2a: Charizard|99/297","|","|turn|8","|","|move|p2a: Charizard|Flare Blitz|p1a: Gliscor","|-damage|p1a: Gliscor|50/351 tox","|-damage|p2a: Charizard|0 fnt|[from] recoil|[of] p1a: Gliscor","|faint|p2a: Charizard","|move|p1a: Gliscor|Earthquake|p2: Charizard|[notarget]","|-notarget","|","|-heal|p1a: Gliscor|93/351 tox|[from] ability: Poison Heal","|","|switch|p2a: Victini|Victini|341/341","|turn|9","|","|switch|p1a: Togekiss|Togekiss, F|374/374 par","|move|p2a: Victini|Glaciate|p1a: Togekiss","|-supereffective|p1a: Togekiss","|-damage|p1a: Togekiss|312/374 par","|-unboost|p1a: Togekiss|spe|1","|","|-heal|p1a: Togekiss|335/374 par|[from] item: Leftovers","|turn|10","|","|switch|p2a: Darmanitan|Darmanitan, M|351/351","|move|p1a: Togekiss|Thunder Wave|p2a: Darmanitan","|-status|p2a: Darmanitan|par","|","|-heal|p1a: Togekiss|358/374 par|[from] item: Leftovers","|turn|11","|","|move|p2a: Darmanitan|Stone Edge|p1a: Togekiss","|-supereffective|p1a: Togekiss","|-damage|p1a: Togekiss|94/374 par","|move|p1a: Togekiss|Air Slash|p2a: Darmanitan","|-damage|p2a: Darmanitan|197/351 par","|","|-heal|p1a: Togekiss|117/374 par|[from] item: Leftovers","|turn|12","|","|cant|p2a: Darmanitan|par","|move|p1a: Togekiss|Air Slash|p2a: Darmanitan","|-damage|p2a: Darmanitan|38/351 par","|","|-heal|p1a: Togekiss|140/374 par|[from] item: Leftovers","|turn|13","|","|move|p2a: Darmanitan|Stone Edge|p1a: Togekiss","|-crit|p1a: Togekiss","|-supereffective|p1a: Togekiss","|-damage|p1a: Togekiss|0 fnt","|faint|p1a: Togekiss","|","|","|switch|p1a: Gliscor|Gliscor, M|93/351 tox","|turn|14","|","|switch|p2a: Victini|Victini|341/341","|move|p1a: Gliscor|Roost|p1a: Gliscor","|-heal|p1a: Gliscor|269/351 tox","|","|-heal|p1a: Gliscor|312/351 tox|[from] ability: Poison Heal","|turn|15","|","|move|p2a: Victini|Glaciate|p1a: Gliscor","|-supereffective|p1a: Gliscor","|-damage|p1a: Gliscor|40/351 tox","|-unboost|p1a: Gliscor|spe|1","|move|p1a: Gliscor|Knock Off|p2a: Victini","|-crit|p2a: Victini","|-supereffective|p2a: Victini","|-damage|p2a: Victini|113/341","|-enditem|p2a: Victini|Choice Scarf|[from] move: Knock Off|[of] p1a: Gliscor","|","|-heal|p1a: Gliscor|83/351 tox|[from] ability: Poison Heal","|turn|16","|","|move|p2a: Victini|Glaciate|p1a: Gliscor","|-supereffective|p1a: Gliscor","|-damage|p1a: Gliscor|0 fnt","|faint|p1a: Gliscor","|","|","|switch|p1a: Pidgeot|Pidgeot-Mega, F|307/307","|turn|17","|","|switch|p2a: Torkoal|Torkoal, M|343/343","|move|p1a: Pidgeot|Hurricane|p2a: Torkoal","|-damage|p2a: Torkoal|87/343","|","|turn|18","|","|move|p1a: Pidgeot|Hurricane|p2a: Torkoal","|-damage|p2a: Torkoal|0 fnt","|faint|p2a: Torkoal","|","|","|switch|p2a: Rotom-Heat|Rotom-Heat|181/304 tox","|turn|19","|","|switch|p1a: Skarmory|Skarmory, M|334/334","|move|p2a: Rotom-Heat|Thunder Wave|p1a: Skarmory","|-status|p1a: Skarmory|par","|","|-damage|p2a: Rotom-Heat|162/304 tox|[from] psn","|turn|20","|","|switch|p2a: Darmanitan|Darmanitan, M|38/351 par","|cant|p1a: Skarmory|par","|","|turn|21","|","|move|p2a: Darmanitan|Flare Blitz|p1a: Skarmory","|-crit|p1a: Skarmory","|-supereffective|p1a: Skarmory","|-ability|p1a: Skarmory|Sturdy","|-damage|p1a: Skarmory|1/334 par","|-damage|p2a: Darmanitan|0 fnt|[from] recoil|[of] p1a: Skarmory","|faint|p2a: Darmanitan","|move|p1a: Skarmory|Stealth Rock|p2: Darmanitan","|-sidestart|p2: Crystal Jake|move: Stealth Rock","|","|-heal|p1a: Skarmory|21/334 par|[from] item: Leftovers","|","|switch|p2a: Victini|Victini|113/341","|-damage|p2a: Victini|28/341|[from] Stealth Rock","|turn|22","|","|move|p2a: Victini|Glaciate|p1a: Skarmory","|-damage|p1a: Skarmory|0 fnt","|faint|p1a: Skarmory","|","|","|switch|p1a: Pidgeot|Pidgeot-Mega, F|307/307","|turn|23","|","|move|p1a: Pidgeot|Hurricane|p2a: Victini","|-damage|p2a: Victini|0 fnt","|faint|p2a: Victini","|","|","|switch|p2a: Rotom-Heat|Rotom-Heat|162/304 tox","|-damage|p2a: Rotom-Heat|86/304 tox|[from] Stealth Rock","|turn|24","|","|move|p1a: Pidgeot|U-turn|p2a: Rotom-Heat","|-resisted|p2a: Rotom-Heat","|-damage|p2a: Rotom-Heat|67/304 tox","|","|switch|p1a: Thundurus-Therian|Thundurus-Therian, M|299/299","|move|p2a: Rotom-Heat|Thunder Wave|p1a: Thundurus-Therian","|-immune|p1a: Thundurus-Therian|[msg]","|","|-damage|p2a: Rotom-Heat|48/304 tox|[from] psn","|turn|25","|","|move|p1a: Thundurus-Therian|Thunderbolt|p2a: Rotom-Heat","|-resisted|p2a: Rotom-Heat","|-damage|p2a: Rotom-Heat|0 fnt","|faint|p2a: Rotom-Heat","|","|","|switch|p2a: Heatran|Heatran, M|323/323","|-damage|p2a: Heatran|283/323|[from] Stealth Rock","|-item|p2a: Heatran|Air Balloon","|turn|26","|","|move|p1a: Thundurus-Therian|Thunderbolt|p2a: Heatran","|-damage|p2a: Heatran|103/323","|-enditem|p2a: Heatran|Air Balloon","|move|p2a: Heatran|Flash Cannon|p1a: Thundurus-Therian","|-resisted|p1a: Thundurus-Therian","|-damage|p1a: Thundurus-Therian|224/299","|","|turn|27","|","|win|Neowulf"],"p1rating":{"entryid":"6156418","serverid":"eos","formatid":"monotype","userid":"neowulf","username":"Neowulf","w":139,"l":"74","t":"0","gxe":67.7,"r":"1636.6236019747","rd":"39.782602278891","sigma":"0","rptime":"1439715600","rpr":1639.9414144219,"rprd":39.561456027828,"rpsigma":"0","acre":1361.6687492251,"lacre":1361.6687492251,"oldacre":"1352.5746956036"},"p2rating":{"entryid":"7196111","serverid":"eos","formatid":"monotype","userid":"crystaljake","username":"Crystal Jake","w":"4","l":3,"t":"0","gxe":57.7,"r":"1553.2939499958","rd":"104.9507334839","sigma":"0","rptime":"1439715600","rpr":1560.6309290318,"rprd":96.892673167792,"rpsigma":"0","acre":1128.6933141161,"lacre":1128.6933141161,"oldacre":"1140.0608811429"},"endType":"forfeit"}