{"seed":[23402,4385,48638,29700],"turns":27,"p1":"Crystal Jake","p2":"Rustic Espeon","p1team":[{"name":"Rotom-Heat","species":"Rotom-Heat","item":"leftovers","ability":"Levitate","moves":["thunderwave","willowisp","voltswitch","overheat"],"nature":"Calm","evs":{"hp":252,"atk":0,"def":0,"spa":4,"spd":252,"spe":0},"ivs":{"hp":31,"atk":31,"def":31,"spa":31,"spd":31,"spe":31}},{"name":"Torkoal","species":"Torkoal","item":"rockyhelmet","ability":"Shell Armor","moves":["rapidspin","lavaplume","yawn","willowisp"],"nature":"Bold","evs":{"hp":248,"atk":0,"def":4,"spa":4,"spd":0,"spe":0},"ivs":{"hp":31,"atk":31,"def":31,"spa":31,"spd":31,"spe":31}},{"name":"Victini","species":"Victini","item":"choicescarf","ability":"Victory Star","moves":["blueflare","glaciate","thunder","psyshock"],"nature":"Timid","evs":{"hp":0,"atk":0,"def":0,"spa":252,"spd":4,"spe":252},"ivs":{"hp":31,"atk":31,"def":31,"spa":31,"spd":31,"spe":31}},{"name":"Darmanitan","species":"Darmanitan","item":"choicescarf","ability":"Sheer Force","moves":["flareblitz","earthquake","stoneedge","hammerarm"],"nature":"Jolly","evs":{"hp":0,"atk":252,"def":0,"spa":0,"spd":4,"spe":252},"ivs":{"hp":31,"atk":31,"def":31,"spa":31,"spd":31,"spe":31}},{"name":"Charizard","species":"Charizard","item":"charizarditex","ability":"Blaze","moves":["dragondance","dragonclaw","flareblitz","roost"],"nature":"Adamant","evs":{"hp":108,"atk":148,"def":252,"spa":0,"spd":0,"spe":0},"ivs":{"hp":31,"atk":31,"def":31,"spa":31,"spd":31,"spe":31}},{"name":"Infernape","species":"Infernape","item":"focussash","ability":"Iron Fist","moves":["machpunch","endeavor","stealthrock","overheat"],"nature":"Hasty","evs":{"hp":0,"atk":252,"def":0,"spa":0,"spd":0,"spe":252},"ivs":{"hp":31,"atk":31,"def":31,"spa":31,"spd":31,"spe":31}}],"p2team":[{"name":"Torkoal","species":"Torkoal","item":"leftovers","ability":"White Smoke","moves":["rapidspin","lavaplume","stealthrock","yawn"],"nature":"Bold","evs":{"hp":252,"atk":0,"def":252,"spa":4,"spd":0,"spe":0},"ivs":{"hp":31,"atk":31,"def":31,"spa":31,"spd":31,"spe":31}},{"name":"Entei","species":"Entei","item":"choiceband","ability":"Pressure","moves":["stoneedge","sacredfire","extremespeed","ironhead"],"nature":"Adamant","evs":{"hp":4,"atk":252,"def":0,"spa":0,"spd":0,"spe":252},"shiny":true,"ivs":{"hp":31,"atk":31,"def":31,"spa":31,"spd":31,"spe":31}},{"name":"Victini","species":"Victini","item":"choicescarf","ability":"Victory Star","moves":["boltstrike","blueflare","vcreate","uturn"],"nature":"Hasty","evs":{"hp":0,"atk":252,"def":0,"spa":4,"spd":0,"spe":252},"ivs":{"hp":31,"atk":31,"def":31,"spa":31,"spd":31,"spe":31}},{"name":"Charizard","species":"Charizard","item":"charizarditex","ability":"Blaze","moves":["dragondance","firepunch","earthquake","dragonclaw"],"nature":"Adamant","evs":{"hp":0,"atk":252,"def":0,"spa":0,"spd":4,"spe":252},"ivs":{"hp":31,"atk":31,"def":31,"spa":31,"spd":31,"spe":31}},{"name":"Ninetales","species":"Ninetales","item":"choicespecs","ability":"Drought","moves":["overheat","solarbeam","darkpulse","hiddenpowerice"],"nature":"Timid","evs":{"hp":0,"atk":0,"def":0,"spa":252,"spd":4,"spe":252},"ivs":{"hp":31,"atk":30,"def":30,"spa":31,"spd":31,"spe":31}},{"name":"Arcanine","species":"Arcanine","item":"rockyhelmet","ability":"Intimidate","moves":["flareblitz","extremespeed","wildcharge","closecombat"],"nature":"Lonely","evs":{"hp":248,"atk":252,"def":0,"spa":8,"spd":0,"spe":0},"ivs":{"hp":31,"atk":31,"def":31,"spa":31,"spd":31,"spe":31}}],"log":["|player|p1|Crystal Jake|150","|player|p2|Rustic Espeon|70","|gametype|singles","|gen|6","|tier|Monotype","|rated","|rule|Baton Pass Clause: Limit one Baton Passer, can't pass Spe and other stats simultaneously","|rule|Swagger Clause: Swagger is banned","|rule|Same Type Clause: Pokémon in a team must share a type","|clearpoke","|poke|p1|Rotom-Heat","|poke|p1|Torkoal, M","|poke|p1|Victini","|poke|p1|Darmanitan, F","|poke|p1|Charizard, M","|poke|p1|Infernape, F","|poke|p2|Torkoal, M","|poke|p2|Entei, shiny","|poke|p2|Victini","|poke|p2|Charizard, M","|poke|p2|Ninetales, M","|poke|p2|Arcanine, F","|rule|Sleep Clause Mod: Limit one foe put to sleep","|rule|Species Clause: Limit one of each Pokémon","|rule|OHKO Clause: OHKO moves are banned","|rule|Moody Clause: Moody is banned","|rule|Evasion Moves Clause: Evasion moves are banned","|rule|Endless Battle Clause: Forcing endless battles is banned","|rule|HP Percentage Mod: HP is shown in percentages","|teampreview","|","|start","|switch|p1a: Infernape|Infernape, F|293/293","|switch|p2a: Torkoal|Torkoal, M|344/344","|turn|1","|","|move|p1a: Infernape|Stealth Rock|p2a: Torkoal","|-sidestart|p2: Rustic Espeon|move: Stealth Rock","|move|p2a: Torkoal|Yawn|p1a: Infernape","|-start|p1a: Infernape|move: Yawn|[of] p2a: Torkoal","|","|turn|2","|","|switch|p1a: Rotom-Heat|Rotom-Heat|304/304","|move|p2a: Torkoal|Stealth Rock|p1a: Rotom-Heat","|-sidestart|p1: Crystal Jake|move: Stealth Rock","|","|turn|3","|","|move|p1a: Rotom-Heat|Volt Switch|p2a: Torkoal","|-damage|p2a: Torkoal|232/344","|","|switch|p1a: Torkoal|Torkoal, M|343/343","|-damage|p1a: Torkoal|258/343|[from] Stealth Rock","|move|p2a: Torkoal|Rapid Spin|p1a: Torkoal","|-damage|p1a: Torkoal|249/343","|-damage|p2a: Torkoal|175/344|[from] item: Rocky Helmet|[of] p1a: Torkoal","|-sideend|p2: Rustic Espeon|Stealth Rock|[from] move: Rapid Spin|[of] p2a: Torkoal","|","|-heal|p2a: Torkoal|196/344|[from] item: Leftovers","|turn|4","|","|move|p1a: Torkoal|Yawn|p2a: Torkoal","|-start|p2a: Torkoal|move: Yawn|[of] p1a: Torkoal","|move|p2a: Torkoal|Yawn|p1a: Torkoal","|-start|p1a: Torkoal|move: Yawn|[of] p2a: Torkoal","|","|-heal|p2a: Torkoal|217/344|[from] item: Leftovers","|turn|5","|","|move|p2a: Torkoal|Stealth Rock|p1a: Torkoal","|-fail|p1a: Torkoal","|move|p1a: Torkoal|Rapid Spin|p2a: Torkoal","|-damage|p2a: Torkoal|209/344","|-sideend|p1: Crystal Jake|Stealth Rock|[from] move: Rapid Spin|[of] p1a: Torkoal","|","|-end|p1a: Torkoal|move: Yawn|[silent]","|-status|p1a: Torkoal|slp","|-end|p2a: Torkoal|move: Yawn|[silent]","|-status|p2a: Torkoal|slp","|-heal|p2a: Torkoal|230/344 slp|[from] item: Leftovers","|turn|6","|","|switch|p2a: Charizard|Charizard, M|297/297","|switch|p1a: Charizard|Charizard, M|324/324","|","|turn|7","|","|detailschange|p2a: Charizard|Charizard-Mega-X, M","|-mega|p2a: Charizard|Charizard|Charizardite X","|move|p2a: Charizard|Dragon Claw|p1a: Charizard","|-damage|p1a: Charizard|146/324","|move|p1a: Charizard|Dragon Dance|p1a: Charizard","|-boost|p1a: Charizard|atk|1","|-boost|p1a: Charizard|spe|1","|","|turn|8","|","|switch|p2a: Arcanine|Arcanine, F|383/383","|-ability|p2a: Arcanine|Intimidate","|-unboost|p1a: Charizard|atk|1","|move|p1a: Charizard|Dragon Claw|p2a: Arcanine","|-damage|p2a: Arcanine|285/383","|-damage|p1a: Charizard|92/324|[from] item: Rocky Helmet|[of] p2a: Arcanine","|","|turn|9","|","|detailschange|p1a: Charizard|Charizard-Mega-X, M","|-mega|p1a: Charizard|Charizard|Charizardite X","|move|p2a: Arcanine|Extreme Speed|p1a: Charizard","|-damage|p1a: Charizard|25/324","|move|p1a: Charizard|Roost|p1a: Charizard","|-heal|p1a: Charizard|187/324","|","|turn|10","|","|move|p1a: Charizard|Dragon Dance|p1a: Charizard","|-boost|p1a: Charizard|atk|1","|-boost|p1a: Charizard|spe|1","|move|p2a: Arcanine|Close Combat|p1a: Charizard","|-damage|p1a: Charizard|85/324","|-unboost|p2a: Arcanine|def|1","|-unboost|p2a: Arcanine|spd|1","|","|turn|11","|","|move|p2a: Arcanine|Extreme Speed|p1a: Charizard","|-damage|p1a: Charizard|19/324","|move|p1a: Charizard|Roost|p1a: Charizard","|-heal|p1a: Charizard|181/324","|","|turn|12","|","|move|p1a: Charizard|Roost|p1a: Charizard","|-heal|p1a: Charizard|324/324","|move|p2a: Arcanine|Close Combat|p1a: Charizard","|-damage|p1a: Charizard|225/324","|-unboost|p2a: Arcanine|def|1","|-unboost|p2a: Arcanine|spd|1","|","|turn|13","|","|switch|p2a: Entei|Entei, shiny|372/372","|-ability|p2a: Entei|Pressure","|move|p1a: Charizard|Roost|p1a: Charizard","|-heal|p1a: Charizard|324/324","|","|turn|14","|","|move|p2a: Entei|Extreme Speed|p1a: Charizard","|-damage|p1a: Charizard|222/324","|move|p1a: Charizard|Dragon Claw|p2a: Entei","|-damage|p2a: Entei|33/372","|","|turn|15","|","|move|p2a: Entei|Extreme Speed|p1a: Charizard","|-damage|p1a: Charizard|122/324","|move|p1a: Charizard|Roost|p1a: Charizard","|-heal|p1a: Charizard|284/324","|","|turn|16","|","|switch|p2a: Arcanine|Arcanine, F|285/383","|-ability|p2a: Arcanine|Intimidate","|-unboost|p1a: Charizard|atk|1","|move|p1a: Charizard|Dragon Claw|p2a: Arcanine","|-damage|p2a: Arcanine|30/383","|-damage|p1a: Charizard|230/324|[from] item: Rocky Helmet|[of] p2a: Arcanine","|","|turn|17","|","|switch|p2a: Charizard|Charizard-Mega-X, M|297/297","|move|p1a: Charizard|Dragon Dance|p1a: Charizard","|-boost|p1a: Charizard|atk|1","|-boost|p1a: Charizard|spe|1","|","|turn|18","|","|move|p1a: Charizard|Dragon Claw|p2a: Charizard","|-supereffective|p2a: Charizard","|-damage|p2a: Charizard|0 fnt","|faint|p2a: Charizard","|","|","|switch|p2a: Arcanine|Arcanine, F|30/383","|-ability|p2a: Arcanine|Intimidate","|-unboost|p1a: Charizard|atk|1","|turn|19","|","|move|p1a: Charizard|Dragon Claw|p2a: Arcanine","|-damage|p2a: Arcanine|0 fnt","|-damage|p1a: Charizard|176/324|[from] item: Rocky Helmet|[of] p2a: Arcanine","|faint|p2a: Arcanine","|","|","|switch|p2a: Entei|Entei, shiny|33/372","|-ability|p2a: Entei|Pressure","|turn|20","|","|move|p1a: Charizard|Roost|p1a: Charizard","|-heal|p1a: Charizard|324/324","|move|p2a: Entei|Stone Edge|p1a: Charizard|[miss]","|-miss|p2a: Entei|p1a: Charizard","|","|turn|21","|","|move|p1a: Charizard|Dragon Claw|p2a: Entei","|-damage|p2a: Entei|0 fnt","|faint|p2a: Entei","|","|","|switch|p2a: Torkoal|Torkoal, M|230/344 slp","|turn|22","|","|move|p1a: Charizard|Dragon Dance|p1a: Charizard","|-boost|p1a: Charizard|atk|1","|-boost|p1a: Charizard|spe|1","|cant|p2a: Torkoal|slp","|","|-heal|p2a: Torkoal|251/344 slp|[from] item: Leftovers","|turn|23","|","|move|p1a: Charizard|Dragon Claw|p2a: Torkoal","|-damage|p2a: Torkoal|101/344 slp","|cant|p2a: Torkoal|slp","|","|-heal|p2a: Torkoal|122/344 slp|[from] item: Leftovers","|turn|24","|","|move|p1a: Charizard|Dragon Claw|p2a: Torkoal","|-damage|p2a: Torkoal|0 fnt","|faint|p2a: Torkoal","|","|","|switch|p2a: Ninetales|Ninetales, M|287/287","|-weather|SunnyDay","|turn|25","|","|move|p1a: Charizard|Dragon Claw|p2a: Ninetales","|-damage|p2a: Ninetales|0 fnt","|faint|p2a: Ninetales","|","|-weather|SunnyDay|[upkeep]","|","|switch|p2a: Victini|Victini|341/341","|turn|26","|","|move|p1a: Charizard|Dragon Claw|p2a: Victini","|-damage|p2a: Victini|7/341","|move|p2a: Victini|Bolt Strike|p1a: Charizard","|-resisted|p1a: Charizard","|-damage|p1a: Charizard|280/324","|-status|p1a: Charizard|par","|","|-weather|SunnyDay|[upkeep]","|turn|27","|","|move|p2a: Victini|Bolt Strike|p1a: Charizard","|-resisted|p1a: Charizard","|-damage|p1a: Charizard|230/324 par","|move|p1a: Charizard|Dragon Claw|p2a: Victini","|-damage|p2a: Victini|0 fnt","|faint|p2a: Victini","|","|win|Crystal Jake"],"p1rating":{"entryid":"7196111","serverid":"eos","formatid":"monotype","userid":"crystaljake","username":"Crystal Jake","w":4,"l":"2","t":"0","gxe":60.5,"r":"1553.2939499958","rd":104.9507334839,"sigma":"0","rptime":1439715600,"rpr":1583.3536848213,"rprd":100.60168955038,"rpsigma":"0","acre":1140.0608811429,"lacre":1140.0608811429,"oldacre":"1114.9156240166"},"p2rating":{"entryid":"7202561","serverid":"eos","formatid":"monotype","userid":"rusticespeon","username":"Rustic Espeon","w":"24","l":18,"t":"0","gxe":56.9,"r":"1570.1119799868","rd":"55.202317511448","sigma":"0","rptime":"1439715600","rpr":1552.564242322,"rprd":54.03838901318,"rpsigma":"0","acre":1091.7890893959,"lacre":1091.7890893959,"oldacre":"1116.9343465222"},"endType":"normal"}