{"seed":[35394,45560,23940,15523],"turns":19,"p1":"Alliance - Contort","p2":"Emg Svu","p1team":[{"name":"Sableye","species":"Sableye","item":"sablenite","ability":"Prankster","moves":["willowisp","shadowball","calmmind","recover"],"nature":"Bold","evs":{"hp":248,"atk":0,"def":252,"spa":0,"spd":8,"spe":0},"ivs":{"hp":31,"atk":31,"def":31,"spa":31,"spd":31,"spe":31}},{"name":"Mandibuzz","species":"Mandibuzz","item":"rockyhelmet","ability":"Overcoat","moves":["bravebird","foulplay","roost","defog"],"nature":"Impish","evs":{"hp":248,"atk":8,"def":252,"spa":0,"spd":0,"spe":0},"ivs":{"hp":31,"atk":31,"def":31,"spa":31,"spd":31,"spe":31}},{"name":"Hoopa-Unbound","species":"Hoopa-Unbound","item":"choicescarf","ability":"Magician","moves":["hyperspacehole","hyperspacefury","thunderbolt","drainpunch"],"nature":"Hasty","evs":{"hp":0,"atk":4,"def":0,"spa":252,"spd":0,"spe":252},"ivs":{"hp":31,"atk":31,"def":31,"spa":31,"spd":31,"spe":31}},{"name":"Bisharp","species":"Bisharp","item":"lifeorb","ability":"Defiant","moves":["swordsdance","knockoff","suckerpunch","ironhead"],"nature":"","evs":{"hp":0,"atk":0,"def":0,"spa":0,"spd":0,"spe":0},"ivs":{"hp":31,"atk":31,"def":31,"spa":31,"spd":31,"spe":31}},{"name":"Tyranitar","species":"Tyranitar","item":"leftovers","ability":"Sand Stream","moves":["pursuit","stoneedge","stealthrock","thunderwave"],"nature":"Sassy","evs":{"hp":0,"atk":4,"def":0,"spa":252,"spd":0,"spe":252},"ivs":{"hp":31,"atk":31,"def":31,"spa":31,"spd":31,"spe":31}},{"name":"Weavile","species":"Weavile","item":"lifeorb","ability":"Pressure","moves":["iciclecrash","knockoff","iceshard","lowkick"],"nature":"Jolly","evs":{"hp":0,"atk":252,"def":0,"spa":0,"spd":4,"spe":252},"ivs":{"hp":31,"atk":31,"def":31,"spa":31,"spd":31,"spe":31}}],"p2team":[{"name":"Hippowdon","species":"Hippowdon","item":"leftovers","ability":"Sand Stream","moves":["earthquake","icefang","slackoff","stealthrock"],"nature":"Impish","evs":{"hp":252,"atk":4,"def":252,"spa":0,"spd":0,"spe":0},"gender":"F","ivs":{"hp":31,"atk":31,"def":31,"spa":31,"spd":31,"spe":31}},{"name":"Gastrodon","species":"Gastrodon","item":"leftovers","ability":"Storm Drain","moves":["scald","toxic","recover","earthpower"],"nature":"Bold","evs":{"hp":252,"atk":0,"def":252,"spa":4,"spd":0,"spe":0},"gender":"M","ivs":{"hp":31,"atk":31,"def":31,"spa":31,"spd":31,"spe":31}},{"name":"Landorus","species":"Landorus","item":"lifeorb","ability":"Sheer Force","moves":["sludgewave","earthpower","psychic","focusblast"],"nature":"Timid","evs":{"hp":0,"atk":0,"def":0,"spa":252,"spd":4,"spe":252},"ivs":{"hp":31,"atk":31,"def":31,"spa":31,"spd":31,"spe":31}},{"name":"Garchomp","species":"Garchomp","item":"garchompite","ability":"Rough Skin","moves":["earthquake","dragonclaw","fireblast","swordsdance"],"nature":"Naive","evs":{"hp":0,"atk":252,"def":0,"spa":4,"spd":0,"spe":252},"ivs":{"hp":31,"atk":31,"def":31,"spa":31,"spd":31,"spe":31}},{"name":"Mamoswine","species":"Mamoswine","item":"assaultvest","ability":"Thick Fat","moves":["earthquake","iciclespear","iceshard","knockoff"],"nature":"Adamant","evs":{"hp":28,"atk":252,"def":0,"spa":0,"spd":8,"spe":220},"ivs":{"hp":31,"atk":31,"def":31,"spa":31,"spd":31,"spe":31}},{"name":"Excadrill","species":"Excadrill","item":"lifeorb","ability":"Sand Rush","moves":["earthquake","ironhead","rockslide","swordsdance"],"nature":"Adamant","evs":{"hp":4,"atk":252,"def":0,"spa":0,"spd":0,"spe":252},"ivs":{"hp":31,"atk":31,"def":31,"spa":31,"spd":31,"spe":31}}],"log":["|player|p1|Alliance - Contort|alliancecontort.png","|player|p2|Emg Svu|67","|gametype|singles","|gen|6","|tier|Monotype","|rated","|rule|Baton Pass Clause: Limit one Baton Passer, can't pass Spe and other stats simultaneously","|rule|Swagger Clause: Swagger is banned","|rule|Same Type Clause: Pokémon in a team must share a type","|clearpoke","|poke|p1|Sableye, M","|poke|p1|Mandibuzz, F","|poke|p1|Hoopa-Unbound","|poke|p1|Bisharp, M","|poke|p1|Tyranitar, M","|poke|p1|Weavile, F","|poke|p2|Hippowdon, F","|poke|p2|Gastrodon, M","|poke|p2|Landorus, M","|poke|p2|Garchomp, F","|poke|p2|Mamoswine, M","|poke|p2|Excadrill, M","|rule|Sleep Clause Mod: Limit one foe put to sleep","|rule|Species Clause: Limit one of each Pokémon","|rule|OHKO Clause: OHKO moves are banned","|rule|Moody Clause: Moody is banned","|rule|Evasion Moves Clause: Evasion moves are banned","|rule|Endless Battle Clause: Forcing endless battles is banned","|rule|HP Percentage Mod: HP is shown in percentages","|teampreview","|","|start","|switch|p1a: Weavile|Weavile, F|281/281","|switch|p2a: Hippowdon|Hippowdon, F|420/420","|-ability|p1a: Weavile|Pressure","|-weather|Sandstorm","|turn|1","|","|move|p1a: Weavile|Icicle Crash|p2a: Hippowdon","|-supereffective|p2a: Hippowdon","|-damage|p2a: Hippowdon|194/420","|-damage|p1a: Weavile|253/281|[from] item: Life Orb","|cant|p2a: Hippowdon|flinch","|","|-weather|Sandstorm|[upkeep]","|-damage|p1a: Weavile|236/281|[from] sandstorm","|-heal|p2a: Hippowdon|220/420|[from] item: Leftovers","|turn|2","|","|switch|p2a: Excadrill|Excadrill, M|362/362","|move|p1a: Weavile|Icicle Crash|p2a: Excadrill|[miss]","|-miss|p1a: Weavile|p2a: Excadrill","|","|-weather|Sandstorm|[upkeep]","|-damage|p1a: Weavile|219/281|[from] sandstorm","|turn|3","|","|switch|p1a: Mandibuzz|Mandibuzz, F|423/423","|move|p2a: Excadrill|Iron Head|p1a: Mandibuzz","|-damage|p1a: Mandibuzz|285/423","|-damage|p2a: Excadrill|302/362|[from] item: Rocky Helmet|[of] p1a: Mandibuzz","|-damage|p2a: Excadrill|266/362|[from] item: Life Orb","|","|-weather|Sandstorm|[upkeep]","|turn|4","|","|move|p2a: Excadrill|Swords Dance|p2a: Excadrill","|-boost|p2a: Excadrill|atk|2","|move|p1a: Mandibuzz|Foul Play|p2a: Excadrill","|-damage|p2a: Excadrill|0 fnt","|faint|p2a: Excadrill","|","|-weather|Sandstorm|[upkeep]","|","|switch|p2a: Mamoswine|Mamoswine, M|368/368","|turn|5","|","|move|p2a: Mamoswine|Icicle Spear|p1a: Mandibuzz","|-supereffective|p1a: Mandibuzz","|-damage|p1a: Mandibuzz|211/423","|-supereffective|p1a: Mandibuzz","|-damage|p1a: Mandibuzz|143/423","|-supereffective|p1a: Mandibuzz","|-damage|p1a: Mandibuzz|69/423","|-hitcount|p1a: Mandibuzz|3","|move|p1a: Mandibuzz|Roost|p1a: Mandibuzz","|-heal|p1a: Mandibuzz|281/423","|","|-weather|none","|turn|6","|","|switch|p1a: Bisharp|Bisharp, M|271/271","|move|p2a: Mamoswine|Knock Off|p1a: Bisharp","|-resisted|p1a: Bisharp","|-damage|p1a: Bisharp|202/271","|-enditem|p1a: Bisharp|Life Orb|[from] move: Knock Off|[of] p2a: Mamoswine","|","|turn|7","|","|move|p1a: Bisharp|Sucker Punch|p2a: Mamoswine","|-damage|p2a: Mamoswine|239/368","|move|p2a: Mamoswine|Earthquake|p1a: Bisharp","|-supereffective|p1a: Bisharp","|-damage|p1a: Bisharp|0 fnt","|faint|p1a: Bisharp","|","|","|switch|p1a: Weavile|Weavile, F|219/281","|-ability|p1a: Weavile|Pressure","|turn|8","|","|move|p1a: Weavile|Low Kick|p2a: Mamoswine","|-supereffective|p2a: Mamoswine","|-damage|p2a: Mamoswine|0 fnt","|-damage|p1a: Weavile|191/281|[from] item: Life Orb","|faint|p2a: Mamoswine","|","|","|switch|p2a: Gastrodon|Gastrodon, M|426/426","|turn|9","|","|move|p1a: Weavile|Icicle Crash|p2a: Gastrodon","|-damage|p2a: Gastrodon|249/426","|-damage|p1a: Weavile|163/281|[from] item: Life Orb","|move|p2a: Gastrodon|Scald|p1a: Weavile","|-damage|p1a: Weavile|58/281","|-status|p1a: Weavile|brn","|","|-heal|p2a: Gastrodon|275/426|[from] item: Leftovers","|-damage|p1a: Weavile|23/281 brn|[from] brn","|turn|10","|","|move|p1a: Weavile|Knock Off|p2a: Gastrodon","|-damage|p2a: Gastrodon|185/426","|-enditem|p2a: Gastrodon|Leftovers|[from] move: Knock Off|[of] p1a: Weavile","|-damage|p1a: Weavile|0 fnt|[from] item: Life Orb","|faint|p1a: Weavile","|move|p2a: Gastrodon|Recover|p2a: Gastrodon","|-heal|p2a: Gastrodon|398/426","|","|","|switch|p1a: Hoopa-Unbound|Hoopa-Unbound|301/301","|turn|11","|","|move|p1a: Hoopa-Unbound|Hyperspace Hole|p2a: Gastrodon","|-damage|p2a: Gastrodon|200/426","|move|p2a: Gastrodon|Scald|p1a: Hoopa-Unbound","|-damage|p1a: Hoopa-Unbound|228/301","|-status|p1a: Hoopa-Unbound|brn","|","|-damage|p1a: Hoopa-Unbound|191/301 brn|[from] brn","|turn|12","|","|move|p1a: Hoopa-Unbound|Hyperspace Hole|p2a: Gastrodon","|-damage|p2a: Gastrodon|0 fnt","|faint|p2a: Gastrodon","|","|-damage|p1a: Hoopa-Unbound|154/301 brn|[from] brn","|","|switch|p2a: Hippowdon|Hippowdon, F|220/420","|-weather|Sandstorm","|turn|13","|","|move|p1a: Hoopa-Unbound|Hyperspace Hole|p2a: Hippowdon","|-damage|p2a: Hippowdon|0 fnt","|faint|p2a: Hippowdon","|","|-weather|Sandstorm|[upkeep]","|-damage|p1a: Hoopa-Unbound|136/301 brn|[from] sandstorm","|-damage|p1a: Hoopa-Unbound|99/301 brn|[from] brn","|","|switch|p2a: Garchomp|Garchomp, F|357/357","|turn|14","|","|move|p1a: Hoopa-Unbound|Hyperspace Hole|p2a: Garchomp","|-crit|p2a: Garchomp","|-damage|p2a: Garchomp|44/357","|move|p2a: Garchomp|Dragon Claw|p1a: Hoopa-Unbound","|-damage|p1a: Hoopa-Unbound|0 fnt","|faint|p1a: Hoopa-Unbound","|","|-weather|Sandstorm|[upkeep]","|","|switch|p1a: Mandibuzz|Mandibuzz, F|281/423","|turn|15","|","|detailschange|p2a: Garchomp|Garchomp-Mega, F","|-mega|p2a: Garchomp|Garchomp|Garchompite","|move|p2a: Garchomp|Dragon Claw|p1a: Mandibuzz","|-damage|p1a: Mandibuzz|169/423","|-damage|p2a: Garchomp|0 fnt|[from] item: Rocky Helmet|[of] p1a: Mandibuzz","|faint|p2a: Garchomp","|move|p1a: Mandibuzz|Roost|p1a: Mandibuzz","|-heal|p1a: Mandibuzz|381/423","|","|-weather|Sandstorm|[upkeep]","|","|switch|p2a: Landorus|Landorus, M|319/319","|turn|16","|","|move|p2a: Landorus|Focus Blast|p1a: Mandibuzz","|-damage|p1a: Mandibuzz|131/423","|move|p1a: Mandibuzz|Foul Play|p2a: Landorus","|-damage|p2a: Landorus|183/319","|","|-weather|Sandstorm|[upkeep]","|turn|17","|","|move|p2a: Landorus|Sludge Wave|p1a: Mandibuzz","|-damage|p1a: Mandibuzz|0 fnt","|faint|p1a: Mandibuzz","|","|-weather|none","|","|switch|p1a: Sableye|Sableye, M|303/303","|turn|18","|","|move|p1a: Sableye|Will-O-Wisp|p2a: Landorus","|-status|p2a: Landorus|brn","|move|p2a: Landorus|Earth Power|p1a: Sableye","|-crit|p1a: Sableye","|-damage|p1a: Sableye|0 fnt","|faint|p1a: Sableye","|","|-damage|p2a: Landorus|144/319 brn|[from] brn","|","|switch|p1a: Tyranitar|Tyranitar, M|341/341","|-weather|Sandstorm","|turn|19","|","|move|p2a: Landorus|Focus Blast|p1a: Tyranitar","|-supereffective|p1a: Tyranitar","|-damage|p1a: Tyranitar|0 fnt","|faint|p1a: Tyranitar","|","|win|Emg Svu"],"p1rating":{"entryid":"5814858","serverid":"eos","formatid":"monotype","userid":"alliancecontort","username":"Alliance - Contort","w":"29","l":13,"t":"0","gxe":65.8,"r":"1638.4418632074","rd":"66.035971430349","sigma":"0","rptime":"1439715600","rpr":1624.9614279171,"rprd":65.018015530041,"rpsigma":"0","acre":1228.7860248147,"lacre":1228.7860248147,"oldacre":"1262.980203751"},"p2rating":{"entryid":"7656291","serverid":"eos","formatid":"monotype","userid":"emgsvu","username":"Emg Svu","w":7,"l":"3","t":"0","gxe":58.9,"r":"1576.1249706547","rd":"105.56273244861","sigma":"0","rptime":"1439715600","rpr":1569.8939699861,"rprd":91.228817926555,"rpsigma":"0","acre":1163.1203350944,"lacre":1163.1203350944,"oldacre":"1128.9261561581"},"endType":"normal"}