{"seed":[35600,19176,57518,30928],"turns":37,"p1":"Dragotic","p2":"Legacy - Wisp","p1team":[{"name":"Pinsir","species":"Pinsir","item":"pinsirite","ability":"Moxie","moves":["closecombat","frustration","quickattack","earthquake"],"nature":"Jolly","evs":{"hp":0,"atk":252,"def":0,"spa":0,"spd":4,"spe":252},"happiness":0,"ivs":{"hp":31,"atk":31,"def":31,"spa":31,"spd":31,"spe":31}},{"name":"Scizor","species":"Scizor","item":"occaberry","ability":"Technician","moves":["bulletpunch","superpower","swordsdance","knockoff"],"nature":"Adamant","evs":{"hp":76,"atk":252,"def":0,"spa":0,"spd":8,"spe":172},"ivs":{"hp":31,"atk":31,"def":31,"spa":31,"spd":31,"spe":31}},{"name":"Shuckle","species":"Shuckle","item":"sitrusberry","ability":"Gluttony","moves":["substitute","protect","infestation","toxic"],"nature":"Jolly","evs":{"hp":248,"atk":8,"def":0,"spa":0,"spd":0,"spe":252},"ivs":{"hp":31,"atk":31,"def":31,"spa":31,"spd":31,"spe":31}},{"name":"Galvantula","species":"Galvantula","item":"focussash","ability":"Compound Eyes","moves":["thunder","energyball","stickyweb","bugbuzz"],"nature":"Timid","evs":{"hp":0,"atk":0,"def":0,"spa":252,"spd":4,"spe":252},"ivs":{"hp":31,"atk":31,"def":31,"spa":31,"spd":31,"spe":31}},{"name":"Genesect-Burn","species":"Genesect-Burn","item":"burndrive","ability":"Download","moves":["technoblast","flashcannon","icebeam","triattack"],"nature":"Timid","evs":{"hp":0,"atk":0,"def":0,"spa":252,"spd":4,"spe":252},"ivs":{"hp":31,"atk":31,"def":31,"spa":31,"spd":31,"spe":31}},{"name":"Volcarona","species":"Volcarona","item":"focussash","ability":"Flame Body","moves":["quiverdance","fierydance","hiddenpowerground","gigadrain"],"nature":"Modest","evs":{"hp":0,"atk":0,"def":0,"spa":252,"spd":4,"spe":252},"ivs":{"hp":31,"atk":31,"def":31,"spa":30,"spd":30,"spe":31}}],"p2team":[{"name":"Tek","species":"golurk","item":"focussash","ability":"No Guard","moves":["stealthrock","dynamicpunch","earthquake","stoneedge"],"nature":"Adamant","evs":{"hp":0,"atk":252,"def":4,"spa":0,"spd":0,"spe":252},"ivs":{"hp":31,"atk":31,"def":31,"spa":31,"spd":31,"spe":31}},{"name":"Koume","species":"chandelure","item":"choicescarf","ability":"Flash Fire","moves":["energyball","shadowball","fireblast","hiddenpowerground"],"nature":"Timid","evs":{"hp":0,"atk":0,"def":0,"spa":252,"spd":4,"spe":252},"gender":"F","ivs":{"hp":31,"atk":31,"def":31,"spa":30,"spd":30,"spe":31}},{"name":"Nabooru","species":"jellicent","item":"leftovers","ability":"Cursed Body","moves":["scald","acidarmor","recover","toxic"],"nature":"Calm","evs":{"hp":252,"atk":0,"def":4,"spa":0,"spd":252,"spe":0},"gender":"F","ivs":{"hp":31,"atk":31,"def":31,"spa":31,"spd":31,"spe":0},"shiny":true},{"name":"Naesanh","species":"aegislash","item":"lifeorb","ability":"Stance Change","moves":["ironhead","shadowsneak","sacredsword","swordsdance"],"nature":"Adamant","evs":{"hp":252,"atk":252,"def":4,"spa":0,"spd":0,"spe":0},"gender":"F","ivs":{"hp":31,"atk":31,"def":31,"spa":31,"spd":31,"spe":31}},{"name":"Sen","species":"sableye","item":"sablenite","ability":"Prankster","moves":["fakeout","knockoff","recover","willowisp"],"nature":"Impish","evs":{"hp":248,"atk":8,"def":252,"spa":0,"spd":0,"spe":0},"gender":"M","ivs":{"hp":31,"atk":31,"def":31,"spa":31,"spd":31,"spe":31}},{"name":"Ipse","species":"shedinja","item":"focussash","ability":"Wonder Guard","moves":["secretpower","protect","batonpass","willowisp"],"nature":"Jolly","evs":{"hp":1,"atk":252,"def":1,"spa":1,"spd":1,"spe":252},"shiny":true,"ivs":{"hp":31,"atk":31,"def":31,"spa":31,"spd":31,"spe":31}}],"log":["|player|p1|Dragotic|196","|player|p2|Legacy - Wisp|etrayu.png","|gametype|singles","|gen|6","|tier|Monotype","|rated","|rule|Baton Pass Clause: Limit one Baton Passer, can't pass Spe and other stats simultaneously","|rule|Swagger Clause: Swagger is banned","|rule|Same Type Clause: Pokémon in a team must share a type","|clearpoke","|poke|p1|Pinsir, F","|poke|p1|Scizor, M","|poke|p1|Shuckle, F","|poke|p1|Galvantula, M","|poke|p1|Genesect-*","|poke|p1|Volcarona, F","|poke|p2|Golurk","|poke|p2|Chandelure, F","|poke|p2|Jellicent, F, shiny","|poke|p2|Aegislash, F","|poke|p2|Sableye, M","|poke|p2|Shedinja, shiny","|rule|Sleep Clause Mod: Limit one foe put to sleep","|rule|Species Clause: Limit one of each Pokémon","|rule|OHKO Clause: OHKO moves are banned","|rule|Moody Clause: Moody is banned","|rule|Evasion Moves Clause: Evasion moves are banned","|rule|Endless Battle Clause: Forcing endless battles is banned","|rule|HP Percentage Mod: HP is shown in percentages","|teampreview","|","|start","|switch|p1a: Genesect-Burn|Genesect-Burn|283/283","|switch|p2a: Sen|Sableye, M|303/303","|-boost|p1a: Genesect-Burn|spa|1|[from] ability: Download","|turn|1","|","|detailschange|p2a: Sen|Sableye-Mega, M","|-mega|p2a: Sen|Sableye|Sablenite","|move|p1a: Genesect-Burn|Tri Attack|p2a: Sen","|-immune|p2a: Sen|[msg]","|move|p2a: Sen|Knock Off|p1a: Genesect-Burn","|-damage|p1a: Genesect-Burn|210/283","|","|turn|2","|","|move|p1a: Genesect-Burn|Flash Cannon|p2a: Sen","|-damage|p2a: Sen|108/303","|move|p2a: Sen|Will-O-Wisp|p1a: Genesect-Burn","|-status|p1a: Genesect-Burn|brn","|","|-damage|p1a: Genesect-Burn|175/283 brn|[from] brn","|turn|3","|","|switch|p2a: Ipse|Shedinja, shiny|1/1","|move|p1a: Genesect-Burn|Flash Cannon|p2a: Ipse","|-activate|p2a: Ipse|ability: Wonder Guard","|","|-damage|p1a: Genesect-Burn|140/283 brn|[from] brn","|turn|4","|","|move|p1a: Genesect-Burn|Techno Blast|p2a: Ipse","|-supereffective|p2a: Ipse","|-enditem|p2a: Ipse|Focus Sash","|-damage|p2a: Ipse|1/1","|move|p2a: Ipse|Secret Power|p1a: Genesect-Burn","|-resisted|p1a: Genesect-Burn","|-damage|p1a: Genesect-Burn|108/283 brn","|","|-damage|p1a: Genesect-Burn|73/283 brn|[from] brn","|turn|5","|","|switch|p1a: Volcarona|Volcarona, F|311/311","|move|p2a: Ipse|Protect|p2a: Ipse","|-fail|p2a: Ipse","|","|turn|6","|","|switch|p2a: Nabooru|Jellicent, F, shiny|404/404","|move|p1a: Volcarona|Quiver Dance|p1a: Volcarona","|-boost|p1a: Volcarona|spa|1","|-boost|p1a: Volcarona|spd|1","|-boost|p1a: Volcarona|spe|1","|","|turn|7","|","|move|p1a: Volcarona|Quiver Dance|p1a: Volcarona","|-boost|p1a: Volcarona|spa|1","|-boost|p1a: Volcarona|spd|1","|-boost|p1a: Volcarona|spe|1","|move|p2a: Nabooru|Toxic|p1a: Volcarona","|-status|p1a: Volcarona|tox","|","|-damage|p1a: Volcarona|292/311 tox|[from] psn","|turn|8","|","|switch|p2a: Ipse|Shedinja, shiny|1/1","|move|p1a: Volcarona|Giga Drain|p2a: Ipse","|-activate|p2a: Ipse|ability: Wonder Guard","|","|-damage|p1a: Volcarona|254/311 tox|[from] psn","|turn|9","|","|move|p2a: Ipse|Protect|p2a: Ipse","|-singleturn|p2a: Ipse|Protect","|move|p1a: Volcarona|Fiery Dance|p2a: Ipse","|-activate|p2a: Ipse|Protect","|","|-damage|p1a: Volcarona|197/311 tox|[from] psn","|turn|10","|","|switch|p2a: Koume|Chandelure, F|261/261","|move|p1a: Volcarona|Fiery Dance|p2a: Koume","|-start|p2a: Koume|ability: Flash Fire","|","|-damage|p1a: Volcarona|121/311 tox|[from] psn","|turn|11","|","|-end|p2a: Koume|ability: Flash Fire|[silent]","|switch|p2a: Ipse|Shedinja, shiny|1/1","|move|p1a: Volcarona|Hidden Power|p2a: Ipse","|-activate|p2a: Ipse|ability: Wonder Guard","|","|-damage|p1a: Volcarona|26/311 tox|[from] psn","|turn|12","|","|move|p2a: Ipse|Protect|p2a: Ipse","|-singleturn|p2a: Ipse|Protect","|move|p1a: Volcarona|Fiery Dance|p2a: Ipse","|-activate|p2a: Ipse|Protect","|","|-damage|p1a: Volcarona|0 fnt|[from] psn","|faint|p1a: Volcarona","|","|switch|p1a: Shuckle|Shuckle, F|243/243","|turn|13","|","|switch|p2a: Sen|Sableye-Mega, M|108/303","|move|p1a: Shuckle|Toxic|p2a: Sen","|move|p2a: Sen|Toxic|p1a: Shuckle|[from]Magic Bounce","|-status|p1a: Shuckle|tox","|","|-damage|p1a: Shuckle|228/243 tox|[from] psn","|turn|14","|","|switch|p1a: Genesect-Burn|Genesect-Burn|73/283 brn","|-boost|p1a: Genesect-Burn|spa|1|[from] ability: Download","|move|p2a: Sen|Recover|p2a: Sen","|-heal|p2a: Sen|260/303","|","|-damage|p1a: Genesect-Burn|38/283 brn|[from] brn","|turn|15","|","|switch|p2a: Nabooru|Jellicent, F, shiny|404/404","|move|p1a: Genesect-Burn|Techno Blast|p2a: Nabooru","|-resisted|p2a: Nabooru","|-damage|p2a: Nabooru|337/404","|","|-heal|p2a: Nabooru|362/404|[from] item: Leftovers","|-damage|p1a: Genesect-Burn|3/283 brn|[from] brn","|turn|16","|","|move|p1a: Genesect-Burn|Flash Cannon|p2a: Nabooru","|-resisted|p2a: Nabooru","|-damage|p2a: Nabooru|290/404","|move|p2a: Nabooru|Acid Armor|p2a: Nabooru","|-boost|p2a: Nabooru|def|2","|","|-heal|p2a: Nabooru|315/404|[from] item: Leftovers","|-damage|p1a: Genesect-Burn|0 fnt|[from] brn","|faint|p1a: Genesect-Burn","|","|switch|p1a: Galvantula|Galvantula, M|281/281","|turn|17","|","|switch|p2a: Sen|Sableye-Mega, M|260/303","|move|p1a: Galvantula|Thunder|p2a: Sen","|-damage|p2a: Sen|110/303","|","|turn|18","|","|move|p2a: Sen|Fake Out|p1a: Galvantula","|-damage|p1a: Galvantula|238/281","|cant|p1a: Galvantula|flinch","|","|turn|19","|","|switch|p2a: Tek|Golurk|319/319","|move|p1a: Galvantula|Thunder|p2a: Tek","|-immune|p2a: Tek|[msg]","|","|turn|20","|","|switch|p1a: Shuckle|Shuckle, F|228/243 tox","|switch|p2a: Sen|Sableye-Mega, M|110/303","|","|-damage|p1a: Shuckle|213/243 tox|[from] psn","|turn|21","|","|move|p1a: Shuckle|Infestation|p2a: Sen","|-damage|p2a: Sen|104/303","|-activate|p2a: Sen|move: Infestation|[of] p1a: Shuckle","|move|p2a: Sen|Recover|p2a: Sen","|-heal|p2a: Sen|256/303","|","|-damage|p1a: Shuckle|183/243 tox|[from] psn","|-damage|p2a: Sen|219/303|[from] move: Infestation|[partiallytrapped]","|turn|22","|","|switch|p1a: Scizor|Scizor, M|300/300","|move|p2a: Sen|Knock Off|p1a: Scizor","|-damage|p1a: Scizor|195/300","|-enditem|p1a: Scizor|Occa Berry|[from] move: Knock Off|[of] p2a: Sen","|","|turn|23","|","|move|p1a: Scizor|Swords Dance|p1a: Scizor","|-boost|p1a: Scizor|atk|2","|move|p2a: Sen|Will-O-Wisp|p1a: Scizor","|-status|p1a: Scizor|brn","|","|-damage|p1a: Scizor|158/300 brn|[from] brn","|turn|24","|","|switch|p2a: Ipse|Shedinja, shiny|1/1","|move|p1a: Scizor|Knock Off|p2a: Ipse","|-crit|p2a: Ipse","|-supereffective|p2a: Ipse","|-damage|p2a: Ipse|0 fnt","|faint|p2a: Ipse","|","|-damage|p1a: Scizor|121/300 brn|[from] brn","|","|switch|p2a: Sen|Sableye-Mega, M|219/303","|turn|25","|","|move|p2a: Sen|Fake Out|p1a: Scizor","|-resisted|p1a: Scizor","|-damage|p1a: Scizor|108/300 brn","|cant|p1a: Scizor|flinch","|","|-damage|p1a: Scizor|71/300 brn|[from] brn","|turn|26","|","|move|p1a: Scizor|Knock Off|p2a: Sen","|-damage|p2a: Sen|165/303","|move|p2a: Sen|Recover|p2a: Sen","|-heal|p2a: Sen|303/303","|","|-damage|p1a: Scizor|34/300 brn|[from] brn","|turn|27","|","|move|p1a: Scizor|Knock Off|p2a: Sen","|-damage|p2a: Sen|249/303","|move|p2a: Sen|Recover|p2a: Sen","|-heal|p2a: Sen|303/303","|","|-damage|p1a: Scizor|0 fnt|[from] brn","|faint|p1a: Scizor","|","|switch|p1a: Shuckle|Shuckle, F|183/243 tox","|turn|28","|","|move|p1a: Shuckle|Infestation|p2a: Sen","|-damage|p2a: Sen|297/303","|-activate|p2a: Sen|move: Infestation|[of] p1a: Shuckle","|move|p2a: Sen|Knock Off|p1a: Shuckle","|-damage|p1a: Shuckle|135/243 tox","|-enditem|p1a: Shuckle|Sitrus Berry|[from] move: Knock Off|[of] p2a: Sen","|","|-damage|p1a: Shuckle|120/243 tox|[from] psn","|-damage|p2a: Sen|260/303|[from] move: Infestation|[partiallytrapped]","|turn|29","|","|switch|p1a: Pinsir|Pinsir, F|271/271","|switch|p2a: Nabooru|Jellicent, F, shiny|315/404","|","|-heal|p2a: Nabooru|340/404|[from] item: Leftovers","|turn|30","|","|detailschange|p1a: Pinsir|Pinsir-Mega, F","|-mega|p1a: Pinsir|Pinsir|Pinsirite","|move|p1a: Pinsir|Frustration|p2a: Nabooru","|-damage|p2a: Nabooru|0 fnt","|faint|p2a: Nabooru","|","|","|switch|p2a: Tek|Golurk|319/319","|turn|31","|","|switch|p1a: Shuckle|Shuckle, F|120/243 tox","|move|p2a: Tek|Stone Edge|p1a: Shuckle","|-supereffective|p1a: Shuckle","|-damage|p1a: Shuckle|0 fnt","|faint|p1a: Shuckle","|","|","|switch|p1a: Galvantula|Galvantula, M|238/281","|turn|32","|","|switch|p2a: Sen|Sableye-Mega, M|260/303","|move|p1a: Galvantula|Energy Ball|p2a: Sen","|-damage|p2a: Sen|181/303","|","|turn|33","|","|move|p1a: Galvantula|Thunder|p2a: Sen","|-damage|p2a: Sen|37/303","|move|p2a: Sen|Knock Off|p1a: Galvantula","|-damage|p1a: Galvantula|73/281","|-enditem|p1a: Galvantula|Focus Sash|[from] move: Knock Off|[of] p2a: Sen","|","|turn|34","|","|switch|p2a: Tek|Golurk|319/319","|move|p1a: Galvantula|Energy Ball|p2a: Tek","|-supereffective|p2a: Tek","|-damage|p2a: Tek|95/319","|","|turn|35","|","|move|p1a: Galvantula|Energy Ball|p2a: Tek","|-supereffective|p2a: Tek","|-damage|p2a: Tek|0 fnt","|faint|p2a: Tek","|","|","|switch|p2a: Koume|Chandelure, F|261/261","|turn|36","|","|move|p2a: Koume|Fire Blast|p1a: Galvantula","|-supereffective|p1a: Galvantula","|-damage|p1a: Galvantula|0 fnt","|faint|p1a: Galvantula","|","|","|switch|p1a: Pinsir|Pinsir-Mega, F|271/271","|turn|37","|","|move|p2a: Koume|Fire Blast|p1a: Pinsir","|-supereffective|p1a: Pinsir","|-damage|p1a: Pinsir|0 fnt","|faint|p1a: Pinsir","|","|win|Legacy - Wisp"],"p1rating":{"entryid":"7308894","serverid":"eos","formatid":"monotype","userid":"dragotic","username":"Dragotic","w":"5","l":5,"t":"0","gxe":50,"r":"1498.5140253643","rd":"94.028710668554","sigma":"0","rptime":"1439715600","rpr":1500.042291265,"rprd":88.240970897502,"rpsigma":"0","acre":1079.8551975731,"lacre":1079.8551975731,"oldacre":"1104.9979382956"},"p2rating":{"entryid":"7577028","serverid":"eos","formatid":"monotype","userid":"legacywisp","username":"Legacy - Wisp","w":6,"l":"5","t":"0","gxe":49.7,"r":"1440.6003294899","rd":"92.112611144985","sigma":"0","rptime":"1439715600","rpr":1497.9433621224,"rprd":84.581051532109,"rpsigma":"0","acre":1128.1569292013,"lacre":1128.1569292013,"oldacre":"1103.0141884788"},"endType":"normal"}