{"seed":[10860,9029,35833,8750],"turns":41,"p1":"SL~Pixie","p2":"Crystal Blade64","p1team":[{"name":"Slurpuff","species":"Slurpuff","item":"sitrusberry","ability":"Unburden","moves":["bellydrum","drainpunch","playrough","healbell"],"nature":"Adamant","evs":{"hp":4,"atk":252,"def":0,"spa":0,"spd":0,"spe":252},"ivs":{"hp":31,"atk":31,"def":31,"spa":31,"spd":31,"spe":31}},{"name":"Diancie","species":"Diancie","item":"diancite","ability":"Clear Body","moves":["earthpower","psyshock","diamondstorm","protect"],"nature":"Timid","evs":{"hp":0,"atk":0,"def":0,"spa":252,"spd":4,"spe":252},"ivs":{"hp":31,"atk":31,"def":31,"spa":31,"spd":31,"spe":31}},{"name":"Klefki","species":"Klefki","item":"lightclay","ability":"Prankster","moves":["spikes","lightscreen","reflect","thunderwave"],"nature":"Bold","evs":{"hp":252,"atk":0,"def":252,"spa":4,"spd":0,"spe":0},"ivs":{"hp":31,"atk":31,"def":31,"spa":31,"spd":31,"spe":31}},{"name":"Sylveon","species":"Sylveon","item":"choicespecs","ability":"Pixilate","moves":["hypervoice","psyshock","shadowball","hiddenpowerfire"],"nature":"Modest","evs":{"hp":248,"atk":0,"def":0,"spa":252,"spd":8,"spe":0},"ivs":{"hp":31,"atk":30,"def":31,"spa":30,"spd":31,"spe":30}},{"name":"Togekiss","species":"Togekiss","item":"choicescarf","ability":"Serene Grace","moves":["airslash","aurasphere","psyshock","flamethrower"],"nature":"Timid","evs":{"hp":0,"atk":0,"def":0,"spa":252,"spd":4,"spe":252},"ivs":{"hp":31,"atk":31,"def":31,"spa":30,"spd":30,"spe":31}},{"name":"Azumarill","species":"Azumarill","item":"sitrusberry","ability":"Huge Power","moves":["aquajet","bellydrum","playrough","waterfall"],"nature":"Adamant","evs":{"hp":252,"atk":252,"def":0,"spa":0,"spd":4,"spe":0},"ivs":{"hp":31,"atk":31,"def":31,"spa":31,"spd":31,"spe":31}}],"p2team":[{"name":"Reckless","species":"staraptor","item":"leftovers","ability":"Intimidate","moves":["bravebird","roost","featherdance","defog"],"nature":"Impish","evs":{"hp":252,"atk":4,"def":252,"spa":0,"spd":0,"spe":0},"ivs":{"hp":31,"atk":31,"def":31,"spa":31,"spd":31,"spe":31}},{"name":"BetterThanYou","species":"ditto","item":"choicescarf","ability":"Imposter","moves":["transform"],"nature":"Bold","evs":{"hp":248,"atk":0,"def":252,"spa":0,"spd":8,"spe":0},"happiness":0,"ivs":{"hp":31,"atk":31,"def":31,"spa":31,"spd":31,"spe":31}},{"name":"Nurse Joy pls","species":"chansey","item":"eviolite","ability":"Natural Cure","moves":["aromatherapy","softboiled","thunderwave","seismictoss"],"nature":"Bold","evs":{"hp":248,"atk":0,"def":252,"spa":0,"spd":8,"spe":0},"ivs":{"hp":31,"atk":31,"def":31,"spa":31,"spd":31,"spe":31}},{"name":"EnergizerBunny","species":"lopunny","item":"lopunnite","ability":"Cute Charm","moves":["fakeout","highjumpkick","icepunch","frustration"],"nature":"Jolly","evs":{"hp":4,"atk":252,"def":0,"spa":0,"spd":0,"spe":252},"happiness":0,"ivs":{"hp":31,"atk":31,"def":31,"spa":31,"spd":31,"spe":31}},{"name":"DownloadFreeRAM","species":"porygon2","item":"eviolite","ability":"Trace","moves":["toxic","recover","icebeam","discharge"],"nature":"Bold","evs":{"hp":248,"atk":0,"def":252,"spa":8,"spd":0,"spe":0},"ivs":{"hp":31,"atk":31,"def":31,"spa":31,"spd":31,"spe":31}},{"name":"Diggersby tho","species":"diggersby","item":"choiceband","ability":"Huge Power","moves":["earthquake","quickattack","frustration","uturn"],"nature":"Adamant","evs":{"hp":4,"atk":252,"def":0,"spa":0,"spd":0,"spe":252},"happiness":0,"ivs":{"hp":31,"atk":31,"def":31,"spa":31,"spd":31,"spe":31}}],"log":["|player|p1|SL~Pixie|138","|player|p2|Crystal Blade64|165","|gametype|singles","|gen|6","|tier|Monotype","|rated","|rule|Baton Pass Clause: Limit one Baton Passer, can't pass Spe and other stats simultaneously","|rule|Swagger Clause: Swagger is banned","|rule|Same Type Clause: Pokémon in a team must share a type","|clearpoke","|poke|p1|Slurpuff, F","|poke|p1|Diancie","|poke|p1|Klefki, M","|poke|p1|Sylveon, M","|poke|p1|Togekiss, M","|poke|p1|Azumarill, F","|poke|p2|Staraptor, M","|poke|p2|Ditto","|poke|p2|Chansey, F","|poke|p2|Lopunny, F","|poke|p2|Porygon2","|poke|p2|Diggersby, F","|rule|Sleep Clause Mod: Limit one foe put to sleep","|rule|Species Clause: Limit one of each Pokémon","|rule|OHKO Clause: OHKO moves are banned","|rule|Moody Clause: Moody is banned","|rule|Evasion Moves Clause: Evasion moves are banned","|rule|Endless Battle Clause: Forcing endless battles is banned","|rule|HP Percentage Mod: HP is shown in percentages","|teampreview","|","|start","|switch|p1a: Klefki|Klefki, M|318/318","|switch|p2a: Diggersby tho|Diggersby, F|312/312","|turn|1","|","|switch|p1a: Togekiss|Togekiss, M|311/311","|move|p2a: Diggersby tho|Earthquake|p1a: Togekiss","|-immune|p1a: Togekiss|[msg]","|","|turn|2","|","|switch|p2a: Nurse Joy pls|Chansey, F|703/703","|move|p1a: Togekiss|Air Slash|p2a: Nurse Joy pls","|-damage|p2a: Nurse Joy pls|624/703","|","|turn|3","|","|switch|p1a: Klefki|Klefki, M|318/318","|move|p2a: Nurse Joy pls|Thunder Wave|p1a: Klefki","|-status|p1a: Klefki|par","|","|turn|4","|","|switch|p2a: Diggersby tho|Diggersby, F|312/312","|cant|p1a: Klefki|par","|","|turn|5","|","|move|p1a: Klefki|Reflect|p1a: Klefki","|-sidestart|p1: SL~Pixie|Reflect","|move|p2a: Diggersby tho|Frustration|p1a: Klefki","|-resisted|p1a: Klefki","|-damage|p1a: Klefki|249/318 par","|","|turn|6","|","|switch|p2a: Nurse Joy pls|Chansey, F|624/703","|switch|p1a: Slurpuff|Slurpuff, F|306/306","|","|turn|7","|","|move|p1a: Slurpuff|Belly Drum|p1a: Slurpuff","|-damage|p1a: Slurpuff|153/306","|-setboost|p1a: Slurpuff|atk|6|[from] move: Belly Drum","|-enditem|p1a: Slurpuff|Sitrus Berry|[eat]","|-heal|p1a: Slurpuff|229/306|[from] item: Sitrus Berry","|move|p2a: Nurse Joy pls|Thunder Wave|p1a: Slurpuff","|-status|p1a: Slurpuff|par","|","|turn|8","|","|move|p2a: Nurse Joy pls|Seismic Toss|p1a: Slurpuff","|-damage|p1a: Slurpuff|129/306 par","|move|p1a: Slurpuff|Heal Bell|p1a: Slurpuff","|-cureteam|p1a: Slurpuff|[from] move: HealBell","|","|turn|9","|","|switch|p2a: BetterThanYou|Ditto|299/299","|-transform|p2a: BetterThanYou|p1a: Slurpuff","|move|p1a: Slurpuff|Drain Punch|p2a: BetterThanYou","|-resisted|p2a: BetterThanYou","|-damage|p2a: BetterThanYou|144/299","|-heal|p1a: Slurpuff|207/306|[from] drain|[of] p2a: BetterThanYou","|","|turn|10","|","|move|p1a: Slurpuff|Play Rough|p2a: BetterThanYou|[miss]","|-miss|p1a: Slurpuff|p2a: BetterThanYou","|move|p2a: BetterThanYou|Play Rough|p1a: Slurpuff","|-damage|p1a: Slurpuff|0 fnt","|faint|p1a: Slurpuff","|","|","|switch|p1a: Klefki|Klefki, M|249/318","|turn|11","|","|switch|p2a: Diggersby tho|Diggersby, F|312/312","|move|p1a: Klefki|Thunder Wave|p2a: Diggersby tho","|-immune|p2a: Diggersby tho|[msg]","|","|turn|12","|","|move|p1a: Klefki|Spikes|p2a: Diggersby tho","|-sidestart|p2: Crystal Blade64|Spikes","|move|p2a: Diggersby tho|Earthquake|p1a: Klefki","|-crit|p1a: Klefki","|-supereffective|p1a: Klefki","|-damage|p1a: Klefki|0 fnt","|faint|p1a: Klefki","|","|-sideend|p1: SL~Pixie|Reflect","|","|switch|p1a: Azumarill|Azumarill, F|404/404","|turn|13","|","|switch|p2a: Reckless|Staraptor, M|374/374","|-ability|p2a: Reckless|Intimidate","|-unboost|p1a: Azumarill|atk|1","|move|p1a: Azumarill|Belly Drum|p1a: Azumarill","|-damage|p1a: Azumarill|202/404","|-setboost|p1a: Azumarill|atk|6|[from] move: Belly Drum","|-enditem|p1a: Azumarill|Sitrus Berry|[eat]","|-heal|p1a: Azumarill|303/404|[from] item: Sitrus Berry","|","|turn|14","|","|move|p1a: Azumarill|Aqua Jet|p2a: Reckless","|-damage|p2a: Reckless|74/374","|move|p2a: Reckless|Defog|p1a: Azumarill","|-unboost|p1a: Azumarill|evasion|1","|-sideend|p2: Crystal Blade64|Spikes|[from] move: Defog|[of] p2a: Reckless","|","|-heal|p2a: Reckless|97/374|[from] item: Leftovers","|turn|15","|","|move|p1a: Azumarill|Aqua Jet|p2a: Reckless","|-damage|p2a: Reckless|0 fnt","|faint|p2a: Reckless","|","|","|switch|p2a: BetterThanYou|Ditto|144/299","|-transform|p2a: BetterThanYou|p1a: Azumarill","|turn|16","|","|move|p1a: Azumarill|Aqua Jet|p2a: BetterThanYou","|-resisted|p2a: BetterThanYou","|-damage|p2a: BetterThanYou|0 fnt","|faint|p2a: BetterThanYou","|","|","|switch|p2a: EnergizerBunny|Lopunny, F|272/272","|turn|17","|","|detailschange|p2a: EnergizerBunny|Lopunny-Mega, F","|-mega|p2a: EnergizerBunny|Lopunny|Lopunnite","|move|p2a: EnergizerBunny|Fake Out|p1a: Azumarill","|-damage|p1a: Azumarill|219/404","|cant|p1a: Azumarill|flinch","|","|turn|18","|","|switch|p2a: DownloadFreeRAM|Porygon2|373/373","|-ability|p2a: DownloadFreeRAM|Huge Power|[from] ability: Trace|[of] p1a: Azumarill","|move|p1a: Azumarill|Aqua Jet|p2a: DownloadFreeRAM","|-damage|p2a: DownloadFreeRAM|186/373","|","|turn|19","|","|move|p1a: Azumarill|Aqua Jet|p2a: DownloadFreeRAM","|-damage|p2a: DownloadFreeRAM|0 fnt","|faint|p2a: DownloadFreeRAM","|","|","|switch|p2a: Diggersby tho|Diggersby, F|312/312","|turn|20","|","|move|p2a: Diggersby tho|Quick Attack|p1a: Azumarill","|-damage|p1a: Azumarill|41/404","|move|p1a: Azumarill|Aqua Jet|p2a: Diggersby tho","|-supereffective|p2a: Diggersby tho","|-damage|p2a: Diggersby tho|0 fnt","|faint|p2a: Diggersby tho","|","|","|switch|p2a: EnergizerBunny|Lopunny-Mega, F|272/272","|turn|21","|","|move|p2a: EnergizerBunny|Fake Out|p1a: Azumarill","|-damage|p1a: Azumarill|0 fnt","|faint|p1a: Azumarill","|","|","|switch|p1a: Togekiss|Togekiss, M|311/311","|turn|22","|","|switch|p2a: Nurse Joy pls|Chansey, F|624/703","|move|p1a: Togekiss|Air Slash|p2a: Nurse Joy pls","|-damage|p2a: Nurse Joy pls|545/703","|","|turn|23","|","|switch|p1a: Sylveon|Sylveon, M|393/393","|move|p2a: Nurse Joy pls|Thunder Wave|p1a: Sylveon","|-status|p1a: Sylveon|par","|","|turn|24","|","|move|p2a: Nurse Joy pls|Seismic Toss|p1a: Sylveon","|-damage|p1a: Sylveon|293/393 par","|move|p1a: Sylveon|Hyper Voice|p2a: Nurse Joy pls","|-damage|p2a: Nurse Joy pls|353/703","|","|turn|25","|","|move|p2a: Nurse Joy pls|Soft-Boiled|p2a: Nurse Joy pls","|-heal|p2a: Nurse Joy pls|703/703","|move|p1a: Sylveon|Hyper Voice|p2a: Nurse Joy pls","|-damage|p2a: Nurse Joy pls|522/703","|","|turn|26","|","|move|p2a: Nurse Joy pls|Seismic Toss|p1a: Sylveon","|-damage|p1a: Sylveon|193/393 par","|move|p1a: Sylveon|Hyper Voice|p2a: Nurse Joy pls","|-damage|p2a: Nurse Joy pls|341/703","|","|turn|27","|","|move|p2a: Nurse Joy pls|Soft-Boiled|p2a: Nurse Joy pls","|-heal|p2a: Nurse Joy pls|693/703","|move|p1a: Sylveon|Hyper Voice|p2a: Nurse Joy pls","|-damage|p2a: Nurse Joy pls|486/703","|","|turn|28","|","|move|p2a: Nurse Joy pls|Seismic Toss|p1a: Sylveon","|-damage|p1a: Sylveon|93/393 par","|move|p1a: Sylveon|Hyper Voice|p2a: Nurse Joy pls","|-damage|p2a: Nurse Joy pls|276/703","|","|turn|29","|","|move|p2a: Nurse Joy pls|Soft-Boiled|p2a: Nurse Joy pls","|-heal|p2a: Nurse Joy pls|628/703","|move|p1a: Sylveon|Hyper Voice|p2a: Nurse Joy pls","|-damage|p2a: Nurse Joy pls|448/703","|","|turn|30","|","|move|p2a: Nurse Joy pls|Soft-Boiled|p2a: Nurse Joy pls","|-heal|p2a: Nurse Joy pls|703/703","|cant|p1a: Sylveon|par","|","|turn|31","|","|move|p2a: Nurse Joy pls|Seismic Toss|p1a: Sylveon","|-damage|p1a: Sylveon|0 fnt","|faint|p1a: Sylveon","|","|","|switch|p1a: Diancie|Diancie|241/241","|turn|32","|","|detailschange|p1a: Diancie|Diancie-Mega","|-mega|p1a: Diancie|Diancie|Diancite","|move|p1a: Diancie|Diamond Storm|p2a: Nurse Joy pls","|-miss|p1a: Diancie|p2a: Nurse Joy pls","|move|p2a: Nurse Joy pls|Seismic Toss|p1a: Diancie","|-damage|p1a: Diancie|141/241","|","|turn|33","|","|move|p1a: Diancie|Diamond Storm|p2a: Nurse Joy pls","|-damage|p2a: Nurse Joy pls|495/703","|move|p2a: Nurse Joy pls|Seismic Toss|p1a: Diancie","|-damage|p1a: Diancie|41/241","|","|turn|34","|","|move|p1a: Diancie|Protect|p1a: Diancie","|-singleturn|p1a: Diancie|Protect","|move|p2a: Nurse Joy pls|Seismic Toss|p1a: Diancie","|-activate|p1a: Diancie|Protect","|","|turn|35","|","|switch|p1a: Togekiss|Togekiss, M|311/311","|move|p2a: Nurse Joy pls|Seismic Toss|p1a: Togekiss","|-damage|p1a: Togekiss|211/311","|","|turn|36","|","|move|p1a: Togekiss|Aura Sphere|p2a: Nurse Joy pls","|-supereffective|p2a: Nurse Joy pls","|-damage|p2a: Nurse Joy pls|381/703","|move|p2a: Nurse Joy pls|Thunder Wave|p1a: Togekiss","|-status|p1a: Togekiss|par","|","|turn|37","|","|move|p2a: Nurse Joy pls|Soft-Boiled|p2a: Nurse Joy pls","|-heal|p2a: Nurse Joy pls|703/703","|move|p1a: Togekiss|Aura Sphere|p2a: Nurse Joy pls","|-supereffective|p2a: Nurse Joy pls","|-damage|p2a: Nurse Joy pls|585/703","|","|turn|38","|","|move|p2a: Nurse Joy pls|Seismic Toss|p1a: Togekiss","|-damage|p1a: Togekiss|111/311 par","|move|p1a: Togekiss|Aura Sphere|p2a: Nurse Joy pls","|-supereffective|p2a: Nurse Joy pls","|-damage|p2a: Nurse Joy pls|469/703","|","|turn|39","|","|move|p2a: Nurse Joy pls|Seismic Toss|p1a: Togekiss","|-damage|p1a: Togekiss|11/311 par","|move|p1a: Togekiss|Aura Sphere|p2a: Nurse Joy pls","|-supereffective|p2a: Nurse Joy pls","|-damage|p2a: Nurse Joy pls|361/703","|","|turn|40","|","|move|p2a: Nurse Joy pls|Seismic Toss|p1a: Togekiss","|-damage|p1a: Togekiss|0 fnt","|faint|p1a: Togekiss","|","|","|switch|p1a: Diancie|Diancie-Mega|41/241","|turn|41","|","|move|p1a: Diancie|Earth Power|p2a: Nurse Joy pls","|-damage|p2a: Nurse Joy pls|285/703","|move|p2a: Nurse Joy pls|Seismic Toss|p1a: Diancie","|-damage|p1a: Diancie|0 fnt","|faint|p1a: Diancie","|","|win|Crystal Blade64"],"p1rating":{"entryid":"7506194","serverid":"eos","formatid":"monotype","userid":"slpixie","username":"SL~Pixie","w":"10","l":8,"t":"0","gxe":57.2,"r":"1557.2303416926","rd":"76.20109889985","sigma":"0","rptime":"1439715600","rpr":1555.8886836689,"rprd":72.993109651473,"rpsigma":"0","acre":1178.1583102362,"lacre":1178.1583102362,"oldacre":"1209.5437814357"},"p2rating":{"entryid":"6391332","serverid":"eos","formatid":"monotype","userid":"crystalblade64","username":"Crystal Blade64","w":35,"l":"30","t":"0","gxe":53.9,"r":"1523.5317769919","rd":"45.334907872639","sigma":"0","rptime":"1439715600","rpr":1529.7232629774,"rprd":44.97777925609,"rpsigma":"0","acre":1150.1786102104,"lacre":1150.1786102104,"oldacre":"1118.7931390109"},"endType":"normal"}