{"seed":[17373,15661,48121,22887],"turns":27,"p1":"apex128swift","p2":"Vin Prof Gortex","p1team":[{"name":"Altaria","species":"Altaria","item":"altarianite","ability":"Natural Cure","moves":["hyperbeam","hypervoice","dragonpulse","flamethrower"],"nature":"","evs":{"hp":0,"atk":0,"def":128,"spa":252,"spd":128,"spe":0},"gender":"M","shiny":true,"ivs":{"hp":31,"atk":31,"def":31,"spa":31,"spd":31,"spe":31}},{"name":"Garchomp","species":"Garchomp","item":"choiceband","ability":"Rough Skin","moves":["earthquake","poisonjab","dragonclaw","aquatail"],"nature":"Jolly","evs":{"hp":4,"atk":252,"def":0,"spa":0,"spd":0,"spe":252},"gender":"M","shiny":true,"ivs":{"hp":31,"atk":31,"def":31,"spa":31,"spd":31,"spe":31}},{"name":"Dragonite","species":"Dragonite","item":"damprock","ability":"Multiscale","moves":["raindance","hurricane","thunder","agility"],"nature":"Modest","evs":{"hp":128,"atk":0,"def":0,"spa":252,"spd":0,"spe":128},"gender":"M","shiny":true,"ivs":{"hp":31,"atk":31,"def":31,"spa":31,"spd":31,"spe":31}},{"name":"Dragalge","species":"Dragalge","item":"lifeorb","ability":"Adaptability","moves":["dragonpulse","toxic","sludgewave","thunder"],"nature":"Modest","evs":{"hp":128,"atk":0,"def":0,"spa":128,"spd":252,"spe":0},"gender":"M","shiny":true,"ivs":{"hp":31,"atk":31,"def":31,"spa":31,"spd":31,"spe":31}},{"name":"Haxorus","species":"Haxorus","item":"sitrusberry","ability":"Mold Breaker","moves":["dragondance","dragonclaw","poisonjab","xscissor"],"nature":"Adamant","evs":{"hp":4,"atk":252,"def":0,"spa":0,"spd":0,"spe":252},"gender":"M","shiny":true,"ivs":{"hp":31,"atk":31,"def":31,"spa":31,"spd":31,"spe":31}},{"name":"Salamence","species":"Salamence","item":"widelens","ability":"Moxie","moves":["crunch","dragonrush","rockslide","steelwing"],"nature":"Jolly","evs":{"hp":0,"atk":252,"def":0,"spa":0,"spd":4,"spe":252},"gender":"M","shiny":true,"ivs":{"hp":31,"atk":31,"def":31,"spa":31,"spd":31,"spe":31}}],"p2team":[{"name":"Bisharp","species":"Bisharp","item":"leftovers","ability":"Defiant","moves":["swordsdance","lowkick","suckerpunch","knockoff"],"nature":"Jolly","evs":{"hp":0,"atk":252,"def":0,"spa":0,"spd":4,"spe":252},"ivs":{"hp":31,"atk":31,"def":31,"spa":31,"spd":31,"spe":31}},{"name":"Doublade","species":"Doublade","item":"eviolite","ability":"No Guard","moves":["shadowsneak","swordsdance","ironhead","aerialace"],"nature":"Adamant","evs":{"hp":248,"atk":252,"def":0,"spa":0,"spd":8,"spe":0},"ivs":{"hp":31,"atk":31,"def":31,"spa":31,"spd":31,"spe":31}},{"name":"Ferrothorn","species":"Ferrothorn","item":"rockyhelmet","ability":"Iron Barbs","moves":["powerwhip","leechseed","stealthrock","protect"],"nature":"Impish","evs":{"hp":240,"atk":0,"def":252,"spa":0,"spd":16,"spe":0},"ivs":{"hp":31,"atk":31,"def":31,"spa":31,"spd":31,"spe":31}},{"name":"Heatran","species":"Heatran","item":"leftovers","ability":"Flash Fire","moves":["lavaplume","earthpower","toxic","protect"],"nature":"Calm","evs":{"hp":224,"atk":0,"def":0,"spa":32,"spd":252,"spe":0},"ivs":{"hp":31,"atk":0,"def":31,"spa":31,"spd":31,"spe":31}},{"name":"Skarmory","species":"Skarmory","item":"rockyhelmet","ability":"Sturdy","moves":["bravebird","defog","roost","whirlwind"],"nature":"Impish","evs":{"hp":248,"atk":0,"def":236,"spa":0,"spd":0,"spe":24},"ivs":{"hp":31,"atk":31,"def":31,"spa":31,"spd":31,"spe":31}},{"name":"Lucario","species":"Lucario","item":"choicescarf","ability":"Steadfast","moves":["aurasphere","flashcannon","darkpulse","hiddenpowerice"],"nature":"Timid","evs":{"hp":0,"atk":0,"def":0,"spa":252,"spd":4,"spe":252},"ivs":{"hp":31,"atk":0,"def":30,"spa":31,"spd":31,"spe":31}}],"log":["|player|p1|apex128swift|291","|player|p2|Vin Prof Gortex|80","|gametype|singles","|gen|6","|tier|Monotype","|rated","|rule|Baton Pass Clause: Limit one Baton Passer, can't pass Spe and other stats simultaneously","|rule|Swagger Clause: Swagger is banned","|rule|Same Type Clause: Pokémon in a team must share a type","|clearpoke","|poke|p1|Altaria, M, shiny","|poke|p1|Garchomp, M, shiny","|poke|p1|Dragonite, M, shiny","|poke|p1|Dragalge, M, shiny","|poke|p1|Haxorus, M, shiny","|poke|p1|Salamence, M, shiny","|poke|p2|Bisharp, F","|poke|p2|Doublade, F","|poke|p2|Ferrothorn, F","|poke|p2|Heatran, F","|poke|p2|Skarmory, M","|poke|p2|Lucario, M","|rule|Sleep Clause Mod: Limit one foe put to sleep","|rule|Species Clause: Limit one of each Pokémon","|rule|OHKO Clause: OHKO moves are banned","|rule|Moody Clause: Moody is banned","|rule|Evasion Moves Clause: Evasion moves are banned","|rule|Endless Battle Clause: Forcing endless battles is banned","|rule|HP Percentage Mod: HP is shown in percentages","|teampreview","|","|start","|switch|p1a: Altaria|Altaria, M, shiny|291/291","|switch|p2a: Ferrothorn|Ferrothorn, F|349/349","|turn|1","|","|detailschange|p1a: Altaria|Altaria-Mega, M, shiny","|-mega|p1a: Altaria|Altaria|Altarianite","|move|p1a: Altaria|Flamethrower|p2a: Ferrothorn","|-supereffective|p2a: Ferrothorn","|-damage|p2a: Ferrothorn|29/349","|move|p2a: Ferrothorn|Leech Seed|p1a: Altaria","|-start|p1a: Altaria|move: Leech Seed","|","|-damage|p1a: Altaria|255/291|[from] Leech Seed|[of] p2a: Ferrothorn","|-heal|p2a: Ferrothorn|65/349|[silent]","|turn|2","|","|move|p2a: Ferrothorn|Protect|p2a: Ferrothorn","|-singleturn|p2a: Ferrothorn|Protect","|move|p1a: Altaria|Flamethrower|p2a: Ferrothorn","|-activate|p2a: Ferrothorn|Protect","|","|-damage|p1a: Altaria|219/291|[from] Leech Seed|[of] p2a: Ferrothorn","|-heal|p2a: Ferrothorn|101/349|[silent]","|turn|3","|","|switch|p2a: Heatran|Heatran, F|379/379","|move|p1a: Altaria|Flamethrower|p2a: Heatran","|-start|p2a: Heatran|ability: Flash Fire","|","|-damage|p1a: Altaria|183/291|[from] Leech Seed|[of] p2a: Heatran","|turn|4","|","|switch|p1a: Dragonite|Dragonite, M, shiny|355/355","|move|p2a: Heatran|Toxic|p1a: Dragonite","|-status|p1a: Dragonite|tox","|","|-damage|p1a: Dragonite|333/355 tox|[from] psn","|turn|5","|","|move|p2a: Heatran|Protect|p2a: Heatran","|-singleturn|p2a: Heatran|Protect","|move|p1a: Dragonite|Rain Dance|p1a: Dragonite","|-weather|RainDance","|","|-weather|RainDance|[upkeep]","|-damage|p1a: Dragonite|289/355 tox|[from] psn","|turn|6","|","|move|p1a: Dragonite|Hurricane|p2a: Heatran","|-resisted|p2a: Heatran","|-damage|p2a: Heatran|313/379","|move|p2a: Heatran|Lava Plume|p1a: Dragonite","|-crit|p1a: Dragonite","|-resisted|p1a: Dragonite","|-damage|p1a: Dragonite|221/355 tox","|","|-weather|RainDance|[upkeep]","|-heal|p2a: Heatran|336/379|[from] item: Leftovers","|-damage|p1a: Dragonite|155/355 tox|[from] psn","|turn|7","|","|move|p2a: Heatran|Protect|p2a: Heatran","|-singleturn|p2a: Heatran|Protect","|move|p1a: Dragonite|Thunder|p2a: Heatran","|-activate|p2a: Heatran|Protect","|","|-weather|RainDance|[upkeep]","|-heal|p2a: Heatran|359/379|[from] item: Leftovers","|-damage|p1a: Dragonite|67/355 tox|[from] psn","|turn|8","|","|-end|p2a: Heatran|ability: Flash Fire|[silent]","|switch|p2a: Ferrothorn|Ferrothorn, F|101/349","|move|p1a: Dragonite|Thunder|p2a: Ferrothorn","|-resisted|p2a: Ferrothorn","|-damage|p2a: Ferrothorn|46/349","|","|-weather|RainDance|[upkeep]","|-damage|p1a: Dragonite|0 fnt|[from] psn","|faint|p1a: Dragonite","|","|switch|p1a: Garchomp|Garchomp, M, shiny|358/358","|turn|9","|","|move|p1a: Garchomp|Earthquake|p2a: Ferrothorn","|-damage|p2a: Ferrothorn|0 fnt","|faint|p2a: Ferrothorn","|","|-weather|RainDance|[upkeep]","|","|switch|p2a: Lucario|Lucario, M|281/281","|turn|10","|","|move|p2a: Lucario|Hidden Power|p1a: Garchomp","|-supereffective|p1a: Garchomp","|-damage|p1a: Garchomp|34/358","|move|p1a: Garchomp|Earthquake|p2a: Lucario","|-supereffective|p2a: Lucario","|-damage|p2a: Lucario|0 fnt","|faint|p2a: Lucario","|","|-weather|RainDance|[upkeep]","|","|switch|p2a: Doublade|Doublade, F|321/321","|turn|11","|","|switch|p1a: Salamence|Salamence, M, shiny|331/331","|move|p2a: Doublade|Swords Dance|p2a: Doublade","|-boost|p2a: Doublade|atk|2","|","|-weather|RainDance|[upkeep]","|turn|12","|","|move|p1a: Salamence|Dragon Rush|p2a: Doublade","|-crit|p2a: Doublade","|-resisted|p2a: Doublade","|-damage|p2a: Doublade|256/321","|move|p2a: Doublade|Iron Head|p1a: Salamence","|-damage|p1a: Salamence|0 fnt","|faint|p1a: Salamence","|","|-weather|none","|","|switch|p1a: Dragalge|Dragalge, M, shiny|303/303","|turn|13","|","|move|p1a: Dragalge|Thunder|p2a: Doublade","|-damage|p2a: Doublade|95/321","|-status|p2a: Doublade|par","|-damage|p1a: Dragalge|273/303|[from] item: Life Orb","|cant|p2a: Doublade|par","|","|turn|14","|","|move|p2a: Doublade|Shadow Sneak|p1a: Dragalge","|-damage|p1a: Dragalge|125/303","|move|p1a: Dragalge|Thunder|p2a: Doublade","|-damage|p2a: Doublade|0 fnt","|-damage|p1a: Dragalge|95/303|[from] item: Life Orb","|faint|p2a: Doublade","|","|","|switch|p2a: Bisharp|Bisharp, F|271/271","|turn|15","|","|move|p2a: Bisharp|Knock Off|p1a: Dragalge","|-damage|p1a: Dragalge|0 fnt","|-enditem|p1a: Dragalge|Life Orb|[from] move: Knock Off|[of] p2a: Bisharp","|faint|p1a: Dragalge","|","|","|switch|p1a: Altaria|Altaria-Mega, M, shiny|183/291","|turn|16","|","|move|p2a: Bisharp|Sucker Punch|p1a: Altaria","|-crit|p1a: Altaria","|-resisted|p1a: Altaria","|-damage|p1a: Altaria|98/291","|move|p1a: Altaria|Flamethrower|p2a: Bisharp","|-supereffective|p2a: Bisharp","|-damage|p2a: Bisharp|29/271","|","|-heal|p2a: Bisharp|45/271|[from] item: Leftovers","|turn|17","|","|switch|p2a: Heatran|Heatran, F|359/379","|move|p1a: Altaria|Flamethrower|p2a: Heatran","|-start|p2a: Heatran|ability: Flash Fire","|","|-heal|p2a: Heatran|379/379|[from] item: Leftovers","|turn|18","|","|switch|p1a: Haxorus|Haxorus, M, shiny|294/294","|-ability|p1a: Haxorus|Mold Breaker","|move|p2a: Heatran|Toxic|p1a: Haxorus","|-status|p1a: Haxorus|tox","|","|-damage|p1a: Haxorus|276/294 tox|[from] psn","|turn|19","|","|move|p2a: Heatran|Protect|p2a: Heatran","|-singleturn|p2a: Heatran|Protect","|move|p1a: Haxorus|Dragon Dance|p1a: Haxorus","|-boost|p1a: Haxorus|atk|1","|-boost|p1a: Haxorus|spe|1","|","|-damage|p1a: Haxorus|240/294 tox|[from] psn","|turn|20","|","|-end|p2a: Heatran|ability: Flash Fire|[silent]","|switch|p2a: Skarmory|Skarmory, M|333/333","|move|p1a: Haxorus|Dragon Claw|p2a: Skarmory","|-resisted|p2a: Skarmory","|-damage|p2a: Skarmory|260/333","|-damage|p1a: Haxorus|191/294 tox|[from] item: Rocky Helmet|[of] p2a: Skarmory","|","|-damage|p1a: Haxorus|137/294 tox|[from] psn","|-enditem|p1a: Haxorus|Sitrus Berry|[eat]","|-heal|p1a: Haxorus|210/294 tox|[from] item: Sitrus Berry","|turn|21","|","|move|p1a: Haxorus|Dragon Dance|p1a: Haxorus","|-boost|p1a: Haxorus|atk|1","|-boost|p1a: Haxorus|spe|1","|move|p2a: Skarmory|Roost|p2a: Skarmory","|-heal|p2a: Skarmory|333/333","|","|-damage|p1a: Haxorus|138/294 tox|[from] psn","|turn|22","|","|move|p1a: Haxorus|Dragon Claw|p2a: Skarmory","|-resisted|p2a: Skarmory","|-damage|p2a: Skarmory|227/333","|-damage|p1a: Haxorus|89/294 tox|[from] item: Rocky Helmet|[of] p2a: Skarmory","|move|p2a: Skarmory|Roost|p2a: Skarmory","|-heal|p2a: Skarmory|333/333","|","|-damage|p1a: Haxorus|0 fnt|[from] psn","|faint|p1a: Haxorus","|","|switch|p1a: Altaria|Altaria-Mega, M, shiny|98/291","|turn|23","|","|switch|p2a: Heatran|Heatran, F|379/379","|move|p1a: Altaria|Flamethrower|p2a: Heatran","|-start|p2a: Heatran|ability: Flash Fire","|","|turn|24","|","|switch|p1a: Garchomp|Garchomp, M, shiny|34/358","|move|p2a: Heatran|Toxic|p1a: Garchomp","|-status|p1a: Garchomp|tox","|","|-damage|p1a: Garchomp|12/358 tox|[from] psn","|turn|25","|","|move|p2a: Heatran|Protect|p2a: Heatran","|-singleturn|p2a: Heatran|Protect","|move|p1a: Garchomp|Earthquake|p2a: Heatran","|-activate|p2a: Heatran|Protect","|","|-damage|p1a: Garchomp|0 fnt|[from] psn","|faint|p1a: Garchomp","|","|switch|p1a: Altaria|Altaria-Mega, M, shiny|98/291","|turn|26","|","|move|p1a: Altaria|Dragon Pulse|p2a: Heatran","|-crit|p2a: Heatran","|-resisted|p2a: Heatran","|-damage|p2a: Heatran|305/379","|move|p2a: Heatran|Toxic|p1a: Altaria","|-status|p1a: Altaria|tox","|","|-heal|p2a: Heatran|328/379|[from] item: Leftovers","|-damage|p1a: Altaria|80/291 tox|[from] psn","|turn|27","|","|win|Vin Prof Gortex"],"p1rating":{"entryid":"7667880","serverid":"eos","formatid":"monotype","userid":"apex128swift","username":"apex128swift","w":"3","l":3,"t":"0","gxe":48.1,"r":"1500","rd":"130","sigma":"0","rptime":"1439715600","rpr":1485.0147031448,"rprd":99.134716124024,"rpsigma":"0","acre":1071.2646872023,"lacre":1071.2646872023,"oldacre":"1089.8292775241"},"p2rating":{"entryid":"6198402","serverid":"eos","formatid":"monotype","userid":"vinprofgortex","username":"Vin Prof Gortex","w":13,"l":"5","t":"0","gxe":64.5,"r":"1617.21901878","rd":"89.459690151726","sigma":"0","rptime":"1439715600","rpr":1615.1384886009,"rprd":83.366002172636,"rpsigma":"0","acre":1183.3568587906,"lacre":1183.3568587906,"oldacre":"1163.5857496863"},"endType":"forfeit"}