{"seed":[65266,52642,8055,9837],"turns":22,"p1":"Blizzardbuffalo123","p2":"Alliance-Mental1st","p1team":[{"name":"Shuckle","species":"Shuckle","item":"leftovers","ability":"Contrary","moves":["shellsmash","toxic","stealthrock","stickyweb"],"nature":"Timid","evs":{"hp":252,"atk":0,"def":0,"spa":0,"spd":4,"spe":252},"ivs":{"hp":31,"atk":31,"def":31,"spa":31,"spd":31,"spe":31}},{"name":"Pinsir","species":"Pinsir","item":"pinsirite","ability":"Hyper Cutter","moves":["swordsdance","quickattack","earthquake","knockoff"],"nature":"Adamant","evs":{"hp":248,"atk":252,"def":0,"spa":0,"spd":8,"spe":0},"ivs":{"hp":31,"atk":31,"def":31,"spa":31,"spd":31,"spe":31}},{"name":"Escavalier","species":"Escavalier","item":"assaultvest","ability":"Overcoat","moves":["drillrun","megahorn","knockoff","ironhead"],"nature":"Adamant","evs":{"hp":248,"atk":252,"def":0,"spa":0,"spd":8,"spe":0},"ivs":{"hp":31,"atk":31,"def":31,"spa":31,"spd":31,"spe":31}},{"name":"Vespiquen","species":"Vespiquen","item":"insectplate","ability":"Pressure","moves":["attackorder","defendorder","airslash","healorder"],"nature":"Gentle","evs":{"hp":0,"atk":252,"def":0,"spa":4,"spd":0,"spe":252},"ivs":{"hp":31,"atk":31,"def":31,"spa":31,"spd":31,"spe":31}},{"name":"Genesect-Douse","species":"Genesect-Douse","item":"dousedrive","ability":"Download","moves":["extremespeed","technoblast","blazekick","darkpulse"],"nature":"Hasty","evs":{"hp":0,"atk":252,"def":0,"spa":4,"spd":0,"spe":252},"shiny":true,"ivs":{"hp":31,"atk":31,"def":31,"spa":31,"spd":31,"spe":31}},{"name":"Volcarona","species":"Volcarona","item":"leftovers","ability":"Flame Body","moves":["quiverdance","fierydance","bugbuzz","gigadrain"],"nature":"Modest","evs":{"hp":0,"atk":0,"def":0,"spa":252,"spd":4,"spe":252},"ivs":{"hp":31,"atk":31,"def":31,"spa":31,"spd":31,"spe":31}}],"p2team":[{"name":"Jirachi","species":"Jirachi","item":"choicescarf","ability":"Serene Grace","moves":["ironhead","trick","healingwish","uturn"],"nature":"Jolly","evs":{"hp":0,"atk":252,"def":0,"spa":0,"spd":4,"spe":252},"ivs":{"hp":31,"atk":31,"def":31,"spa":31,"spd":31,"spe":31}},{"name":"Victini","species":"Victini","item":"choicescarf","ability":"Victory Star","moves":["vcreate","boltstrike","zenheadbutt","blueflare"],"nature":"Adamant","evs":{"hp":0,"atk":252,"def":0,"spa":0,"spd":4,"spe":252},"ivs":{"hp":31,"atk":31,"def":31,"spa":31,"spd":31,"spe":31}},{"name":"Mew","species":"Mew","item":"leftovers","ability":"Synchronize","moves":["roost","stealthrock","defog","willowisp"],"nature":"Calm","evs":{"hp":252,"atk":0,"def":4,"spa":0,"spd":144,"spe":108},"ivs":{"hp":31,"atk":31,"def":31,"spa":31,"spd":31,"spe":31}},{"name":"Gardevoir","species":"Gardevoir","item":"gardevoirite","ability":"Trace","moves":["hypervoice","psyshock","focusblast","substitute"],"nature":"Timid","evs":{"hp":0,"atk":0,"def":0,"spa":252,"spd":4,"spe":252},"ivs":{"hp":31,"atk":31,"def":31,"spa":31,"spd":31,"spe":31}},{"name":"Meloetta","species":"Meloetta","item":"assaultvest","ability":"Serene Grace","moves":["focusblast","psyshock","energyball","shadowball"],"nature":"Modest","evs":{"hp":248,"atk":0,"def":0,"spa":252,"spd":8,"spe":0},"ivs":{"hp":31,"atk":31,"def":31,"spa":31,"spd":31,"spe":31}},{"name":"Slowbro","species":"Slowbro","item":"rockyhelmet","ability":"Regenerator","moves":["slackoff","scald","fireblast","thunderwave"],"nature":"Bold","evs":{"hp":248,"atk":0,"def":252,"spa":8,"spd":0,"spe":0},"ivs":{"hp":31,"atk":31,"def":31,"spa":31,"spd":31,"spe":31}}],"log":["|player|p1|Blizzardbuffalo123|3","|player|p2|Alliance-Mental1st|184","|gametype|singles","|gen|6","|tier|Monotype","|rated","|rule|Baton Pass Clause: Limit one Baton Passer, can't pass Spe and other stats simultaneously","|rule|Swagger Clause: Swagger is banned","|rule|Same Type Clause: Pokémon in a team must share a type","|clearpoke","|poke|p1|Shuckle, F","|poke|p1|Pinsir, M","|poke|p1|Escavalier, F","|poke|p1|Vespiquen, F","|poke|p1|Genesect-*, shiny","|poke|p1|Volcarona, F","|poke|p2|Jirachi","|poke|p2|Victini","|poke|p2|Mew","|poke|p2|Gardevoir, M","|poke|p2|Meloetta","|poke|p2|Slowbro, M","|rule|Sleep Clause Mod: Limit one foe put to sleep","|rule|Species Clause: Limit one of each Pokémon","|rule|OHKO Clause: OHKO moves are banned","|rule|Moody Clause: Moody is banned","|rule|Evasion Moves Clause: Evasion moves are banned","|rule|Endless Battle Clause: Forcing endless battles is banned","|rule|HP Percentage Mod: HP is shown in percentages","|teampreview","|","|start","|switch|p1a: Vespiquen|Vespiquen, F|281/281","|switch|p2a: Jirachi|Jirachi|341/341","|-ability|p1a: Vespiquen|Pressure","|turn|1","|","|move|p2a: Jirachi|Iron Head|p1a: Vespiquen","|-damage|p1a: Vespiquen|140/281","|cant|p1a: Vespiquen|flinch","|","|turn|2","|","|move|p2a: Jirachi|Iron Head|p1a: Vespiquen","|-damage|p1a: Vespiquen|19/281","|move|p1a: Vespiquen|Heal Order|p1a: Vespiquen","|-heal|p1a: Vespiquen|160/281","|","|turn|3","|","|move|p2a: Jirachi|Iron Head|p1a: Vespiquen","|-damage|p1a: Vespiquen|21/281","|cant|p1a: Vespiquen|flinch","|","|turn|4","|","|move|p2a: Jirachi|Iron Head|p1a: Vespiquen","|-damage|p1a: Vespiquen|0 fnt","|faint|p1a: Vespiquen","|","|","|switch|p1a: Escavalier|Escavalier, F|343/343","|turn|5","|","|switch|p2a: Slowbro|Slowbro, M|393/393","|move|p1a: Escavalier|Megahorn|p2a: Slowbro","|-supereffective|p2a: Slowbro","|-damage|p2a: Slowbro|39/393","|-damage|p1a: Escavalier|286/343|[from] item: Rocky Helmet|[of] p2a: Slowbro","|","|turn|6","|","|switch|p2a: Mew|Mew|404/404","|move|p1a: Escavalier|Megahorn|p2a: Mew|[miss]","|-miss|p1a: Escavalier|p2a: Mew","|","|turn|7","|","|move|p2a: Mew|Stealth Rock|p1a: Escavalier","|-sidestart|p1: Blizzardbuffalo123|move: Stealth Rock","|move|p1a: Escavalier|Megahorn|p2a: Mew","|-supereffective|p2a: Mew","|-damage|p2a: Mew|0 fnt","|faint|p2a: Mew","|","|","|switch|p2a: Victini|Victini|341/341","|turn|8","|","|move|p2a: Victini|V-create|p1a: Escavalier","|-supereffective|p1a: Escavalier","|-damage|p1a: Escavalier|0 fnt","|-unboost|p2a: Victini|spe|1","|-unboost|p2a: Victini|def|1","|-unboost|p2a: Victini|spd|1","|faint|p1a: Escavalier","|","|","|switch|p1a: Genesect-Douse|Genesect-Douse, shiny|283/283","|-damage|p1a: Genesect-Douse|248/283|[from] Stealth Rock","|-boost|p1a: Genesect-Douse|atk|1|[from] ability: Download","|turn|9","|","|move|p1a: Genesect-Douse|Extreme Speed|p2a: Victini","|-damage|p2a: Victini|142/341","|move|p2a: Victini|V-create|p1a: Genesect-Douse","|-supereffective|p1a: Genesect-Douse","|-damage|p1a: Genesect-Douse|0 fnt","|-unboost|p2a: Victini|spe|1","|-unboost|p2a: Victini|def|1","|-unboost|p2a: Victini|spd|1","|faint|p1a: Genesect-Douse","|","|","|switch|p1a: Pinsir|Pinsir, M|333/333","|-damage|p1a: Pinsir|250/333|[from] Stealth Rock","|turn|10","|","|switch|p2a: Jirachi|Jirachi|341/341","|detailschange|p1a: Pinsir|Pinsir-Mega, M","|-mega|p1a: Pinsir|Pinsir|Pinsirite","|move|p1a: Pinsir|Quick Attack|p2a: Jirachi","|-resisted|p2a: Jirachi","|-damage|p2a: Jirachi|280/341","|","|turn|11","|","|move|p2a: Jirachi|Healing Wish|p2a: Jirachi","|faint|p2a: Jirachi","|move|p1a: Pinsir|Swords Dance|p1a: Pinsir","|-boost|p1a: Pinsir|atk|2","|","|","|switch|p2a: Victini|Victini|142/341","|-heal|p2a: Victini|341/341|[from] move: Healing Wish","|turn|12","|","|move|p2a: Victini|V-create|p1a: Pinsir","|-supereffective|p1a: Pinsir","|-damage|p1a: Pinsir|0 fnt","|-unboost|p2a: Victini|spe|1","|-unboost|p2a: Victini|def|1","|-unboost|p2a: Victini|spd|1","|faint|p1a: Pinsir","|","|","|switch|p1a: Volcarona|Volcarona, F|311/311","|-damage|p1a: Volcarona|156/311|[from] Stealth Rock","|turn|13","|","|move|p1a: Volcarona|Bug Buzz|p2a: Victini","|-damage|p2a: Victini|91/341","|move|p2a: Victini|V-create|p1a: Volcarona","|-crit|p1a: Volcarona","|-damage|p1a: Volcarona|0 fnt","|-unboost|p2a: Victini|spe|1","|-unboost|p2a: Victini|def|1","|-unboost|p2a: Victini|spd|1","|faint|p1a: Volcarona","|","|","|switch|p1a: Shuckle|Shuckle, F|244/244","|-damage|p1a: Shuckle|183/244|[from] Stealth Rock","|turn|14","|","|switch|p2a: Meloetta|Meloetta|403/403","|move|p1a: Shuckle|Toxic|p2a: Meloetta","|-status|p2a: Meloetta|tox","|","|-heal|p1a: Shuckle|198/244|[from] item: Leftovers","|-damage|p2a: Meloetta|378/403 tox|[from] psn","|turn|15","|","|move|p2a: Meloetta|Shadow Ball|p1a: Shuckle","|-damage|p1a: Shuckle|146/244","|move|p1a: Shuckle|Shell Smash|p1a: Shuckle","|-boost|p1a: Shuckle|def|1","|-boost|p1a: Shuckle|spd|1","|-unboost|p1a: Shuckle|atk|2","|-unboost|p1a: Shuckle|spa|2","|-unboost|p1a: Shuckle|spe|2","|","|-heal|p1a: Shuckle|161/244|[from] item: Leftovers","|-damage|p2a: Meloetta|328/403 tox|[from] psn","|turn|16","|","|move|p2a: Meloetta|Shadow Ball|p1a: Shuckle","|-damage|p1a: Shuckle|129/244","|move|p1a: Shuckle|Stealth Rock|p2a: Meloetta","|-sidestart|p2: Alliance-Mental1st|move: Stealth Rock","|","|-heal|p1a: Shuckle|144/244|[from] item: Leftovers","|-damage|p2a: Meloetta|253/403 tox|[from] psn","|turn|17","|","|move|p2a: Meloetta|Shadow Ball|p1a: Shuckle","|-damage|p1a: Shuckle|109/244","|move|p1a: Shuckle|Shell Smash|p1a: Shuckle","|-boost|p1a: Shuckle|def|1","|-boost|p1a: Shuckle|spd|1","|-unboost|p1a: Shuckle|atk|2","|-unboost|p1a: Shuckle|spa|2","|-unboost|p1a: Shuckle|spe|2","|","|-heal|p1a: Shuckle|124/244|[from] item: Leftovers","|-damage|p2a: Meloetta|153/403 tox|[from] psn","|turn|18","|","|move|p2a: Meloetta|Shadow Ball|p1a: Shuckle","|-damage|p1a: Shuckle|100/244","|-boost|p1a: Shuckle|spd|1","|move|p1a: Shuckle|Sticky Web|p2a: Meloetta","|-sidestart|p2: Alliance-Mental1st|move: Sticky Web","|","|-heal|p1a: Shuckle|115/244|[from] item: Leftovers","|-damage|p2a: Meloetta|28/403 tox|[from] psn","|turn|19","|","|move|p2a: Meloetta|Shadow Ball|p1a: Shuckle","|-damage|p1a: Shuckle|95/244","|move|p1a: Shuckle|Shell Smash|p1a: Shuckle","|-boost|p1a: Shuckle|def|1","|-boost|p1a: Shuckle|spd|1","|-unboost|p1a: Shuckle|atk|2","|-unboost|p1a: Shuckle|spa|2","|-unboost|p1a: Shuckle|spe|2","|","|-heal|p1a: Shuckle|110/244|[from] item: Leftovers","|-damage|p2a: Meloetta|0 fnt|[from] psn","|faint|p2a: Meloetta","|","|switch|p2a: Slowbro|Slowbro, M|170/393","|-activate|p2a: Slowbro|move: Sticky Web","|-unboost|p2a: Slowbro|spe|1","|-damage|p2a: Slowbro|121/393|[from] Stealth Rock","|turn|20","|","|move|p2a: Slowbro|Slack Off|p2a: Slowbro","|-heal|p2a: Slowbro|318/393","|move|p1a: Shuckle|Toxic|p2a: Slowbro|[miss]","|-miss|p1a: Shuckle|p2a: Slowbro","|","|-heal|p1a: Shuckle|125/244|[from] item: Leftovers","|turn|21","|","|move|p2a: Slowbro|Scald|p1a: Shuckle","|-supereffective|p1a: Shuckle","|-damage|p1a: Shuckle|95/244","|-status|p1a: Shuckle|brn","|move|p1a: Shuckle|Toxic|p2a: Slowbro","|-status|p2a: Slowbro|tox","|","|-heal|p1a: Shuckle|110/244 brn|[from] item: Leftovers","|-damage|p2a: Slowbro|294/393 tox|[from] psn","|-damage|p1a: Shuckle|80/244 brn|[from] brn","|turn|22","|","|move|p2a: Slowbro|Scald|p1a: Shuckle","|-crit|p1a: Shuckle","|-supereffective|p1a: Shuckle","|-damage|p1a: Shuckle|0 fnt","|faint|p1a: Shuckle","|","|win|Alliance-Mental1st"],"p1rating":{"entryid":"5731593","serverid":"eos","formatid":"monotype","userid":"blizzardbuffalo123","username":"Blizzardbuffalo123","w":"30","l":214,"t":"0","gxe":15.2,"r":"1169.2884925121","rd":"48.440992646531","sigma":"0","rptime":"1439715600","rpr":1173.5390697839,"rprd":47.521436604068,"rpsigma":"0","acre":1023.1316338791,"lacre":1023.1316338791,"oldacre":"1036.9170603944"},"p2rating":{"entryid":"7411242","serverid":"eos","formatid":"monotype","userid":"alliancemental1st","username":"Alliance-Mental1st","w":4,"l":"5","t":"0","gxe":46.1,"r":1462.1026212066,"rd":92.885567711449,"sigma":"0","rptime":1439715600,"rpr":1469.6247652535,"rprd":91.198538763212,"rpsigma":"0","acre":1101.6036061193,"lacre":1101.6036061193,"oldacre":"1076.2638761051"},"endType":"normal"}