{"seed":[57789,9999,13472,23428],"turns":18,"p1":"SL~Pixie","p2":"Emg Svu","p1team":[{"name":"Slurpuff","species":"Slurpuff","item":"sitrusberry","ability":"Unburden","moves":["bellydrum","drainpunch","playrough","healbell"],"nature":"Adamant","evs":{"hp":4,"atk":252,"def":0,"spa":0,"spd":0,"spe":252},"ivs":{"hp":31,"atk":31,"def":31,"spa":31,"spd":31,"spe":31}},{"name":"Diancie","species":"Diancie","item":"diancite","ability":"Clear Body","moves":["earthpower","psyshock","diamondstorm","protect"],"nature":"Timid","evs":{"hp":0,"atk":0,"def":0,"spa":252,"spd":4,"spe":252},"ivs":{"hp":31,"atk":31,"def":31,"spa":31,"spd":31,"spe":31}},{"name":"Klefki","species":"Klefki","item":"lightclay","ability":"Prankster","moves":["spikes","lightscreen","reflect","thunderwave"],"nature":"Bold","evs":{"hp":252,"atk":0,"def":252,"spa":4,"spd":0,"spe":0},"ivs":{"hp":31,"atk":31,"def":31,"spa":31,"spd":31,"spe":31}},{"name":"Sylveon","species":"Sylveon","item":"choicespecs","ability":"Pixilate","moves":["hypervoice","psyshock","shadowball","hiddenpowerfire"],"nature":"Modest","evs":{"hp":248,"atk":0,"def":0,"spa":252,"spd":8,"spe":0},"ivs":{"hp":31,"atk":30,"def":31,"spa":30,"spd":31,"spe":30}},{"name":"Togekiss","species":"Togekiss","item":"choicescarf","ability":"Serene Grace","moves":["airslash","aurasphere","psyshock","flamethrower"],"nature":"Timid","evs":{"hp":0,"atk":0,"def":0,"spa":252,"spd":4,"spe":252},"ivs":{"hp":31,"atk":31,"def":31,"spa":30,"spd":30,"spe":31}},{"name":"Azumarill","species":"Azumarill","item":"sitrusberry","ability":"Huge Power","moves":["aquajet","bellydrum","playrough","waterfall"],"nature":"Adamant","evs":{"hp":252,"atk":252,"def":0,"spa":0,"spd":4,"spe":0},"ivs":{"hp":31,"atk":31,"def":31,"spa":31,"spd":31,"spe":31}}],"p2team":[{"name":"Hippowdon","species":"Hippowdon","item":"leftovers","ability":"Sand Stream","moves":["earthquake","icefang","slackoff","stealthrock"],"nature":"Impish","evs":{"hp":252,"atk":4,"def":252,"spa":0,"spd":0,"spe":0},"gender":"F","ivs":{"hp":31,"atk":31,"def":31,"spa":31,"spd":31,"spe":31}},{"name":"Gastrodon","species":"Gastrodon","item":"leftovers","ability":"Storm Drain","moves":["scald","toxic","recover","earthpower"],"nature":"Bold","evs":{"hp":252,"atk":0,"def":252,"spa":4,"spd":0,"spe":0},"gender":"M","ivs":{"hp":31,"atk":31,"def":31,"spa":31,"spd":31,"spe":31}},{"name":"Landorus","species":"Landorus","item":"lifeorb","ability":"Sheer Force","moves":["sludgewave","earthpower","psychic","focusblast"],"nature":"Timid","evs":{"hp":0,"atk":0,"def":0,"spa":252,"spd":4,"spe":252},"ivs":{"hp":31,"atk":31,"def":31,"spa":31,"spd":31,"spe":31}},{"name":"Garchomp","species":"Garchomp","item":"garchompite","ability":"Rough Skin","moves":["earthquake","dragonclaw","fireblast","swordsdance"],"nature":"Naive","evs":{"hp":0,"atk":252,"def":0,"spa":4,"spd":0,"spe":252},"ivs":{"hp":31,"atk":31,"def":31,"spa":31,"spd":31,"spe":31}},{"name":"Mamoswine","species":"Mamoswine","item":"assaultvest","ability":"Thick Fat","moves":["earthquake","iciclespear","iceshard","knockoff"],"nature":"Adamant","evs":{"hp":28,"atk":252,"def":0,"spa":0,"spd":8,"spe":220},"ivs":{"hp":31,"atk":31,"def":31,"spa":31,"spd":31,"spe":31}},{"name":"Excadrill","species":"Excadrill","item":"lifeorb","ability":"Sand Rush","moves":["earthquake","ironhead","rockslide","swordsdance"],"nature":"Adamant","evs":{"hp":4,"atk":252,"def":0,"spa":0,"spd":0,"spe":252},"ivs":{"hp":31,"atk":31,"def":31,"spa":31,"spd":31,"spe":31}}],"log":["|player|p1|SL~Pixie|138","|player|p2|Emg Svu|67","|gametype|singles","|gen|6","|tier|Monotype","|rated","|rule|Baton Pass Clause: Limit one Baton Passer, can't pass Spe and other stats simultaneously","|rule|Swagger Clause: Swagger is banned","|rule|Same Type Clause: Pokémon in a team must share a type","|clearpoke","|poke|p1|Slurpuff, M","|poke|p1|Diancie","|poke|p1|Klefki, M","|poke|p1|Sylveon, F","|poke|p1|Togekiss, F","|poke|p1|Azumarill, F","|poke|p2|Hippowdon, F","|poke|p2|Gastrodon, M","|poke|p2|Landorus, M","|poke|p2|Garchomp, F","|poke|p2|Mamoswine, M","|poke|p2|Excadrill, M","|rule|Sleep Clause Mod: Limit one foe put to sleep","|rule|Species Clause: Limit one of each Pokémon","|rule|OHKO Clause: OHKO moves are banned","|rule|Moody Clause: Moody is banned","|rule|Evasion Moves Clause: Evasion moves are banned","|rule|Endless Battle Clause: Forcing endless battles is banned","|rule|HP Percentage Mod: HP is shown in percentages","|teampreview","|","|start","|switch|p1a: Klefki|Klefki, M|318/318","|switch|p2a: Hippowdon|Hippowdon, F|420/420","|-weather|Sandstorm","|turn|1","|","|move|p1a: Klefki|Reflect|p1a: Klefki","|-sidestart|p1: SL~Pixie|Reflect","|move|p2a: Hippowdon|Stealth Rock|p1a: Klefki","|-sidestart|p1: SL~Pixie|move: Stealth Rock","|","|-weather|Sandstorm|[upkeep]","|turn|2","|","|move|p1a: Klefki|Light Screen|p1a: Klefki","|-sidestart|p1: SL~Pixie|move: Light Screen","|move|p2a: Hippowdon|Earthquake|p1a: Klefki","|-supereffective|p1a: Klefki","|-damage|p1a: Klefki|222/318","|","|-weather|Sandstorm|[upkeep]","|turn|3","|","|move|p1a: Klefki|Spikes|p2a: Hippowdon","|-sidestart|p2: Emg Svu|Spikes","|move|p2a: Hippowdon|Earthquake|p1a: Klefki","|-supereffective|p1a: Klefki","|-damage|p1a: Klefki|120/318","|","|-weather|Sandstorm|[upkeep]","|turn|4","|","|switch|p1a: Togekiss|Togekiss, F|311/311","|-damage|p1a: Togekiss|234/311|[from] Stealth Rock","|move|p2a: Hippowdon|Earthquake|p1a: Togekiss","|-immune|p1a: Togekiss|[msg]","|","|-weather|Sandstorm|[upkeep]","|-damage|p1a: Togekiss|215/311|[from] sandstorm","|turn|5","|","|move|p1a: Togekiss|Air Slash|p2a: Hippowdon","|-damage|p2a: Hippowdon|246/420","|cant|p2a: Hippowdon|flinch","|","|-weather|none","|-heal|p2a: Hippowdon|272/420|[from] item: Leftovers","|turn|6","|","|switch|p2a: Gastrodon|Gastrodon, M|426/426","|-damage|p2a: Gastrodon|373/426|[from] Spikes","|move|p1a: Togekiss|Air Slash|p2a: Gastrodon","|-damage|p2a: Gastrodon|214/426","|","|-heal|p2a: Gastrodon|240/426|[from] item: Leftovers","|turn|7","|","|move|p1a: Togekiss|Air Slash|p2a: Gastrodon","|-damage|p2a: Gastrodon|81/426","|move|p2a: Gastrodon|Toxic|p1a: Togekiss|[miss]","|-miss|p2a: Gastrodon|p1a: Togekiss","|","|-heal|p2a: Gastrodon|107/426|[from] item: Leftovers","|turn|8","|","|move|p1a: Togekiss|Air Slash|p2a: Gastrodon","|-damage|p2a: Gastrodon|0 fnt","|faint|p2a: Gastrodon","|","|-sideend|p1: SL~Pixie|Reflect","|","|switch|p2a: Hippowdon|Hippowdon, F|272/420","|-damage|p2a: Hippowdon|220/420|[from] Spikes","|-weather|Sandstorm","|turn|9","|","|move|p1a: Togekiss|Air Slash|p2a: Hippowdon","|-damage|p2a: Hippowdon|45/420","|move|p2a: Hippowdon|Ice Fang|p1a: Togekiss","|-supereffective|p1a: Togekiss","|-damage|p1a: Togekiss|91/311","|","|-weather|Sandstorm|[upkeep]","|-damage|p1a: Togekiss|72/311|[from] sandstorm","|-heal|p2a: Hippowdon|71/420|[from] item: Leftovers","|-sideend|p1: SL~Pixie|move: Light Screen","|turn|10","|","|switch|p2a: Excadrill|Excadrill, M|362/362","|-damage|p2a: Excadrill|317/362|[from] Spikes","|move|p1a: Togekiss|Air Slash|p2a: Excadrill","|-resisted|p2a: Excadrill","|-damage|p2a: Excadrill|222/362","|","|-weather|Sandstorm|[upkeep]","|-damage|p1a: Togekiss|53/311|[from] sandstorm","|turn|11","|","|move|p2a: Excadrill|Iron Head|p1a: Togekiss","|-supereffective|p1a: Togekiss","|-damage|p1a: Togekiss|0 fnt","|-damage|p2a: Excadrill|186/362|[from] item: Life Orb","|faint|p1a: Togekiss","|","|-weather|Sandstorm|[upkeep]","|","|switch|p1a: Klefki|Klefki, M|120/318","|-damage|p1a: Klefki|101/318|[from] Stealth Rock","|turn|12","|","|move|p1a: Klefki|Reflect|p1a: Klefki","|-sidestart|p1: SL~Pixie|Reflect","|move|p2a: Excadrill|Earthquake|p1a: Klefki","|-supereffective|p1a: Klefki","|-damage|p1a: Klefki|0 fnt","|-damage|p2a: Excadrill|150/362|[from] item: Life Orb","|faint|p1a: Klefki","|","|-weather|Sandstorm|[upkeep]","|","|switch|p1a: Azumarill|Azumarill, F|404/404","|-damage|p1a: Azumarill|354/404|[from] Stealth Rock","|turn|13","|","|move|p2a: Excadrill|Earthquake|p1a: Azumarill","|-damage|p1a: Azumarill|201/404","|-damage|p2a: Excadrill|114/362|[from] item: Life Orb","|-enditem|p1a: Azumarill|Sitrus Berry|[eat]","|-heal|p1a: Azumarill|302/404|[from] item: Sitrus Berry","|move|p1a: Azumarill|Belly Drum|p1a: Azumarill","|-damage|p1a: Azumarill|100/404","|-setboost|p1a: Azumarill|atk|6|[from] move: Belly Drum","|","|-weather|none","|turn|14","|","|switch|p2a: Hippowdon|Hippowdon, F|71/420","|-damage|p2a: Hippowdon|19/420|[from] Spikes","|-weather|Sandstorm","|move|p1a: Azumarill|Aqua Jet|p2a: Hippowdon","|-supereffective|p2a: Hippowdon","|-damage|p2a: Hippowdon|0 fnt","|faint|p2a: Hippowdon","|","|-weather|Sandstorm|[upkeep]","|-damage|p1a: Azumarill|75/404|[from] sandstorm","|","|switch|p2a: Mamoswine|Mamoswine, M|368/368","|-damage|p2a: Mamoswine|322/368|[from] Spikes","|turn|15","|","|move|p2a: Mamoswine|Ice Shard|p1a: Azumarill","|-resisted|p1a: Azumarill","|-damage|p1a: Azumarill|51/404","|move|p1a: Azumarill|Aqua Jet|p2a: Mamoswine","|-supereffective|p2a: Mamoswine","|-damage|p2a: Mamoswine|0 fnt","|faint|p2a: Mamoswine","|","|-weather|Sandstorm|[upkeep]","|-damage|p1a: Azumarill|26/404|[from] sandstorm","|","|switch|p2a: Garchomp|Garchomp, F|357/357","|-damage|p2a: Garchomp|313/357|[from] Spikes","|turn|16","|","|detailschange|p2a: Garchomp|Garchomp-Mega, F","|-mega|p2a: Garchomp|Garchomp|Garchompite","|move|p1a: Azumarill|Aqua Jet|p2a: Garchomp","|-crit|p2a: Garchomp","|-damage|p2a: Garchomp|0 fnt","|faint|p2a: Garchomp","|","|-weather|Sandstorm|[upkeep]","|-damage|p1a: Azumarill|1/404|[from] sandstorm","|","|switch|p2a: Excadrill|Excadrill, M|114/362","|-damage|p2a: Excadrill|69/362|[from] Spikes","|turn|17","|","|move|p1a: Azumarill|Aqua Jet|p2a: Excadrill","|-supereffective|p2a: Excadrill","|-damage|p2a: Excadrill|0 fnt","|faint|p2a: Excadrill","|","|-weather|Sandstorm|[upkeep]","|-damage|p1a: Azumarill|0 fnt|[from] sandstorm","|faint|p1a: Azumarill","|","|switch|p2a: Landorus|Landorus, M|319/319","|switch|p1a: Sylveon|Sylveon, F|393/393","|-damage|p1a: Sylveon|344/393|[from] Stealth Rock","|turn|18","|","|move|p2a: Landorus|Sludge Wave|p1a: Sylveon","|-supereffective|p1a: Sylveon","|-damage|p1a: Sylveon|89/393","|move|p1a: Sylveon|Hyper Voice|p2a: Landorus","|-damage|p2a: Landorus|0 fnt","|faint|p2a: Landorus","|","|win|SL~Pixie"],"p1rating":{"entryid":"7506194","serverid":"eos","formatid":"monotype","userid":"slpixie","username":"SL~Pixie","w":10,"l":"7","t":"0","gxe":59.4,"r":"1557.2303416926","rd":"76.20109889985","sigma":"0","rptime":"1439715600","rpr":1573.2048018045,"rprd":74.608991574432,"rpsigma":"0","acre":1209.5437814357,"lacre":1209.5437814357,"oldacre":"1177.4730847892"},"p2rating":{"entryid":"7656291","serverid":"eos","formatid":"monotype","userid":"emgsvu","username":"Emg Svu","w":"13","l":4,"t":"0","gxe":67.1,"r":"1576.1249706547","rd":"105.56273244861","sigma":"0","rptime":"1439715600","rpr":1637.4820749098,"rprd":76.083479674317,"rpsigma":"0","acre":1246.4203795725,"lacre":1246.4203795725,"oldacre":"1278.491076219"},"endType":"normal"}