{"seed":[33707,24782,62660,13633],"turns":21,"p1":"Emg Svu","p2":"GTX♅Bzumzum","p1team":[{"name":"Hippowdon","species":"Hippowdon","item":"leftovers","ability":"Sand Stream","moves":["earthquake","stoneedge","slackoff","stealthrock"],"nature":"Impish","evs":{"hp":208,"atk":12,"def":216,"spa":0,"spd":72,"spe":0},"gender":"F","ivs":{"hp":31,"atk":31,"def":31,"spa":31,"spd":31,"spe":31}},{"name":"Gastrodon","species":"Gastrodon","item":"leftovers","ability":"Storm Drain","moves":["scald","toxic","recover","earthpower"],"nature":"Bold","evs":{"hp":252,"atk":0,"def":252,"spa":4,"spd":0,"spe":0},"gender":"M","ivs":{"hp":31,"atk":31,"def":31,"spa":31,"spd":31,"spe":31}},{"name":"Landorus","species":"Landorus","item":"lifeorb","ability":"Sheer Force","moves":["sludgewave","earthpower","psychic","focusblast"],"nature":"Timid","evs":{"hp":0,"atk":0,"def":0,"spa":252,"spd":4,"spe":252},"ivs":{"hp":31,"atk":31,"def":31,"spa":31,"spd":31,"spe":31}},{"name":"Garchomp","species":"Garchomp","item":"garchompite","ability":"Rough Skin","moves":["earthquake","dragonclaw","fireblast","swordsdance"],"nature":"Naive","evs":{"hp":0,"atk":252,"def":0,"spa":4,"spd":0,"spe":252},"ivs":{"hp":31,"atk":31,"def":31,"spa":31,"spd":31,"spe":31}},{"name":"Mamoswine","species":"Mamoswine","item":"assaultvest","ability":"Thick Fat","moves":["earthquake","iciclespear","iceshard","knockoff"],"nature":"Adamant","evs":{"hp":248,"atk":252,"def":0,"spa":0,"spd":8,"spe":0},"ivs":{"hp":31,"atk":31,"def":31,"spa":31,"spd":31,"spe":31}},{"name":"Excadrill","species":"Excadrill","item":"lifeorb","ability":"Sand Rush","moves":["earthquake","ironhead","rockslide","swordsdance"],"nature":"Adamant","evs":{"hp":4,"atk":252,"def":0,"spa":0,"spd":0,"spe":252},"ivs":{"hp":31,"atk":31,"def":31,"spa":31,"spd":31,"spe":31}}],"p2team":[{"name":"Elec","species":"manectric","item":"manectite","ability":"Lightning Rod","moves":["thunderbolt","hiddenpowerice","voltswitch","overheat"],"nature":"Timid","evs":{"hp":0,"atk":0,"def":0,"spa":252,"spd":4,"spe":252},"gender":"M","ivs":{"hp":31,"atk":30,"def":30,"spa":31,"spd":31,"spe":31}},{"name":"Water-Safe","species":"rotomwash","item":"chestoberry","ability":"Levitate","moves":["hydropump","mudslap","willowisp","rest"],"nature":"Calm","evs":{"hp":248,"atk":0,"def":0,"spa":8,"spd":252,"spe":0},"shiny":true,"ivs":{"hp":31,"atk":31,"def":31,"spa":31,"spd":31,"spe":31}},{"name":"MY ZONE!!!","species":"magnezone","item":"choicespecs","ability":"Sturdy","moves":["hiddenpowerice","flashcannon","triattack","signalbeam"],"nature":"Modest","evs":{"hp":248,"atk":0,"def":0,"spa":252,"spd":8,"spe":0},"ivs":{"hp":31,"atk":30,"def":30,"spa":31,"spd":31,"spe":31},"shiny":true},{"name":"Thundurus","species":"Thundurus","item":"lifeorb","ability":"Prankster","moves":["hiddenpowerice","psychic","embargo","torment"],"nature":"Timid","evs":{"hp":0,"atk":0,"def":4,"spa":252,"spd":0,"spe":252},"ivs":{"hp":31,"atk":30,"def":30,"spa":31,"spd":31,"spe":31},"shiny":true},{"name":"Zapz","species":"zapdos","item":"leftovers","ability":"Pressure","moves":["heatwave","roost","extrasensory","defog"],"nature":"Modest","evs":{"hp":252,"atk":0,"def":0,"spa":252,"spd":4,"spe":0},"shiny":true,"ivs":{"hp":31,"atk":31,"def":31,"spa":31,"spd":31,"spe":31}},{"name":"Plugg-in Failure","species":"electivire","item":"choicescarf","ability":"Vital Spirit","moves":["crosschop","earthquake","icepunch","rockslide"],"nature":"Jolly","evs":{"hp":0,"atk":252,"def":0,"spa":0,"spd":4,"spe":252},"gender":"M","shiny":true,"ivs":{"hp":31,"atk":31,"def":31,"spa":31,"spd":31,"spe":31}}],"log":["|player|p1|Emg Svu|67","|player|p2|GTX♅Bzumzum|225","|gametype|singles","|gen|6","|tier|Monotype","|rated","|rule|Baton Pass Clause: Limit one Baton Passer, can't pass Spe and other stats simultaneously","|rule|Swagger Clause: Swagger is banned","|rule|Same Type Clause: Pokémon in a team must share a type","|clearpoke","|poke|p1|Hippowdon, F","|poke|p1|Gastrodon, M","|poke|p1|Landorus, M","|poke|p1|Garchomp, M","|poke|p1|Mamoswine, F","|poke|p1|Excadrill, F","|poke|p2|Manectric, M","|poke|p2|Rotom-Wash, shiny","|poke|p2|Magnezone, shiny","|poke|p2|Thundurus, M, shiny","|poke|p2|Zapdos, shiny","|poke|p2|Electivire, M, shiny","|rule|Sleep Clause Mod: Limit one foe put to sleep","|rule|Species Clause: Limit one of each Pokémon","|rule|OHKO Clause: OHKO moves are banned","|rule|Moody Clause: Moody is banned","|rule|Evasion Moves Clause: Evasion moves are banned","|rule|Endless Battle Clause: Forcing endless battles is banned","|rule|HP Percentage Mod: HP is shown in percentages","|teampreview","|","|start","|switch|p1a: Hippowdon|Hippowdon, F|409/409","|switch|p2a: Thundurus|Thundurus, M, shiny|299/299","|-weather|Sandstorm","|turn|1","|","|move|p2a: Thundurus|Hidden Power|p1a: Hippowdon","|-supereffective|p1a: Hippowdon","|-damage|p1a: Hippowdon|201/409","|-damage|p2a: Thundurus|270/299|[from] item: Life Orb","|move|p1a: Hippowdon|Stone Edge|p2a: Thundurus","|-supereffective|p2a: Thundurus","|-damage|p2a: Thundurus|28/299","|","|-weather|Sandstorm|[upkeep]","|-damage|p2a: Thundurus|10/299|[from] sandstorm","|-heal|p1a: Hippowdon|226/409|[from] item: Leftovers","|turn|2","|","|switch|p2a: Zapz|Zapdos, shiny|384/384","|-ability|p2a: Zapz|Pressure","|switch|p1a: Mamoswine|Mamoswine, F|423/423","|","|-weather|Sandstorm|[upkeep]","|-damage|p2a: Zapz|360/384|[from] sandstorm","|-heal|p2a: Zapz|384/384|[from] item: Leftovers","|turn|3","|","|move|p2a: Zapz|Heat Wave|p1a: Mamoswine","|-supereffective|p1a: Mamoswine","|-damage|p1a: Mamoswine|305/423","|move|p1a: Mamoswine|Icicle Spear|p2a: Zapz","|-supereffective|p2a: Zapz","|-damage|p2a: Zapz|270/384","|-supereffective|p2a: Zapz","|-damage|p2a: Zapz|144/384","|-hitcount|p2a: Zapz|2","|","|-weather|Sandstorm|[upkeep]","|-damage|p2a: Zapz|120/384|[from] sandstorm","|-heal|p2a: Zapz|144/384|[from] item: Leftovers","|turn|4","|","|switch|p2a: Water-Safe|Rotom-Wash, shiny|303/303","|move|p1a: Mamoswine|Ice Shard|p2a: Water-Safe","|-resisted|p2a: Water-Safe","|-damage|p2a: Water-Safe|267/303","|","|-weather|Sandstorm|[upkeep]","|-damage|p2a: Water-Safe|249/303|[from] sandstorm","|turn|5","|","|switch|p1a: Gastrodon|Gastrodon, M|426/426","|move|p2a: Water-Safe|Will-O-Wisp|p1a: Gastrodon","|-status|p1a: Gastrodon|brn","|","|-weather|none","|-damage|p1a: Gastrodon|373/426 brn|[from] brn","|turn|6","|","|move|p2a: Water-Safe|Mud-Slap|p1a: Gastrodon","|-damage|p1a: Gastrodon|352/426 brn","|-unboost|p1a: Gastrodon|accuracy|1","|move|p1a: Gastrodon|Toxic|p2a: Water-Safe|[miss]","|-miss|p1a: Gastrodon|p2a: Water-Safe","|","|-heal|p1a: Gastrodon|378/426 brn|[from] item: Leftovers","|-damage|p1a: Gastrodon|325/426 brn|[from] brn","|turn|7","|","|move|p2a: Water-Safe|Mud-Slap|p1a: Gastrodon","|-damage|p1a: Gastrodon|304/426 brn","|-unboost|p1a: Gastrodon|accuracy|1","|move|p1a: Gastrodon|Scald|p2a: Water-Safe","|-crit|p2a: Water-Safe","|-resisted|p2a: Water-Safe","|-damage|p2a: Water-Safe|204/303","|-status|p2a: Water-Safe|brn","|","|-heal|p1a: Gastrodon|330/426 brn|[from] item: Leftovers","|-damage|p2a: Water-Safe|167/303 brn|[from] brn","|-damage|p1a: Gastrodon|277/426 brn|[from] brn","|turn|8","|","|switch|p1a: Landorus|Landorus, M|319/319","|move|p2a: Water-Safe|Mud-Slap|p1a: Landorus","|-immune|p1a: Landorus|[msg]","|","|-damage|p2a: Water-Safe|130/303 brn|[from] brn","|turn|9","|","|move|p1a: Landorus|Sludge Wave|p2a: Water-Safe","|-damage|p2a: Water-Safe|3/303 brn","|move|p2a: Water-Safe|Mud-Slap|p1a: Landorus","|-immune|p1a: Landorus|[msg]","|","|-damage|p2a: Water-Safe|0 fnt|[from] brn","|faint|p2a: Water-Safe","|","|switch|p2a: Plugg-in Failure|Electivire, M, shiny|291/291","|turn|10","|","|move|p2a: Plugg-in Failure|Ice Punch|p1a: Landorus","|-supereffective|p1a: Landorus","|-damage|p1a: Landorus|0 fnt","|faint|p1a: Landorus","|","|","|switch|p1a: Mamoswine|Mamoswine, F|305/423","|turn|11","|","|switch|p2a: Thundurus|Thundurus, M, shiny|10/299","|move|p1a: Mamoswine|Icicle Spear|p2a: Thundurus","|-supereffective|p2a: Thundurus","|-damage|p2a: Thundurus|0 fnt","|-hitcount|p2a: Thundurus|1","|faint|p2a: Thundurus","|","|","|switch|p2a: Plugg-in Failure|Electivire, M, shiny|291/291","|turn|12","|","|move|p2a: Plugg-in Failure|Cross Chop|p1a: Mamoswine","|-supereffective|p1a: Mamoswine","|-damage|p1a: Mamoswine|53/423","|move|p1a: Mamoswine|Earthquake|p2a: Plugg-in Failure","|-supereffective|p2a: Plugg-in Failure","|-damage|p2a: Plugg-in Failure|0 fnt","|faint|p2a: Plugg-in Failure","|","|","|switch|p2a: Zapz|Zapdos, shiny|144/384","|-ability|p2a: Zapz|Pressure","|turn|13","|","|move|p1a: Mamoswine|Ice Shard|p2a: Zapz","|-supereffective|p2a: Zapz","|-damage|p2a: Zapz|0 fnt","|faint|p2a: Zapz","|","|","|switch|p2a: Elec|Manectric, M|281/281","|turn|14","|","|move|p1a: Mamoswine|Ice Shard|p2a: Elec","|-damage|p2a: Elec|170/281","|move|p2a: Elec|Hidden Power|p1a: Mamoswine","|-damage|p1a: Mamoswine|21/423","|","|turn|15","|","|detailschange|p2a: Elec|Manectric-Mega, M","|-mega|p2a: Elec|Manectric|Manectite","|-ability|p2a: Elec|Intimidate","|-unboost|p1a: Mamoswine|atk|1","|move|p1a: Mamoswine|Ice Shard|p2a: Elec","|-damage|p2a: Elec|104/281","|move|p2a: Elec|Hidden Power|p1a: Mamoswine","|-crit|p1a: Mamoswine","|-damage|p1a: Mamoswine|0 fnt","|faint|p1a: Mamoswine","|","|","|switch|p1a: Garchomp|Garchomp, M|357/357","|turn|16","|","|switch|p1a: Gastrodon|Gastrodon, M|277/426 brn","|move|p2a: Elec|Hidden Power|p1a: Gastrodon","|-damage|p1a: Gastrodon|191/426 brn","|","|-heal|p1a: Gastrodon|217/426 brn|[from] item: Leftovers","|-damage|p1a: Gastrodon|164/426 brn|[from] brn","|turn|17","|","|move|p2a: Elec|Overheat|p1a: Gastrodon","|-resisted|p1a: Gastrodon","|-damage|p1a: Gastrodon|76/426 brn","|-unboost|p2a: Elec|spa|2","|move|p1a: Gastrodon|Earth Power|p2a: Elec","|-supereffective|p2a: Elec","|-damage|p2a: Elec|0 fnt","|faint|p2a: Elec","|","|-heal|p1a: Gastrodon|102/426 brn|[from] item: Leftovers","|-damage|p1a: Gastrodon|49/426 brn|[from] brn","|","|switch|p2a: MY ZONE!!!|Magnezone, shiny|343/343","|turn|18","|","|move|p2a: MY ZONE!!!|Tri Attack|p1a: Gastrodon","|-damage|p1a: Gastrodon|0 fnt","|faint|p1a: Gastrodon","|","|","|switch|p1a: Hippowdon|Hippowdon, F|226/409","|-weather|Sandstorm","|turn|19","|","|move|p2a: MY ZONE!!!|Tri Attack|p1a: Hippowdon","|-damage|p1a: Hippowdon|27/409","|move|p1a: Hippowdon|Earthquake|p2a: MY ZONE!!!","|-supereffective|p2a: MY ZONE!!!","|-ability|p2a: MY ZONE!!!|Sturdy","|-damage|p2a: MY ZONE!!!|1/343","|","|-weather|Sandstorm|[upkeep]","|-heal|p1a: Hippowdon|52/409|[from] item: Leftovers","|turn|20","|","|move|p2a: MY ZONE!!!|Tri Attack|p1a: Hippowdon","|-damage|p1a: Hippowdon|0 fnt","|faint|p1a: Hippowdon","|","|-weather|Sandstorm|[upkeep]","|","|switch|p1a: Excadrill|Excadrill, F|362/362","|turn|21","|","|move|p1a: Excadrill|Iron Head|p2a: MY ZONE!!!","|-resisted|p2a: MY ZONE!!!","|-damage|p2a: MY ZONE!!!|0 fnt","|-damage|p1a: Excadrill|326/362|[from] item: Life Orb","|faint|p2a: MY ZONE!!!","|","|win|Emg Svu"],"p1rating":{"entryid":"7656291","serverid":"eos","formatid":"monotype","userid":"emgsvu","username":"Emg Svu","w":18,"l":"9","t":"0","gxe":62.2,"r":"1576.1249706547","rd":"105.56273244861","sigma":"0","rptime":"1439715600","rpr":1594.9890544025,"rprd":64.267219578413,"rpsigma":"0","acre":1186.5163572431,"lacre":1186.5163572431,"oldacre":"1170.7854889391"},"p2rating":{"entryid":"6857825","serverid":"eos","formatid":"monotype","userid":"gtxbzumzum","username":"GTX♅Bzumzum","w":"41","l":135,"t":"0","gxe":23.7,"r":"1281.2155081297","rd":"31.535222195216","sigma":"0","rptime":"1439715600","rpr":1279.8818645621,"rprd":31.061966180633,"rpsigma":"0","acre":1025.8799140831,"lacre":1025.8799140831,"oldacre":"1035.5253268318"},"endType":"normal"}