{"seed":[44031,60081,13317,23125],"turns":28,"p1":"Rain ☆ S.Herbs","p2":"Marx-Bot","p1team":[{"name":"Hippowdon","species":"Hippowdon","item":"leftovers","ability":"Sand Stream","moves":["earthquake","stealthrock","slackoff","toxic"],"nature":"Careful","evs":{"hp":252,"atk":4,"def":252,"spa":0,"spd":0,"spe":0},"ivs":{"hp":31,"atk":31,"def":31,"spa":31,"spd":31,"spe":31}},{"name":"Landorus","species":"Landorus","item":"lifeorb","ability":"Sheer Force","moves":["earthpower","grassknot","rockslide","sludgewave"],"nature":"Rash","evs":{"hp":0,"atk":4,"def":0,"spa":252,"spd":0,"spe":252},"ivs":{"hp":31,"atk":31,"def":31,"spa":31,"spd":31,"spe":31}},{"name":"Gliscor","species":"Gliscor","item":"toxicorb","ability":"Poison Heal","moves":["swordsdance","earthquake","knockoff","poisonjab"],"nature":"Careful","evs":{"hp":244,"atk":0,"def":8,"spa":0,"spd":200,"spe":56},"ivs":{"hp":31,"atk":31,"def":31,"spa":31,"spd":31,"spe":31}},{"name":"Garchomp","species":"Garchomp","item":"garchompite","ability":"Rough Skin","moves":["dracometeor","earthquake","flamethrower","stealthrock"],"nature":"Naive","evs":{"hp":0,"atk":4,"def":0,"spa":252,"spd":0,"spe":252},"ivs":{"hp":31,"atk":31,"def":31,"spa":31,"spd":31,"spe":31}},{"name":"Gastrodon","species":"Gastrodon","item":"leftovers","ability":"Storm Drain","moves":["scald","icebeam","toxic","earthpower"],"nature":"Bold","evs":{"hp":252,"atk":0,"def":252,"spa":4,"spd":0,"spe":0},"ivs":{"hp":31,"atk":31,"def":31,"spa":31,"spd":31,"spe":31}},{"name":"Excadrill","species":"Excadrill","item":"airballoon","ability":"Sand Rush","moves":["earthquake","ironhead","rockslide","swordsdance"],"nature":"Adamant","evs":{"hp":0,"atk":252,"def":4,"spa":0,"spd":0,"spe":252},"shiny":true,"ivs":{"hp":31,"atk":31,"def":31,"spa":31,"spd":31,"spe":31}}],"p2team":[{"name":"Sharpedo","species":"Sharpedo","item":"focussash","ability":"Speed Boost","moves":["crunch","waterfall","earthquake","destinybond"],"nature":"Adamant","evs":{"hp":0,"atk":252,"def":0,"spa":0,"spd":4,"spe":252},"ivs":{"hp":31,"atk":31,"def":31,"spa":31,"spd":31,"spe":31}},{"name":"Blastoise","species":"Blastoise","item":"blastoisinite","ability":"Torrent","moves":["darkpulse","dragonpulse","icebeam","waterspout"],"nature":"Modest","evs":{"hp":248,"atk":0,"def":0,"spa":252,"spd":8,"spe":0},"ivs":{"hp":31,"atk":31,"def":31,"spa":31,"spd":31,"spe":31}},{"name":"Ludicolo","species":"Ludicolo","item":"choicespecs","ability":"Swift Swim","moves":["gigadrain","icebeam","surf","energyball"],"nature":"Modest","evs":{"hp":0,"atk":0,"def":0,"spa":252,"spd":4,"spe":252},"ivs":{"hp":31,"atk":31,"def":31,"spa":31,"spd":31,"spe":31}},{"name":"Quagsire","species":"Quagsire","item":"leftovers","ability":"Unaware","moves":["protect","recover","waterfall","toxic"],"nature":"Impish","evs":{"hp":252,"atk":4,"def":252,"spa":0,"spd":0,"spe":0},"ivs":{"hp":31,"atk":31,"def":31,"spa":31,"spd":31,"spe":31}},{"name":"Rotom-Wash","species":"Rotom-Wash","item":"leftovers","ability":"Levitate","moves":["hydropump","willowisp","voltswitch","painsplit"],"nature":"Calm","evs":{"hp":252,"atk":0,"def":0,"spa":4,"spd":252,"spe":0},"ivs":{"hp":31,"atk":31,"def":31,"spa":31,"spd":31,"spe":31}},{"name":"Politoed","species":"Politoed","item":"leftovers","ability":"Drizzle","moves":["scald","icebeam","psychic","toxic"],"nature":"Bold","evs":{"hp":252,"atk":0,"def":252,"spa":4,"spd":0,"spe":0},"ivs":{"hp":31,"atk":31,"def":31,"spa":31,"spd":31,"spe":31}}],"log":["|player|p1|Rain ☆ S.Herbs|154","|player|p2|Marx-Bot|238","|gametype|singles","|gen|6","|tier|Monotype","|rated","|rule|Baton Pass Clause: Limit one Baton Passer, can't pass Spe and other stats simultaneously","|rule|Swagger Clause: Swagger is banned","|rule|Same Type Clause: Pokémon in a team must share a type","|clearpoke","|poke|p1|Hippowdon, F","|poke|p1|Landorus, M","|poke|p1|Gliscor, F","|poke|p1|Garchomp, F","|poke|p1|Gastrodon, F","|poke|p1|Excadrill, F, shiny","|poke|p2|Sharpedo, F","|poke|p2|Blastoise, F","|poke|p2|Ludicolo, M","|poke|p2|Quagsire, F","|poke|p2|Rotom-Wash","|poke|p2|Politoed, F","|rule|Sleep Clause Mod: Limit one foe put to sleep","|rule|Species Clause: Limit one of each Pokémon","|rule|OHKO Clause: OHKO moves are banned","|rule|Moody Clause: Moody is banned","|rule|Evasion Moves Clause: Evasion moves are banned","|rule|Endless Battle Clause: Forcing endless battles is banned","|rule|HP Percentage Mod: HP is shown in percentages","|teampreview","|","|start","|switch|p1a: Gastrodon|Gastrodon, F|426/426","|switch|p2a: Blastoise|Blastoise, F|361/361","|turn|1","|","|detailschange|p2a: Blastoise|Blastoise-Mega, F","|-mega|p2a: Blastoise|Blastoise|Blastoisinite","|move|p2a: Blastoise|Dark Pulse|p1a: Gastrodon","|-damage|p1a: Gastrodon|243/426","|move|p1a: Gastrodon|Toxic|p2a: Blastoise","|-status|p2a: Blastoise|tox","|","|-heal|p1a: Gastrodon|269/426|[from] item: Leftovers","|-damage|p2a: Blastoise|339/361 tox|[from] psn","|turn|2","|","|switch|p1a: Hippowdon|Hippowdon, F|420/420","|-weather|Sandstorm","|move|p2a: Blastoise|Dragon Pulse|p1a: Hippowdon","|-damage|p1a: Hippowdon|225/420","|","|-weather|Sandstorm|[upkeep]","|-damage|p2a: Blastoise|317/361 tox|[from] sandstorm","|-heal|p1a: Hippowdon|251/420|[from] item: Leftovers","|-damage|p2a: Blastoise|273/361 tox|[from] psn","|turn|3","|","|switch|p1a: Gastrodon|Gastrodon, F|269/426","|move|p2a: Blastoise|Water Spout|p1a: Gastrodon","|-boost|p1a: Gastrodon|spa|1|[from] ability: Storm Drain","|","|-weather|Sandstorm|[upkeep]","|-damage|p2a: Blastoise|251/361 tox|[from] sandstorm","|-heal|p1a: Gastrodon|295/426|[from] item: Leftovers","|-damage|p2a: Blastoise|185/361 tox|[from] psn","|turn|4","|","|switch|p2a: Quagsire|Quagsire, F|394/394","|move|p1a: Gastrodon|Earth Power|p2a: Quagsire","|-damage|p2a: Quagsire|244/394","|","|-weather|Sandstorm|[upkeep]","|-heal|p1a: Gastrodon|321/426|[from] item: Leftovers","|-heal|p2a: Quagsire|268/394|[from] item: Leftovers","|turn|5","|","|move|p1a: Gastrodon|Scald|p2a: Quagsire","|-damage|p2a: Quagsire|150/394","|move|p2a: Quagsire|Toxic|p1a: Gastrodon","|-status|p1a: Gastrodon|tox","|","|-weather|Sandstorm|[upkeep]","|-heal|p1a: Gastrodon|347/426 tox|[from] item: Leftovers","|-heal|p2a: Quagsire|174/394|[from] item: Leftovers","|-damage|p1a: Gastrodon|321/426 tox|[from] psn","|turn|6","|","|move|p1a: Gastrodon|Toxic|p2a: Quagsire","|-status|p2a: Quagsire|tox","|move|p2a: Quagsire|Recover|p2a: Quagsire","|-heal|p2a: Quagsire|371/394 tox","|","|-weather|none","|-heal|p1a: Gastrodon|347/426 tox|[from] item: Leftovers","|-heal|p2a: Quagsire|394/394 tox|[from] item: Leftovers","|-damage|p1a: Gastrodon|295/426 tox|[from] psn","|-damage|p2a: Quagsire|370/394 tox|[from] psn","|turn|7","|","|switch|p2a: Ludicolo|Ludicolo, M|301/301","|move|p1a: Gastrodon|Earth Power|p2a: Ludicolo","|-resisted|p2a: Ludicolo","|-damage|p2a: Ludicolo|234/301","|","|-heal|p1a: Gastrodon|321/426 tox|[from] item: Leftovers","|-damage|p1a: Gastrodon|243/426 tox|[from] psn","|turn|8","|","|switch|p1a: Hippowdon|Hippowdon, F|251/420","|-weather|Sandstorm","|move|p2a: Ludicolo|Giga Drain|p1a: Hippowdon","|-supereffective|p1a: Hippowdon","|-damage|p1a: Hippowdon|0 fnt","|-heal|p2a: Ludicolo|301/301|[from] drain|[of] p1a: Hippowdon","|faint|p1a: Hippowdon","|","|-weather|Sandstorm|[upkeep]","|-damage|p2a: Ludicolo|283/301|[from] sandstorm","|","|switch|p1a: Gliscor|Gliscor, F|352/352","|turn|9","|","|switch|p2a: Blastoise|Blastoise-Mega, F|185/361 tox","|move|p1a: Gliscor|Poison Jab|p2a: Blastoise","|-damage|p2a: Blastoise|136/361 tox","|","|-weather|Sandstorm|[upkeep]","|-damage|p2a: Blastoise|114/361 tox|[from] sandstorm","|-damage|p2a: Blastoise|92/361 tox|[from] psn","|-status|p1a: Gliscor|tox|[from] item: Toxic Orb","|turn|10","|","|move|p1a: Gliscor|Swords Dance|p1a: Gliscor","|-boost|p1a: Gliscor|atk|2","|move|p2a: Blastoise|Water Spout|p1a: Gliscor","|-supereffective|p1a: Gliscor","|-damage|p1a: Gliscor|212/352 tox","|","|-weather|Sandstorm|[upkeep]","|-damage|p2a: Blastoise|70/361 tox|[from] sandstorm","|-heal|p1a: Gliscor|256/352 tox|[from] ability: Poison Heal","|-damage|p2a: Blastoise|26/361 tox|[from] psn","|turn|11","|","|move|p1a: Gliscor|Earthquake|p2a: Blastoise","|-damage|p2a: Blastoise|0 fnt","|faint|p2a: Blastoise","|","|-weather|Sandstorm|[upkeep]","|-heal|p1a: Gliscor|300/352 tox|[from] ability: Poison Heal","|","|switch|p2a: Rotom-Wash|Rotom-Wash|304/304","|turn|12","|","|move|p1a: Gliscor|Knock Off|p2a: Rotom-Wash","|-damage|p2a: Rotom-Wash|178/304","|-enditem|p2a: Rotom-Wash|Leftovers|[from] move: Knock Off|[of] p1a: Gliscor","|move|p2a: Rotom-Wash|Hydro Pump|p1a: Gliscor","|-supereffective|p1a: Gliscor","|-damage|p1a: Gliscor|72/352 tox","|","|-weather|none","|-heal|p1a: Gliscor|116/352 tox|[from] ability: Poison Heal","|turn|13","|","|move|p1a: Gliscor|Poison Jab|p2a: Rotom-Wash","|-damage|p2a: Rotom-Wash|63/304","|move|p2a: Rotom-Wash|Hydro Pump|p1a: Gliscor|[miss]","|-miss|p2a: Rotom-Wash|p1a: Gliscor","|","|-heal|p1a: Gliscor|160/352 tox|[from] ability: Poison Heal","|turn|14","|","|move|p1a: Gliscor|Poison Jab|p2a: Rotom-Wash","|-damage|p2a: Rotom-Wash|0 fnt","|faint|p2a: Rotom-Wash","|","|-heal|p1a: Gliscor|204/352 tox|[from] ability: Poison Heal","|","|switch|p2a: Politoed|Politoed, F|384/384","|-weather|RainDance","|turn|15","|","|switch|p1a: Gastrodon|Gastrodon, F|243/426 tox","|move|p2a: Politoed|Ice Beam|p1a: Gastrodon","|-damage|p1a: Gastrodon|170/426 tox","|","|-weather|RainDance|[upkeep]","|-heal|p1a: Gastrodon|196/426 tox|[from] item: Leftovers","|-damage|p1a: Gastrodon|170/426 tox|[from] psn","|turn|16","|","|switch|p2a: Quagsire|Quagsire, F|370/394 tox","|move|p1a: Gastrodon|Toxic|p2a: Quagsire|[miss]","|-miss|p1a: Gastrodon|p2a: Quagsire","|","|-weather|RainDance|[upkeep]","|-heal|p1a: Gastrodon|196/426 tox|[from] item: Leftovers","|-heal|p2a: Quagsire|394/394 tox|[from] item: Leftovers","|-damage|p1a: Gastrodon|144/426 tox|[from] psn","|-damage|p2a: Quagsire|370/394 tox|[from] psn","|turn|17","|","|switch|p1a: Gliscor|Gliscor, F|204/352 tox","|move|p2a: Quagsire|Protect|p2a: Quagsire","|-fail|p2a: Quagsire","|","|-weather|RainDance|[upkeep]","|-heal|p2a: Quagsire|394/394 tox|[from] item: Leftovers","|-heal|p1a: Gliscor|248/352 tox|[from] ability: Poison Heal","|-damage|p2a: Quagsire|346/394 tox|[from] psn","|turn|18","|","|switch|p2a: Ludicolo|Ludicolo, M|283/301","|move|p1a: Gliscor|Swords Dance|p1a: Gliscor","|-boost|p1a: Gliscor|atk|2","|","|-weather|RainDance|[upkeep]","|-heal|p1a: Gliscor|292/352 tox|[from] ability: Poison Heal","|turn|19","|","|switch|p1a: Gastrodon|Gastrodon, F|144/426 tox","|move|p2a: Ludicolo|Ice Beam|p1a: Gastrodon","|-damage|p1a: Gastrodon|0 fnt","|faint|p1a: Gastrodon","|","|-weather|none","|","|switch|p1a: Gliscor|Gliscor, F|292/352 tox","|turn|20","|","|move|p1a: Gliscor|Knock Off|p2a: Ludicolo","|-damage|p2a: Ludicolo|183/301","|-enditem|p2a: Ludicolo|Choice Specs|[from] move: Knock Off|[of] p1a: Gliscor","|move|p2a: Ludicolo|Ice Beam|p1a: Gliscor","|-supereffective|p1a: Gliscor","|-damage|p1a: Gliscor|0 fnt","|faint|p1a: Gliscor","|","|","|switch|p1a: Landorus|Landorus, M|319/319","|turn|21","|","|switch|p2a: Politoed|Politoed, F|384/384","|-weather|RainDance","|move|p1a: Landorus|Sludge Wave|p2a: Politoed","|-crit|p2a: Politoed","|-damage|p2a: Politoed|99/384","|","|-weather|RainDance|[upkeep]","|-heal|p2a: Politoed|123/384|[from] item: Leftovers","|turn|22","|","|move|p1a: Landorus|Grass Knot|p2a: Politoed","|-supereffective|p2a: Politoed","|-damage|p2a: Politoed|0 fnt","|-damage|p1a: Landorus|288/319|[from] item: Life Orb","|faint|p2a: Politoed","|","|-weather|RainDance|[upkeep]","|","|switch|p2a: Ludicolo|Ludicolo, M|183/301","|turn|23","|","|switch|p1a: Garchomp|Garchomp, F|357/357","|move|p2a: Ludicolo|Ice Beam|p1a: Garchomp","|-supereffective|p1a: Garchomp","|-damage|p1a: Garchomp|0 fnt","|faint|p1a: Garchomp","|","|-weather|RainDance|[upkeep]","|","|switch|p1a: Excadrill|Excadrill, F, shiny|361/361","|-item|p1a: Excadrill|Air Balloon","|turn|24","|","|move|p2a: Ludicolo|Giga Drain|p1a: Excadrill","|-damage|p1a: Excadrill|210/361","|-heal|p2a: Ludicolo|259/301|[from] drain|[of] p1a: Excadrill","|-enditem|p1a: Excadrill|Air Balloon","|move|p1a: Excadrill|Rock Slide|p2a: Ludicolo","|-damage|p2a: Ludicolo|119/301","|","|-weather|RainDance|[upkeep]","|turn|25","|","|move|p2a: Ludicolo|Surf|p1a: Excadrill","|-supereffective|p1a: Excadrill","|-damage|p1a: Excadrill|0 fnt","|faint|p1a: Excadrill","|","|-weather|none","|","|switch|p1a: Landorus|Landorus, M|288/319","|turn|26","|","|move|p1a: Landorus|Sludge Wave|p2a: Ludicolo","|-supereffective|p2a: Ludicolo","|-damage|p2a: Ludicolo|0 fnt","|faint|p2a: Ludicolo","|","|","|switch|p2a: Sharpedo|Sharpedo, F|281/281","|turn|27","|","|move|p1a: Landorus|Grass Knot|p2a: Sharpedo","|-supereffective|p2a: Sharpedo","|-enditem|p2a: Sharpedo|Focus Sash","|-damage|p2a: Sharpedo|1/281","|-damage|p1a: Landorus|257/319|[from] item: Life Orb","|move|p2a: Sharpedo|Destiny Bond|p2a: Sharpedo","|-singlemove|p2a: Sharpedo|Destiny Bond","|","|-boost|p2a: Sharpedo|spe|1|[from] ability: Speed Boost","|turn|28","|","|move|p2a: Sharpedo|Waterfall|p1a: Landorus","|-supereffective|p1a: Landorus","|-damage|p1a: Landorus|0 fnt","|faint|p1a: Landorus","|","|win|Marx-Bot"],"p1rating":{"entryid":"7610897","serverid":"eos","formatid":"monotype","userid":"rainsherbs","username":"Rain ☆ S.Herbs","w":"8","l":7,"t":"0","gxe":52.6,"r":"1613.0187063722","rd":"88.744540362824","sigma":"0","rptime":"1439715600","rpr":1520.3119179984,"rprd":76.770900555604,"rpsigma":"0","acre":1077.8292252036,"lacre":1077.8292252036,"oldacre":"1095.5594408856"},"p2rating":{"entryid":"5765428","serverid":"eos","formatid":"monotype","userid":"marxbot","username":"Marx Bot","w":207,"l":"298","t":"0","gxe":43.9,"r":"1449.2241103163","rd":"32.521873808857","sigma":"0","rptime":"1439715600","rpr":1453.3720977048,"rprd":32.414248062117,"rpsigma":"0","acre":1210.4841132978,"lacre":1210.4841132978,"oldacre":"1192.2685745563"},"endType":"normal"}