{"seed":[42704,60309,50423,25670],"turns":41,"p1":"apex128swift","p2":"Guard Wanderer","p1team":[{"name":"Starmie","species":"Starmie","item":"choicespecs","ability":"Analytic","moves":["icebeam","dazzlinggleam","psychic","rapidspin"],"nature":"Timid","evs":{"hp":0,"atk":0,"def":0,"spa":252,"spd":4,"spe":252},"shiny":true,"ivs":{"hp":31,"atk":31,"def":31,"spa":31,"spd":31,"spe":31}},{"name":"Ludicolo","species":"Ludicolo","item":"leftovers","ability":"Rain Dish","moves":["leechseed","protect","substitute","whirlpool"],"nature":"Calm","evs":{"hp":252,"atk":0,"def":252,"spa":0,"spd":4,"spe":0},"gender":"M","shiny":true,"ivs":{"hp":31,"atk":31,"def":31,"spa":31,"spd":31,"spe":31}},{"name":"Azumarill","species":"Azumarill","item":"choiceband","ability":"Sap Sipper","moves":["encore","playrough","aquajet","icepunch"],"nature":"Adamant","evs":{"hp":252,"atk":252,"def":0,"spa":0,"spd":4,"spe":0},"gender":"M","shiny":true,"ivs":{"hp":31,"atk":31,"def":31,"spa":31,"spd":31,"spe":31}},{"name":"Slowking","species":"Slowking","item":"sitrusberry","ability":"Regenerator","moves":["zenheadbutt","drainpunch","bellydrum","trickroom"],"nature":"Adamant","evs":{"hp":0,"atk":244,"def":252,"spa":0,"spd":12,"spe":0},"gender":"M","ivs":{"hp":31,"atk":31,"def":31,"spa":31,"spd":31,"spe":0},"shiny":true},{"name":"Quagsire","species":"Quagsire","item":"lumberry","ability":"Unaware","moves":["substitute","recover","toxic","infestation"],"nature":"Calm","evs":{"hp":76,"atk":0,"def":180,"spa":0,"spd":252,"spe":0},"gender":"M","shiny":true,"ivs":{"hp":31,"atk":31,"def":31,"spa":31,"spd":31,"spe":31}},{"name":"Kingdra","species":"Kingdra","item":"razorclaw","ability":"Sniper","moves":["focusenergy","surf","dracometeor","hiddenpowerfire"],"nature":"","evs":{"hp":4,"atk":0,"def":0,"spa":252,"spd":0,"spe":252},"gender":"M","ivs":{"hp":31,"atk":30,"def":31,"spa":30,"spd":31,"spe":30},"shiny":true}],"p2team":[{"name":"Toxitoad","species":"toxicroak","item":"blacksludge","ability":"Dry Skin","moves":["bulkup","drainpunch","gunkshot","suckerpunch"],"nature":"Adamant","evs":{"hp":252,"atk":252,"def":0,"spa":0,"spd":4,"spe":0},"ivs":{"hp":31,"atk":31,"def":31,"spa":31,"spd":31,"spe":31}},{"name":"Tentarude","species":"tentacruel","item":"assaultvest","ability":"Liquid Ooze","moves":["scald","acidspray","gigadrain","hex"],"nature":"Timid","evs":{"hp":4,"atk":0,"def":0,"spa":252,"spd":0,"spe":252},"ivs":{"hp":31,"atk":31,"def":31,"spa":31,"spd":31,"spe":31}},{"name":"Asthma","species":"weezing","item":"sitrusberry","ability":"Levitate","moves":["raindance","willowisp","thief","toxicspikes"],"nature":"Careful","evs":{"hp":248,"atk":8,"def":0,"spa":0,"spd":252,"spe":0},"ivs":{"hp":31,"atk":31,"def":31,"spa":31,"spd":31,"spe":31}},{"name":"Sal","species":"gengar","item":"choicescarf","ability":"Levitate","moves":["hex","venoshock","trick","destinybond"],"nature":"Timid","evs":{"hp":4,"atk":0,"def":0,"spa":252,"spd":0,"spe":252},"ivs":{"hp":31,"atk":30,"def":30,"spa":31,"spd":31,"spe":31}},{"name":"Slowbat","species":"crobat","item":"whiteherb","ability":"Infiltrator","moves":["curse","acrobatics","roost","hypnosis"],"nature":"Jolly","evs":{"hp":252,"atk":4,"def":0,"spa":0,"spd":0,"spe":252},"ivs":{"hp":31,"atk":31,"def":31,"spa":31,"spd":31,"spe":31}},{"name":"Skuntank","species":"Skuntank","item":"","ability":"Aftermath","moves":["snatch","poisonjab","suckerpunch","raindance"],"nature":"Adamant","evs":{"hp":248,"atk":252,"def":0,"spa":0,"spd":8,"spe":0},"ivs":{"hp":31,"atk":31,"def":31,"spa":31,"spd":31,"spe":31}}],"log":["|player|p1|apex128swift|291","|player|p2|Guard Wanderer|235","|gametype|singles","|gen|6","|tier|Monotype","|rated","|rule|Baton Pass Clause: Limit one Baton Passer, can't pass Spe and other stats simultaneously","|rule|Swagger Clause: Swagger is banned","|rule|Same Type Clause: Pokémon in a team must share a type","|clearpoke","|poke|p1|Starmie, shiny","|poke|p1|Ludicolo, M, shiny","|poke|p1|Azumarill, M, shiny","|poke|p1|Slowking, M, shiny","|poke|p1|Quagsire, M, shiny","|poke|p1|Kingdra, M, shiny","|poke|p2|Toxicroak, F","|poke|p2|Tentacruel, F","|poke|p2|Weezing, F","|poke|p2|Gengar, F","|poke|p2|Crobat, M","|poke|p2|Skuntank, M","|rule|Sleep Clause Mod: Limit one foe put to sleep","|rule|Species Clause: Limit one of each Pokémon","|rule|OHKO Clause: OHKO moves are banned","|rule|Moody Clause: Moody is banned","|rule|Evasion Moves Clause: Evasion moves are banned","|rule|Endless Battle Clause: Forcing endless battles is banned","|rule|HP Percentage Mod: HP is shown in percentages","|teampreview","|","|start","|switch|p1a: Starmie|Starmie, shiny|261/261","|switch|p2a: Skuntank|Skuntank, M|409/409","|turn|1","|","|switch|p1a: Quagsire|Quagsire, M, shiny|350/350","|move|p2a: Skuntank|Poison Jab|p1a: Quagsire","|-resisted|p1a: Quagsire","|-damage|p1a: Quagsire|288/350","|","|turn|2","|","|switch|p2a: Asthma|Weezing, F|333/333","|move|p1a: Quagsire|Substitute|p1a: Quagsire","|-start|p1a: Quagsire|Substitute","|-damage|p1a: Quagsire|201/350","|","|turn|3","|","|move|p2a: Asthma|Toxic Spikes|p1a: Quagsire","|-sidestart|p1: apex128swift|move: Toxic Spikes","|move|p1a: Quagsire|Toxic|p2a: Asthma","|-immune|p2a: Asthma|[msg]","|","|turn|4","|","|move|p2a: Asthma|Toxic Spikes|p1a: Quagsire","|-sidestart|p1: apex128swift|move: Toxic Spikes","|move|p1a: Quagsire|Infestation|p2a: Asthma","|-resisted|p2a: Asthma","|-damage|p2a: Asthma|328/333","|-activate|p2a: Asthma|move: Infestation|[of] p1a: Quagsire","|","|-damage|p2a: Asthma|287/333|[from] move: Infestation|[partiallytrapped]","|turn|5","|","|move|p2a: Asthma|Thief|p1a: Quagsire","|-activate|p1a: Quagsire|Substitute|[damage]","|move|p1a: Quagsire|Recover|p1a: Quagsire","|-heal|p1a: Quagsire|350/350","|","|-damage|p2a: Asthma|246/333|[from] move: Infestation|[partiallytrapped]","|turn|6","|","|move|p2a: Asthma|Thief|p1a: Quagsire","|-activate|p1a: Quagsire|Substitute|[damage]","|move|p1a: Quagsire|Substitute|p1a: Quagsire","|-fail|p1a: Quagsire|move: Substitute","|","|-damage|p2a: Asthma|205/333|[from] move: Infestation|[partiallytrapped]","|turn|7","|","|move|p2a: Asthma|Thief|p1a: Quagsire","|-end|p1a: Quagsire|Substitute","|move|p1a: Quagsire|Substitute|p1a: Quagsire","|-start|p1a: Quagsire|Substitute","|-damage|p1a: Quagsire|263/350","|","|-damage|p2a: Asthma|164/333|[from] move: Infestation|[partiallytrapped]","|-enditem|p2a: Asthma|Sitrus Berry|[eat]","|-heal|p2a: Asthma|247/333|[from] item: Sitrus Berry","|turn|8","|","|move|p2a: Asthma|Thief|p1a: Quagsire","|-activate|p1a: Quagsire|Substitute|[damage]","|move|p1a: Quagsire|Recover|p1a: Quagsire","|-heal|p1a: Quagsire|350/350","|","|-damage|p2a: Asthma|206/333|[from] move: Infestation|[partiallytrapped]","|turn|9","|","|move|p2a: Asthma|Thief|p1a: Quagsire","|-crit|p1a: Quagsire","|-end|p1a: Quagsire|Substitute","|move|p1a: Quagsire|Toxic|p2a: Asthma","|-immune|p2a: Asthma|[msg]","|","|-end|p2a: Asthma|Infestation|[partiallytrapped]","|turn|10","|","|switch|p2a: Skuntank|Skuntank, M|409/409","|move|p1a: Quagsire|Substitute|p1a: Quagsire","|-start|p1a: Quagsire|Substitute","|-damage|p1a: Quagsire|263/350","|","|turn|11","|","|move|p2a: Skuntank|Poison Jab|p1a: Quagsire","|-resisted|p1a: Quagsire","|-activate|p1a: Quagsire|Substitute|[damage]","|move|p1a: Quagsire|Infestation|p2a: Skuntank","|-damage|p2a: Skuntank|392/409","|-activate|p2a: Skuntank|move: Infestation|[of] p1a: Quagsire","|","|-damage|p2a: Skuntank|341/409|[from] move: Infestation|[partiallytrapped]","|turn|12","|","|move|p2a: Skuntank|Poison Jab|p1a: Quagsire","|-resisted|p1a: Quagsire","|-end|p1a: Quagsire|Substitute","|move|p1a: Quagsire|Substitute|p1a: Quagsire","|-start|p1a: Quagsire|Substitute","|-damage|p1a: Quagsire|176/350","|","|-damage|p2a: Skuntank|290/409|[from] move: Infestation|[partiallytrapped]","|turn|13","|","|move|p2a: Skuntank|Snatch|p2a: Skuntank","|-singleturn|p2a: Skuntank|Snatch","|move|p1a: Quagsire|Recover|p1a: Quagsire","|-activate|p2a: Skuntank|Snatch|[of] p1a: Quagsire","|move|p2a: Skuntank|Recover|p2a: Skuntank|[from]Snatch","|-heal|p2a: Skuntank|409/409","|","|-damage|p2a: Skuntank|358/409|[from] move: Infestation|[partiallytrapped]","|turn|14","|","|move|p2a: Skuntank|Poison Jab|p1a: Quagsire","|-resisted|p1a: Quagsire","|-activate|p1a: Quagsire|Substitute|[damage]","|move|p1a: Quagsire|Infestation|p2a: Skuntank","|-damage|p2a: Skuntank|340/409","|","|-damage|p2a: Skuntank|289/409|[from] move: Infestation|[partiallytrapped]","|turn|15","|","|move|p2a: Skuntank|Snatch|p2a: Skuntank","|-singleturn|p2a: Skuntank|Snatch","|move|p1a: Quagsire|Recover|p1a: Quagsire","|-activate|p2a: Skuntank|Snatch|[of] p1a: Quagsire","|move|p2a: Skuntank|Recover|p2a: Skuntank|[from]Snatch","|-heal|p2a: Skuntank|409/409","|","|-end|p2a: Skuntank|Infestation|[partiallytrapped]","|turn|16","|","|move|p2a: Skuntank|Snatch|p2a: Skuntank","|-singleturn|p2a: Skuntank|Snatch","|move|p1a: Quagsire|Recover|p1a: Quagsire","|-activate|p2a: Skuntank|Snatch|[of] p1a: Quagsire","|move|p2a: Skuntank|Recover|p2a: Skuntank|[from]Snatch","|-fail|p2a: Skuntank","|","|turn|17","|","|move|p2a: Skuntank|Poison Jab|p1a: Quagsire","|-resisted|p1a: Quagsire","|-end|p1a: Quagsire|Substitute","|move|p1a: Quagsire|Infestation|p2a: Skuntank","|-damage|p2a: Skuntank|391/409","|-activate|p2a: Skuntank|move: Infestation|[of] p1a: Quagsire","|","|-damage|p2a: Skuntank|340/409|[from] move: Infestation|[partiallytrapped]","|turn|18","|","|move|p2a: Skuntank|Snatch|p2a: Skuntank","|-singleturn|p2a: Skuntank|Snatch","|move|p1a: Quagsire|Recover|p1a: Quagsire","|-activate|p2a: Skuntank|Snatch|[of] p1a: Quagsire","|move|p2a: Skuntank|Recover|p2a: Skuntank|[from]Snatch","|-heal|p2a: Skuntank|409/409","|","|-damage|p2a: Skuntank|358/409|[from] move: Infestation|[partiallytrapped]","|turn|19","|","|move|p2a: Skuntank|Snatch|p2a: Skuntank","|-singleturn|p2a: Skuntank|Snatch","|move|p1a: Quagsire|Recover|p1a: Quagsire","|-activate|p2a: Skuntank|Snatch|[of] p1a: Quagsire","|move|p2a: Skuntank|Recover|p2a: Skuntank|[from]Snatch","|-heal|p2a: Skuntank|409/409","|","|-damage|p2a: Skuntank|358/409|[from] move: Infestation|[partiallytrapped]","|turn|20","|","|move|p2a: Skuntank|Poison Jab|p1a: Quagsire","|-resisted|p1a: Quagsire","|-damage|p1a: Quagsire|114/350","|move|p1a: Quagsire|Substitute|p1a: Quagsire","|-start|p1a: Quagsire|Substitute","|-damage|p1a: Quagsire|27/350","|","|-damage|p2a: Skuntank|307/409|[from] move: Infestation|[partiallytrapped]","|turn|21","|","|move|p2a: Skuntank|Poison Jab|p1a: Quagsire","|-resisted|p1a: Quagsire","|-activate|p1a: Quagsire|Substitute|[damage]","|move|p1a: Quagsire|Toxic|p2a: Skuntank","|-immune|p2a: Skuntank|[msg]","|","|-damage|p2a: Skuntank|256/409|[from] move: Infestation|[partiallytrapped]","|turn|22","|","|move|p2a: Skuntank|Poison Jab|p1a: Quagsire","|-resisted|p1a: Quagsire","|-end|p1a: Quagsire|Substitute","|move|p1a: Quagsire|Recover|p1a: Quagsire","|-heal|p1a: Quagsire|202/350","|","|-end|p2a: Skuntank|Infestation|[partiallytrapped]","|turn|23","|","|switch|p1a: Slowking|Slowking, M, shiny|331/331","|-status|p1a: Slowking|tox","|move|p2a: Skuntank|Snatch|p2a: Skuntank","|-singleturn|p2a: Skuntank|Snatch","|","|-damage|p1a: Slowking|311/331 tox|[from] psn","|turn|24","|","|move|p2a: Skuntank|Sucker Punch|p1a: Slowking","|-fail|p2a: Skuntank","|move|p1a: Slowking|Trick Room|p1a: Slowking","|-fieldstart|move: Trick Room|[of] p1a: Slowking","|","|-damage|p1a: Slowking|271/331 tox|[from] psn","|turn|25","|","|move|p2a: Skuntank|Sucker Punch|p1a: Slowking","|-fail|p2a: Skuntank","|move|p1a: Slowking|Belly Drum|p1a: Slowking","|-damage|p1a: Slowking|106/331 tox","|-setboost|p1a: Slowking|atk|6|[from] move: Belly Drum","|-enditem|p1a: Slowking|Sitrus Berry|[eat]","|-heal|p1a: Slowking|188/331 tox|[from] item: Sitrus Berry","|","|-damage|p1a: Slowking|128/331 tox|[from] psn","|turn|26","|","|move|p2a: Skuntank|Sucker Punch|p1a: Slowking","|-supereffective|p1a: Slowking","|-damage|p1a: Slowking|0 fnt","|faint|p1a: Slowking","|","|","|switch|p1a: Kingdra|Kingdra, M, shiny|292/292","|-status|p1a: Kingdra|tox","|turn|27","|","|move|p2a: Skuntank|Snatch|p2a: Skuntank","|-singleturn|p2a: Skuntank|Snatch","|move|p1a: Kingdra|Focus Energy|p1a: Kingdra","|-activate|p2a: Skuntank|Snatch|[of] p1a: Kingdra","|move|p2a: Skuntank|Focus Energy|p2a: Skuntank|[from]Snatch","|-start|p2a: Skuntank|move: Focus Energy","|","|-damage|p1a: Kingdra|274/292 tox|[from] psn","|turn|28","|","|move|p2a: Skuntank|Poison Jab|p1a: Kingdra","|-damage|p1a: Kingdra|154/292 tox","|move|p1a: Kingdra|Surf|p2a: Skuntank","|-damage|p2a: Skuntank|54/409","|","|-damage|p1a: Kingdra|118/292 tox|[from] psn","|-fieldend|move: Trick Room","|turn|29","|","|move|p2a: Skuntank|Sucker Punch|p1a: Kingdra","|-crit|p1a: Kingdra","|-damage|p1a: Kingdra|0 fnt","|faint|p1a: Kingdra","|","|","|switch|p1a: Azumarill|Azumarill, M, shiny|404/404","|-status|p1a: Azumarill|tox","|turn|30","|","|move|p1a: Azumarill|Aqua Jet|p2a: Skuntank","|-damage|p2a: Skuntank|0 fnt","|-damage|p1a: Azumarill|303/404 tox|[from] ability: Aftermath|[of] p2a: Skuntank","|faint|p2a: Skuntank","|","|-damage|p1a: Azumarill|278/404 tox|[from] psn","|","|switch|p2a: Sal|Gengar, F|262/262","|turn|31","|","|move|p1a: Azumarill|Aqua Jet|p2a: Sal","|-damage|p2a: Sal|168/262","|move|p2a: Sal|Venoshock|p1a: Azumarill","|-supereffective|p1a: Azumarill","|-damage|p1a: Azumarill|0 fnt","|faint|p1a: Azumarill","|","|","|switch|p1a: Starmie|Starmie, shiny|261/261","|-status|p1a: Starmie|tox","|turn|32","|","|switch|p2a: Tentarude|Tentacruel, F|302/302","|move|p1a: Starmie|Psychic|p2a: Tentarude","|-supereffective|p2a: Tentarude","|-damage|p2a: Tentarude|0 fnt","|faint|p2a: Tentarude","|","|-damage|p1a: Starmie|245/261 tox|[from] psn","|","|switch|p2a: Sal|Gengar, F|168/262","|turn|33","|","|move|p2a: Sal|Hex|p1a: Starmie","|-supereffective|p1a: Starmie","|-damage|p1a: Starmie|0 fnt","|faint|p1a: Starmie","|","|","|switch|p1a: Ludicolo|Ludicolo, M, shiny|364/364","|-status|p1a: Ludicolo|tox","|turn|34","|","|switch|p2a: Toxitoad|Toxicroak, F|370/370","|move|p1a: Ludicolo|Leech Seed|p2a: Toxitoad","|-start|p2a: Toxitoad|move: Leech Seed","|","|-damage|p2a: Toxitoad|324/370|[from] Leech Seed|[of] p1a: Ludicolo","|-damage|p1a: Ludicolo|342/364 tox|[from] psn","|turn|35","|","|move|p2a: Toxitoad|Gunk Shot|p1a: Ludicolo","|-supereffective|p1a: Ludicolo","|-damage|p1a: Ludicolo|0 fnt","|faint|p1a: Ludicolo","|","|-heal|p2a: Toxitoad|347/370|[from] item: Black Sludge","|","|switch|p1a: Quagsire|Quagsire, M, shiny|202/350","|-status|p1a: Quagsire|tox","|-enditem|p1a: Quagsire|Lum Berry|[eat]","|-curestatus|p1a: Quagsire|tox","|turn|36","|","|switch|p2a: Slowbat|Crobat, M|374/374","|move|p1a: Quagsire|Recover|p1a: Quagsire","|-heal|p1a: Quagsire|350/350","|","|turn|37","|","|move|p2a: Slowbat|Curse|p2a: Slowbat","|-unboost|p2a: Slowbat|spe|1","|-boost|p2a: Slowbat|atk|1","|-boost|p2a: Slowbat|def|1","|-enditem|p2a: Slowbat|White Herb","|-restoreboost|p2a: Slowbat|[silent]","|move|p1a: Quagsire|Substitute|p1a: Quagsire","|-start|p1a: Quagsire|Substitute","|-damage|p1a: Quagsire|263/350","|","|turn|38","|","|move|p2a: Slowbat|Hypnosis|p1a: Quagsire","|-status|p1a: Quagsire|slp","|cant|p1a: Quagsire|slp","|","|turn|39","|","|move|p2a: Slowbat|Acrobatics|p1a: Quagsire","|-damage|p1a: Quagsire|148/350 slp","|cant|p1a: Quagsire|slp","|","|turn|40","|","|move|p2a: Slowbat|Acrobatics|p1a: Quagsire","|-damage|p1a: Quagsire|37/350 slp","|cant|p1a: Quagsire|slp","|","|turn|41","|","|move|p2a: Slowbat|Acrobatics|p1a: Quagsire","|-damage|p1a: Quagsire|0 fnt","|faint|p1a: Quagsire","|","|win|Guard Wanderer"],"p1rating":{"entryid":"7667880","serverid":"eos","formatid":"monotype","userid":"apex128swift","username":"apex128swift","w":"1","l":2,"t":"0","gxe":44,"r":"1500","rd":"130","sigma":"0","rptime":"1439715600","rpr":1452.4360904702,"rprd":110.95470526368,"rpsigma":"0","acre":1027.2988500047,"lacre":1027.2988500047,"oldacre":"1040"},"p2rating":{"entryid":"6731189","serverid":"eos","formatid":"monotype","userid":"guardwanderer","username":"Guard Wanderer","w":118,"l":"146","t":"0","gxe":44.9,"r":"1459.7322922767","rd":"26.593051063609","sigma":"0","rptime":"1439715600","rpr":1461.2946621326,"rprd":26.322777218391,"rpsigma":"0","acre":1132.5209011876,"lacre":1132.5209011876,"oldacre":"1112.67535432"},"endType":"normal"}