{"seed":[23947,1417,12798,25801],"turns":33,"p1":"Legacy - Wisp","p2":"GLReshiram","p1team":[{"name":"Tek","species":"golurk","item":"focussash","ability":"No Guard","moves":["stealthrock","dynamicpunch","earthquake","stoneedge"],"nature":"Adamant","evs":{"hp":0,"atk":252,"def":4,"spa":0,"spd":0,"spe":252},"ivs":{"hp":31,"atk":31,"def":31,"spa":31,"spd":31,"spe":31}},{"name":"Koume","species":"chandelure","item":"choicescarf","ability":"Flash Fire","moves":["energyball","shadowball","fireblast","hiddenpowerground"],"nature":"Timid","evs":{"hp":0,"atk":0,"def":0,"spa":252,"spd":4,"spe":252},"gender":"F","ivs":{"hp":31,"atk":31,"def":31,"spa":30,"spd":30,"spe":31}},{"name":"Nabooru","species":"jellicent","item":"leftovers","ability":"Cursed Body","moves":["scald","acidarmor","recover","toxic"],"nature":"Calm","evs":{"hp":252,"atk":0,"def":4,"spa":0,"spd":252,"spe":0},"gender":"F","ivs":{"hp":31,"atk":31,"def":31,"spa":31,"spd":31,"spe":0},"shiny":true},{"name":"Naesanh","species":"aegislash","item":"lifeorb","ability":"Stance Change","moves":["ironhead","shadowsneak","sacredsword","swordsdance"],"nature":"Adamant","evs":{"hp":252,"atk":252,"def":4,"spa":0,"spd":0,"spe":0},"gender":"F","ivs":{"hp":31,"atk":31,"def":31,"spa":31,"spd":31,"spe":31}},{"name":"Sen","species":"sableye","item":"sablenite","ability":"Prankster","moves":["fakeout","knockoff","recover","willowisp"],"nature":"Impish","evs":{"hp":248,"atk":8,"def":252,"spa":0,"spd":0,"spe":0},"gender":"M","ivs":{"hp":31,"atk":31,"def":31,"spa":31,"spd":31,"spe":31}},{"name":"Ipse","species":"shedinja","item":"focussash","ability":"Wonder Guard","moves":["secretpower","protect","batonpass","willowisp"],"nature":"Jolly","evs":{"hp":1,"atk":252,"def":1,"spa":1,"spd":1,"spe":252},"shiny":true,"ivs":{"hp":31,"atk":31,"def":31,"spa":31,"spd":31,"spe":31}}],"p2team":[{"name":"Heatran","species":"Heatran","item":"assaultvest","ability":"Flash Fire","moves":["magmastorm","earthpower","dragonpulse","flashcannon"],"nature":"Mild","evs":{"hp":48,"atk":0,"def":0,"spa":252,"spd":208,"spe":0},"ivs":{"hp":31,"atk":31,"def":31,"spa":31,"spd":31,"spe":31}},{"name":"Ninetales","species":"Ninetales","item":"leftovers","ability":"Drought","moves":["nastyplot","fireblast","solarbeam","willowisp"],"nature":"Timid","evs":{"hp":0,"atk":0,"def":4,"spa":252,"spd":0,"spe":252},"ivs":{"hp":31,"atk":31,"def":31,"spa":31,"spd":31,"spe":31}},{"name":"Torkoal","species":"Torkoal","item":"leftovers","ability":"Shell Armor","moves":["protect","toxic","lavaplume","rapidspin"],"nature":"Bold","evs":{"hp":252,"atk":0,"def":252,"spa":4,"spd":0,"spe":0},"ivs":{"hp":31,"atk":31,"def":31,"spa":31,"spd":31,"spe":31}},{"name":"Rotom-Heat","species":"Rotom-Heat","item":"lightclay","ability":"Levitate","moves":["voltswitch","painsplit","reflect","lightscreen"],"nature":"Timid","evs":{"hp":236,"atk":0,"def":8,"spa":4,"spd":8,"spe":252},"ivs":{"hp":31,"atk":31,"def":31,"spa":31,"spd":31,"spe":31}},{"name":"Infernape","species":"Infernape","item":"focussash","ability":"Iron Fist","moves":["firepunch","machpunch","thunderpunch","swordsdance"],"nature":"Jolly","evs":{"hp":4,"atk":252,"def":0,"spa":0,"spd":0,"spe":252},"ivs":{"hp":31,"atk":31,"def":31,"spa":31,"spd":31,"spe":31}},{"name":"Charizard","species":"Charizard","item":"charizarditex","ability":"Blaze","moves":["dragondance","roost","dragonclaw","earthquake"],"nature":"Adamant","evs":{"hp":176,"atk":252,"def":0,"spa":0,"spd":0,"spe":80},"ivs":{"hp":31,"atk":31,"def":31,"spa":31,"spd":31,"spe":31}}],"log":["|player|p1|Legacy - Wisp|etrayu.png","|player|p2|GLReshiram|68","|gametype|singles","|gen|6","|tier|Monotype","|rated","|rule|Baton Pass Clause: Limit one Baton Passer, can't pass Spe and other stats simultaneously","|rule|Swagger Clause: Swagger is banned","|rule|Same Type Clause: Pokémon in a team must share a type","|clearpoke","|poke|p1|Golurk","|poke|p1|Chandelure, F","|poke|p1|Jellicent, F, shiny","|poke|p1|Aegislash, F","|poke|p1|Sableye, M","|poke|p1|Shedinja, shiny","|poke|p2|Heatran, F","|poke|p2|Ninetales, F","|poke|p2|Torkoal, M","|poke|p2|Rotom-Heat","|poke|p2|Infernape, M","|poke|p2|Charizard, M","|rule|Sleep Clause Mod: Limit one foe put to sleep","|rule|Species Clause: Limit one of each Pokémon","|rule|OHKO Clause: OHKO moves are banned","|rule|Moody Clause: Moody is banned","|rule|Evasion Moves Clause: Evasion moves are banned","|rule|Endless Battle Clause: Forcing endless battles is banned","|rule|HP Percentage Mod: HP is shown in percentages","|teampreview","|","|start","|switch|p1a: Sen|Sableye, M|303/303","|switch|p2a: Rotom-Heat|Rotom-Heat|300/300","|turn|1","|","|detailschange|p1a: Sen|Sableye-Mega, M","|-mega|p1a: Sen|Sableye|Sablenite","|move|p2a: Rotom-Heat|Light Screen|p2a: Rotom-Heat","|-sidestart|p2: GLReshiram|move: Light Screen","|move|p1a: Sen|Knock Off|p2a: Rotom-Heat","|-damage|p2a: Rotom-Heat|197/300","|-enditem|p2a: Rotom-Heat|Light Clay|[from] move: Knock Off|[of] p1a: Sen","|","|turn|2","|","|move|p2a: Rotom-Heat|Reflect|p2a: Rotom-Heat","|-sidestart|p2: GLReshiram|Reflect","|move|p1a: Sen|Knock Off|p2a: Rotom-Heat","|-damage|p2a: Rotom-Heat|166/300","|","|turn|3","|","|move|p2a: Rotom-Heat|Volt Switch|p1a: Sen","|-damage|p1a: Sen|225/303","|","|switch|p2a: Charizard|Charizard, M|341/341","|move|p1a: Sen|Knock Off|p2a: Charizard","|-damage|p2a: Charizard|299/341","|","|turn|4","|","|switch|p1a: Tek|Golurk|319/319","|detailschange|p2a: Charizard|Charizard-Mega-X, M","|-mega|p2a: Charizard|Charizard|Charizardite X","|move|p2a: Charizard|Dragon Dance|p2a: Charizard","|-boost|p2a: Charizard|atk|1","|-boost|p2a: Charizard|spe|1","|","|turn|5","|","|move|p2a: Charizard|Dragon Claw|p1a: Tek","|-enditem|p1a: Tek|Focus Sash","|-damage|p1a: Tek|1/319","|move|p1a: Tek|Stealth Rock|p2a: Charizard","|-sidestart|p2: GLReshiram|move: Stealth Rock","|","|turn|6","|","|switch|p1a: Ipse|Shedinja, shiny|1/1","|move|p2a: Charizard|Dragon Claw|p1a: Ipse","|-activate|p1a: Ipse|ability: Wonder Guard","|","|-sideend|p2: GLReshiram|Reflect","|turn|7","|","|move|p1a: Ipse|Protect|p1a: Ipse","|-singleturn|p1a: Ipse|Protect","|move|p2a: Charizard|Dragon Dance|p2a: Charizard","|-boost|p2a: Charizard|atk|1","|-boost|p2a: Charizard|spe|1","|","|turn|8","|","|move|p2a: Charizard|Dragon Dance|p2a: Charizard","|-boost|p2a: Charizard|atk|1","|-boost|p2a: Charizard|spe|1","|move|p1a: Ipse|Secret Power|p2a: Charizard","|-damage|p2a: Charizard|236/341","|","|-sideend|p2: GLReshiram|move: Light Screen","|turn|9","|","|switch|p2a: Heatran|Heatran, F|335/335","|-damage|p2a: Heatran|294/335|[from] Stealth Rock","|move|p1a: Ipse|Secret Power|p2a: Heatran","|-crit|p2a: Heatran","|-resisted|p2a: Heatran","|-damage|p2a: Heatran|239/335","|-status|p2a: Heatran|par","|","|turn|10","|","|switch|p1a: Sen|Sableye-Mega, M|225/303","|move|p2a: Heatran|Magma Storm|p1a: Sen","|-damage|p1a: Sen|56/303","|-activate|p1a: Sen|move: Magma Storm|[of] p2a: Heatran","|","|-damage|p1a: Sen|19/303|[from] move: Magma Storm|[partiallytrapped]","|turn|11","|","|switch|p1a: Koume|Chandelure, F|261/261","|cant|p2a: Heatran|par","|","|turn|12","|","|move|p1a: Koume|Hidden Power|p2a: Heatran","|-supereffective|p2a: Heatran","|-damage|p2a: Heatran|79/335 par","|move|p2a: Heatran|Earth Power|p1a: Koume","|-supereffective|p1a: Koume","|-damage|p1a: Koume|0 fnt","|faint|p1a: Koume","|","|","|switch|p1a: Nabooru|Jellicent, F, shiny|404/404","|turn|13","|","|move|p1a: Nabooru|Scald|p2a: Heatran","|-supereffective|p2a: Heatran","|-damage|p2a: Heatran|0 fnt","|faint|p2a: Heatran","|","|","|switch|p2a: Torkoal|Torkoal, M|344/344","|-damage|p2a: Torkoal|258/344|[from] Stealth Rock","|turn|14","|","|switch|p1a: Sen|Sableye-Mega, M|19/303","|move|p2a: Torkoal|Rapid Spin|p1a: Sen","|-immune|p1a: Sen|[msg]","|","|-heal|p2a: Torkoal|279/344|[from] item: Leftovers","|turn|15","|","|move|p2a: Torkoal|Lava Plume|p1a: Sen","|-damage|p1a: Sen|0 fnt","|faint|p1a: Sen","|","|-heal|p2a: Torkoal|300/344|[from] item: Leftovers","|","|switch|p1a: Nabooru|Jellicent, F, shiny|404/404","|turn|16","|","|move|p1a: Nabooru|Acid Armor|p1a: Nabooru","|-boost|p1a: Nabooru|def|2","|move|p2a: Torkoal|Toxic|p1a: Nabooru|[miss]","|-miss|p2a: Torkoal|p1a: Nabooru","|","|-heal|p2a: Torkoal|321/344|[from] item: Leftovers","|turn|17","|","|move|p1a: Nabooru|Toxic|p2a: Torkoal","|-status|p2a: Torkoal|tox","|move|p2a: Torkoal|Toxic|p1a: Nabooru|[miss]","|-miss|p2a: Torkoal|p1a: Nabooru","|","|-heal|p2a: Torkoal|342/344 tox|[from] item: Leftovers","|-damage|p2a: Torkoal|321/344 tox|[from] psn","|turn|18","|","|switch|p1a: Naesanh|Aegislash, F|324/324","|move|p2a: Torkoal|Toxic|p1a: Naesanh","|-immune|p1a: Naesanh|[msg]","|","|-heal|p2a: Torkoal|342/344 tox|[from] item: Leftovers","|-damage|p2a: Torkoal|300/344 tox|[from] psn","|turn|19","|","|switch|p1a: Nabooru|Jellicent, F, shiny|404/404","|move|p2a: Torkoal|Lava Plume|p1a: Nabooru","|-resisted|p1a: Nabooru","|-damage|p1a: Nabooru|376/404","|","|-heal|p1a: Nabooru|401/404|[from] item: Leftovers","|-heal|p2a: Torkoal|321/344 tox|[from] item: Leftovers","|-damage|p2a: Torkoal|258/344 tox|[from] psn","|turn|20","|","|switch|p2a: Ninetales|Ninetales, F|287/287","|-damage|p2a: Ninetales|216/287|[from] Stealth Rock","|-weather|SunnyDay","|move|p1a: Nabooru|Scald|p2a: Ninetales","|-supereffective|p2a: Ninetales","|-damage|p2a: Ninetales|138/287","|","|-weather|SunnyDay|[upkeep]","|-heal|p2a: Ninetales|155/287|[from] item: Leftovers","|-heal|p1a: Nabooru|404/404|[from] item: Leftovers","|turn|21","|","|move|p2a: Ninetales|Solar Beam|p1a: Nabooru|[still]","|-prepare|p2a: Ninetales|Solar Beam|p1a: Nabooru","|-anim|p2a: Ninetales|Solar Beam|p1a: Nabooru","|-supereffective|p1a: Nabooru","|-damage|p1a: Nabooru|248/404","|move|p1a: Nabooru|Toxic|p2a: Ninetales","|-status|p2a: Ninetales|tox","|","|-weather|SunnyDay|[upkeep]","|-heal|p2a: Ninetales|172/287 tox|[from] item: Leftovers","|-heal|p1a: Nabooru|273/404|[from] item: Leftovers","|-damage|p2a: Ninetales|155/287 tox|[from] psn","|turn|22","|","|move|p2a: Ninetales|Nasty Plot|p2a: Ninetales","|-boost|p2a: Ninetales|spa|2","|move|p1a: Nabooru|Recover|p1a: Nabooru","|-heal|p1a: Nabooru|404/404","|","|-weather|SunnyDay|[upkeep]","|-heal|p2a: Ninetales|172/287 tox|[from] item: Leftovers","|-damage|p2a: Ninetales|138/287 tox|[from] psn","|turn|23","|","|move|p2a: Ninetales|Solar Beam|p1a: Nabooru|[still]","|-prepare|p2a: Ninetales|Solar Beam|p1a: Nabooru","|-anim|p2a: Ninetales|Solar Beam|p1a: Nabooru","|-supereffective|p1a: Nabooru","|-damage|p1a: Nabooru|120/404","|move|p1a: Nabooru|Scald|p2a: Ninetales","|-supereffective|p2a: Ninetales","|-damage|p2a: Ninetales|52/287 tox","|","|-weather|SunnyDay|[upkeep]","|-heal|p2a: Ninetales|69/287 tox|[from] item: Leftovers","|-heal|p1a: Nabooru|145/404|[from] item: Leftovers","|-damage|p2a: Ninetales|18/287 tox|[from] psn","|turn|24","|","|switch|p1a: Ipse|Shedinja, shiny|1/1","|move|p2a: Ninetales|Fire Blast|p1a: Ipse","|-supereffective|p1a: Ipse","|-enditem|p1a: Ipse|Focus Sash","|-damage|p1a: Ipse|1/1","|","|-weather|none","|-heal|p2a: Ninetales|35/287 tox|[from] item: Leftovers","|-damage|p2a: Ninetales|0 fnt|[from] psn","|faint|p2a: Ninetales","|","|switch|p2a: Infernape|Infernape, M|294/294","|-damage|p2a: Infernape|258/294|[from] Stealth Rock","|turn|25","|","|move|p2a: Infernape|Thunder Punch|p1a: Ipse","|-activate|p1a: Ipse|ability: Wonder Guard","|move|p1a: Ipse|Secret Power|p2a: Infernape","|-damage|p2a: Infernape|178/294","|","|turn|26","|","|move|p1a: Ipse|Protect|p1a: Ipse","|-singleturn|p1a: Ipse|Protect","|move|p2a: Infernape|Swords Dance|p2a: Infernape","|-boost|p2a: Infernape|atk|2","|","|turn|27","|","|move|p2a: Infernape|Fire Punch|p1a: Ipse","|-supereffective|p1a: Ipse","|-damage|p1a: Ipse|0 fnt","|faint|p1a: Ipse","|","|","|switch|p1a: Tek|Golurk|1/319","|turn|28","|","|move|p2a: Infernape|Fire Punch|p1a: Tek","|-damage|p1a: Tek|0 fnt","|faint|p1a: Tek","|","|","|switch|p1a: Naesanh|Aegislash, F|324/324","|turn|29","|","|switch|p2a: Torkoal|Torkoal, M|258/344 tox","|-damage|p2a: Torkoal|172/344 tox|[from] Stealth Rock","|move|p1a: Naesanh|Swords Dance|p1a: Naesanh","|-boost|p1a: Naesanh|atk|2","|","|-heal|p2a: Torkoal|193/344 tox|[from] item: Leftovers","|-damage|p2a: Torkoal|172/344 tox|[from] psn","|turn|30","|","|-formechange|p1a: Naesanh|Aegislash-Blade","|move|p1a: Naesanh|Sacred Sword|p2a: Torkoal","|-damage|p2a: Torkoal|0 fnt","|-damage|p1a: Naesanh|292/324|[from] item: Life Orb","|faint|p2a: Torkoal","|","|","|switch|p2a: Rotom-Heat|Rotom-Heat|166/300","|-damage|p2a: Rotom-Heat|91/300|[from] Stealth Rock","|turn|31","|","|move|p1a: Naesanh|Shadow Sneak|p2a: Rotom-Heat","|-damage|p2a: Rotom-Heat|0 fnt","|-damage|p1a: Naesanh|260/324|[from] item: Life Orb","|faint|p2a: Rotom-Heat","|","|","|switch|p2a: Charizard|Charizard-Mega-X, M|236/341","|-damage|p2a: Charizard|151/341|[from] Stealth Rock","|turn|32","|","|move|p1a: Naesanh|Shadow Sneak|p2a: Charizard","|-damage|p2a: Charizard|0 fnt","|-damage|p1a: Naesanh|228/324|[from] item: Life Orb","|faint|p2a: Charizard","|","|","|switch|p2a: Infernape|Infernape, M|178/294","|-damage|p2a: Infernape|142/294|[from] Stealth Rock","|turn|33","|","|move|p1a: Naesanh|Shadow Sneak|p2a: Infernape","|-damage|p2a: Infernape|0 fnt","|-damage|p1a: Naesanh|196/324|[from] item: Life Orb","|faint|p2a: Infernape","|","|win|Legacy - Wisp"],"p1rating":{"entryid":"7577028","serverid":"eos","formatid":"monotype","userid":"legacywisp","username":"Legacy - Wisp","w":5,"l":"5","t":"0","gxe":47,"r":"1440.6003294899","rd":"92.112611144985","sigma":"0","rptime":"1439715600","rpr":1477.0195658889,"rprd":86.918130456691,"rpsigma":"0","acre":1103.0141884788,"lacre":1103.0141884788,"oldacre":"1069.891165892"},"p2rating":{"entryid":"6886801","serverid":"eos","formatid":"monotype","userid":"glreshiram","username":"GL♅Reshiram","w":"24","l":27,"t":"0","gxe":48,"r":1492.8343785291,"rd":50.952462915402,"sigma":"0","rptime":1439715600,"rpr":1484.7905139061,"rprd":50.465131192847,"rpsigma":"0","acre":1084.50384877,"lacre":1084.50384877,"oldacre":"1112.5586815247"},"endType":"normal"}