{"seed":[7492,65518,854,25842],"turns":29,"p1":"Adviser♕Dooms","p2":"V Photon","p1team":[{"name":"Invasi0n","species":"gyarados","item":"gyaradosite","ability":"Intimidate","moves":["dragondance","waterfall","rest","sleeptalk"],"nature":"Careful","evs":{"hp":248,"atk":0,"def":92,"spa":0,"spd":68,"spe":100},"gender":"M","shiny":true,"ivs":{"hp":31,"atk":31,"def":31,"spa":31,"spd":31,"spe":31}},{"name":"Dark Crow","species":"mandibuzz","item":"leftovers","ability":"Overcoat","moves":["taunt","roost","defog","foulplay"],"nature":"Careful","evs":{"hp":196,"atk":0,"def":56,"spa":0,"spd":200,"spe":56},"shiny":true,"ivs":{"hp":31,"atk":31,"def":31,"spa":31,"spd":31,"spe":31}},{"name":"Skarmory","species":"Skarmory","item":"rockyhelmet","ability":"Sturdy","moves":["bravebird","roost","whirlwind","defog"],"nature":"Impish","evs":{"hp":248,"atk":24,"def":236,"spa":0,"spd":0,"spe":0},"gender":"M","shiny":true,"ivs":{"hp":31,"atk":31,"def":31,"spa":31,"spd":31,"spe":31}},{"name":"Diamond Check","species":"gliscor","item":"toxicorb","ability":"Poison Heal","moves":["earthquake","toxic","stealthrock","roost"],"nature":"Careful","evs":{"hp":252,"atk":4,"def":0,"spa":0,"spd":252,"spe":0},"gender":"M","shiny":true,"ivs":{"hp":31,"atk":31,"def":31,"spa":31,"spd":31,"spe":31}},{"name":"Blitz shock","species":"tornadustherian","item":"lifeorb","ability":"Regenerator","moves":["knockoff","superpower","heatwave","hurricane"],"nature":"Hasty","evs":{"hp":0,"atk":4,"def":0,"spa":252,"spd":0,"spe":252},"shiny":true,"ivs":{"hp":31,"atk":31,"def":31,"spa":31,"spd":31,"spe":31}},{"name":"Almighty","species":"landorus","item":"lifeorb","ability":"Sheer Force","moves":["earthpower","sludgewave","psychic","focusblast"],"nature":"Timid","evs":{"hp":0,"atk":0,"def":0,"spa":252,"spd":4,"spe":252},"shiny":true,"ivs":{"hp":31,"atk":31,"def":31,"spa":31,"spd":31,"spe":31}}],"p2team":[{"name":"Cradily","species":"Cradily","item":"leftovers","ability":"Storm Drain","moves":["ancientpower","hiddenpowerfire","recover","stealthrock"],"nature":"Bold","evs":{"hp":248,"atk":0,"def":252,"spa":8,"spd":0,"spe":0},"ivs":{"hp":31,"atk":30,"def":31,"spa":30,"spd":31,"spe":30}},{"name":"Ferrothorn","species":"Ferrothorn","item":"choiceband","ability":"Iron Barbs","moves":["gyroball","poisonjab","powerwhip","knockoff"],"nature":"Brave","evs":{"hp":248,"atk":252,"def":0,"spa":0,"spd":8,"spe":0},"ivs":{"hp":31,"atk":31,"def":31,"spa":31,"spd":31,"spe":0}},{"name":"Ludicolo","species":"Ludicolo","item":"assaultvest","ability":"Rain Dish","moves":["scald","gigadrain","icebeam","hiddenpowerfire"],"nature":"Modest","evs":{"hp":0,"atk":0,"def":0,"spa":252,"spd":4,"spe":252},"ivs":{"hp":31,"atk":30,"def":31,"spa":30,"spd":31,"spe":30}},{"name":"Serperior","species":"Serperior","item":"lifeorb","ability":"Contrary","moves":["leafstorm","dragonpulse","hiddenpowerice","gigadrain"],"nature":"Timid","evs":{"hp":0,"atk":0,"def":0,"spa":252,"spd":4,"spe":252},"ivs":{"hp":31,"atk":30,"def":30,"spa":31,"spd":31,"spe":31}},{"name":"Sceptile","species":"Sceptile","item":"sceptilite","ability":"Overgrow","moves":["gigadrain","focusblast","hiddenpowerfire","dragonpulse"],"nature":"Timid","evs":{"hp":0,"atk":0,"def":0,"spa":252,"spd":4,"spe":252},"ivs":{"hp":31,"atk":30,"def":31,"spa":30,"spd":31,"spe":30}},{"name":"Celebi","species":"Celebi","item":"leftovers","ability":"Natural Cure","moves":["ancientpower","calmmind","batonpass","recover"],"nature":"Bold","evs":{"hp":252,"atk":0,"def":220,"spa":0,"spd":0,"spe":36},"ivs":{"hp":31,"atk":31,"def":31,"spa":31,"spd":31,"spe":31}}],"log":["|player|p1|Adviser♕Dooms|154","|player|p2|V Photon|66","|gametype|singles","|gen|6","|tier|Monotype","|rated","|rule|Baton Pass Clause: Limit one Baton Passer, can't pass Spe and other stats simultaneously","|rule|Swagger Clause: Swagger is banned","|rule|Same Type Clause: Pokémon in a team must share a type","|clearpoke","|poke|p1|Gyarados, M, shiny","|poke|p1|Mandibuzz, F, shiny","|poke|p1|Skarmory, M, shiny","|poke|p1|Gliscor, M, shiny","|poke|p1|Tornadus-Therian, M, shiny","|poke|p1|Landorus, M, shiny","|poke|p2|Cradily, M","|poke|p2|Ferrothorn, M","|poke|p2|Ludicolo, F","|poke|p2|Serperior, F","|poke|p2|Sceptile, F","|poke|p2|Celebi","|rule|Sleep Clause Mod: Limit one foe put to sleep","|rule|Species Clause: Limit one of each Pokémon","|rule|OHKO Clause: OHKO moves are banned","|rule|Moody Clause: Moody is banned","|rule|Evasion Moves Clause: Evasion moves are banned","|rule|Endless Battle Clause: Forcing endless battles is banned","|rule|HP Percentage Mod: HP is shown in percentages","|teampreview","|","|start","|switch|p1a: Blitz shock|Tornadus-Therian, M, shiny|299/299","|switch|p2a: Cradily|Cradily, M|375/375","|turn|1","|","|move|p1a: Blitz shock|Knock Off|p2a: Cradily","|-damage|p2a: Cradily|305/375","|-enditem|p2a: Cradily|Leftovers|[from] move: Knock Off|[of] p1a: Blitz shock","|-damage|p1a: Blitz shock|270/299|[from] item: Life Orb","|move|p2a: Cradily|Stealth Rock|p1a: Blitz shock","|-sidestart|p1: Adviser♕Dooms|move: Stealth Rock","|","|turn|2","|","|move|p1a: Blitz shock|Hurricane|p2a: Cradily","|-damage|p2a: Cradily|78/375","|-damage|p1a: Blitz shock|241/299|[from] item: Life Orb","|move|p2a: Cradily|Ancient Power|p1a: Blitz shock","|-supereffective|p1a: Blitz shock","|-damage|p1a: Blitz shock|101/299","|","|turn|3","|","|move|p1a: Blitz shock|Superpower|p2a: Cradily","|-supereffective|p2a: Cradily","|-damage|p2a: Cradily|0 fnt","|-unboost|p1a: Blitz shock|atk|1","|-unboost|p1a: Blitz shock|def|1","|-damage|p1a: Blitz shock|72/299|[from] item: Life Orb","|faint|p2a: Cradily","|","|","|switch|p2a: Ferrothorn|Ferrothorn, M|351/351","|turn|4","|","|move|p1a: Blitz shock|Heat Wave|p2a: Ferrothorn","|-miss|p1a: Blitz shock|p2a: Ferrothorn","|move|p2a: Ferrothorn|Knock Off|p1a: Blitz shock","|-damage|p1a: Blitz shock|0 fnt","|-enditem|p1a: Blitz shock|Life Orb|[from] move: Knock Off|[of] p2a: Ferrothorn","|faint|p1a: Blitz shock","|","|","|switch|p1a: Almighty|Landorus, M, shiny|319/319","|-damage|p1a: Almighty|280/319|[from] Stealth Rock","|turn|5","|","|move|p1a: Almighty|Focus Blast|p2a: Ferrothorn|[miss]","|-miss|p1a: Almighty|p2a: Ferrothorn","|move|p2a: Ferrothorn|Knock Off|p1a: Almighty","|-damage|p1a: Almighty|115/319","|-enditem|p1a: Almighty|Life Orb|[from] move: Knock Off|[of] p2a: Ferrothorn","|","|turn|6","|","|switch|p2a: Celebi|Celebi|404/404","|move|p1a: Almighty|Focus Blast|p2a: Celebi","|-resisted|p2a: Celebi","|-damage|p2a: Celebi|324/404","|","|-heal|p2a: Celebi|349/404|[from] item: Leftovers","|turn|7","|","|switch|p1a: Dark Crow|Mandibuzz, F, shiny|410/410","|-damage|p1a: Dark Crow|308/410|[from] Stealth Rock","|move|p2a: Celebi|Calm Mind|p2a: Celebi","|-boost|p2a: Celebi|spa|1","|-boost|p2a: Celebi|spd|1","|","|-heal|p2a: Celebi|374/404|[from] item: Leftovers","|-heal|p1a: Dark Crow|333/410|[from] item: Leftovers","|turn|8","|","|move|p2a: Celebi|Ancient Power|p1a: Dark Crow","|-supereffective|p1a: Dark Crow","|-damage|p1a: Dark Crow|229/410","|move|p1a: Dark Crow|Defog|p2a: Celebi","|-unboost|p2a: Celebi|evasion|1","|-sideend|p1: Adviser♕Dooms|Stealth Rock|[from] move: Defog|[of] p1a: Dark Crow","|","|-heal|p2a: Celebi|399/404|[from] item: Leftovers","|-heal|p1a: Dark Crow|254/410|[from] item: Leftovers","|turn|9","|","|move|p2a: Celebi|Ancient Power|p1a: Dark Crow","|-supereffective|p1a: Dark Crow","|-damage|p1a: Dark Crow|144/410","|move|p1a: Dark Crow|Foul Play|p2a: Celebi","|-supereffective|p2a: Celebi","|-damage|p2a: Celebi|261/404","|","|-heal|p2a: Celebi|286/404|[from] item: Leftovers","|-heal|p1a: Dark Crow|169/410|[from] item: Leftovers","|turn|10","|","|move|p2a: Celebi|Calm Mind|p2a: Celebi","|-boost|p2a: Celebi|spa|1","|-boost|p2a: Celebi|spd|1","|move|p1a: Dark Crow|Roost|p1a: Dark Crow","|-heal|p1a: Dark Crow|374/410","|","|-heal|p2a: Celebi|311/404|[from] item: Leftovers","|-heal|p1a: Dark Crow|399/410|[from] item: Leftovers","|turn|11","|","|switch|p1a: Skarmory|Skarmory, M, shiny|333/333","|move|p2a: Celebi|Calm Mind|p2a: Celebi","|-boost|p2a: Celebi|spa|1","|-boost|p2a: Celebi|spd|1","|","|-heal|p2a: Celebi|336/404|[from] item: Leftovers","|turn|12","|","|move|p2a: Celebi|Ancient Power|p1a: Skarmory","|-damage|p1a: Skarmory|169/333","|move|p1a: Skarmory|Whirlwind|p2a: Celebi","|drag|p2a: Ferrothorn|Ferrothorn, M|351/351","|","|turn|13","|","|move|p1a: Skarmory|Roost|p1a: Skarmory","|-heal|p1a: Skarmory|333/333","|move|p2a: Ferrothorn|Knock Off|p1a: Skarmory","|-damage|p1a: Skarmory|251/333","|-damage|p2a: Ferrothorn|293/351|[from] item: Rocky Helmet|[of] p1a: Skarmory","|-enditem|p1a: Skarmory|Rocky Helmet|[from] move: Knock Off|[of] p2a: Ferrothorn","|","|turn|14","|","|switch|p2a: Ludicolo|Ludicolo, F|301/301","|move|p1a: Skarmory|Whirlwind|p2a: Ludicolo","|drag|p2a: Serperior|Serperior, F|291/291","|","|turn|15","|","|move|p2a: Serperior|Leaf Storm|p1a: Skarmory|[miss]","|-miss|p2a: Serperior|p1a: Skarmory","|move|p1a: Skarmory|Brave Bird|p2a: Serperior","|-supereffective|p2a: Serperior","|-damage|p2a: Serperior|57/291","|-damage|p1a: Skarmory|174/333|[from] recoil|[of] p2a: Serperior","|","|turn|16","|","|move|p2a: Serperior|Leaf Storm|p1a: Skarmory","|-resisted|p1a: Skarmory","|-damage|p1a: Skarmory|100/333","|-boost|p2a: Serperior|spa|2","|-damage|p2a: Serperior|28/291|[from] item: Life Orb","|move|p1a: Skarmory|Brave Bird|p2a: Serperior","|-supereffective|p2a: Serperior","|-damage|p2a: Serperior|0 fnt","|-damage|p1a: Skarmory|91/333|[from] recoil|[of] p2a: Serperior","|faint|p2a: Serperior","|","|","|switch|p2a: Sceptile|Sceptile, F|281/281","|turn|17","|","|detailschange|p2a: Sceptile|Sceptile-Mega, F","|-mega|p2a: Sceptile|Sceptile|Sceptilite","|move|p2a: Sceptile|Hidden Power|p1a: Skarmory","|-supereffective|p1a: Skarmory","|-damage|p1a: Skarmory|0 fnt","|faint|p1a: Skarmory","|","|","|switch|p1a: Diamond Check|Gliscor, M, shiny|354/354","|turn|18","|","|switch|p2a: Ferrothorn|Ferrothorn, M|293/351","|move|p1a: Diamond Check|Stealth Rock|p2a: Ferrothorn","|-sidestart|p2: V Photon|move: Stealth Rock","|","|-status|p1a: Diamond Check|tox|[from] item: Toxic Orb","|turn|19","|","|move|p1a: Diamond Check|Earthquake|p2a: Ferrothorn","|-damage|p2a: Ferrothorn|202/351","|move|p2a: Ferrothorn|Power Whip|p1a: Diamond Check|[miss]","|-miss|p2a: Ferrothorn|p1a: Diamond Check","|","|turn|20","|","|switch|p2a: Ludicolo|Ludicolo, F|301/301","|-damage|p2a: Ludicolo|264/301|[from] Stealth Rock","|move|p1a: Diamond Check|Earthquake|p2a: Ludicolo","|-resisted|p2a: Ludicolo","|-damage|p2a: Ludicolo|195/301","|","|turn|21","|","|move|p2a: Ludicolo|Ice Beam|p1a: Diamond Check","|-supereffective|p1a: Diamond Check","|-damage|p1a: Diamond Check|46/354 tox","|move|p1a: Diamond Check|Earthquake|p2a: Ludicolo","|-crit|p2a: Ludicolo","|-resisted|p2a: Ludicolo","|-damage|p2a: Ludicolo|75/301","|","|-heal|p1a: Diamond Check|90/354 tox|[from] ability: Poison Heal","|turn|22","|","|switch|p1a: Invasi0n|Gyarados, M, shiny|393/393","|-ability|p1a: Invasi0n|Intimidate","|-unboost|p2a: Ludicolo|atk|1","|move|p2a: Ludicolo|Ice Beam|p1a: Invasi0n","|-crit|p1a: Invasi0n","|-damage|p1a: Invasi0n|273/393","|","|turn|23","|","|detailschange|p1a: Invasi0n|Gyarados-Mega, M, shiny","|-mega|p1a: Invasi0n|Gyarados|Gyaradosite","|-ability|p1a: Invasi0n|Mold Breaker","|move|p2a: Ludicolo|Giga Drain|p1a: Invasi0n","|-supereffective|p1a: Invasi0n","|-damage|p1a: Invasi0n|103/393","|-heal|p2a: Ludicolo|160/301|[from] drain|[of] p1a: Invasi0n","|move|p1a: Invasi0n|Dragon Dance|p1a: Invasi0n","|-boost|p1a: Invasi0n|atk|1","|-boost|p1a: Invasi0n|spe|1","|","|turn|24","|","|switch|p2a: Ferrothorn|Ferrothorn, M|202/351","|-damage|p2a: Ferrothorn|181/351|[from] Stealth Rock","|move|p1a: Invasi0n|Waterfall|p2a: Ferrothorn","|-resisted|p2a: Ferrothorn","|-damage|p2a: Ferrothorn|96/351","|-damage|p1a: Invasi0n|54/393|[from] ability: Iron Barbs|[of] p2a: Ferrothorn","|","|turn|25","|","|move|p1a: Invasi0n|Waterfall|p2a: Ferrothorn","|-resisted|p2a: Ferrothorn","|-damage|p2a: Ferrothorn|19/351","|-damage|p1a: Invasi0n|5/393|[from] ability: Iron Barbs|[of] p2a: Ferrothorn","|cant|p2a: Ferrothorn|flinch","|","|turn|26","|","|move|p1a: Invasi0n|Rest|p1a: Invasi0n","|-status|p1a: Invasi0n|slp","|-heal|p1a: Invasi0n|393/393 slp|[silent]","|-status|p1a: Invasi0n|slp|[from] move: Rest","|move|p2a: Ferrothorn|Power Whip|p1a: Invasi0n","|-supereffective|p1a: Invasi0n","|-damage|p1a: Invasi0n|0 fnt","|faint|p1a: Invasi0n","|","|","|switch|p1a: Diamond Check|Gliscor, M, shiny|90/354 tox","|turn|27","|","|move|p1a: Diamond Check|Roost|p1a: Diamond Check","|-heal|p1a: Diamond Check|267/354 tox","|move|p2a: Ferrothorn|Power Whip|p1a: Diamond Check","|-supereffective|p1a: Diamond Check","|-damage|p1a: Diamond Check|0 fnt","|faint|p1a: Diamond Check","|","|","|switch|p1a: Almighty|Landorus, M, shiny|115/319","|turn|28","|","|move|p1a: Almighty|Earth Power|p2a: Ferrothorn","|-damage|p2a: Ferrothorn|0 fnt","|faint|p2a: Ferrothorn","|","|","|switch|p2a: Sceptile|Sceptile-Mega, F|281/281","|-damage|p2a: Sceptile|246/281|[from] Stealth Rock","|turn|29","|","|win|V Photon"],"p1rating":{"entryid":"7673584","serverid":"eos","formatid":"monotype","userid":"adviserdooms","username":"Adviser♕Dooms","w":"1","l":1,"t":"0","gxe":50.2,"r":"1500","rd":"130","sigma":"0","rptime":"1439715600","rpr":1501.6491103535,"rprd":116.13657364074,"rpsigma":"0","acre":1041.4296975525,"lacre":1041.4296975525,"oldacre":"1062.1149001358"},"p2rating":{"entryid":"7561969","serverid":"eos","formatid":"monotype","userid":"vphoton","username":"V Photon","w":12,"l":"17","t":"0","gxe":42.5,"r":"1456.3264939952","rd":"64.231171226351","sigma":"0","rptime":"1439715600","rpr":1442.1037847077,"rprd":60.671519541893,"rpsigma":"0","acre":1074.2838471833,"lacre":1074.2838471833,"oldacre":"1037.4696802749"},"endType":"forfeit"}