{"seed":[62455,7104,1990,58307],"turns":22,"p1":"Santa Jr","p2":"SL Espeon","p1team":[{"name":"Hydreigon","species":"Hydreigon","item":"choicescarf","ability":"Levitate","moves":["fireblast","uturn","flashcannon","dracometeor"],"nature":"Timid","evs":{"hp":0,"atk":0,"def":0,"spa":252,"spd":4,"spe":252},"ivs":{"hp":31,"atk":31,"def":31,"spa":31,"spd":31,"spe":31}},{"name":"Sharpedo","species":"Sharpedo","item":"sharpedonite","ability":"Speed Boost","moves":["protect","waterfall","zenheadbutt","crunch"],"nature":"Jolly","evs":{"hp":0,"atk":252,"def":0,"spa":0,"spd":4,"spe":252},"ivs":{"hp":31,"atk":31,"def":31,"spa":31,"spd":31,"spe":31}},{"name":"Bisharp","species":"Bisharp","item":"lifeorb","ability":"Defiant","moves":["swordsdance","ironhead","suckerpunch","knockoff"],"nature":"Jolly","evs":{"hp":0,"atk":252,"def":0,"spa":0,"spd":4,"spe":252},"ivs":{"hp":31,"atk":31,"def":31,"spa":31,"spd":31,"spe":31}},{"name":"Sableye","species":"Sableye","item":"leftovers","ability":"Prankster","moves":["willowisp","recover","taunt","darkpulse"],"nature":"Bold","evs":{"hp":96,"atk":0,"def":252,"spa":0,"spd":160,"spe":0},"ivs":{"hp":31,"atk":31,"def":31,"spa":31,"spd":31,"spe":31}},{"name":"Umbreon","species":"Umbreon","item":"leftovers","ability":"Synchronize","moves":["healbell","wish","protect","foulplay"],"nature":"Calm","evs":{"hp":252,"atk":0,"def":4,"spa":0,"spd":252,"spe":0},"ivs":{"hp":31,"atk":31,"def":31,"spa":31,"spd":31,"spe":31}},{"name":"Hoopa-Unbound","species":"Hoopa-Unbound","item":"assaultvest","ability":"Magician","moves":["hyperspacefury","zenheadbutt","firepunch","gunkshot"],"nature":"Adamant","evs":{"hp":248,"atk":252,"def":0,"spa":0,"spd":8,"spe":0},"ivs":{"hp":31,"atk":31,"def":31,"spa":31,"spd":31,"spe":31}}],"p2team":[{"name":"Torkoal","species":"Torkoal","item":"leftovers","ability":"White Smoke","moves":["rapidspin","lavaplume","stealthrock","yawn"],"nature":"Bold","evs":{"hp":252,"atk":0,"def":252,"spa":4,"spd":0,"spe":0},"ivs":{"hp":31,"atk":31,"def":31,"spa":31,"spd":31,"spe":31}},{"name":"Entei","species":"Entei","item":"choiceband","ability":"Pressure","moves":["stoneedge","sacredfire","extremespeed","ironhead"],"nature":"Adamant","evs":{"hp":4,"atk":252,"def":0,"spa":0,"spd":0,"spe":252},"shiny":true,"ivs":{"hp":31,"atk":31,"def":31,"spa":31,"spd":31,"spe":31}},{"name":"Victini","species":"Victini","item":"choicescarf","ability":"Victory Star","moves":["boltstrike","blueflare","vcreate","uturn"],"nature":"Hasty","evs":{"hp":0,"atk":252,"def":0,"spa":4,"spd":0,"spe":252},"ivs":{"hp":31,"atk":31,"def":31,"spa":31,"spd":31,"spe":31}},{"name":"Charizard","species":"Charizard","item":"charizarditex","ability":"Blaze","moves":["dragondance","firepunch","earthquake","dragonclaw"],"nature":"Adamant","evs":{"hp":0,"atk":252,"def":0,"spa":0,"spd":4,"spe":252},"ivs":{"hp":31,"atk":31,"def":31,"spa":31,"spd":31,"spe":31}},{"name":"Ninetales","species":"Ninetales","item":"choicespecs","ability":"Drought","moves":["overheat","solarbeam","darkpulse","hiddenpowerice"],"nature":"Timid","evs":{"hp":0,"atk":0,"def":0,"spa":252,"spd":4,"spe":252},"ivs":{"hp":31,"atk":30,"def":30,"spa":31,"spd":31,"spe":31}},{"name":"Arcanine","species":"Arcanine","item":"rockyhelmet","ability":"Intimidate","moves":["flareblitz","extremespeed","wildcharge","closecombat"],"nature":"Lonely","evs":{"hp":248,"atk":252,"def":0,"spa":8,"spd":0,"spe":0},"ivs":{"hp":31,"atk":31,"def":31,"spa":31,"spd":31,"spe":31}}],"log":["|player|p1|Santa Jr|163","|player|p2|SL Espeon|70","|gametype|singles","|gen|6","|tier|Monotype","|rated","|rule|Baton Pass Clause: Limit one Baton Passer, can't pass Spe and other stats simultaneously","|rule|Swagger Clause: Swagger is banned","|rule|Same Type Clause: Pokémon in a team must share a type","|clearpoke","|poke|p1|Hydreigon, M","|poke|p1|Sharpedo, F","|poke|p1|Bisharp, F","|poke|p1|Sableye, F","|poke|p1|Umbreon, M","|poke|p1|Hoopa-Unbound","|poke|p2|Torkoal, F","|poke|p2|Entei, shiny","|poke|p2|Victini","|poke|p2|Charizard, M","|poke|p2|Ninetales, F","|poke|p2|Arcanine, M","|rule|Sleep Clause Mod: Limit one foe put to sleep","|rule|Species Clause: Limit one of each Pokémon","|rule|OHKO Clause: OHKO moves are banned","|rule|Moody Clause: Moody is banned","|rule|Evasion Moves Clause: Evasion moves are banned","|rule|Endless Battle Clause: Forcing endless battles is banned","|rule|HP Percentage Mod: HP is shown in percentages","|teampreview","|","|start","|switch|p1a: Sableye|Sableye, F|265/265","|switch|p2a: Victini|Victini|341/341","|turn|1","|","|switch|p2a: Ninetales|Ninetales, F|287/287","|-weather|SunnyDay","|move|p1a: Sableye|Dark Pulse|p2a: Ninetales","|-damage|p2a: Ninetales|224/287","|","|-weather|SunnyDay|[upkeep]","|turn|2","|","|switch|p1a: Umbreon|Umbreon, M|394/394","|move|p2a: Ninetales|Overheat|p1a: Umbreon","|-damage|p1a: Umbreon|148/394","|-unboost|p2a: Ninetales|spa|2","|","|-weather|SunnyDay|[upkeep]","|-heal|p1a: Umbreon|172/394|[from] item: Leftovers","|turn|3","|","|switch|p2a: Charizard|Charizard, M|297/297","|move|p1a: Umbreon|Protect|p1a: Umbreon","|-fail|p1a: Umbreon","|","|-weather|SunnyDay|[upkeep]","|-heal|p1a: Umbreon|196/394|[from] item: Leftovers","|turn|4","|","|detailschange|p2a: Charizard|Charizard-Mega-X, M","|-mega|p2a: Charizard|Charizard|Charizardite X","|move|p2a: Charizard|Dragon Dance|p2a: Charizard","|-boost|p2a: Charizard|atk|1","|-boost|p2a: Charizard|spe|1","|move|p1a: Umbreon|Wish|p1a: Umbreon","|","|-weather|SunnyDay|[upkeep]","|-heal|p1a: Umbreon|220/394|[from] item: Leftovers","|turn|5","|","|move|p2a: Charizard|Dragon Dance|p2a: Charizard","|-boost|p2a: Charizard|atk|1","|-boost|p2a: Charizard|spe|1","|move|p1a: Umbreon|Foul Play|p2a: Charizard","|-damage|p2a: Charizard|0 fnt","|faint|p2a: Charizard","|","|-weather|none","|-heal|p1a: Umbreon|394/394|[from] move: Wish|[wisher] Umbreon","|","|switch|p2a: Entei|Entei, shiny|372/372","|-ability|p2a: Entei|Pressure","|turn|6","|","|move|p2a: Entei|Sacred Fire|p1a: Umbreon","|-damage|p1a: Umbreon|136/394","|move|p1a: Umbreon|Wish|p1a: Umbreon","|","|-heal|p1a: Umbreon|160/394|[from] item: Leftovers","|turn|7","|","|move|p1a: Umbreon|Protect|p1a: Umbreon","|-singleturn|p1a: Umbreon|Protect","|move|p2a: Entei|Sacred Fire|p1a: Umbreon","|-activate|p1a: Umbreon|Protect","|","|-heal|p1a: Umbreon|357/394|[from] move: Wish|[wisher] Umbreon","|-heal|p1a: Umbreon|381/394|[from] item: Leftovers","|turn|8","|","|switch|p1a: Sableye|Sableye, F|265/265","|move|p2a: Entei|Sacred Fire|p1a: Sableye|[miss]","|-miss|p2a: Entei|p1a: Sableye","|","|turn|9","|","|move|p2a: Entei|Sacred Fire|p1a: Sableye","|-damage|p1a: Sableye|16/265","|-status|p1a: Sableye|brn","|move|p1a: Sableye|Dark Pulse|p2a: Entei","|-damage|p2a: Entei|291/372","|","|-heal|p1a: Sableye|32/265 brn|[from] item: Leftovers","|-damage|p1a: Sableye|0 fnt|[from] brn","|faint|p1a: Sableye","|","|switch|p1a: Hydreigon|Hydreigon, M|325/325","|turn|10","|","|switch|p2a: Torkoal|Torkoal, F|344/344","|move|p1a: Hydreigon|Draco Meteor|p2a: Torkoal","|-damage|p2a: Torkoal|25/344","|-unboost|p1a: Hydreigon|spa|2","|","|-heal|p2a: Torkoal|46/344|[from] item: Leftovers","|turn|11","|","|move|p1a: Hydreigon|Draco Meteor|p2a: Torkoal","|-damage|p2a: Torkoal|0 fnt","|-unboost|p1a: Hydreigon|spa|2","|faint|p2a: Torkoal","|","|","|switch|p2a: Arcanine|Arcanine, M|383/383","|-ability|p2a: Arcanine|Intimidate","|-unboost|p1a: Hydreigon|atk|1","|turn|12","|","|switch|p1a: Hoopa-Unbound|Hoopa-Unbound|363/363","|move|p2a: Arcanine|Close Combat|p1a: Hoopa-Unbound","|-damage|p1a: Hoopa-Unbound|142/363","|-unboost|p2a: Arcanine|def|1","|-unboost|p2a: Arcanine|spd|1","|","|turn|13","|","|switch|p2a: Ninetales|Ninetales, F|224/287","|-weather|SunnyDay","|move|p1a: Hoopa-Unbound|Hyperspace Fury|p2a: Ninetales","|-damage|p2a: Ninetales|0 fnt","|-unboost|p1a: Hoopa-Unbound|def|1","|faint|p2a: Ninetales","|","|-weather|SunnyDay|[upkeep]","|","|switch|p2a: Victini|Victini|341/341","|turn|14","|","|move|p2a: Victini|U-turn|p1a: Hoopa-Unbound","|-supereffective|p1a: Hoopa-Unbound","|-damage|p1a: Hoopa-Unbound|0 fnt","|faint|p1a: Hoopa-Unbound","|","|switch|p2a: Entei|Entei, shiny|291/372","|-ability|p2a: Entei|Pressure","|","|-weather|SunnyDay|[upkeep]","|","|switch|p1a: Hydreigon|Hydreigon, M|325/325","|turn|15","|","|move|p2a: Entei|Extreme Speed|p1a: Hydreigon","|-damage|p1a: Hydreigon|166/325","|move|p1a: Hydreigon|Draco Meteor|p2a: Entei","|-damage|p2a: Entei|0 fnt","|-unboost|p1a: Hydreigon|spa|2","|faint|p2a: Entei","|","|-weather|SunnyDay|[upkeep]","|","|switch|p2a: Arcanine|Arcanine, M|383/383","|-ability|p2a: Arcanine|Intimidate","|-unboost|p1a: Hydreigon|atk|1","|turn|16","|","|move|p1a: Hydreigon|Draco Meteor|p2a: Arcanine|[miss]","|-miss|p1a: Hydreigon|p2a: Arcanine","|move|p2a: Arcanine|Close Combat|p1a: Hydreigon","|-supereffective|p1a: Hydreigon","|-damage|p1a: Hydreigon|0 fnt","|-unboost|p2a: Arcanine|def|1","|-unboost|p2a: Arcanine|spd|1","|faint|p1a: Hydreigon","|","|-weather|SunnyDay|[upkeep]","|","|switch|p1a: Bisharp|Bisharp, F|271/271","|turn|17","|","|move|p1a: Bisharp|Sucker Punch|p2a: Arcanine","|-damage|p2a: Arcanine|11/383","|-damage|p1a: Bisharp|226/271|[from] item: Rocky Helmet|[of] p2a: Arcanine","|-damage|p1a: Bisharp|199/271|[from] item: Life Orb","|move|p2a: Arcanine|Close Combat|p1a: Bisharp","|-supereffective|p1a: Bisharp","|-damage|p1a: Bisharp|0 fnt","|-unboost|p2a: Arcanine|def|1","|-unboost|p2a: Arcanine|spd|1","|faint|p1a: Bisharp","|","|-weather|none","|","|switch|p1a: Sharpedo|Sharpedo, F|281/281","|turn|18","|","|move|p1a: Sharpedo|Protect|p1a: Sharpedo","|-singleturn|p1a: Sharpedo|Protect","|move|p2a: Arcanine|Extreme Speed|p1a: Sharpedo","|-activate|p1a: Sharpedo|Protect","|","|-boost|p1a: Sharpedo|spe|1|[from] ability: Speed Boost","|turn|19","|","|move|p2a: Arcanine|Extreme Speed|p1a: Sharpedo","|-damage|p1a: Sharpedo|106/281","|move|p1a: Sharpedo|Waterfall|p2a: Arcanine","|-supereffective|p2a: Arcanine","|-damage|p2a: Arcanine|0 fnt","|-damage|p1a: Sharpedo|60/281|[from] item: Rocky Helmet|[of] p2a: Arcanine","|faint|p2a: Arcanine","|","|-boost|p1a: Sharpedo|spe|1|[from] ability: Speed Boost","|","|switch|p2a: Victini|Victini|341/341","|turn|20","|","|move|p1a: Sharpedo|Protect|p1a: Sharpedo","|-singleturn|p1a: Sharpedo|Protect","|move|p2a: Victini|Bolt Strike|p1a: Sharpedo","|-activate|p1a: Sharpedo|Protect","|","|-boost|p1a: Sharpedo|spe|1|[from] ability: Speed Boost","|turn|21","|","|detailschange|p1a: Sharpedo|Sharpedo-Mega, F","|-mega|p1a: Sharpedo|Sharpedo|Sharpedonite","|move|p1a: Sharpedo|Waterfall|p2a: Victini","|-supereffective|p2a: Victini","|-damage|p2a: Victini|21/341","|cant|p2a: Victini|flinch","|","|turn|22","|","|move|p1a: Sharpedo|Waterfall|p2a: Victini","|-supereffective|p2a: Victini","|-damage|p2a: Victini|0 fnt","|faint|p2a: Victini","|","|win|Santa Jr"],"p1rating":{"entryid":"7682506","serverid":"eos","formatid":"monotype","userid":"santajr","username":"Santa Jr","w":2,"l":"0","t":"0","gxe":59,"r":"1500","rd":"130","sigma":"0","rptime":"1439715600","rpr":1572.5671258289,"rprd":116.77753930647,"rpsigma":"0","acre":1070.1028089042,"lacre":1070.1028089042,"oldacre":"1040"},"p2rating":{"entryid":7682665,"formatid":"monotype","userid":"slespeon","username":"SL Espeon","r":1500,"rd":130,"sigma":0,"rpr":1459.8393856612,"rprd":122.8583080769,"rpsigma":0,"rptime":1439715600,"w":0,"l":1,"t":0,"gxe":45,"acre":1000,"lacre":1000,"oldacre":1000},"endType":"normal"}