{"seed":[7959,18984,14803,33440],"turns":18,"p1":"SL~Kingdra","p2":"Emg Svu","p1team":[{"name":"Chesnaught","species":"Chesnaught","item":"leftovers","ability":"Bulletproof","moves":["spikes","leechseed","spikyshield","drainpunch"],"nature":"Impish","evs":{"hp":252,"atk":0,"def":252,"spa":0,"spd":4,"spe":0},"ivs":{"hp":31,"atk":31,"def":31,"spa":31,"spd":31,"spe":31}},{"name":"Infernape","species":"Infernape","item":"focussash","ability":"Iron Fist","moves":["stealthrock","closecombat","firepunch","machpunch"],"nature":"Jolly","evs":{"hp":4,"atk":252,"def":0,"spa":0,"spd":0,"spe":252},"ivs":{"hp":31,"atk":31,"def":31,"spa":31,"spd":31,"spe":31}},{"name":"Medicham","species":"Medicham","item":"medichamite","ability":"Pure Power","moves":["fakeout","bulletpunch","zenheadbutt","highjumpkick"],"nature":"Jolly","evs":{"hp":4,"atk":252,"def":0,"spa":0,"spd":0,"spe":252},"ivs":{"hp":31,"atk":31,"def":31,"spa":31,"spd":31,"spe":31}},{"name":"Terrakion","species":"Terrakion","item":"choicescarf","ability":"Justified","moves":["ironhead","stoneedge","closecombat","earthquake"],"nature":"Adamant","evs":{"hp":4,"atk":252,"def":0,"spa":0,"spd":0,"spe":252},"ivs":{"hp":31,"atk":31,"def":31,"spa":31,"spd":31,"spe":31}},{"name":"Keldeo-Resolute","species":"Keldeo-Resolute","item":"choicespecs","ability":"Justified","moves":["secretsword","scald","icywind","hydropump"],"nature":"Timid","evs":{"hp":4,"atk":0,"def":0,"spa":252,"spd":0,"spe":252},"ivs":{"hp":31,"atk":31,"def":31,"spa":31,"spd":31,"spe":31}},{"name":"Hawlucha","species":"Hawlucha","item":"powerherb","ability":"Unburden","moves":["acrobatics","skyattack","drainpunch","swordsdance"],"nature":"Adamant","evs":{"hp":0,"atk":252,"def":0,"spa":0,"spd":0,"spe":252},"ivs":{"hp":31,"atk":31,"def":31,"spa":31,"spd":31,"spe":31}}],"p2team":[{"name":"Hippowdon","species":"Hippowdon","item":"leftovers","ability":"Sand Stream","moves":["earthquake","icefang","slackoff","stealthrock"],"nature":"Impish","evs":{"hp":252,"atk":4,"def":252,"spa":0,"spd":0,"spe":0},"gender":"F","ivs":{"hp":31,"atk":31,"def":31,"spa":31,"spd":31,"spe":31}},{"name":"Gastrodon","species":"Gastrodon","item":"leftovers","ability":"Storm Drain","moves":["scald","toxic","recover","earthpower"],"nature":"Bold","evs":{"hp":252,"atk":0,"def":252,"spa":4,"spd":0,"spe":0},"gender":"M","ivs":{"hp":31,"atk":31,"def":31,"spa":31,"spd":31,"spe":31}},{"name":"Landorus","species":"Landorus","item":"lifeorb","ability":"Sheer Force","moves":["sludgewave","earthpower","psychic","focusblast"],"nature":"Timid","evs":{"hp":0,"atk":0,"def":0,"spa":252,"spd":4,"spe":252},"ivs":{"hp":31,"atk":31,"def":31,"spa":31,"spd":31,"spe":31}},{"name":"Garchomp","species":"Garchomp","item":"garchompite","ability":"Rough Skin","moves":["earthquake","dragonclaw","fireblast","swordsdance"],"nature":"Naive","evs":{"hp":0,"atk":252,"def":0,"spa":4,"spd":0,"spe":252},"ivs":{"hp":31,"atk":31,"def":31,"spa":31,"spd":31,"spe":31}},{"name":"Mamoswine","species":"Mamoswine","item":"assaultvest","ability":"Thick Fat","moves":["earthquake","iciclespear","iceshard","knockoff"],"nature":"Adamant","evs":{"hp":28,"atk":252,"def":0,"spa":0,"spd":8,"spe":220},"ivs":{"hp":31,"atk":31,"def":31,"spa":31,"spd":31,"spe":31}},{"name":"Excadrill","species":"Excadrill","item":"lifeorb","ability":"Sand Rush","moves":["earthquake","ironhead","rockslide","swordsdance"],"nature":"Adamant","evs":{"hp":4,"atk":252,"def":0,"spa":0,"spd":0,"spe":252},"ivs":{"hp":31,"atk":31,"def":31,"spa":31,"spd":31,"spe":31}}],"log":["|player|p1|SL~Kingdra|99","|player|p2|Emg Svu|67","|gametype|singles","|gen|6","|tier|Monotype","|rated","|rule|Baton Pass Clause: Limit one Baton Passer, can't pass Spe and other stats simultaneously","|rule|Swagger Clause: Swagger is banned","|rule|Same Type Clause: Pokémon in a team must share a type","|clearpoke","|poke|p1|Chesnaught, F","|poke|p1|Infernape, F","|poke|p1|Medicham, M","|poke|p1|Terrakion","|poke|p1|Keldeo-Resolute","|poke|p1|Hawlucha, F","|poke|p2|Hippowdon, F","|poke|p2|Gastrodon, M","|poke|p2|Landorus, M","|poke|p2|Garchomp, M","|poke|p2|Mamoswine, M","|poke|p2|Excadrill, M","|rule|Sleep Clause Mod: Limit one foe put to sleep","|rule|Species Clause: Limit one of each Pokémon","|rule|OHKO Clause: OHKO moves are banned","|rule|Moody Clause: Moody is banned","|rule|Evasion Moves Clause: Evasion moves are banned","|rule|Endless Battle Clause: Forcing endless battles is banned","|rule|HP Percentage Mod: HP is shown in percentages","|teampreview","|","|start","|switch|p1a: Infernape|Infernape, F|294/294","|switch|p2a: Hippowdon|Hippowdon, F|420/420","|-weather|Sandstorm","|turn|1","|","|move|p1a: Infernape|Stealth Rock|p2a: Hippowdon","|-sidestart|p2: Emg Svu|move: Stealth Rock","|move|p2a: Hippowdon|Earthquake|p1a: Infernape","|-supereffective|p1a: Infernape","|-enditem|p1a: Infernape|Focus Sash","|-damage|p1a: Infernape|1/294","|","|-weather|Sandstorm|[upkeep]","|-damage|p1a: Infernape|0 fnt|[from] sandstorm","|faint|p1a: Infernape","|","|switch|p1a: Keldeo-Resolute|Keldeo-Resolute|324/324","|turn|2","|","|switch|p2a: Gastrodon|Gastrodon, M|426/426","|-damage|p2a: Gastrodon|400/426|[from] Stealth Rock","|move|p1a: Keldeo-Resolute|Secret Sword|p2a: Gastrodon","|-damage|p2a: Gastrodon|175/426","|","|-weather|Sandstorm|[upkeep]","|-damage|p1a: Keldeo-Resolute|304/324|[from] sandstorm","|-heal|p2a: Gastrodon|201/426|[from] item: Leftovers","|turn|3","|","|move|p1a: Keldeo-Resolute|Secret Sword|p2a: Gastrodon","|-crit|p2a: Gastrodon","|-damage|p2a: Gastrodon|0 fnt","|faint|p2a: Gastrodon","|","|-weather|Sandstorm|[upkeep]","|-damage|p1a: Keldeo-Resolute|284/324|[from] sandstorm","|","|switch|p2a: Excadrill|Excadrill, M|362/362","|-damage|p2a: Excadrill|351/362|[from] Stealth Rock","|turn|4","|","|move|p2a: Excadrill|Earthquake|p1a: Keldeo-Resolute","|-damage|p1a: Keldeo-Resolute|0 fnt","|-damage|p2a: Excadrill|315/362|[from] item: Life Orb","|faint|p1a: Keldeo-Resolute","|","|-weather|Sandstorm|[upkeep]","|","|switch|p1a: Chesnaught|Chesnaught, F|380/380","|turn|5","|","|move|p2a: Excadrill|Iron Head|p1a: Chesnaught","|-damage|p1a: Chesnaught|254/380","|-damage|p2a: Excadrill|279/362|[from] item: Life Orb","|move|p1a: Chesnaught|Leech Seed|p2a: Excadrill","|-start|p2a: Excadrill|move: Leech Seed","|","|-weather|none","|-heal|p1a: Chesnaught|277/380|[from] item: Leftovers","|-damage|p2a: Excadrill|234/362|[from] Leech Seed|[of] p1a: Chesnaught","|-heal|p1a: Chesnaught|322/380|[silent]","|turn|6","|","|switch|p2a: Hippowdon|Hippowdon, F|420/420","|-damage|p2a: Hippowdon|394/420|[from] Stealth Rock","|-weather|Sandstorm","|move|p1a: Chesnaught|Spiky Shield|p1a: Chesnaught","|-fail|p1a: Chesnaught","|","|-weather|Sandstorm|[upkeep]","|-damage|p1a: Chesnaught|299/380|[from] sandstorm","|-heal|p1a: Chesnaught|322/380|[from] item: Leftovers","|-heal|p2a: Hippowdon|420/420|[from] item: Leftovers","|turn|7","|","|move|p1a: Chesnaught|Leech Seed|p2a: Hippowdon","|-start|p2a: Hippowdon|move: Leech Seed","|move|p2a: Hippowdon|Stealth Rock|p1a: Chesnaught","|-sidestart|p1: SL~Kingdra|move: Stealth Rock","|","|-weather|Sandstorm|[upkeep]","|-damage|p1a: Chesnaught|299/380|[from] sandstorm","|-heal|p1a: Chesnaught|322/380|[from] item: Leftovers","|-damage|p2a: Hippowdon|368/420|[from] Leech Seed|[of] p1a: Chesnaught","|-heal|p1a: Chesnaught|374/380|[silent]","|turn|8","|","|switch|p2a: Mamoswine|Mamoswine, M|368/368","|-damage|p2a: Mamoswine|322/368|[from] Stealth Rock","|move|p1a: Chesnaught|Leech Seed|p2a: Mamoswine","|-start|p2a: Mamoswine|move: Leech Seed","|","|-weather|Sandstorm|[upkeep]","|-damage|p1a: Chesnaught|351/380|[from] sandstorm","|-heal|p1a: Chesnaught|374/380|[from] item: Leftovers","|-damage|p2a: Mamoswine|276/368|[from] Leech Seed|[of] p1a: Chesnaught","|-heal|p1a: Chesnaught|380/380|[silent]","|turn|9","|","|move|p1a: Chesnaught|Spiky Shield|p1a: Chesnaught","|-singleturn|p1a: Chesnaught|move: Protect","|move|p2a: Mamoswine|Icicle Spear|p1a: Chesnaught","|-activate|p1a: Chesnaught|Protect","|","|-weather|Sandstorm|[upkeep]","|-damage|p1a: Chesnaught|357/380|[from] sandstorm","|-heal|p1a: Chesnaught|380/380|[from] item: Leftovers","|-damage|p2a: Mamoswine|230/368|[from] Leech Seed|[of] p1a: Chesnaught","|turn|10","|","|move|p2a: Mamoswine|Knock Off|p1a: Chesnaught","|-resisted|p1a: Chesnaught","|-damage|p1a: Chesnaught|342/380","|-enditem|p1a: Chesnaught|Leftovers|[from] move: Knock Off|[of] p2a: Mamoswine","|move|p1a: Chesnaught|Drain Punch|p2a: Mamoswine","|-supereffective|p2a: Mamoswine","|-damage|p2a: Mamoswine|12/368","|-heal|p1a: Chesnaught|380/380|[from] drain|[of] p2a: Mamoswine","|","|-weather|none","|-damage|p2a: Mamoswine|0 fnt|[from] Leech Seed|[of] p1a: Chesnaught","|faint|p2a: Mamoswine","|","|switch|p2a: Landorus|Landorus, M|319/319","|-damage|p2a: Landorus|280/319|[from] Stealth Rock","|turn|11","|","|move|p2a: Landorus|Sludge Wave|p1a: Chesnaught","|-supereffective|p1a: Chesnaught","|-damage|p1a: Chesnaught|0 fnt","|faint|p1a: Chesnaught","|","|","|switch|p1a: Terrakion|Terrakion|324/324","|-damage|p1a: Terrakion|304/324|[from] Stealth Rock","|turn|12","|","|move|p1a: Terrakion|Stone Edge|p2a: Landorus","|-damage|p2a: Landorus|60/319","|move|p2a: Landorus|Earth Power|p1a: Terrakion","|-supereffective|p1a: Terrakion","|-damage|p1a: Terrakion|0 fnt","|faint|p1a: Terrakion","|","|","|switch|p1a: Medicham|Medicham, M|262/262","|-damage|p1a: Medicham|246/262|[from] Stealth Rock","|turn|13","|","|detailschange|p1a: Medicham|Medicham-Mega, M","|-mega|p1a: Medicham|Medicham|Medichamite","|move|p1a: Medicham|Fake Out|p2a: Landorus","|-damage|p2a: Landorus|0 fnt","|faint|p2a: Landorus","|","|","|switch|p2a: Hippowdon|Hippowdon, F|368/420","|-damage|p2a: Hippowdon|342/420|[from] Stealth Rock","|-weather|Sandstorm","|turn|14","|","|move|p1a: Medicham|High Jump Kick|p2a: Hippowdon","|-damage|p2a: Hippowdon|114/420","|move|p2a: Hippowdon|Earthquake|p1a: Medicham","|-damage|p1a: Medicham|104/262","|","|-weather|Sandstorm|[upkeep]","|-damage|p1a: Medicham|88/262|[from] sandstorm","|-heal|p2a: Hippowdon|140/420|[from] item: Leftovers","|turn|15","|","|move|p1a: Medicham|High Jump Kick|p2a: Hippowdon","|-damage|p2a: Hippowdon|0 fnt","|faint|p2a: Hippowdon","|","|-weather|Sandstorm|[upkeep]","|-damage|p1a: Medicham|72/262|[from] sandstorm","|","|switch|p2a: Excadrill|Excadrill, M|234/362","|-damage|p2a: Excadrill|223/362|[from] Stealth Rock","|turn|16","|","|switch|p1a: Hawlucha|Hawlucha, F|297/297","|-damage|p1a: Hawlucha|260/297|[from] Stealth Rock","|move|p2a: Excadrill|Iron Head|p1a: Hawlucha","|-crit|p1a: Hawlucha","|-damage|p1a: Hawlucha|0 fnt","|-damage|p2a: Excadrill|187/362|[from] item: Life Orb","|faint|p1a: Hawlucha","|","|-weather|Sandstorm|[upkeep]","|","|switch|p1a: Medicham|Medicham-Mega, M|72/262","|-damage|p1a: Medicham|56/262|[from] Stealth Rock","|turn|17","|","|move|p1a: Medicham|Fake Out|p2a: Excadrill","|-resisted|p2a: Excadrill","|-damage|p2a: Excadrill|124/362","|cant|p2a: Excadrill|flinch","|","|-weather|Sandstorm|[upkeep]","|-damage|p1a: Medicham|40/262|[from] sandstorm","|turn|18","|","|move|p2a: Excadrill|Earthquake|p1a: Medicham","|-damage|p1a: Medicham|0 fnt","|-damage|p2a: Excadrill|88/362|[from] item: Life Orb","|faint|p1a: Medicham","|","|win|Emg Svu"],"p1rating":{"entryid":"7548471","serverid":"eos","formatid":"monotype","userid":"slkingdra","username":"SL~Kingdra","w":"16","l":18,"t":"0","gxe":47.1,"r":"1481.8412010282","rd":"58.95433178987","sigma":"0","rptime":"1439715600","rpr":1477.7575526002,"rprd":57.86080545006,"rpsigma":"0","acre":1076.9784969877,"lacre":1076.9784969877,"oldacre":"1094.2097984298"},"p2rating":{"entryid":"7656291","serverid":"eos","formatid":"monotype","userid":"emgsvu","username":"Emg Svu","w":9,"l":"3","t":"0","gxe":63.7,"r":"1576.1249706547","rd":"105.56273244861","sigma":"0","rptime":"1439715600","rpr":1609.24372229,"rprd":85.834175171612,"rpsigma":"0","acre":1214.2559306324,"lacre":1214.2559306324,"oldacre":"1196.404447061"},"endType":"normal"}