{"seed":[11664,30888,23644,42112],"turns":30,"p1":"Guard Jhawk","p2":"Marx-Bot","p1team":[{"name":"Togekiss","species":"Togekiss","item":"leftovers","ability":"Serene Grace","moves":["airslash","roost","thunderwave","dazzlinggleam"],"nature":"Timid","evs":{"hp":252,"atk":0,"def":0,"spa":4,"spd":0,"spe":252},"ivs":{"hp":31,"atk":31,"def":31,"spa":31,"spd":31,"spe":31}},{"name":"Pidgeot","species":"Pidgeot","item":"pidgeotite","ability":"Keen Eye","moves":["hurricane","hyperbeam","heatwave","uturn"],"nature":"Timid","evs":{"hp":0,"atk":0,"def":0,"spa":252,"spd":4,"spe":252},"ivs":{"hp":31,"atk":31,"def":31,"spa":31,"spd":31,"spe":31}},{"name":"Landorus-Therian","species":"Landorus-Therian","item":"choiceband","ability":"Intimidate","moves":["earthquake","uturn","stoneedge","knockoff"],"nature":"Adamant","evs":{"hp":136,"atk":252,"def":0,"spa":0,"spd":0,"spe":120},"ivs":{"hp":31,"atk":31,"def":31,"spa":31,"spd":31,"spe":31}},{"name":"Tornadus-Therian","species":"Tornadus-Therian","item":"","ability":"Regenerator","moves":["hurricane","foulplay","uturn","heatwave"],"nature":"Timid","evs":{"hp":72,"atk":0,"def":0,"spa":208,"spd":0,"spe":228},"ivs":{"hp":31,"atk":31,"def":31,"spa":31,"spd":31,"spe":31}},{"name":"Skarmory","species":"Skarmory","item":"rockyhelmet","ability":"Sturdy","moves":["stealthrock","roost","drillpeck","protect"],"nature":"Impish","evs":{"hp":248,"atk":24,"def":236,"spa":0,"spd":0,"spe":0},"ivs":{"hp":31,"atk":31,"def":31,"spa":31,"spd":31,"spe":31}},{"name":"Honchkrow","species":"Honchkrow","item":"lifeorb","ability":"Moxie","moves":["bravebird","suckerpunch","pursuit","heatwave"],"nature":"Hasty","evs":{"hp":0,"atk":252,"def":0,"spa":4,"spd":0,"spe":252},"ivs":{"hp":31,"atk":31,"def":31,"spa":31,"spd":31,"spe":31}}],"p2team":[{"name":"Murkrow","species":"Murkrow","item":"eviolite","ability":"Prankster","moves":["roost","thunderwave","featherdance","darkpulse"],"nature":"Calm","evs":{"hp":248,"atk":0,"def":0,"spa":8,"spd":252,"spe":0},"ivs":{"hp":31,"atk":31,"def":31,"spa":31,"spd":31,"spe":31}},{"name":"Absol","species":"Absol","item":"scopelens","ability":"Super Luck","moves":["nightslash","shadowclaw","thunderwave","suckerpunch"],"nature":"Jolly","evs":{"hp":0,"atk":252,"def":0,"spa":0,"spd":4,"spe":252},"ivs":{"hp":31,"atk":31,"def":31,"spa":31,"spd":31,"spe":31}},{"name":"Mandibuzz","species":"Mandibuzz","item":"rockyhelmet","ability":"Overcoat","moves":["foulplay","roost","toxic","bravebird"],"nature":"Impish","evs":{"hp":248,"atk":8,"def":252,"spa":0,"spd":0,"spe":0},"ivs":{"hp":31,"atk":31,"def":31,"spa":31,"spd":31,"spe":31}},{"name":"Malamar","species":"Malamar","item":"muscleband","ability":"Contrary","moves":["nightslash","psychocut","superpower","foulplay"],"nature":"Adamant","evs":{"hp":248,"atk":252,"def":0,"spa":0,"spd":8,"spe":0},"ivs":{"hp":31,"atk":31,"def":31,"spa":31,"spd":31,"spe":31}},{"name":"Hydreigon","species":"Hydreigon","item":"choicespecs","ability":"Levitate","moves":["darkpulse","dragonpulse","earthpower","flamethrower"],"nature":"Timid","evs":{"hp":0,"atk":0,"def":0,"spa":252,"spd":4,"spe":252},"ivs":{"hp":31,"atk":31,"def":31,"spa":31,"spd":31,"spe":31}},{"name":"Sharpedo","species":"Sharpedo","item":"focussash","ability":"Speed Boost","moves":["destinybond","crunch","earthquake","waterfall"],"nature":"Adamant","evs":{"hp":0,"atk":252,"def":0,"spa":0,"spd":4,"spe":252},"ivs":{"hp":31,"atk":31,"def":31,"spa":31,"spd":31,"spe":31}}],"log":["|player|p1|Guard Jhawk|2","|player|p2|Marx-Bot|238","|gametype|singles","|gen|6","|tier|Monotype","|rated","|rule|Baton Pass Clause: Limit one Baton Passer, can't pass Spe and other stats simultaneously","|rule|Swagger Clause: Swagger is banned","|rule|Same Type Clause: Pokémon in a team must share a type","|clearpoke","|poke|p1|Togekiss, F","|poke|p1|Pidgeot, M","|poke|p1|Landorus-Therian, M","|poke|p1|Tornadus-Therian, M","|poke|p1|Skarmory, M","|poke|p1|Honchkrow, M","|poke|p2|Murkrow, F","|poke|p2|Absol, F","|poke|p2|Mandibuzz, F","|poke|p2|Malamar, F","|poke|p2|Hydreigon, M","|poke|p2|Sharpedo, M","|rule|Sleep Clause Mod: Limit one foe put to sleep","|rule|Species Clause: Limit one of each Pokémon","|rule|OHKO Clause: OHKO moves are banned","|rule|Moody Clause: Moody is banned","|rule|Evasion Moves Clause: Evasion moves are banned","|rule|Endless Battle Clause: Forcing endless battles is banned","|rule|HP Percentage Mod: HP is shown in percentages","|teampreview","|","|start","|switch|p1a: Tornadus-Therian|Tornadus-Therian, M|317/317","|switch|p2a: Absol|Absol, F|271/271","|turn|1","|","|move|p1a: Tornadus-Therian|U-turn|p2a: Absol","|-supereffective|p2a: Absol","|-damage|p2a: Absol|121/271","|","|switch|p1a: Skarmory|Skarmory, M|333/333","|move|p2a: Absol|Thunder Wave|p1a: Skarmory","|-status|p1a: Skarmory|par","|","|turn|2","|","|move|p2a: Absol|Night Slash|p1a: Skarmory","|-crit|p1a: Skarmory","|-damage|p1a: Skarmory|219/333 par","|-damage|p2a: Absol|76/271|[from] item: Rocky Helmet|[of] p1a: Skarmory","|move|p1a: Skarmory|Stealth Rock|p2a: Absol","|-sidestart|p2: Marx-Bot|move: Stealth Rock","|","|turn|3","|","|move|p2a: Absol|Night Slash|p1a: Skarmory","|-crit|p1a: Skarmory","|-damage|p1a: Skarmory|102/333 par","|-damage|p2a: Absol|31/271|[from] item: Rocky Helmet|[of] p1a: Skarmory","|move|p1a: Skarmory|Roost|p1a: Skarmory","|-heal|p1a: Skarmory|269/333 par","|","|turn|4","|","|move|p2a: Absol|Night Slash|p1a: Skarmory","|-crit|p1a: Skarmory","|-damage|p1a: Skarmory|157/333 par","|-damage|p2a: Absol|0 fnt|[from] item: Rocky Helmet|[of] p1a: Skarmory","|faint|p2a: Absol","|cant|p1a: Skarmory|par","|","|","|switch|p2a: Malamar|Malamar, F|375/375","|-damage|p2a: Malamar|329/375|[from] Stealth Rock","|turn|5","|","|switch|p1a: Landorus-Therian|Landorus-Therian, M|353/353","|-ability|p1a: Landorus-Therian|Intimidate","|-boost|p2a: Malamar|atk|1","|move|p2a: Malamar|Superpower|p1a: Landorus-Therian","|-resisted|p1a: Landorus-Therian","|-damage|p1a: Landorus-Therian|240/353","|-boost|p2a: Malamar|atk|1","|-boost|p2a: Malamar|def|1","|","|turn|6","|","|move|p1a: Landorus-Therian|U-turn|p2a: Malamar","|-supereffective|p2a: Malamar","|-damage|p2a: Malamar|0 fnt","|faint|p2a: Malamar","|","|switch|p1a: Togekiss|Togekiss, F|374/374","|","|","|switch|p2a: Murkrow|Murkrow, F|323/323","|-damage|p2a: Murkrow|243/323|[from] Stealth Rock","|turn|7","|","|move|p2a: Murkrow|Thunder Wave|p1a: Togekiss","|-status|p1a: Togekiss|par","|move|p1a: Togekiss|Dazzling Gleam|p2a: Murkrow","|-supereffective|p2a: Murkrow","|-damage|p2a: Murkrow|75/323","|","|turn|8","|","|move|p2a: Murkrow|Roost|p2a: Murkrow","|-heal|p2a: Murkrow|237/323","|move|p1a: Togekiss|Dazzling Gleam|p2a: Murkrow","|-supereffective|p2a: Murkrow","|-damage|p2a: Murkrow|55/323","|","|turn|9","|","|move|p2a: Murkrow|Roost|p2a: Murkrow","|-heal|p2a: Murkrow|217/323","|cant|p1a: Togekiss|par","|","|turn|10","|","|move|p2a: Murkrow|Dark Pulse|p1a: Togekiss","|-resisted|p1a: Togekiss","|-damage|p1a: Togekiss|341/374 par","|cant|p1a: Togekiss|par","|","|-heal|p1a: Togekiss|364/374 par|[from] item: Leftovers","|turn|11","|","|move|p2a: Murkrow|Dark Pulse|p1a: Togekiss","|-resisted|p1a: Togekiss","|-damage|p1a: Togekiss|325/374 par","|cant|p1a: Togekiss|flinch","|","|-heal|p1a: Togekiss|348/374 par|[from] item: Leftovers","|turn|12","|","|move|p2a: Murkrow|Dark Pulse|p1a: Togekiss","|-resisted|p1a: Togekiss","|-damage|p1a: Togekiss|311/374 par","|move|p1a: Togekiss|Thunder Wave|p2a: Murkrow","|-status|p2a: Murkrow|par","|","|-heal|p1a: Togekiss|334/374 par|[from] item: Leftovers","|turn|13","|","|move|p2a: Murkrow|Roost|p2a: Murkrow","|-heal|p2a: Murkrow|323/323 par","|move|p1a: Togekiss|Dazzling Gleam|p2a: Murkrow","|-supereffective|p2a: Murkrow","|-damage|p2a: Murkrow|147/323 par","|","|-heal|p1a: Togekiss|357/374 par|[from] item: Leftovers","|turn|14","|","|move|p2a: Murkrow|Roost|p2a: Murkrow","|-heal|p2a: Murkrow|309/323 par","|move|p1a: Togekiss|Dazzling Gleam|p2a: Murkrow","|-supereffective|p2a: Murkrow","|-damage|p2a: Murkrow|135/323 par","|","|-heal|p1a: Togekiss|374/374 par|[from] item: Leftovers","|turn|15","|","|switch|p1a: Landorus-Therian|Landorus-Therian, M|240/353","|-ability|p1a: Landorus-Therian|Intimidate","|-unboost|p2a: Murkrow|atk|1","|move|p2a: Murkrow|Roost|p2a: Murkrow","|-heal|p2a: Murkrow|297/323 par","|","|turn|16","|","|move|p2a: Murkrow|Feather Dance|p1a: Landorus-Therian","|-unboost|p1a: Landorus-Therian|atk|2","|move|p1a: Landorus-Therian|Knock Off|p2a: Murkrow","|-resisted|p2a: Murkrow","|-damage|p2a: Murkrow|233/323 par","|-enditem|p2a: Murkrow|Eviolite|[from] move: Knock Off|[of] p1a: Landorus-Therian","|","|turn|17","|","|switch|p1a: Togekiss|Togekiss, F|374/374 par","|move|p2a: Murkrow|Feather Dance|p1a: Togekiss","|-unboost|p1a: Togekiss|atk|2","|","|turn|18","|","|move|p2a: Murkrow|Roost|p2a: Murkrow","|-heal|p2a: Murkrow|323/323 par","|move|p1a: Togekiss|Dazzling Gleam|p2a: Murkrow","|-supereffective|p2a: Murkrow","|-damage|p2a: Murkrow|41/323 par","|","|turn|19","|","|cant|p2a: Murkrow|par","|move|p1a: Togekiss|Dazzling Gleam|p2a: Murkrow","|-supereffective|p2a: Murkrow","|-damage|p2a: Murkrow|0 fnt","|faint|p2a: Murkrow","|","|","|switch|p2a: Sharpedo|Sharpedo, M|281/281","|-damage|p2a: Sharpedo|246/281|[from] Stealth Rock","|turn|20","|","|move|p2a: Sharpedo|Waterfall|p1a: Togekiss","|-damage|p1a: Togekiss|212/374 par","|move|p1a: Togekiss|Thunder Wave|p2a: Sharpedo","|-status|p2a: Sharpedo|par","|","|-heal|p1a: Togekiss|235/374 par|[from] item: Leftovers","|-boost|p2a: Sharpedo|spe|1|[from] ability: Speed Boost","|turn|21","|","|move|p2a: Sharpedo|Waterfall|p1a: Togekiss","|-damage|p1a: Togekiss|84/374 par","|cant|p1a: Togekiss|flinch","|","|-heal|p1a: Togekiss|107/374 par|[from] item: Leftovers","|-boost|p2a: Sharpedo|spe|1|[from] ability: Speed Boost","|turn|22","|","|switch|p1a: Tornadus-Therian|Tornadus-Therian, M|317/317","|cant|p2a: Sharpedo|par","|","|-boost|p2a: Sharpedo|spe|1|[from] ability: Speed Boost","|turn|23","|","|move|p1a: Tornadus-Therian|Hurricane|p2a: Sharpedo","|-damage|p2a: Sharpedo|0 fnt","|faint|p2a: Sharpedo","|","|","|switch|p2a: Hydreigon|Hydreigon, M|325/325","|-damage|p2a: Hydreigon|285/325|[from] Stealth Rock","|turn|24","|","|move|p1a: Tornadus-Therian|U-turn|p2a: Hydreigon","|-supereffective|p2a: Hydreigon","|-damage|p2a: Hydreigon|175/325","|","|switch|p1a: Togekiss|Togekiss, F|107/374 par","|move|p2a: Hydreigon|Dark Pulse|p1a: Togekiss","|-resisted|p1a: Togekiss","|-damage|p1a: Togekiss|23/374 par","|","|-heal|p1a: Togekiss|46/374 par|[from] item: Leftovers","|turn|25","|","|move|p2a: Hydreigon|Dark Pulse|p1a: Togekiss","|-resisted|p1a: Togekiss","|-damage|p1a: Togekiss|0 fnt","|faint|p1a: Togekiss","|","|","|switch|p1a: Pidgeot|Pidgeot, M|307/307","|turn|26","|","|detailschange|p1a: Pidgeot|Pidgeot-Mega, M","|-mega|p1a: Pidgeot|Pidgeot|Pidgeotite","|move|p1a: Pidgeot|Hurricane|p2a: Hydreigon","|-damage|p2a: Hydreigon|0 fnt","|faint|p2a: Hydreigon","|","|","|switch|p2a: Mandibuzz|Mandibuzz, F|423/423","|-damage|p2a: Mandibuzz|318/423|[from] Stealth Rock","|turn|27","|","|move|p1a: Pidgeot|Hurricane|p2a: Mandibuzz","|-damage|p2a: Mandibuzz|125/423","|move|p2a: Mandibuzz|Roost|p2a: Mandibuzz","|-heal|p2a: Mandibuzz|337/423","|","|turn|28","|","|move|p1a: Pidgeot|U-turn|p2a: Mandibuzz","|-damage|p2a: Mandibuzz|309/423","|-damage|p1a: Pidgeot|256/307|[from] item: Rocky Helmet|[of] p2a: Mandibuzz","|","|switch|p1a: Landorus-Therian|Landorus-Therian, M|240/353","|-ability|p1a: Landorus-Therian|Intimidate","|-unboost|p2a: Mandibuzz|atk|1","|move|p2a: Mandibuzz|Roost|p2a: Mandibuzz","|-heal|p2a: Mandibuzz|423/423","|","|turn|29","|","|move|p1a: Landorus-Therian|Stone Edge|p2a: Mandibuzz","|-supereffective|p2a: Mandibuzz","|-damage|p2a: Mandibuzz|103/423","|move|p2a: Mandibuzz|Foul Play|p1a: Landorus-Therian","|-crit|p1a: Landorus-Therian","|-damage|p1a: Landorus-Therian|0 fnt","|faint|p1a: Landorus-Therian","|","|","|switch|p1a: Pidgeot|Pidgeot-Mega, M|256/307","|turn|30","|","|move|p1a: Pidgeot|Hurricane|p2a: Mandibuzz","|-damage|p2a: Mandibuzz|0 fnt","|faint|p2a: Mandibuzz","|","|win|Guard Jhawk"],"p1rating":{"entryid":"6455168","serverid":"eos","formatid":"monotype","userid":"guardjhawk","username":"Guard Jhawk","w":38,"l":"26","t":"0","gxe":57.5,"r":"1551.4915868175","rd":"54.90491997434","sigma":"0","rptime":"1439715600","rpr":1557.5280347911,"rprd":54.291974984887,"rpsigma":"0","acre":1198.7383068014,"lacre":1198.7383068014,"oldacre":"1178.6652755599"},"p2rating":{"entryid":"5765428","serverid":"eos","formatid":"monotype","userid":"marxbot","username":"Marx Bot","w":"207","l":302,"t":"0","gxe":42.5,"r":"1449.2241103163","rd":"32.521873808857","sigma":"0","rptime":"1439715600","rpr":1442.9637657496,"rprd":31.960725835763,"rpsigma":"0","acre":1089.2123364241,"lacre":1089.2123364241,"oldacre":"1109.2853676656"},"endType":"normal"}