{"seed":[199,40609,49720,19314],"turns":32,"p1":"V ProdigyMatt","p2":"M☆ster dinite","p1team":[{"name":"Sableye","species":"Sableye","item":"sablenite","ability":"Prankster","moves":["willowisp","recover","taunt","knockoff"],"nature":"Careful","evs":{"hp":248,"atk":0,"def":8,"spa":0,"spd":252,"spe":0},"ivs":{"hp":31,"atk":31,"def":31,"spa":31,"spd":31,"spe":31}},{"name":"Mandibuzz","species":"Mandibuzz","item":"rockyhelmet","ability":"Overcoat","moves":["roost","defog","foulplay","uturn"],"nature":"Impish","evs":{"hp":248,"atk":0,"def":252,"spa":0,"spd":8,"spe":0},"ivs":{"hp":31,"atk":31,"def":31,"spa":31,"spd":31,"spe":31}},{"name":"Bisharp","species":"Bisharp","item":"choicescarf","ability":"Defiant","moves":["suckerpunch","nightslash","ironhead","lowkick"],"nature":"Jolly","evs":{"hp":0,"atk":252,"def":0,"spa":0,"spd":4,"spe":252},"ivs":{"hp":31,"atk":31,"def":31,"spa":31,"spd":31,"spe":31}},{"name":"Hydreigon","species":"Hydreigon","item":"choicescarf","ability":"Levitate","moves":["dracometeor","darkpulse","fireblast","uturn"],"nature":"Timid","evs":{"hp":0,"atk":0,"def":0,"spa":252,"spd":4,"spe":252},"ivs":{"hp":31,"atk":0,"def":31,"spa":31,"spd":31,"spe":31}},{"name":"Weavile","species":"Weavile","item":"lifeorb","ability":"Pressure","moves":["swordsdance","iceshard","knockoff","iciclecrash"],"nature":"Jolly","evs":{"hp":0,"atk":252,"def":0,"spa":0,"spd":4,"spe":252},"ivs":{"hp":31,"atk":31,"def":31,"spa":31,"spd":31,"spe":31}},{"name":"Krookodile","species":"Krookodile","item":"earthplate","ability":"Intimidate","moves":["stealthrock","stoneedge","roar","earthquake"],"nature":"Impish","evs":{"hp":248,"atk":8,"def":252,"spa":0,"spd":0,"spe":0},"ivs":{"hp":31,"atk":31,"def":31,"spa":31,"spd":31,"spe":31}}],"p2team":[{"name":"Easter bunny","species":"diggersby","item":"choicescarf","ability":"Huge Power","moves":["earthquake","return","knockoff","uturn"],"nature":"Jolly","evs":{"hp":0,"atk":252,"def":4,"spa":0,"spd":0,"spe":252},"ivs":{"hp":31,"atk":31,"def":31,"spa":31,"spd":31,"spe":31}},{"name":"mega-bonding","species":"lopunny","item":"lopunnite","ability":"Limber","moves":["highjumpkick","return","fakeout","poweruppunch"],"nature":"Jolly","evs":{"hp":0,"atk":252,"def":4,"spa":0,"spd":0,"spe":252},"ivs":{"hp":31,"atk":31,"def":31,"spa":31,"spd":31,"spe":31}},{"name":"buffy-power","species":"staraptor","item":"choicescarf","ability":"Reckless","moves":["bravebird","doubleedge","closecombat","uturn"],"nature":"Jolly","evs":{"hp":0,"atk":252,"def":4,"spa":0,"spd":0,"spe":252},"ivs":{"hp":31,"atk":31,"def":31,"spa":31,"spd":31,"spe":31}},{"name":"buffy-puffy","species":"chansey","item":"eviolite","ability":"Natural Cure","moves":["toxic","softboiled","seismictoss","healbell"],"nature":"Bold","evs":{"hp":4,"atk":0,"def":252,"spa":0,"spd":252,"spe":0},"ivs":{"hp":31,"atk":31,"def":31,"spa":31,"spd":31,"spe":31}},{"name":"gomy lismy","species":"ditto","item":"choicescarf","ability":"Imposter","moves":["transform"],"nature":"Relaxed","evs":{"hp":248,"atk":0,"def":252,"spa":0,"spd":0,"spe":0},"ivs":{"hp":31,"atk":31,"def":31,"spa":31,"spd":31,"spe":31}},{"name":"hax boos","species":"porygon2","item":"eviolite","ability":"Download","moves":["triattack","icebeam","discharge","recover"],"nature":"Modest","evs":{"hp":252,"atk":0,"def":4,"spa":252,"spd":0,"spe":0},"shiny":true,"ivs":{"hp":31,"atk":31,"def":31,"spa":31,"spd":31,"spe":31}}],"log":["|player|p1|V ProdigyMatt|40","|player|p2|M☆ster dinite|137","|gametype|singles","|gen|6","|tier|Monotype","|rated","|rule|Baton Pass Clause: Limit one Baton Passer, can't pass Spe and other stats simultaneously","|rule|Swagger Clause: Swagger is banned","|rule|Same Type Clause: Pokémon in a team must share a type","|clearpoke","|poke|p1|Sableye, M","|poke|p1|Mandibuzz, F","|poke|p1|Bisharp, M","|poke|p1|Hydreigon, F","|poke|p1|Weavile, F","|poke|p1|Krookodile, M","|poke|p2|Diggersby, F","|poke|p2|Lopunny, F","|poke|p2|Staraptor, F","|poke|p2|Chansey, F","|poke|p2|Ditto","|poke|p2|Porygon2, shiny","|rule|Sleep Clause Mod: Limit one foe put to sleep","|rule|Species Clause: Limit one of each Pokémon","|rule|OHKO Clause: OHKO moves are banned","|rule|Moody Clause: Moody is banned","|rule|Evasion Moves Clause: Evasion moves are banned","|rule|Endless Battle Clause: Forcing endless battles is banned","|rule|HP Percentage Mod: HP is shown in percentages","|teampreview","|","|start","|switch|p1a: Krookodile|Krookodile, M|393/393","|switch|p2a: buffy-power|Staraptor, F|311/311","|-ability|p1a: Krookodile|Intimidate","|-unboost|p2a: buffy-power|atk|1","|turn|1","|","|switch|p1a: Sableye|Sableye, M|303/303","|move|p2a: buffy-power|U-turn|p1a: Sableye","|-damage|p1a: Sableye|233/303","|","|switch|p2a: mega-bonding|Lopunny, F|271/271","|","|turn|2","|","|detailschange|p2a: mega-bonding|Lopunny-Mega, F","|-mega|p2a: mega-bonding|Lopunny|Lopunnite","|move|p2a: mega-bonding|Fake Out|p1a: Sableye","|-damage|p1a: Sableye|136/303","|cant|p1a: Sableye|flinch","|","|turn|3","|","|switch|p2a: buffy-puffy|Chansey, F|642/642","|move|p1a: Sableye|Will-O-Wisp|p2a: buffy-puffy","|-status|p2a: buffy-puffy|brn","|","|-damage|p2a: buffy-puffy|562/642 brn|[from] brn","|turn|4","|","|move|p1a: Sableye|Taunt|p2a: buffy-puffy","|-start|p2a: buffy-puffy|move: Taunt","|cant|p2a: buffy-puffy|move: Taunt|Toxic","|","|-damage|p2a: buffy-puffy|482/642 brn|[from] brn","|turn|5","|","|switch|p2a: gomy lismy|Ditto|299/299","|-transform|p2a: gomy lismy|p1a: Sableye","|move|p1a: Sableye|Recover|p1a: Sableye","|-heal|p1a: Sableye|288/303","|","|turn|6","|","|move|p2a: gomy lismy|Will-O-Wisp|p1a: Sableye","|-status|p1a: Sableye|brn","|move|p1a: Sableye|Knock Off|p2a: gomy lismy","|-damage|p2a: gomy lismy|241/299","|-enditem|p2a: gomy lismy|Choice Scarf|[from] move: Knock Off|[of] p1a: Sableye","|","|-damage|p1a: Sableye|251/303 brn|[from] brn","|turn|7","|","|move|p1a: Sableye|Taunt|p2a: gomy lismy","|-start|p2a: gomy lismy|move: Taunt","|cant|p2a: gomy lismy|move: Taunt|Taunt","|","|-damage|p1a: Sableye|214/303 brn|[from] brn","|turn|8","|","|switch|p2a: hax boos|Porygon2, shiny|374/374","|-boost|p2a: hax boos|atk|1|[from] ability: Download","|move|p1a: Sableye|Will-O-Wisp|p2a: hax boos","|-status|p2a: hax boos|brn","|","|-damage|p2a: hax boos|328/374 brn|[from] brn","|-damage|p1a: Sableye|177/303 brn|[from] brn","|turn|9","|","|switch|p2a: mega-bonding|Lopunny-Mega, F|271/271","|move|p1a: Sableye|Recover|p1a: Sableye","|-heal|p1a: Sableye|303/303 brn","|","|-damage|p1a: Sableye|266/303 brn|[from] brn","|turn|10","|","|move|p1a: Sableye|Will-O-Wisp|p2a: mega-bonding","|-status|p2a: mega-bonding|brn","|move|p2a: mega-bonding|Power-Up Punch|p1a: Sableye","|-supereffective|p1a: Sableye","|-damage|p1a: Sableye|179/303 brn","|-boost|p2a: mega-bonding|atk|1","|","|-damage|p2a: mega-bonding|238/271 brn|[from] brn","|-damage|p1a: Sableye|142/303 brn|[from] brn","|turn|11","|","|move|p2a: mega-bonding|High Jump Kick|p1a: Sableye","|-supereffective|p1a: Sableye","|-damage|p1a: Sableye|0 fnt","|faint|p1a: Sableye","|","|-damage|p2a: mega-bonding|205/271 brn|[from] brn","|","|switch|p1a: Mandibuzz|Mandibuzz, F|423/423","|turn|12","|","|switch|p2a: buffy-puffy|Chansey, F|482/642","|move|p1a: Mandibuzz|Foul Play|p2a: buffy-puffy","|-damage|p2a: buffy-puffy|457/642","|","|turn|13","|","|move|p1a: Mandibuzz|U-turn|p2a: buffy-puffy","|-damage|p2a: buffy-puffy|403/642","|","|switch|p1a: Krookodile|Krookodile, M|393/393","|-ability|p1a: Krookodile|Intimidate","|-unboost|p2a: buffy-puffy|atk|1","|move|p2a: buffy-puffy|Heal Bell|p2a: buffy-puffy","|-cureteam|p2a: buffy-puffy|[from] move: HealBell","|","|turn|14","|","|move|p1a: Krookodile|Earthquake|p2a: buffy-puffy","|-damage|p2a: buffy-puffy|189/642","|move|p2a: buffy-puffy|Seismic Toss|p1a: Krookodile","|-damage|p1a: Krookodile|293/393","|","|turn|15","|","|move|p1a: Krookodile|Stone Edge|p2a: buffy-puffy","|-crit|p2a: buffy-puffy","|-damage|p2a: buffy-puffy|0 fnt","|faint|p2a: buffy-puffy","|","|","|switch|p2a: Easter bunny|Diggersby, F|311/311","|turn|16","|","|move|p2a: Easter bunny|U-turn|p1a: Krookodile","|-crit|p1a: Krookodile","|-supereffective|p1a: Krookodile","|-damage|p1a: Krookodile|39/393","|","|switch|p2a: gomy lismy|Ditto|241/299","|-transform|p2a: gomy lismy|p1a: Krookodile","|-ability|p2a: gomy lismy|Intimidate","|-unboost|p1a: Krookodile|atk|1","|move|p1a: Krookodile|Stealth Rock|p2a: gomy lismy","|-sidestart|p2: M☆ster dinite|move: Stealth Rock","|","|turn|17","|","|move|p2a: gomy lismy|Earthquake|p1a: Krookodile","|-damage|p1a: Krookodile|0 fnt","|faint|p1a: Krookodile","|","|","|switch|p1a: Weavile|Weavile, F|281/281","|-ability|p1a: Weavile|Pressure","|turn|18","|","|move|p1a: Weavile|Icicle Crash|p2a: gomy lismy","|-supereffective|p2a: gomy lismy","|-damage|p2a: gomy lismy|0 fnt","|-damage|p1a: Weavile|253/281|[from] item: Life Orb","|faint|p2a: gomy lismy","|","|","|switch|p2a: buffy-power|Staraptor, F|311/311","|-damage|p2a: buffy-power|234/311|[from] Stealth Rock","|turn|19","|","|move|p1a: Weavile|Ice Shard|p2a: buffy-power","|-supereffective|p2a: buffy-power","|-damage|p2a: buffy-power|0 fnt","|-damage|p1a: Weavile|225/281|[from] item: Life Orb","|faint|p2a: buffy-power","|","|","|switch|p2a: mega-bonding|Lopunny-Mega, F|205/271","|-damage|p2a: mega-bonding|189/271|[from] Stealth Rock","|turn|20","|","|switch|p1a: Mandibuzz|Mandibuzz, F|423/423","|move|p2a: mega-bonding|Power-Up Punch|p1a: Mandibuzz","|-damage|p1a: Mandibuzz|369/423","|-damage|p2a: mega-bonding|144/271|[from] item: Rocky Helmet|[of] p1a: Mandibuzz","|-boost|p2a: mega-bonding|atk|1","|","|turn|21","|","|move|p2a: mega-bonding|High Jump Kick|p1a: Mandibuzz","|-damage|p1a: Mandibuzz|137/423","|-damage|p2a: mega-bonding|99/271|[from] item: Rocky Helmet|[of] p1a: Mandibuzz","|move|p1a: Mandibuzz|Foul Play|p2a: mega-bonding","|-resisted|p2a: mega-bonding","|-damage|p2a: mega-bonding|0 fnt","|faint|p2a: mega-bonding","|","|","|switch|p2a: Easter bunny|Diggersby, F|311/311","|-damage|p2a: Easter bunny|292/311|[from] Stealth Rock","|turn|22","|","|move|p2a: Easter bunny|Return|p1a: Mandibuzz","|-damage|p1a: Mandibuzz|0 fnt","|-damage|p2a: Easter bunny|241/311|[from] item: Rocky Helmet|[of] p1a: Mandibuzz","|faint|p1a: Mandibuzz","|","|","|switch|p1a: Bisharp|Bisharp, M|271/271","|turn|23","|","|switch|p2a: hax boos|Porygon2, shiny|328/374","|-damage|p2a: hax boos|282/374|[from] Stealth Rock","|-boost|p2a: hax boos|spa|1|[from] ability: Download","|move|p1a: Bisharp|Iron Head|p2a: hax boos","|-damage|p2a: hax boos|176/374","|","|turn|24","|","|switch|p1a: Hydreigon|Hydreigon, F|325/325","|move|p2a: hax boos|Recover|p2a: hax boos","|-heal|p2a: hax boos|363/374","|","|turn|25","|","|move|p1a: Hydreigon|Dark Pulse|p2a: hax boos","|-damage|p2a: hax boos|267/374","|move|p2a: hax boos|Ice Beam|p1a: Hydreigon","|-supereffective|p1a: Hydreigon","|-damage|p1a: Hydreigon|19/325","|","|turn|26","|","|move|p1a: Hydreigon|Dark Pulse|p2a: hax boos","|-damage|p2a: hax boos|171/374","|cant|p2a: hax boos|flinch","|","|turn|27","|","|move|p1a: Hydreigon|Dark Pulse|p2a: hax boos","|-damage|p2a: hax boos|72/374","|move|p2a: hax boos|Recover|p2a: hax boos","|-heal|p2a: hax boos|259/374","|","|turn|28","|","|move|p1a: Hydreigon|Dark Pulse|p2a: hax boos","|-damage|p2a: hax boos|157/374","|move|p2a: hax boos|Recover|p2a: hax boos","|-heal|p2a: hax boos|344/374","|","|turn|29","|","|move|p1a: Hydreigon|Dark Pulse|p2a: hax boos","|-damage|p2a: hax boos|241/374","|cant|p2a: hax boos|flinch","|","|turn|30","|","|move|p1a: Hydreigon|Dark Pulse|p2a: hax boos","|-damage|p2a: hax boos|150/374","|move|p2a: hax boos|Recover|p2a: hax boos","|-heal|p2a: hax boos|337/374","|","|turn|31","|","|move|p1a: Hydreigon|Dark Pulse|p2a: hax boos","|-damage|p2a: hax boos|244/374","|move|p2a: hax boos|Ice Beam|p1a: Hydreigon","|-supereffective|p1a: Hydreigon","|-damage|p1a: Hydreigon|0 fnt","|faint|p1a: Hydreigon","|","|","|switch|p1a: Weavile|Weavile, F|225/281","|-ability|p1a: Weavile|Pressure","|turn|32","|","|win|V ProdigyMatt"],"p1rating":{"entryid":"7615727","serverid":"eos","formatid":"monotype","userid":"vprodigymatt","username":"V ProdigyMatt","w":1,"l":"3","t":"0","gxe":43,"r":"1427.4328741711","rd":"117.15874601867","sigma":"0","rptime":"1439715600","rpr":1444.5862506748,"rprd":107.58383555053,"rpsigma":"0","acre":1043.9804712213,"lacre":1043.9804712213,"oldacre":"1000"},"p2rating":{"entryid":"7670562","serverid":"eos","formatid":"monotype","userid":"msterdinite","username":"M☆ster dinite","w":"1","l":2,"t":"0","gxe":43,"r":"1500","rd":"130","sigma":"0","rptime":"1439715600","rpr":1444.0486105717,"rprd":113.95042500984,"rpsigma":"0","acre":1017.97252089,"lacre":1017.97252089,"oldacre":"1034.688740524"},"endType":"forfeit"}