{"seed":[18009,28502,7475,21598],"turns":37,"p1":"Silver - Zeyus","p2":"Seven Swell","p1team":[{"name":"Ludicolo","species":"Ludicolo","item":"lifeorb","ability":"Swift Swim","moves":["gigadrain","scald","focusblast","icebeam"],"nature":"Modest","evs":{"hp":0,"atk":0,"def":0,"spa":252,"spd":4,"spe":252},"ivs":{"hp":31,"atk":0,"def":31,"spa":31,"spd":31,"spe":31}},{"name":"Empoleon","species":"Empoleon","item":"leftovers","ability":"Torrent","moves":["stealthrock","defog","scald","roar"],"nature":"Calm","evs":{"hp":252,"atk":0,"def":0,"spa":4,"spd":252,"spe":0},"ivs":{"hp":31,"atk":0,"def":31,"spa":31,"spd":31,"spe":31}},{"name":"Swampert","species":"Swampert","item":"swampertite","ability":"Torrent","moves":["earthquake","waterfall","icepunch","raindance"],"nature":"Adamant","evs":{"hp":0,"atk":252,"def":0,"spa":0,"spd":4,"spe":252},"ivs":{"hp":31,"atk":31,"def":31,"spa":31,"spd":31,"spe":31}},{"name":"Rotom-Wash","species":"Rotom-Wash","item":"leftovers","ability":"Levitate","moves":["willowisp","painsplit","voltswitch","hydropump"],"nature":"Bold","evs":{"hp":252,"atk":0,"def":252,"spa":4,"spd":0,"spe":0},"ivs":{"hp":31,"atk":0,"def":31,"spa":31,"spd":31,"spe":31}},{"name":"Manaphy","species":"Manaphy","item":"leftovers","ability":"Hydration","moves":["tailglow","psychic","scald","icebeam"],"nature":"Timid","evs":{"hp":0,"atk":0,"def":0,"spa":252,"spd":4,"spe":252},"ivs":{"hp":31,"atk":0,"def":31,"spa":31,"spd":31,"spe":31}},{"name":"Politoed","species":"Politoed","item":"ejectbutton","ability":"Drizzle","moves":["scald","toxic","perishsong","encore"],"nature":"Calm","evs":{"hp":252,"atk":0,"def":4,"spa":0,"spd":252,"spe":0},"ivs":{"hp":31,"atk":0,"def":31,"spa":31,"spd":31,"spe":31}}],"p2team":[{"name":"Mew","species":"Mew","item":"leftovers","ability":"Synchronize","moves":["roost","toxic","healbell","aurasphere"],"nature":"Calm","evs":{"hp":252,"atk":0,"def":0,"spa":4,"spd":252,"spe":0},"ivs":{"hp":31,"atk":31,"def":31,"spa":31,"spd":31,"spe":31}},{"name":"Slowbro","species":"Slowbro","item":"rockyhelmet","ability":"Regenerator","moves":["scald","yawn","flamethrower","slackoff"],"nature":"Bold","evs":{"hp":252,"atk":0,"def":252,"spa":4,"spd":0,"spe":0},"ivs":{"hp":31,"atk":31,"def":31,"spa":31,"spd":31,"spe":31}},{"name":"Deoxys-Speed","species":"Deoxys-Speed","item":"focussash","ability":"Pressure","moves":["stealthrock","thunderbolt","thunderwave","icebeam"],"nature":"Timid","evs":{"hp":252,"atk":0,"def":0,"spa":44,"spd":0,"spe":212},"ivs":{"hp":31,"atk":31,"def":31,"spa":31,"spd":31,"spe":31}},{"name":"Latias","species":"Latias","item":"leftovers","ability":"Levitate","moves":["dracometeor","psyshock","roost","defog"],"nature":"Timid","evs":{"hp":252,"atk":0,"def":0,"spa":4,"spd":0,"spe":252},"ivs":{"hp":31,"atk":31,"def":31,"spa":31,"spd":31,"spe":31}},{"name":"Hoopa-Unbound","species":"Hoopa-Unbound","item":"focussash","ability":"Magician","moves":["hyperspacefury","drainpunch","firepunch","gunkshot"],"nature":"Adamant","evs":{"hp":0,"atk":252,"def":0,"spa":0,"spd":4,"spe":252},"ivs":{"hp":31,"atk":31,"def":31,"spa":31,"spd":31,"spe":31}},{"name":"Gardevoir","species":"Gardevoir","item":"gardevoirite","ability":"Trace","moves":["hypervoice","psyshock","shadowball","taunt"],"nature":"Timid","evs":{"hp":0,"atk":0,"def":0,"spa":252,"spd":4,"spe":252},"ivs":{"hp":31,"atk":31,"def":31,"spa":31,"spd":31,"spe":31}}],"log":["|player|p1|Silver - Zeyus|291","|player|p2|Seven Swell|sevenswell.png","|gametype|singles","|gen|6","|tier|Monotype","|rated","|rule|Baton Pass Clause: Limit one Baton Passer, can't pass Spe and other stats simultaneously","|rule|Swagger Clause: Swagger is banned","|rule|Same Type Clause: Pokémon in a team must share a type","|clearpoke","|poke|p1|Ludicolo, M","|poke|p1|Empoleon, F","|poke|p1|Swampert, F","|poke|p1|Rotom-Wash","|poke|p1|Manaphy","|poke|p1|Politoed, F","|poke|p2|Mew","|poke|p2|Slowbro, M","|poke|p2|Deoxys-Speed","|poke|p2|Latias, F","|poke|p2|Hoopa-Unbound","|poke|p2|Gardevoir, M","|rule|Sleep Clause Mod: Limit one foe put to sleep","|rule|Species Clause: Limit one of each Pokémon","|rule|OHKO Clause: OHKO moves are banned","|rule|Moody Clause: Moody is banned","|rule|Evasion Moves Clause: Evasion moves are banned","|rule|Endless Battle Clause: Forcing endless battles is banned","|rule|HP Percentage Mod: HP is shown in percentages","|teampreview","|","|start","|switch|p1a: Empoleon|Empoleon, F|372/372","|switch|p2a: Hoopa-Unbound|Hoopa-Unbound|301/301","|turn|1","|","|switch|p1a: Rotom-Wash|Rotom-Wash|304/304","|move|p2a: Hoopa-Unbound|Drain Punch|p1a: Rotom-Wash","|-damage|p1a: Rotom-Wash|219/304","|","|-heal|p1a: Rotom-Wash|238/304|[from] item: Leftovers","|turn|2","|","|switch|p2a: Mew|Mew|404/404","|move|p1a: Rotom-Wash|Will-O-Wisp|p2a: Mew|[miss]","|-miss|p1a: Rotom-Wash|p2a: Mew","|","|-heal|p1a: Rotom-Wash|257/304|[from] item: Leftovers","|turn|3","|","|move|p2a: Mew|Toxic|p1a: Rotom-Wash","|-status|p1a: Rotom-Wash|tox","|move|p1a: Rotom-Wash|Volt Switch|p2a: Mew","|-damage|p2a: Mew|344/404","|","|switch|p1a: Empoleon|Empoleon, F|372/372","|","|-heal|p2a: Mew|369/404|[from] item: Leftovers","|turn|4","|","|move|p2a: Mew|Aura Sphere|p1a: Empoleon","|-supereffective|p1a: Empoleon","|-damage|p1a: Empoleon|284/372","|move|p1a: Empoleon|Stealth Rock|p2a: Mew","|-sidestart|p2: Seven Swell|move: Stealth Rock","|","|-heal|p2a: Mew|394/404|[from] item: Leftovers","|-heal|p1a: Empoleon|307/372|[from] item: Leftovers","|turn|5","|","|move|p2a: Mew|Aura Sphere|p1a: Empoleon","|-supereffective|p1a: Empoleon","|-damage|p1a: Empoleon|217/372","|move|p1a: Empoleon|Scald|p2a: Mew","|-damage|p2a: Mew|321/404","|","|-heal|p2a: Mew|346/404|[from] item: Leftovers","|-heal|p1a: Empoleon|240/372|[from] item: Leftovers","|turn|6","|","|move|p2a: Mew|Aura Sphere|p1a: Empoleon","|-supereffective|p1a: Empoleon","|-damage|p1a: Empoleon|154/372","|move|p1a: Empoleon|Roar|p2a: Mew","|drag|p2a: Deoxys-Speed|Deoxys-Speed|304/304","|-damage|p2a: Deoxys-Speed|266/304|[from] Stealth Rock","|-ability|p2a: Deoxys-Speed|Pressure","|","|-heal|p1a: Empoleon|177/372|[from] item: Leftovers","|turn|7","|","|switch|p2a: Latias|Latias, F|364/364","|-damage|p2a: Latias|319/364|[from] Stealth Rock","|move|p1a: Empoleon|Scald|p2a: Latias","|-resisted|p2a: Latias","|-damage|p2a: Latias|280/364","|","|-heal|p2a: Latias|302/364|[from] item: Leftovers","|-heal|p1a: Empoleon|200/372|[from] item: Leftovers","|turn|8","|","|move|p2a: Latias|Defog|p1a: Empoleon","|-unboost|p1a: Empoleon|evasion|1","|-sideend|p2: Seven Swell|Stealth Rock|[from] move: Defog|[of] p2a: Latias","|move|p1a: Empoleon|Roar|p2a: Latias","|drag|p2a: Mew|Mew|346/404","|","|-heal|p2a: Mew|371/404|[from] item: Leftovers","|-heal|p1a: Empoleon|223/372|[from] item: Leftovers","|turn|9","|","|move|p2a: Mew|Aura Sphere|p1a: Empoleon","|-supereffective|p1a: Empoleon","|-damage|p1a: Empoleon|127/372","|move|p1a: Empoleon|Stealth Rock|p2a: Mew","|-sidestart|p2: Seven Swell|move: Stealth Rock","|","|-heal|p2a: Mew|396/404|[from] item: Leftovers","|-heal|p1a: Empoleon|150/372|[from] item: Leftovers","|turn|10","|","|switch|p1a: Politoed|Politoed, F|384/384","|-weather|RainDance","|move|p2a: Mew|Aura Sphere|p1a: Politoed","|-damage|p1a: Politoed|341/384","|-enditem|p1a: Politoed|Eject Button","|","|switch|p1a: Swampert|Swampert, F|341/341","|","|-weather|RainDance|[upkeep]","|-heal|p2a: Mew|404/404|[from] item: Leftovers","|turn|11","|","|switch|p2a: Slowbro|Slowbro, M|394/394","|-damage|p2a: Slowbro|345/394|[from] Stealth Rock","|detailschange|p1a: Swampert|Swampert-Mega, F","|-mega|p1a: Swampert|Swampert|Swampertite","|move|p1a: Swampert|Waterfall|p2a: Slowbro","|-resisted|p2a: Slowbro","|-damage|p2a: Slowbro|254/394","|-damage|p1a: Swampert|285/341|[from] item: Rocky Helmet|[of] p2a: Slowbro","|","|-weather|RainDance|[upkeep]","|turn|12","|","|move|p1a: Swampert|Earthquake|p2a: Slowbro","|-damage|p2a: Slowbro|101/394","|move|p2a: Slowbro|Slack Off|p2a: Slowbro","|-heal|p2a: Slowbro|298/394","|","|-weather|RainDance|[upkeep]","|turn|13","|","|move|p1a: Swampert|Earthquake|p2a: Slowbro","|-damage|p2a: Slowbro|159/394","|move|p2a: Slowbro|Yawn|p1a: Swampert","|-start|p1a: Swampert|move: Yawn|[of] p2a: Slowbro","|","|-weather|RainDance|[upkeep]","|turn|14","|","|switch|p1a: Ludicolo|Ludicolo, M|301/301","|move|p2a: Slowbro|Slack Off|p2a: Slowbro","|-heal|p2a: Slowbro|356/394","|","|-weather|none","|turn|15","|","|switch|p2a: Latias|Latias, F|302/364","|-damage|p2a: Latias|257/364|[from] Stealth Rock","|move|p1a: Ludicolo|Giga Drain|p2a: Latias","|-resisted|p2a: Latias","|-damage|p2a: Latias|199/364","|-damage|p1a: Ludicolo|271/301|[from] item: Life Orb","|","|-heal|p2a: Latias|221/364|[from] item: Leftovers","|turn|16","|","|move|p2a: Latias|Defog|p1a: Ludicolo","|-unboost|p1a: Ludicolo|evasion|1","|-sideend|p2: Seven Swell|Stealth Rock|[from] move: Defog|[of] p2a: Latias","|move|p1a: Ludicolo|Ice Beam|p2a: Latias","|-supereffective|p2a: Latias","|-damage|p2a: Latias|44/364","|-damage|p1a: Ludicolo|241/301|[from] item: Life Orb","|","|-heal|p2a: Latias|66/364|[from] item: Leftovers","|turn|17","|","|switch|p1a: Politoed|Politoed, F|341/384","|-weather|RainDance","|move|p2a: Latias|Roost|p2a: Latias","|-heal|p2a: Latias|248/364","|","|-weather|RainDance|[upkeep]","|-heal|p2a: Latias|270/364|[from] item: Leftovers","|turn|18","|","|switch|p2a: Mew|Mew|404/404","|move|p1a: Politoed|Toxic|p2a: Mew","|-status|p2a: Mew|tox","|-status|p1a: Politoed|tox","|","|-weather|RainDance|[upkeep]","|-damage|p2a: Mew|379/404 tox|[from] psn","|-damage|p1a: Politoed|317/384 tox|[from] psn","|turn|19","|","|move|p2a: Mew|Heal Bell|p2a: Mew","|-cureteam|p2a: Mew|[from] move: HealBell","|move|p1a: Politoed|Scald|p2a: Mew","|-damage|p2a: Mew|283/404","|-status|p2a: Mew|brn","|","|-weather|RainDance|[upkeep]","|-heal|p2a: Mew|308/404 brn|[from] item: Leftovers","|-damage|p2a: Mew|258/404 brn|[from] brn","|-damage|p1a: Politoed|269/384 tox|[from] psn","|turn|20","|","|move|p2a: Mew|Roost|p2a: Mew","|-heal|p2a: Mew|404/404 brn","|move|p1a: Politoed|Encore|p2a: Mew","|-start|p2a: Mew|Encore","|","|-weather|RainDance|[upkeep]","|-damage|p2a: Mew|354/404 brn|[from] brn","|-damage|p1a: Politoed|197/384 tox|[from] psn","|turn|21","|","|switch|p2a: Latias|Latias, F|270/364","|switch|p1a: Manaphy|Manaphy|341/341","|","|-weather|none","|-heal|p2a: Latias|292/364|[from] item: Leftovers","|turn|22","|","|move|p2a: Latias|Psyshock|p1a: Manaphy","|-damage|p1a: Manaphy|230/341","|move|p1a: Manaphy|Tail Glow|p1a: Manaphy","|-boost|p1a: Manaphy|spa|3","|","|-heal|p2a: Latias|314/364|[from] item: Leftovers","|-heal|p1a: Manaphy|251/341|[from] item: Leftovers","|turn|23","|","|move|p2a: Latias|Draco Meteor|p1a: Manaphy","|-damage|p1a: Manaphy|92/341","|-unboost|p2a: Latias|spa|2","|move|p1a: Manaphy|Ice Beam|p2a: Latias","|-supereffective|p2a: Latias","|-damage|p2a: Latias|0 fnt","|faint|p2a: Latias","|","|-heal|p1a: Manaphy|113/341|[from] item: Leftovers","|","|switch|p2a: Deoxys-Speed|Deoxys-Speed|266/304","|-ability|p2a: Deoxys-Speed|Pressure","|turn|24","|","|switch|p1a: Politoed|Politoed, F|197/384 tox","|-weather|RainDance","|move|p2a: Deoxys-Speed|Thunderbolt|p1a: Politoed","|-supereffective|p1a: Politoed","|-damage|p1a: Politoed|91/384 tox","|","|-weather|RainDance|[upkeep]","|-damage|p1a: Politoed|67/384 tox|[from] psn","|turn|25","|","|move|p2a: Deoxys-Speed|Thunderbolt|p1a: Politoed","|-supereffective|p1a: Politoed","|-damage|p1a: Politoed|0 fnt","|faint|p1a: Politoed","|","|-weather|RainDance|[upkeep]","|","|switch|p1a: Ludicolo|Ludicolo, M|241/301","|turn|26","|","|move|p2a: Deoxys-Speed|Thunder Wave|p1a: Ludicolo","|-status|p1a: Ludicolo|par","|move|p1a: Ludicolo|Scald|p2a: Deoxys-Speed","|-damage|p2a: Deoxys-Speed|11/304","|-damage|p1a: Ludicolo|211/301 par|[from] item: Life Orb","|","|-weather|RainDance|[upkeep]","|turn|27","|","|move|p2a: Deoxys-Speed|Stealth Rock|p1a: Ludicolo","|-sidestart|p1: Silver - Zeyus|move: Stealth Rock","|move|p1a: Ludicolo|Giga Drain|p2a: Deoxys-Speed","|-damage|p2a: Deoxys-Speed|0 fnt","|-heal|p1a: Ludicolo|217/301 par|[from] drain|[of] p2a: Deoxys-Speed","|-damage|p1a: Ludicolo|187/301 par|[from] item: Life Orb","|faint|p2a: Deoxys-Speed","|","|-weather|RainDance|[upkeep]","|","|switch|p2a: Gardevoir|Gardevoir, M|277/277","|-ability|p2a: Gardevoir|Swift Swim|[from] ability: Trace|[of] p1a: Ludicolo","|turn|28","|","|switch|p1a: Empoleon|Empoleon, F|150/372","|-damage|p1a: Empoleon|127/372|[from] Stealth Rock","|detailschange|p2a: Gardevoir|Gardevoir-Mega, M","|-mega|p2a: Gardevoir|Gardevoir|Gardevoirite","|move|p2a: Gardevoir|Hyper Voice|p1a: Empoleon","|-resisted|p1a: Empoleon","|-damage|p1a: Empoleon|35/372","|","|-weather|none","|-heal|p1a: Empoleon|58/372|[from] item: Leftovers","|turn|29","|","|move|p2a: Gardevoir|Hyper Voice|p1a: Empoleon","|-resisted|p1a: Empoleon","|-damage|p1a: Empoleon|0 fnt","|faint|p1a: Empoleon","|","|","|switch|p1a: Rotom-Wash|Rotom-Wash|257/304 tox","|-damage|p1a: Rotom-Wash|219/304 tox|[from] Stealth Rock","|turn|30","|","|move|p2a: Gardevoir|Hyper Voice|p1a: Rotom-Wash","|-damage|p1a: Rotom-Wash|0 fnt","|faint|p1a: Rotom-Wash","|","|","|switch|p1a: Swampert|Swampert-Mega, F|285/341","|-damage|p1a: Swampert|264/341|[from] Stealth Rock","|turn|31","|","|move|p2a: Gardevoir|Hyper Voice|p1a: Swampert","|-damage|p1a: Swampert|29/341","|move|p1a: Swampert|Rain Dance|p1a: Swampert","|-weather|RainDance","|","|-weather|RainDance|[upkeep]","|turn|32","|","|switch|p2a: Slowbro|Slowbro, M|394/394","|move|p1a: Swampert|Earthquake|p2a: Slowbro","|-damage|p2a: Slowbro|250/394","|","|-weather|RainDance|[upkeep]","|turn|33","|","|move|p1a: Swampert|Earthquake|p2a: Slowbro","|-damage|p2a: Slowbro|93/394","|move|p2a: Slowbro|Scald|p1a: Swampert","|-damage|p1a: Swampert|0 fnt","|faint|p1a: Swampert","|","|-weather|RainDance|[upkeep]","|","|switch|p1a: Ludicolo|Ludicolo, M|187/301 par","|-damage|p1a: Ludicolo|150/301 par|[from] Stealth Rock","|turn|34","|","|cant|p1a: Ludicolo|par","|move|p2a: Slowbro|Flamethrower|p1a: Ludicolo","|-damage|p1a: Ludicolo|113/301 par","|","|-weather|RainDance|[upkeep]","|turn|35","|","|move|p1a: Ludicolo|Giga Drain|p2a: Slowbro","|-supereffective|p2a: Slowbro","|-damage|p2a: Slowbro|0 fnt","|-heal|p1a: Ludicolo|160/301 par|[from] drain|[of] p2a: Slowbro","|-damage|p1a: Ludicolo|130/301 par|[from] item: Life Orb","|faint|p2a: Slowbro","|","|-weather|none","|","|switch|p2a: Hoopa-Unbound|Hoopa-Unbound|301/301","|turn|36","|","|move|p2a: Hoopa-Unbound|Hyperspace Fury|p1a: Ludicolo","|-damage|p1a: Ludicolo|0 fnt","|-unboost|p2a: Hoopa-Unbound|def|1","|faint|p1a: Ludicolo","|","|","|switch|p1a: Manaphy|Manaphy|113/341","|-damage|p1a: Manaphy|71/341|[from] Stealth Rock","|turn|37","|","|move|p1a: Manaphy|Psychic|p2a: Hoopa-Unbound","|-immune|p2a: Hoopa-Unbound|[msg]","|move|p2a: Hoopa-Unbound|Hyperspace Fury|p1a: Manaphy","|-damage|p1a: Manaphy|0 fnt","|-unboost|p2a: Hoopa-Unbound|def|1","|faint|p1a: Manaphy","|","|win|Seven Swell"],"p1rating":{"entryid":"7506885","serverid":"eos","formatid":"monotype","userid":"silverzeyus","username":"Silver - Zeyus","w":"5","l":7,"t":"0","gxe":48.1,"r":1498.2486834288,"rd":86.409924991407,"sigma":"0","rptime":1439715600,"rpr":1485.275954831,"rprd":84.207640808388,"rpsigma":"0","acre":1099.2689733977,"lacre":1099.2689733977,"oldacre":"1111.9855460599"},"p2rating":{"entryid":"7267988","serverid":"eos","formatid":"monotype","userid":"sevenswell","username":"Seven Swell","w":56,"l":"32","t":"0","gxe":66.9,"r":"1629.9062906016","rd":"40.865844898642","sigma":"0","rptime":"1439715600","rpr":1632.8413689606,"rprd":40.652666401871,"rpsigma":"0","acre":1311.5604193474,"lacre":1311.5604193474,"oldacre":"1298.8438466852"},"endType":"normal"}