{"seed":[6215,64152,8796,52923],"turns":27,"p1":"A","p2":"Twizz","p1team":[{"name":"A","species":"crawdaunt","item":"choiceband","ability":"Adaptability","moves":["knockoff","aquajet","crabhammer","crunch"],"nature":"Adamant","evs":{"hp":0,"atk":252,"def":4,"spa":0,"spd":0,"spe":252},"gender":"M","shiny":true,"ivs":{"hp":31,"atk":31,"def":31,"spa":31,"spd":31,"spe":31}},{"name":"B","species":"gyarados","item":"gyaradosite","ability":"Intimidate","moves":["substitute","dragondance","waterfall","crunch"],"nature":"Adamant","evs":{"hp":88,"atk":192,"def":4,"spa":0,"spd":0,"spe":224},"ivs":{"hp":31,"atk":31,"def":31,"spa":31,"spd":31,"spe":31}},{"name":"C","species":"azumarill","item":"leftovers","ability":"Sap Sipper","moves":["toxic","knockoff","protect","scald"],"nature":"Sassy","evs":{"hp":252,"atk":0,"def":216,"spa":0,"spd":40,"spe":0},"gender":"M","ivs":{"hp":31,"atk":0,"def":31,"spa":31,"spd":31,"spe":0},"shiny":true},{"name":"D","species":"lanturn","item":"leftovers","ability":"Volt Absorb","moves":["scald","healbell","thunderwave","voltswitch"],"nature":"Calm","evs":{"hp":40,"atk":0,"def":252,"spa":0,"spd":216,"spe":0},"gender":"M","shiny":true,"ivs":{"hp":31,"atk":31,"def":31,"spa":31,"spd":31,"spe":31}},{"name":"E","species":"seismitoad","item":"leftovers","ability":"Water Absorb","moves":["stealthrock","earthquake","scald","knockoff"],"nature":"Relaxed","evs":{"hp":252,"atk":0,"def":240,"spa":16,"spd":0,"spe":0},"gender":"M","ivs":{"hp":31,"atk":31,"def":31,"spa":31,"spd":31,"spe":31}},{"name":"F","species":"slowking","item":"assaultvest","ability":"Regenerator","moves":["scald","fireblast","futuresight","icebeam"],"nature":"Modest","evs":{"hp":248,"atk":0,"def":0,"spa":164,"spd":96,"spe":0},"gender":"M","ivs":{"hp":31,"atk":31,"def":31,"spa":31,"spd":31,"spe":31}}],"p2team":[{"name":"Magnezone","species":"Magnezone","item":"leftovers","ability":"Sturdy","moves":["flashcannon","thunderbolt","protect","hiddenpowerice"],"nature":"Modest","evs":{"hp":76,"atk":0,"def":180,"spa":252,"spd":0,"spe":0},"ivs":{"hp":31,"atk":30,"def":30,"spa":31,"spd":31,"spe":31}},{"name":"Zapdos","species":"Zapdos","item":"leftovers","ability":"Pressure","moves":["discharge","heatwave","toxic","roost"],"nature":"Bold","evs":{"hp":4,"atk":0,"def":252,"spa":56,"spd":196,"spe":0},"ivs":{"hp":31,"atk":31,"def":31,"spa":31,"spd":31,"spe":31}},{"name":"Ampharos","species":"Ampharos","item":"ampharosite","ability":"Static","moves":["cottonguard","rest","sleeptalk","dragonpulse"],"nature":"Bold","evs":{"hp":0,"atk":0,"def":252,"spa":136,"spd":120,"spe":0},"ivs":{"hp":31,"atk":31,"def":31,"spa":31,"spd":31,"spe":31}},{"name":"Raikou","species":"Raikou","item":"leftovers","ability":"Pressure","moves":["calmmind","substitute","thunderbolt","extrasensory"],"nature":"Timid","evs":{"hp":0,"atk":0,"def":0,"spa":252,"spd":4,"spe":252},"ivs":{"hp":31,"atk":31,"def":31,"spa":31,"spd":31,"spe":31}},{"name":"Rotom-Wash","species":"Rotom-Wash","item":"choicescarf","ability":"Levitate","moves":["voltswitch","hydropump","willowisp","trick"],"nature":"Timid","evs":{"hp":0,"atk":0,"def":0,"spa":252,"spd":4,"spe":252},"ivs":{"hp":31,"atk":31,"def":31,"spa":31,"spd":31,"spe":31}},{"name":"Condom","species":"eelektross","item":"assaultvest","ability":"Levitate","moves":["gigadrain","thunderbolt","drainpunch","knockoff"],"nature":"Quiet","evs":{"hp":3,"atk":136,"def":0,"spa":108,"spd":252,"spe":0},"ivs":{"hp":31,"atk":31,"def":31,"spa":31,"spd":31,"spe":31}}],"log":["|player|p1|A|7","|player|p2|Twizz|264","|gametype|singles","|gen|6","|tier|Monotype","|rated","|rule|Baton Pass Clause: Limit one Baton Passer, can't pass Spe and other stats simultaneously","|rule|Swagger Clause: Swagger is banned","|rule|Same Type Clause: Pokémon in a team must share a type","|clearpoke","|poke|p1|Crawdaunt, M, shiny","|poke|p1|Gyarados, M","|poke|p1|Azumarill, M, shiny","|poke|p1|Lanturn, M, shiny","|poke|p1|Seismitoad, M","|poke|p1|Slowking, M","|poke|p2|Magnezone","|poke|p2|Zapdos","|poke|p2|Ampharos, F","|poke|p2|Raikou","|poke|p2|Rotom-Wash","|poke|p2|Eelektross, M","|rule|Sleep Clause Mod: Limit one foe put to sleep","|rule|Species Clause: Limit one of each Pokémon","|rule|OHKO Clause: OHKO moves are banned","|rule|Moody Clause: Moody is banned","|rule|Evasion Moves Clause: Evasion moves are banned","|rule|Endless Battle Clause: Forcing endless battles is banned","|rule|HP Percentage Mod: HP is shown in percentages","|teampreview","|","|start","|switch|p1a: E|Seismitoad, M|414/414","|switch|p2a: Rotom-Wash|Rotom-Wash|241/241","|turn|1","|","|move|p2a: Rotom-Wash|Will-O-Wisp|p1a: E","|-status|p1a: E|brn","|move|p1a: E|Stealth Rock|p2a: Rotom-Wash","|-sidestart|p2: Twizz|move: Stealth Rock","|","|-damage|p1a: E|363/414 brn|[from] brn","|turn|2","|","|switch|p2a: Zapdos|Zapdos|322/322","|-damage|p2a: Zapdos|242/322|[from] Stealth Rock","|-ability|p2a: Zapdos|Pressure","|move|p1a: E|Knock Off|p2a: Zapdos","|-damage|p2a: Zapdos|213/322","|-enditem|p2a: Zapdos|Leftovers|[from] move: Knock Off|[of] p1a: E","|","|-heal|p1a: E|388/414 brn|[from] item: Leftovers","|-damage|p1a: E|337/414 brn|[from] brn","|turn|3","|","|move|p2a: Zapdos|Roost|p2a: Zapdos","|-heal|p2a: Zapdos|322/322","|move|p1a: E|Scald|p2a: Zapdos","|-damage|p2a: Zapdos|250/322","|","|-heal|p1a: E|362/414 brn|[from] item: Leftovers","|-damage|p1a: E|311/414 brn|[from] brn","|turn|4","|","|switch|p2a: Condom|Eelektross, M|311/311","|-damage|p2a: Condom|273/311|[from] Stealth Rock","|move|p1a: E|Scald|p2a: Condom","|-damage|p2a: Condom|224/311","|","|-heal|p1a: E|336/414 brn|[from] item: Leftovers","|-damage|p1a: E|285/414 brn|[from] brn","|turn|5","|","|switch|p1a: C|Azumarill, M, shiny|404/404","|move|p2a: Condom|Giga Drain|p1a: C","|-boost|p1a: C|atk|1|[from] ability: Sap Sipper","|","|turn|6","|","|move|p1a: C|Protect|p1a: C","|-singleturn|p1a: C|Protect","|move|p2a: Condom|Knock Off|p1a: C","|-activate|p1a: C|Protect","|","|turn|7","|","|move|p2a: Condom|Thunderbolt|p1a: C","|-supereffective|p1a: C","|-damage|p1a: C|114/404","|move|p1a: C|Toxic|p2a: Condom","|-status|p2a: Condom|tox","|","|-heal|p1a: C|139/404|[from] item: Leftovers","|-damage|p2a: Condom|205/311 tox|[from] psn","|turn|8","|","|move|p1a: C|Protect|p1a: C","|-singleturn|p1a: C|Protect","|move|p2a: Condom|Knock Off|p1a: C","|-activate|p1a: C|Protect","|","|-heal|p1a: C|164/404|[from] item: Leftovers","|-damage|p2a: Condom|167/311 tox|[from] psn","|turn|9","|","|switch|p1a: E|Seismitoad, M|285/414 brn","|move|p2a: Condom|Knock Off|p1a: E","|-damage|p1a: E|196/414 brn","|-enditem|p1a: E|Leftovers|[from] move: Knock Off|[of] p2a: Condom","|","|-damage|p1a: E|145/414 brn|[from] brn","|-damage|p2a: Condom|110/311 tox|[from] psn","|turn|10","|","|switch|p1a: F|Slowking, M|393/393","|move|p2a: Condom|Giga Drain|p1a: F","|-supereffective|p1a: F","|-damage|p1a: F|313/393","|-heal|p2a: Condom|150/311 tox|[from] drain|[of] p1a: F","|","|-damage|p2a: Condom|74/311 tox|[from] psn","|turn|11","|","|move|p2a: Condom|Knock Off|p1a: F","|-supereffective|p1a: F","|-damage|p1a: F|95/393","|-enditem|p1a: F|Assault Vest|[from] move: Knock Off|[of] p2a: Condom","|move|p1a: F|Future Sight|p2a: Condom","|-start|p1a: F|move: Future Sight","|","|-damage|p2a: Condom|0 fnt|[from] psn","|faint|p2a: Condom","|","|switch|p2a: Rotom-Wash|Rotom-Wash|241/241","|-damage|p2a: Rotom-Wash|211/241|[from] Stealth Rock","|turn|12","|","|switch|p1a: D|Lanturn, M, shiny|401/401","|move|p2a: Rotom-Wash|Trick|p1a: D","|-activate|p2a: Rotom-Wash|move: Trick|[of] p1a: D","|-item|p1a: D|Choice Scarf|[from] move: Trick","|-item|p2a: Rotom-Wash|Leftovers|[from] move: Trick","|","|-heal|p2a: Rotom-Wash|226/241|[from] item: Leftovers","|turn|13","|","|move|p2a: Rotom-Wash|Will-O-Wisp|p1a: D","|-status|p1a: D|brn","|move|p1a: D|Volt Switch|p2a: Rotom-Wash","|-damage|p2a: Rotom-Wash|162/241","|","|switch|p1a: B|Gyarados, M|353/353","|-ability|p1a: B|Intimidate","|-unboost|p2a: Rotom-Wash|atk|1","|","|-end|p2a: Rotom-Wash|move: Future Sight","|-damage|p2a: Rotom-Wash|0 fnt","|faint|p2a: Rotom-Wash","|","|switch|p2a: Magnezone|Magnezone|300/300","|-damage|p2a: Magnezone|282/300|[from] Stealth Rock","|turn|14","|","|switch|p1a: D|Lanturn, M, shiny|401/401 brn","|move|p2a: Magnezone|Protect|p2a: Magnezone","|-fail|p2a: Magnezone","|","|-heal|p2a: Magnezone|300/300|[from] item: Leftovers","|-damage|p1a: D|351/401 brn|[from] brn","|turn|15","|","|move|p2a: Magnezone|Protect|p2a: Magnezone","|-singleturn|p2a: Magnezone|Protect","|move|p1a: D|Heal Bell|p1a: D","|-cureteam|p1a: D|[from] move: HealBell","|","|turn|16","|","|switch|p1a: E|Seismitoad, M|145/414","|switch|p2a: Raikou|Raikou|321/321","|-damage|p2a: Raikou|281/321|[from] Stealth Rock","|-ability|p2a: Raikou|Pressure","|","|-heal|p2a: Raikou|301/321|[from] item: Leftovers","|turn|17","|","|move|p2a: Raikou|Substitute|p2a: Raikou","|-start|p2a: Raikou|Substitute","|-damage|p2a: Raikou|221/321","|move|p1a: E|Earthquake|p2a: Raikou","|-supereffective|p2a: Raikou","|-end|p2a: Raikou|Substitute","|","|-heal|p2a: Raikou|241/321|[from] item: Leftovers","|turn|18","|","|move|p2a: Raikou|Extrasensory|p1a: E","|-damage|p1a: E|42/414","|move|p1a: E|Earthquake|p2a: Raikou","|-supereffective|p2a: Raikou","|-damage|p2a: Raikou|0 fnt","|faint|p2a: Raikou","|","|","|switch|p2a: Zapdos|Zapdos|250/322","|-damage|p2a: Zapdos|170/322|[from] Stealth Rock","|-ability|p2a: Zapdos|Pressure","|turn|19","|","|move|p2a: Zapdos|Toxic|p1a: E","|-status|p1a: E|tox","|move|p1a: E|Scald|p2a: Zapdos","|-damage|p2a: Zapdos|100/322","|","|-damage|p1a: E|17/414 tox|[from] psn","|turn|20","|","|move|p2a: Zapdos|Roost|p2a: Zapdos","|-heal|p2a: Zapdos|261/322","|move|p1a: E|Earthquake|p2a: Zapdos","|-supereffective|p2a: Zapdos","|-damage|p2a: Zapdos|63/322","|","|-damage|p1a: E|0 fnt|[from] psn","|faint|p1a: E","|","|switch|p1a: A|Crawdaunt, M, shiny|267/267","|turn|21","|","|move|p1a: A|Aqua Jet|p2a: Zapdos","|-damage|p2a: Zapdos|0 fnt","|faint|p2a: Zapdos","|","|","|switch|p2a: Ampharos|Ampharos, F|321/321","|-damage|p2a: Ampharos|281/321|[from] Stealth Rock","|turn|22","|","|switch|p1a: C|Azumarill, M, shiny|164/404","|detailschange|p2a: Ampharos|Ampharos-Mega, F","|-mega|p2a: Ampharos|Ampharos|Ampharosite","|-ability|p2a: Ampharos|Mold Breaker","|move|p2a: Ampharos|Cotton Guard|p2a: Ampharos","|-boost|p2a: Ampharos|def|3","|","|-heal|p1a: C|189/404|[from] item: Leftovers","|turn|23","|","|switch|p2a: Magnezone|Magnezone|300/300","|-damage|p2a: Magnezone|282/300|[from] Stealth Rock","|move|p1a: C|Toxic|p2a: Magnezone","|-immune|p2a: Magnezone|[msg]","|","|-heal|p2a: Magnezone|300/300|[from] item: Leftovers","|-heal|p1a: C|214/404|[from] item: Leftovers","|turn|24","|","|move|p1a: C|Protect|p1a: C","|-singleturn|p1a: C|Protect","|move|p2a: Magnezone|Thunderbolt|p1a: C","|-activate|p1a: C|Protect","|","|-heal|p1a: C|239/404|[from] item: Leftovers","|turn|25","|","|switch|p1a: D|Lanturn, M, shiny|351/401","|move|p2a: Magnezone|Flash Cannon|p1a: D","|-crit|p1a: D","|-resisted|p1a: D","|-damage|p1a: D|302/401","|","|turn|26","|","|move|p2a: Magnezone|Protect|p2a: Magnezone","|-singleturn|p2a: Magnezone|Protect","|move|p1a: D|Scald|p2a: Magnezone","|-activate|p2a: Magnezone|Protect","|","|turn|27","|","|win|A"],"p1rating":{"entryid":"7683852","serverid":"eos","formatid":"monotype","userid":"a","username":"A","w":2,"l":"1","t":"0","gxe":51,"r":"1500","rd":"130","sigma":"0","rptime":"1439715600","rpr":1507.9824382802,"rprd":111.2250353261,"rpsigma":"0","acre":1078.6725904592,"lacre":1078.6725904592,"oldacre":"1047.8337179073"},"p2rating":{"entryid":"6985408","serverid":"eos","formatid":"monotype","userid":"twizz","username":"Twizz","w":"29","l":44,"t":"0","gxe":40.2,"r":"1437.8088602616","rd":"45.410240390821","sigma":"0","rptime":"1439715600","rpr":1424.8385613947,"rprd":44.416278404718,"rpsigma":"0","acre":1013.6166423152,"lacre":1013.6166423152,"oldacre":"1026.7864548097"},"endType":"forfeit"}