{"seed":[32487,26769,63827,39578],"turns":36,"p1":"GTX♅Bzumzum","p2":"Marx-Bot","p1team":[{"name":"Elec","species":"manectric","item":"manectite","ability":"Lightning Rod","moves":["thunderbolt","hiddenpowerice","voltswitch","overheat"],"nature":"Timid","evs":{"hp":0,"atk":0,"def":0,"spa":252,"spd":4,"spe":252},"gender":"M","ivs":{"hp":31,"atk":30,"def":30,"spa":31,"spd":31,"spe":31}},{"name":"Water-Safe","species":"rotomwash","item":"chestoberry","ability":"Levitate","moves":["hydropump","mudslap","willowisp","rest"],"nature":"Calm","evs":{"hp":248,"atk":0,"def":0,"spa":8,"spd":252,"spe":0},"shiny":true,"ivs":{"hp":31,"atk":31,"def":31,"spa":31,"spd":31,"spe":31}},{"name":"MY ZONE!!!","species":"magnezone","item":"choicescarf","ability":"Sturdy","moves":["hiddenpowerice","flashcannon","triattack","signalbeam"],"nature":"Timid","evs":{"hp":248,"atk":0,"def":0,"spa":252,"spd":8,"spe":0},"ivs":{"hp":31,"atk":30,"def":30,"spa":31,"spd":31,"spe":31},"shiny":true},{"name":"Thundernor","species":"eelektross","item":"leftovers","ability":"Levitate","moves":["coil","drainpunch","knockoff","uturn"],"nature":"Impish","evs":{"hp":156,"atk":252,"def":84,"spa":0,"spd":0,"spe":16},"gender":"M","shiny":true,"ivs":{"hp":31,"atk":31,"def":31,"spa":31,"spd":31,"spe":31}},{"name":"Zapz","species":"zapdos","item":"leftovers","ability":"Pressure","moves":["heatwave","roost","extrasensory","defog"],"nature":"Modest","evs":{"hp":252,"atk":0,"def":0,"spa":252,"spd":4,"spe":0},"shiny":true,"ivs":{"hp":31,"atk":31,"def":31,"spa":31,"spd":31,"spe":31}},{"name":"Plugg-in Failure","species":"electivire","item":"choicescarf","ability":"Vital Spirit","moves":["crosschop","earthquake","icepunch","rockslide"],"nature":"Jolly","evs":{"hp":0,"atk":252,"def":0,"spa":0,"spd":4,"spe":252},"gender":"M","shiny":true,"ivs":{"hp":31,"atk":31,"def":31,"spa":31,"spd":31,"spe":31}}],"p2team":[{"name":"Mew","species":"Mew","item":"leftovers","ability":"Synchronize","moves":["swordsdance","explosion","roost","drainpunch"],"nature":"Adamant","evs":{"hp":252,"atk":252,"def":0,"spa":0,"spd":4,"spe":0},"ivs":{"hp":31,"atk":31,"def":31,"spa":31,"spd":31,"spe":31}},{"name":"Jirachi","species":"Jirachi","item":"leftovers","ability":"Serene Grace","moves":["ancientpower","firepunch","drainpunch","ironhead"],"nature":"Lonely","evs":{"hp":224,"atk":252,"def":0,"spa":0,"spd":0,"spe":32},"ivs":{"hp":31,"atk":31,"def":31,"spa":31,"spd":31,"spe":31}},{"name":"Starmie","species":"Starmie","item":"leftovers","ability":"Natural Cure","moves":["icebeam","rapidspin","scald","psyshock"],"nature":"Timid","evs":{"hp":0,"atk":0,"def":0,"spa":252,"spd":4,"spe":252},"ivs":{"hp":31,"atk":31,"def":31,"spa":31,"spd":31,"spe":31}},{"name":"Alakazam","species":"Alakazam","item":"focussash","ability":"Magic Guard","moves":["focusblast","dazzlinggleam","psyshock","shadowball"],"nature":"Timid","evs":{"hp":0,"atk":0,"def":0,"spa":252,"spd":4,"spe":252},"ivs":{"hp":31,"atk":31,"def":31,"spa":31,"spd":31,"spe":31}},{"name":"Xatu","species":"Xatu","item":"leftovers","ability":"Magic Bounce","moves":["thunderwave","psyshock","airslash","heatwave"],"nature":"Modest","evs":{"hp":252,"atk":0,"def":0,"spa":252,"spd":4,"spe":0},"ivs":{"hp":31,"atk":31,"def":31,"spa":31,"spd":31,"spe":31}},{"name":"Jynx","species":"Jynx","item":"choicescarf","ability":"Oblivious","moves":["icebeam","psyshock","shadowball","signalbeam"],"nature":"Timid","evs":{"hp":0,"atk":0,"def":0,"spa":252,"spd":4,"spe":252},"ivs":{"hp":31,"atk":31,"def":31,"spa":31,"spd":31,"spe":31}}],"log":["|player|p1|GTX♅Bzumzum|225","|player|p2|Marx-Bot|238","|gametype|singles","|gen|6","|tier|Monotype","|rated","|rule|Baton Pass Clause: Limit one Baton Passer, can't pass Spe and other stats simultaneously","|rule|Swagger Clause: Swagger is banned","|rule|Same Type Clause: Pokémon in a team must share a type","|clearpoke","|poke|p1|Manectric, M","|poke|p1|Rotom-Wash, shiny","|poke|p1|Magnezone, shiny","|poke|p1|Eelektross, M, shiny","|poke|p1|Zapdos, shiny","|poke|p1|Electivire, M, shiny","|poke|p2|Mew","|poke|p2|Jirachi","|poke|p2|Starmie","|poke|p2|Alakazam, F","|poke|p2|Xatu, M","|poke|p2|Jynx, F","|rule|Sleep Clause Mod: Limit one foe put to sleep","|rule|Species Clause: Limit one of each Pokémon","|rule|OHKO Clause: OHKO moves are banned","|rule|Moody Clause: Moody is banned","|rule|Evasion Moves Clause: Evasion moves are banned","|rule|Endless Battle Clause: Forcing endless battles is banned","|rule|HP Percentage Mod: HP is shown in percentages","|teampreview","|","|start","|switch|p1a: Water-Safe|Rotom-Wash, shiny|303/303","|switch|p2a: Starmie|Starmie|261/261","|turn|1","|","|move|p2a: Starmie|Psyshock|p1a: Water-Safe","|-damage|p1a: Water-Safe|197/303","|move|p1a: Water-Safe|Mud-Slap|p2a: Starmie","|-damage|p2a: Starmie|240/261","|-unboost|p2a: Starmie|accuracy|1","|","|-heal|p2a: Starmie|256/261|[from] item: Leftovers","|turn|2","|","|switch|p2a: Jirachi|Jirachi|397/397","|move|p1a: Water-Safe|Mud-Slap|p2a: Jirachi","|-supereffective|p2a: Jirachi","|-damage|p2a: Jirachi|363/397","|-unboost|p2a: Jirachi|accuracy|1","|","|-heal|p2a: Jirachi|387/397|[from] item: Leftovers","|turn|3","|","|move|p2a: Jirachi|Ancient Power|p1a: Water-Safe","|-damage|p1a: Water-Safe|162/303","|move|p1a: Water-Safe|Hydro Pump|p2a: Jirachi","|-damage|p2a: Jirachi|254/397","|","|-heal|p2a: Jirachi|278/397|[from] item: Leftovers","|turn|4","|","|move|p2a: Jirachi|Ancient Power|p1a: Water-Safe","|-damage|p1a: Water-Safe|128/303","|move|p1a: Water-Safe|Mud-Slap|p2a: Jirachi","|-supereffective|p2a: Jirachi","|-damage|p2a: Jirachi|244/397","|-unboost|p2a: Jirachi|accuracy|1","|","|-heal|p2a: Jirachi|268/397|[from] item: Leftovers","|turn|5","|","|move|p2a: Jirachi|Fire Punch|p1a: Water-Safe","|-resisted|p1a: Water-Safe","|-damage|p1a: Water-Safe|89/303","|move|p1a: Water-Safe|Will-O-Wisp|p2a: Jirachi","|-status|p2a: Jirachi|brn","|","|-heal|p2a: Jirachi|292/397 brn|[from] item: Leftovers","|-damage|p2a: Jirachi|243/397 brn|[from] brn","|turn|6","|","|move|p2a: Jirachi|Ancient Power|p1a: Water-Safe","|-crit|p1a: Water-Safe","|-damage|p1a: Water-Safe|35/303","|move|p1a: Water-Safe|Mud-Slap|p2a: Jirachi","|-supereffective|p2a: Jirachi","|-damage|p2a: Jirachi|207/397 brn","|-unboost|p2a: Jirachi|accuracy|1","|","|-heal|p2a: Jirachi|231/397 brn|[from] item: Leftovers","|-damage|p2a: Jirachi|182/397 brn|[from] brn","|turn|7","|","|move|p2a: Jirachi|Ancient Power|p1a: Water-Safe","|-damage|p1a: Water-Safe|5/303","|move|p1a: Water-Safe|Rest|p1a: Water-Safe","|-status|p1a: Water-Safe|slp","|-heal|p1a: Water-Safe|303/303 slp|[silent]","|-status|p1a: Water-Safe|slp|[from] move: Rest","|-enditem|p1a: Water-Safe|Chesto Berry|[eat]","|-curestatus|p1a: Water-Safe|slp","|","|-heal|p2a: Jirachi|206/397 brn|[from] item: Leftovers","|-damage|p2a: Jirachi|157/397 brn|[from] brn","|turn|8","|","|move|p2a: Jirachi|Drain Punch|p1a: Water-Safe","|-damage|p1a: Water-Safe|268/303","|-heal|p2a: Jirachi|175/397 brn|[from] drain|[of] p1a: Water-Safe","|move|p1a: Water-Safe|Mud-Slap|p2a: Jirachi","|-supereffective|p2a: Jirachi","|-damage|p2a: Jirachi|141/397 brn","|-unboost|p2a: Jirachi|accuracy|1","|","|-heal|p2a: Jirachi|165/397 brn|[from] item: Leftovers","|-damage|p2a: Jirachi|116/397 brn|[from] brn","|turn|9","|","|move|p2a: Jirachi|Ancient Power|p1a: Water-Safe","|-damage|p1a: Water-Safe|234/303","|move|p1a: Water-Safe|Mud-Slap|p2a: Jirachi","|-supereffective|p2a: Jirachi","|-damage|p2a: Jirachi|78/397 brn","|-unboost|p2a: Jirachi|accuracy|1","|","|-heal|p2a: Jirachi|102/397 brn|[from] item: Leftovers","|-damage|p2a: Jirachi|53/397 brn|[from] brn","|turn|10","|","|move|p2a: Jirachi|Drain Punch|p1a: Water-Safe","|-damage|p1a: Water-Safe|195/303","|-heal|p2a: Jirachi|73/397 brn|[from] drain|[of] p1a: Water-Safe","|move|p1a: Water-Safe|Mud-Slap|p2a: Jirachi","|-supereffective|p2a: Jirachi","|-damage|p2a: Jirachi|37/397 brn","|-unboost|p2a: Jirachi|accuracy|1","|","|-heal|p2a: Jirachi|61/397 brn|[from] item: Leftovers","|-damage|p2a: Jirachi|12/397 brn|[from] brn","|turn|11","|","|move|p2a: Jirachi|Iron Head|p1a: Water-Safe|[miss]","|-miss|p2a: Jirachi|p1a: Water-Safe","|move|p1a: Water-Safe|Will-O-Wisp|p2a: Jirachi","|-fail|p2a: Jirachi|brn","|","|-heal|p2a: Jirachi|36/397 brn|[from] item: Leftovers","|-damage|p2a: Jirachi|0 fnt|[from] brn","|faint|p2a: Jirachi","|","|switch|p2a: Mew|Mew|404/404","|turn|12","|","|move|p2a: Mew|Swords Dance|p2a: Mew","|-boost|p2a: Mew|atk|2","|move|p1a: Water-Safe|Mud-Slap|p2a: Mew","|-crit|p2a: Mew","|-damage|p2a: Mew|379/404","|-unboost|p2a: Mew|accuracy|1","|","|-heal|p2a: Mew|404/404|[from] item: Leftovers","|turn|13","|","|switch|p2a: Xatu|Xatu, M|334/334","|move|p1a: Water-Safe|Mud-Slap|p2a: Xatu","|-immune|p2a: Xatu|[msg]","|","|turn|14","|","|switch|p1a: Thundernor|Eelektross, M, shiny|350/350","|move|p2a: Xatu|Air Slash|p1a: Thundernor","|-crit|p1a: Thundernor","|-resisted|p1a: Thundernor","|-damage|p1a: Thundernor|245/350","|","|-heal|p1a: Thundernor|266/350|[from] item: Leftovers","|turn|15","|","|move|p2a: Xatu|Psyshock|p1a: Thundernor","|-damage|p1a: Thundernor|145/350","|move|p1a: Thundernor|Coil|p1a: Thundernor","|-boost|p1a: Thundernor|atk|1","|-boost|p1a: Thundernor|def|1","|-boost|p1a: Thundernor|accuracy|1","|","|-heal|p1a: Thundernor|166/350|[from] item: Leftovers","|turn|16","|","|switch|p2a: Mew|Mew|404/404","|move|p1a: Thundernor|U-turn|p2a: Mew","|-crit|p2a: Mew","|-supereffective|p2a: Mew","|-damage|p2a: Mew|70/404","|","|switch|p1a: Plugg-in Failure|Electivire, M, shiny|291/291","|","|-heal|p2a: Mew|95/404|[from] item: Leftovers","|turn|17","|","|move|p1a: Plugg-in Failure|Ice Punch|p2a: Mew","|-damage|p2a: Mew|13/404","|move|p2a: Mew|Explosion|p1a: Plugg-in Failure","|-damage|p1a: Plugg-in Failure|0 fnt","|faint|p2a: Mew","|faint|p1a: Plugg-in Failure","|","|","|switch|p2a: Jynx|Jynx, F|271/271","|switch|p1a: Water-Safe|Rotom-Wash, shiny|195/303","|turn|18","|","|switch|p2a: Xatu|Xatu, M|334/334","|move|p1a: Water-Safe|Will-O-Wisp|p2a: Xatu","|move|p2a: Xatu|Will-O-Wisp|p1a: Water-Safe|[from]Magic Bounce","|-status|p1a: Water-Safe|brn","|","|-damage|p1a: Water-Safe|158/303 brn|[from] brn","|turn|19","|","|move|p2a: Xatu|Psyshock|p1a: Water-Safe","|-damage|p1a: Water-Safe|32/303 brn","|move|p1a: Water-Safe|Rest|p1a: Water-Safe","|-status|p1a: Water-Safe|slp","|-heal|p1a: Water-Safe|303/303 slp|[silent]","|-status|p1a: Water-Safe|slp|[from] move: Rest","|","|turn|20","|","|move|p2a: Xatu|Psyshock|p1a: Water-Safe","|-damage|p1a: Water-Safe|183/303 slp","|cant|p1a: Water-Safe|slp","|","|turn|21","|","|switch|p2a: Alakazam|Alakazam, F|251/251","|cant|p1a: Water-Safe|slp","|","|turn|22","|","|move|p2a: Alakazam|Psyshock|p1a: Water-Safe","|-damage|p1a: Water-Safe|54/303 slp","|-curestatus|p1a: Water-Safe|slp","|move|p1a: Water-Safe|Will-O-Wisp|p2a: Alakazam","|-status|p2a: Alakazam|brn","|","|turn|23","|","|switch|p1a: Thundernor|Eelektross, M, shiny|166/350","|move|p2a: Alakazam|Psyshock|p1a: Thundernor","|-damage|p1a: Thundernor|12/350","|","|-heal|p1a: Thundernor|33/350|[from] item: Leftovers","|turn|24","|","|move|p2a: Alakazam|Psyshock|p1a: Thundernor","|-damage|p1a: Thundernor|0 fnt","|faint|p1a: Thundernor","|","|","|switch|p1a: Elec|Manectric, M|281/281","|turn|25","|","|detailschange|p1a: Elec|Manectric-Mega, M","|-mega|p1a: Elec|Manectric|Manectite","|-ability|p1a: Elec|Intimidate","|-unboost|p2a: Alakazam|atk|1","|move|p2a: Alakazam|Psyshock|p1a: Elec","|-damage|p1a: Elec|103/281","|move|p1a: Elec|Thunderbolt|p2a: Alakazam","|-damage|p2a: Alakazam|65/251 brn","|","|turn|26","|","|switch|p1a: Zapz|Zapdos, shiny|384/384","|-ability|p1a: Zapz|Pressure","|move|p2a: Alakazam|Psyshock|p1a: Zapz","|-damage|p1a: Zapz|221/384","|","|-heal|p1a: Zapz|245/384|[from] item: Leftovers","|turn|27","|","|switch|p2a: Starmie|Starmie|256/261","|move|p1a: Zapz|Roost|p1a: Zapz","|-heal|p1a: Zapz|384/384","|","|-heal|p2a: Starmie|261/261|[from] item: Leftovers","|turn|28","|","|switch|p1a: Water-Safe|Rotom-Wash, shiny|54/303","|move|p2a: Starmie|Ice Beam|p1a: Water-Safe","|-resisted|p1a: Water-Safe","|-damage|p1a: Water-Safe|22/303","|","|turn|29","|","|move|p2a: Starmie|Psyshock|p1a: Water-Safe","|-damage|p1a: Water-Safe|0 fnt","|faint|p1a: Water-Safe","|","|","|switch|p1a: MY ZONE!!!|Magnezone, shiny|343/343","|turn|30","|","|move|p2a: Starmie|Scald|p1a: MY ZONE!!!","|-damage|p1a: MY ZONE!!!|202/343","|move|p1a: MY ZONE!!!|Signal Beam|p2a: Starmie","|-crit|p2a: Starmie","|-supereffective|p2a: Starmie","|-damage|p2a: Starmie|0 fnt","|faint|p2a: Starmie","|","|","|switch|p2a: Alakazam|Alakazam, F|65/251 brn","|turn|31","|","|move|p2a: Alakazam|Focus Blast|p1a: MY ZONE!!!","|-crit|p1a: MY ZONE!!!","|-supereffective|p1a: MY ZONE!!!","|-damage|p1a: MY ZONE!!!|0 fnt","|faint|p1a: MY ZONE!!!","|","|","|switch|p1a: Zapz|Zapdos, shiny|384/384","|-ability|p1a: Zapz|Pressure","|turn|32","|","|move|p2a: Alakazam|Psyshock|p1a: Zapz","|-damage|p1a: Zapz|224/384","|move|p1a: Zapz|Extrasensory|p2a: Alakazam","|-resisted|p2a: Alakazam","|-damage|p2a: Alakazam|13/251 brn","|","|-heal|p1a: Zapz|248/384|[from] item: Leftovers","|turn|33","|","|move|p2a: Alakazam|Psyshock|p1a: Zapz","|-damage|p1a: Zapz|85/384","|move|p1a: Zapz|Roost|p1a: Zapz","|-heal|p1a: Zapz|277/384","|","|-heal|p1a: Zapz|301/384|[from] item: Leftovers","|turn|34","|","|move|p2a: Alakazam|Shadow Ball|p1a: Zapz","|-damage|p1a: Zapz|201/384","|move|p1a: Zapz|Extrasensory|p2a: Alakazam","|-resisted|p2a: Alakazam","|-damage|p2a: Alakazam|0 fnt","|faint|p2a: Alakazam","|","|-heal|p1a: Zapz|225/384|[from] item: Leftovers","|","|switch|p2a: Jynx|Jynx, F|271/271","|turn|35","|","|move|p2a: Jynx|Ice Beam|p1a: Zapz","|-supereffective|p1a: Zapz","|-damage|p1a: Zapz|0 fnt","|faint|p1a: Zapz","|","|","|switch|p1a: Elec|Manectric-Mega, M|103/281","|-ability|p1a: Elec|Intimidate","|-unboost|p2a: Jynx|atk|1","|turn|36","|","|move|p2a: Jynx|Ice Beam|p1a: Elec","|-damage|p1a: Elec|0 fnt","|faint|p1a: Elec","|","|win|Marx-Bot"],"p1rating":{"entryid":"6857825","serverid":"eos","formatid":"monotype","userid":"gtxbzumzum","username":"GTX♅Bzumzum","w":"41","l":134,"t":"0","gxe":23.8,"r":"1281.2155081297","rd":"31.535222195216","sigma":"0","rptime":"1439715600","rpr":1280.757578925,"rprd":31.124147994398,"rpsigma":"0","acre":1035.5253268318,"lacre":1035.5253268318,"oldacre":"1051.2964062109"},"p2rating":{"entryid":"5765428","serverid":"eos","formatid":"monotype","userid":"marxbot","username":"Marx Bot","w":208,"l":"302","t":"0","gxe":42.7,"r":"1449.2241103163","rd":"32.521873808857","sigma":"0","rptime":"1439715600","rpr":1444.61194963,"rprd":31.854146062824,"rpsigma":"0","acre":1112.9371026594,"lacre":1112.9371026594,"oldacre":"1089.2123364241"},"endType":"normal"}