{"seed":[17596,24260,22382,48410],"turns":28,"p1":"Legacy - Wisp","p2":"GTX♅Bzumzum","p1team":[{"name":"Tek","species":"golurk","item":"focussash","ability":"No Guard","moves":["stealthrock","dynamicpunch","earthquake","stoneedge"],"nature":"Adamant","evs":{"hp":0,"atk":252,"def":4,"spa":0,"spd":0,"spe":252},"ivs":{"hp":31,"atk":31,"def":31,"spa":31,"spd":31,"spe":31}},{"name":"Koume","species":"chandelure","item":"choicescarf","ability":"Flash Fire","moves":["energyball","shadowball","fireblast","hiddenpowerground"],"nature":"Timid","evs":{"hp":0,"atk":0,"def":0,"spa":252,"spd":4,"spe":252},"gender":"F","ivs":{"hp":31,"atk":31,"def":31,"spa":30,"spd":30,"spe":31}},{"name":"Nabooru","species":"jellicent","item":"leftovers","ability":"Cursed Body","moves":["scald","acidarmor","recover","toxic"],"nature":"Calm","evs":{"hp":252,"atk":0,"def":4,"spa":0,"spd":252,"spe":0},"gender":"F","ivs":{"hp":31,"atk":31,"def":31,"spa":31,"spd":31,"spe":0},"shiny":true},{"name":"Naesanh","species":"aegislash","item":"lifeorb","ability":"Stance Change","moves":["ironhead","shadowsneak","sacredsword","swordsdance"],"nature":"Adamant","evs":{"hp":252,"atk":252,"def":4,"spa":0,"spd":0,"spe":0},"gender":"F","ivs":{"hp":31,"atk":31,"def":31,"spa":31,"spd":31,"spe":31}},{"name":"Sen","species":"sableye","item":"sablenite","ability":"Prankster","moves":["fakeout","knockoff","recover","willowisp"],"nature":"Impish","evs":{"hp":248,"atk":8,"def":252,"spa":0,"spd":0,"spe":0},"gender":"M","ivs":{"hp":31,"atk":31,"def":31,"spa":31,"spd":31,"spe":31}},{"name":"Ipse","species":"shedinja","item":"focussash","ability":"Wonder Guard","moves":["secretpower","protect","batonpass","willowisp"],"nature":"Jolly","evs":{"hp":1,"atk":252,"def":1,"spa":1,"spd":1,"spe":252},"shiny":true,"ivs":{"hp":31,"atk":31,"def":31,"spa":31,"spd":31,"spe":31}}],"p2team":[{"name":"Striker","species":"raikou","item":"airballoon","ability":"Pressure","moves":["aurasphere","calmmind","hiddenpowerfire","substitute"],"nature":"Rash","evs":{"hp":4,"atk":0,"def":72,"spa":196,"spd":0,"spe":236},"ivs":{"hp":31,"atk":30,"def":31,"spa":30,"spd":31,"spe":30},"shiny":true},{"name":"Plugg-in Failure","species":"electivire","item":"choicescarf","ability":"Vital Spirit","moves":["crosschop","earthquake","firepunch","icepunch"],"nature":"Jolly","evs":{"hp":0,"atk":252,"def":0,"spa":0,"spd":4,"spe":252},"gender":"M","shiny":true,"ivs":{"hp":31,"atk":31,"def":31,"spa":31,"spd":31,"spe":31}},{"name":"Elec","species":"manectric","item":"manectite","ability":"Lightning Rod","moves":["hiddenpowerice","voltswitch","protect","thunderbolt"],"nature":"Timid","evs":{"hp":4,"atk":0,"def":28,"spa":224,"spd":0,"spe":252},"gender":"M","ivs":{"hp":31,"atk":30,"def":30,"spa":31,"spd":31,"spe":31}},{"name":"MY ZONE!!!","species":"magnezone","item":"choicescarf","ability":"Sturdy","moves":["flashcannon","triattack","hiddenpowerice","signalbeam"],"nature":"Modest","evs":{"hp":228,"atk":0,"def":0,"spa":252,"spd":28,"spe":0},"ivs":{"hp":31,"atk":30,"def":30,"spa":31,"spd":31,"spe":31},"shiny":true,"happiness":0},{"name":"Zapz","species":"zapdos","item":"leftovers","ability":"Pressure","moves":["defog","heatwave","roost","extrasensory"],"nature":"Calm","evs":{"hp":16,"atk":0,"def":44,"spa":4,"spd":28,"spe":0},"shiny":true,"ivs":{"hp":31,"atk":31,"def":31,"spa":31,"spd":31,"spe":31}},{"name":"Flicker-Sparkz","species":"luxray","item":"assaultvest","ability":"Intimidate","moves":["wildcharge","icefang","superpower","quickattack"],"nature":"Adamant","evs":{"hp":248,"atk":252,"def":0,"spa":0,"spd":8,"spe":0},"gender":"M","shiny":true,"ivs":{"hp":31,"atk":31,"def":31,"spa":31,"spd":31,"spe":31}}],"log":["|player|p1|Legacy - Wisp|etrayu.png","|player|p2|GTX♅Bzumzum|266","|gametype|singles","|gen|6","|tier|Monotype","|rated","|rule|Baton Pass Clause: Limit one Baton Passer, can't pass Spe and other stats simultaneously","|rule|Swagger Clause: Swagger is banned","|rule|Same Type Clause: Pokémon in a team must share a type","|clearpoke","|poke|p1|Golurk","|poke|p1|Chandelure, F","|poke|p1|Jellicent, F, shiny","|poke|p1|Aegislash, F","|poke|p1|Sableye, M","|poke|p1|Shedinja, shiny","|poke|p2|Raikou, shiny","|poke|p2|Electivire, M, shiny","|poke|p2|Manectric, M","|poke|p2|Magnezone, shiny","|poke|p2|Zapdos, shiny","|poke|p2|Luxray, M, shiny","|rule|Sleep Clause Mod: Limit one foe put to sleep","|rule|Species Clause: Limit one of each Pokémon","|rule|OHKO Clause: OHKO moves are banned","|rule|Moody Clause: Moody is banned","|rule|Evasion Moves Clause: Evasion moves are banned","|rule|Endless Battle Clause: Forcing endless battles is banned","|rule|HP Percentage Mod: HP is shown in percentages","|teampreview","|","|start","|switch|p1a: Sen|Sableye, M|303/303","|switch|p2a: Plugg-in Failure|Electivire, M, shiny|291/291","|turn|1","|","|switch|p2a: Zapz|Zapdos, shiny|325/325","|-ability|p2a: Zapz|Pressure","|detailschange|p1a: Sen|Sableye-Mega, M","|-mega|p1a: Sen|Sableye|Sablenite","|move|p1a: Sen|Knock Off|p2a: Zapz","|-damage|p2a: Zapz|223/325","|-enditem|p2a: Zapz|Leftovers|[from] move: Knock Off|[of] p1a: Sen","|","|turn|2","|","|move|p2a: Zapz|Heat Wave|p1a: Sen","|-damage|p1a: Sen|219/303","|-status|p1a: Sen|brn","|move|p1a: Sen|Will-O-Wisp|p2a: Zapz","|-status|p2a: Zapz|brn","|","|-damage|p2a: Zapz|183/325 brn|[from] brn","|-damage|p1a: Sen|182/303 brn|[from] brn","|turn|3","|","|switch|p2a: MY ZONE!!!|Magnezone, shiny|338/338","|switch|p1a: Koume|Chandelure, F|261/261","|","|turn|4","|","|switch|p2a: Plugg-in Failure|Electivire, M, shiny|291/291","|move|p1a: Koume|Fire Blast|p2a: Plugg-in Failure","|-damage|p2a: Plugg-in Failure|48/291","|","|turn|5","|","|move|p2a: Plugg-in Failure|Earthquake|p1a: Koume","|-supereffective|p1a: Koume","|-damage|p1a: Koume|7/261","|move|p1a: Koume|Fire Blast|p2a: Plugg-in Failure","|-damage|p2a: Plugg-in Failure|0 fnt","|faint|p2a: Plugg-in Failure","|","|","|switch|p2a: Elec|Manectric, M|282/282","|turn|6","|","|switch|p1a: Ipse|Shedinja, shiny|1/1","|move|p2a: Elec|Volt Switch|p1a: Ipse","|-activate|p1a: Ipse|ability: Wonder Guard","|","|turn|7","|","|move|p2a: Elec|Protect|p2a: Elec","|-singleturn|p2a: Elec|Protect","|move|p1a: Ipse|Will-O-Wisp|p2a: Elec","|-activate|p2a: Elec|Protect","|","|turn|8","|","|switch|p2a: Zapz|Zapdos, shiny|183/325 brn","|-ability|p2a: Zapz|Pressure","|move|p1a: Ipse|Secret Power|p2a: Zapz","|-damage|p2a: Zapz|109/325 brn","|","|-damage|p2a: Zapz|69/325 brn|[from] brn","|turn|9","|","|move|p2a: Zapz|Roost|p2a: Zapz","|-heal|p2a: Zapz|232/325 brn","|move|p1a: Ipse|Secret Power|p2a: Zapz","|-damage|p2a: Zapz|166/325 brn","|","|-damage|p2a: Zapz|126/325 brn|[from] brn","|turn|10","|","|move|p2a: Zapz|Heat Wave|p1a: Ipse","|-supereffective|p1a: Ipse","|-enditem|p1a: Ipse|Focus Sash","|-damage|p1a: Ipse|1/1","|move|p1a: Ipse|Secret Power|p2a: Zapz","|-damage|p2a: Zapz|60/325 brn","|","|-damage|p2a: Zapz|20/325 brn|[from] brn","|turn|11","|","|switch|p1a: Koume|Chandelure, F|7/261","|move|p2a: Zapz|Roost|p2a: Zapz","|-heal|p2a: Zapz|183/325 brn","|","|-damage|p2a: Zapz|143/325 brn|[from] brn","|turn|12","|","|move|p1a: Koume|Shadow Ball|p2a: Zapz","|-damage|p2a: Zapz|0 fnt","|faint|p2a: Zapz","|","|","|switch|p2a: Striker|Raikou, shiny|322/322","|-ability|p2a: Striker|Pressure","|-item|p2a: Striker|Air Balloon","|turn|13","|","|switch|p1a: Ipse|Shedinja, shiny|1/1","|move|p2a: Striker|Substitute|p2a: Striker","|-start|p2a: Striker|Substitute","|-damage|p2a: Striker|242/322","|","|turn|14","|","|move|p1a: Ipse|Protect|p1a: Ipse","|-singleturn|p1a: Ipse|Protect","|move|p2a: Striker|Calm Mind|p2a: Striker","|-boost|p2a: Striker|spa|1","|-boost|p2a: Striker|spd|1","|","|turn|15","|","|move|p2a: Striker|Hidden Power|p1a: Ipse","|-supereffective|p1a: Ipse","|-damage|p1a: Ipse|0 fnt","|faint|p1a: Ipse","|","|","|switch|p1a: Tek|Golurk|319/319","|turn|16","|","|switch|p2a: MY ZONE!!!|Magnezone, shiny|338/338","|move|p1a: Tek|Earthquake|p2a: MY ZONE!!!","|-supereffective|p2a: MY ZONE!!!","|-ability|p2a: MY ZONE!!!|Sturdy","|-damage|p2a: MY ZONE!!!|1/338","|","|turn|17","|","|switch|p1a: Sen|Sableye-Mega, M|182/303 brn","|move|p2a: MY ZONE!!!|Signal Beam|p1a: Sen","|-damage|p1a: Sen|99/303 brn","|","|-damage|p1a: Sen|62/303 brn|[from] brn","|turn|18","|","|move|p1a: Sen|Fake Out|p2a: MY ZONE!!!","|-resisted|p2a: MY ZONE!!!","|-damage|p2a: MY ZONE!!!|0 fnt","|faint|p2a: MY ZONE!!!","|","|-damage|p1a: Sen|25/303 brn|[from] brn","|","|switch|p2a: Elec|Manectric, M|282/282","|turn|19","|","|detailschange|p2a: Elec|Manectric-Mega, M","|-mega|p2a: Elec|Manectric|Manectite","|-ability|p2a: Elec|Intimidate","|-unboost|p1a: Sen|atk|1","|move|p2a: Elec|Hidden Power|p1a: Sen","|-damage|p1a: Sen|0 fnt","|faint|p1a: Sen","|","|","|switch|p1a: Tek|Golurk|319/319","|turn|20","|","|switch|p2a: Striker|Raikou, shiny|242/322","|-ability|p2a: Striker|Pressure","|-item|p2a: Striker|Air Balloon","|move|p1a: Tek|Earthquake|p2a: Striker","|-immune|p2a: Striker|[msg]","|","|turn|21","|","|switch|p2a: Elec|Manectric-Mega, M|282/282","|-ability|p2a: Elec|Intimidate","|-unboost|p1a: Tek|atk|1","|move|p1a: Tek|Dynamic Punch|p2a: Elec","|-damage|p2a: Elec|192/282","|-start|p2a: Elec|confusion","|","|turn|22","|","|-activate|p2a: Elec|confusion","|-damage|p2a: Elec|165/282|[from] confusion","|move|p1a: Tek|Earthquake|p2a: Elec","|-supereffective|p2a: Elec","|-damage|p2a: Elec|0 fnt","|faint|p2a: Elec","|","|","|switch|p2a: Flicker-Sparkz|Luxray, M, shiny|363/363","|-ability|p2a: Flicker-Sparkz|Intimidate","|-unboost|p1a: Tek|atk|1","|turn|23","|","|switch|p1a: Nabooru|Jellicent, F, shiny|404/404","|move|p2a: Flicker-Sparkz|Ice Fang|p1a: Nabooru","|-resisted|p1a: Nabooru","|-damage|p1a: Nabooru|355/404","|-start|p2a: Flicker-Sparkz|Disable|Ice Fang","|","|-heal|p1a: Nabooru|380/404|[from] item: Leftovers","|turn|24","|","|switch|p1a: Tek|Golurk|319/319","|move|p2a: Flicker-Sparkz|Wild Charge|p1a: Tek","|-immune|p1a: Tek|[msg]","|","|turn|25","|","|switch|p2a: Striker|Raikou, shiny|242/322","|-ability|p2a: Striker|Pressure","|-item|p2a: Striker|Air Balloon","|move|p1a: Tek|Dynamic Punch|p2a: Striker","|-damage|p2a: Striker|88/322","|-enditem|p2a: Striker|Air Balloon","|-start|p2a: Striker|confusion","|","|turn|26","|","|-activate|p2a: Striker|confusion","|-damage|p2a: Striker|54/322|[from] confusion","|move|p1a: Tek|Earthquake|p2a: Striker","|-supereffective|p2a: Striker","|-damage|p2a: Striker|0 fnt","|faint|p2a: Striker","|","|","|switch|p2a: Flicker-Sparkz|Luxray, M, shiny|363/363","|-ability|p2a: Flicker-Sparkz|Intimidate","|-unboost|p1a: Tek|atk|1","|turn|27","|","|move|p1a: Tek|Earthquake|p2a: Flicker-Sparkz","|-supereffective|p2a: Flicker-Sparkz","|-damage|p2a: Flicker-Sparkz|55/363","|move|p2a: Flicker-Sparkz|Ice Fang|p1a: Tek","|-supereffective|p1a: Tek","|-damage|p1a: Tek|125/319","|","|turn|28","|","|move|p2a: Flicker-Sparkz|Quick Attack|p1a: Tek","|-immune|p1a: Tek|[msg]","|move|p1a: Tek|Earthquake|p2a: Flicker-Sparkz","|-supereffective|p2a: Flicker-Sparkz","|-damage|p2a: Flicker-Sparkz|0 fnt","|faint|p2a: Flicker-Sparkz","|","|win|Legacy - Wisp"],"p1rating":{"entryid":"7577028","serverid":"eos","formatid":"monotype","userid":"legacywisp","username":"Legacy - Wisp","w":4,"l":"5","t":"0","gxe":44,"r":1440.6003294899,"rd":92.112611144985,"sigma":"0","rptime":1439715600,"rpr":1453.4216435231,"rprd":89.640020262157,"rpsigma":"0","acre":1069.891165892,"lacre":1069.891165892,"oldacre":"1032.7103668182"},"p2rating":{"entryid":"6857825","serverid":"eos","formatid":"monotype","userid":"gtxbzumzum","username":"GTX♅Bzumzum","w":"40","l":131,"t":"0","gxe":23.8,"r":1281.2155081297,"rd":31.535222195216,"sigma":"0","rptime":1439715600,"rpr":1279.8996799666,"rprd":31.449536061221,"rpsigma":"0","acre":1034.31895065,"lacre":1034.31895065,"oldacre":"1053.4002180436"},"endType":"normal"}