{"seed":[48653,54085,25890,64202],"turns":27,"p1":"SWL Neßki","p2":"Rustic Espeon","p1team":[{"name":"Deoxys-Speed","species":"Deoxys-Speed","item":"lightclay","ability":"Pressure","moves":["taunt","stealthrock","lightscreen","reflect"],"nature":"Timid","evs":{"hp":248,"atk":0,"def":0,"spa":0,"spd":8,"spe":252},"ivs":{"hp":31,"atk":0,"def":31,"spa":31,"spd":31,"spe":31}},{"name":"Gardevoir","species":"Gardevoir","item":"gardevoirite","ability":"Trace","moves":["substitute","hypervoice","psyshock","hiddenpowerrock"],"nature":"Modest","evs":{"hp":0,"atk":0,"def":0,"spa":252,"spd":4,"spe":252},"ivs":{"hp":31,"atk":31,"def":30,"spa":31,"spd":30,"spe":30}},{"name":"Victini","species":"Victini","item":"choicescarf","ability":"Victory Star","moves":["vcreate","uturn","boltstrike","blueflare"],"nature":"Naive","evs":{"hp":0,"atk":252,"def":0,"spa":4,"spd":0,"spe":252},"ivs":{"hp":31,"atk":31,"def":31,"spa":31,"spd":31,"spe":31}},{"name":"Mew","species":"Mew","item":"leftovers","ability":"Synchronize","moves":["nastyplot","vacuumwave","flamethrower","psyshock"],"nature":"Modest","evs":{"hp":148,"atk":0,"def":0,"spa":252,"spd":0,"spe":108},"ivs":{"hp":31,"atk":0,"def":31,"spa":31,"spd":31,"spe":31}},{"name":"Hoopa-Unbound","species":"Hoopa-Unbound","item":"dreadplate","ability":"Magician","moves":["knockoff","focusblast","gunkshot","darkpulse"],"nature":"Lonely","evs":{"hp":96,"atk":252,"def":0,"spa":148,"spd":0,"spe":12},"ivs":{"hp":31,"atk":31,"def":31,"spa":31,"spd":31,"spe":31}},{"name":"Meloetta","species":"Meloetta","item":"assaultvest","ability":"Serene Grace","moves":["thunderbolt","energyball","shadowball","hypervoice"],"nature":"Modest","evs":{"hp":248,"atk":0,"def":0,"spa":252,"spd":8,"spe":0},"ivs":{"hp":31,"atk":0,"def":31,"spa":31,"spd":31,"spe":31}}],"p2team":[{"name":"Skarmory","species":"Skarmory","item":"rockyhelmet","ability":"Sturdy","moves":["roost","stealthrock","bravebird","defog"],"nature":"Impish","evs":{"hp":0,"atk":252,"def":0,"spa":0,"spd":4,"spe":252},"ivs":{"hp":31,"atk":31,"def":31,"spa":31,"spd":31,"spe":31}},{"name":"Heatran","species":"Heatran","item":"airballoon","ability":"Flash Fire","moves":["protect","lavaplume","earthpower","willowisp"],"nature":"Calm","evs":{"hp":248,"atk":0,"def":0,"spa":8,"spd":252,"spe":0},"ivs":{"hp":31,"atk":31,"def":31,"spa":31,"spd":31,"spe":31}},{"name":"Excadrill","species":"Excadrill","item":"choicescarf","ability":"Mold Breaker","moves":["earthquake","ironhead","rockslide","xscissor"],"nature":"Jolly","evs":{"hp":0,"atk":252,"def":0,"spa":0,"spd":4,"spe":252},"ivs":{"hp":31,"atk":31,"def":31,"spa":31,"spd":31,"spe":31}},{"name":"Magnezone","species":"Magnezone","item":"choicescarf","ability":"Sturdy","moves":["hiddenpowerice","thunderbolt","triattack","voltswitch"],"nature":"Modest","evs":{"hp":248,"atk":0,"def":0,"spa":252,"spd":8,"spe":0},"ivs":{"hp":31,"atk":30,"def":30,"spa":31,"spd":31,"spe":31}},{"name":"Lucario","species":"Lucario","item":"lifeorb","ability":"Inner Focus","moves":["aurasphere","vacuumwave","flashcannon","shadowball"],"nature":"Timid","evs":{"hp":0,"atk":0,"def":0,"spa":252,"spd":4,"spe":252},"ivs":{"hp":31,"atk":31,"def":31,"spa":31,"spd":31,"spe":31}},{"name":"Jirachi","species":"Jirachi","item":"choicescarf","ability":"Serene Grace","moves":["ironhead","zenheadbutt","icepunch","uturn"],"nature":"Jolly","evs":{"hp":0,"atk":252,"def":0,"spa":0,"spd":4,"spe":252},"ivs":{"hp":31,"atk":31,"def":31,"spa":31,"spd":31,"spe":31}}],"log":["|player|p1|SWL Neßki|swlneki.png","|player|p2|Rustic Espeon|70","|gametype|singles","|gen|6","|tier|Monotype","|rated","|rule|Baton Pass Clause: Limit one Baton Passer, can't pass Spe and other stats simultaneously","|rule|Swagger Clause: Swagger is banned","|rule|Same Type Clause: Pokémon in a team must share a type","|clearpoke","|poke|p1|Deoxys-Speed","|poke|p1|Gardevoir, M","|poke|p1|Victini","|poke|p1|Mew","|poke|p1|Hoopa-Unbound","|poke|p1|Meloetta","|poke|p2|Skarmory, F","|poke|p2|Heatran, F","|poke|p2|Excadrill, M","|poke|p2|Magnezone","|poke|p2|Lucario, M","|poke|p2|Jirachi","|rule|Sleep Clause Mod: Limit one foe put to sleep","|rule|Species Clause: Limit one of each Pokémon","|rule|OHKO Clause: OHKO moves are banned","|rule|Moody Clause: Moody is banned","|rule|Evasion Moves Clause: Evasion moves are banned","|rule|Endless Battle Clause: Forcing endless battles is banned","|rule|HP Percentage Mod: HP is shown in percentages","|teampreview","|","|start","|switch|p1a: Deoxys-Speed|Deoxys-Speed|303/303","|switch|p2a: Jirachi|Jirachi|341/341","|-ability|p1a: Deoxys-Speed|Pressure","|turn|1","|","|move|p1a: Deoxys-Speed|Taunt|p2a: Jirachi","|-start|p2a: Jirachi|move: Taunt","|move|p2a: Jirachi|U-turn|p1a: Deoxys-Speed","|-supereffective|p1a: Deoxys-Speed","|-damage|p1a: Deoxys-Speed|147/303","|","|switch|p2a: Excadrill|Excadrill, M|361/361","|-ability|p2a: Excadrill|Mold Breaker","|","|turn|2","|","|move|p1a: Deoxys-Speed|Reflect|p1a: Deoxys-Speed","|-sidestart|p1: SWL Neßki|Reflect","|move|p2a: Excadrill|X-Scissor|p1a: Deoxys-Speed","|-supereffective|p1a: Deoxys-Speed","|-damage|p1a: Deoxys-Speed|45/303","|","|turn|3","|","|move|p1a: Deoxys-Speed|Stealth Rock|p2a: Excadrill","|-sidestart|p2: Rustic Espeon|move: Stealth Rock","|move|p2a: Excadrill|X-Scissor|p1a: Deoxys-Speed","|-supereffective|p1a: Deoxys-Speed","|-damage|p1a: Deoxys-Speed|0 fnt","|faint|p1a: Deoxys-Speed","|","|","|switch|p1a: Victini|Victini|341/341","|turn|4","|","|switch|p2a: Heatran|Heatran, F|385/385","|-damage|p2a: Heatran|337/385|[from] Stealth Rock","|-item|p2a: Heatran|Air Balloon","|move|p1a: Victini|U-turn|p2a: Heatran","|-resisted|p2a: Heatran","|-damage|p2a: Heatran|322/385","|-enditem|p2a: Heatran|Air Balloon","|","|switch|p1a: Hoopa-Unbound|Hoopa-Unbound|325/325","|","|turn|5","|","|move|p2a: Heatran|Protect|p2a: Heatran","|-singleturn|p2a: Heatran|Protect","|move|p1a: Hoopa-Unbound|Focus Blast|p2a: Heatran","|-activate|p2a: Heatran|Protect","|","|turn|6","|","|switch|p2a: Skarmory|Skarmory, F|271/271","|-damage|p2a: Skarmory|238/271|[from] Stealth Rock","|move|p1a: Hoopa-Unbound|Focus Blast|p2a: Skarmory","|-damage|p2a: Skarmory|28/271","|","|turn|7","|","|move|p2a: Skarmory|Defog|p1a: Hoopa-Unbound","|-unboost|p1a: Hoopa-Unbound|evasion|1","|-sideend|p1: SWL Neßki|Reflect","|-sideend|p2: Rustic Espeon|Stealth Rock|[from] move: Defog|[of] p2a: Skarmory","|move|p1a: Hoopa-Unbound|Dark Pulse|p2a: Skarmory","|-damage|p2a: Skarmory|0 fnt","|faint|p2a: Skarmory","|","|","|switch|p2a: Jirachi|Jirachi|341/341","|turn|8","|","|switch|p1a: Victini|Victini|341/341","|move|p2a: Jirachi|U-turn|p1a: Victini","|-damage|p1a: Victini|265/341","|","|switch|p2a: Magnezone|Magnezone|343/343","|","|turn|9","|","|move|p1a: Victini|U-turn|p2a: Magnezone","|-resisted|p2a: Magnezone","|-damage|p2a: Magnezone|311/343","|","|switch|p1a: Meloetta|Meloetta|403/403","|move|p2a: Magnezone|Thunderbolt|p1a: Meloetta","|-damage|p1a: Meloetta|307/403","|","|turn|10","|","|move|p2a: Magnezone|Thunderbolt|p1a: Meloetta","|-damage|p1a: Meloetta|208/403","|move|p1a: Meloetta|Shadow Ball|p2a: Magnezone","|-damage|p2a: Magnezone|191/343","|","|turn|11","|","|move|p2a: Magnezone|Thunderbolt|p1a: Meloetta","|-damage|p1a: Meloetta|106/403","|move|p1a: Meloetta|Shadow Ball|p2a: Magnezone","|-damage|p2a: Magnezone|88/343","|","|turn|12","|","|move|p2a: Magnezone|Thunderbolt|p1a: Meloetta","|-damage|p1a: Meloetta|4/403","|move|p1a: Meloetta|Shadow Ball|p2a: Magnezone","|-damage|p2a: Magnezone|0 fnt","|faint|p2a: Magnezone","|","|","|switch|p2a: Jirachi|Jirachi|341/341","|turn|13","|","|move|p2a: Jirachi|U-turn|p1a: Meloetta","|-supereffective|p1a: Meloetta","|-damage|p1a: Meloetta|0 fnt","|faint|p1a: Meloetta","|","|switch|p2a: Heatran|Heatran, F|322/385","|","|","|switch|p1a: Hoopa-Unbound|Hoopa-Unbound|325/325","|turn|14","|","|move|p2a: Heatran|Protect|p2a: Heatran","|-singleturn|p2a: Heatran|Protect","|move|p1a: Hoopa-Unbound|Knock Off|p2a: Heatran","|-activate|p2a: Heatran|Protect","|","|turn|15","|","|move|p1a: Hoopa-Unbound|Focus Blast|p2a: Heatran|[miss]","|-miss|p1a: Hoopa-Unbound|p2a: Heatran","|move|p2a: Heatran|Will-O-Wisp|p1a: Hoopa-Unbound","|-status|p1a: Hoopa-Unbound|brn","|","|-damage|p1a: Hoopa-Unbound|285/325 brn|[from] brn","|turn|16","|","|move|p2a: Heatran|Protect|p2a: Heatran","|-singleturn|p2a: Heatran|Protect","|move|p1a: Hoopa-Unbound|Focus Blast|p2a: Heatran","|-activate|p2a: Heatran|Protect","|","|-damage|p1a: Hoopa-Unbound|245/325 brn|[from] brn","|turn|17","|","|move|p1a: Hoopa-Unbound|Dark Pulse|p2a: Heatran","|-damage|p2a: Heatran|190/385","|move|p2a: Heatran|Lava Plume|p1a: Hoopa-Unbound","|-damage|p1a: Hoopa-Unbound|149/325 brn","|","|-damage|p1a: Hoopa-Unbound|109/325 brn|[from] brn","|turn|18","|","|move|p1a: Hoopa-Unbound|Dark Pulse|p2a: Heatran","|-damage|p2a: Heatran|61/385","|move|p2a: Heatran|Lava Plume|p1a: Hoopa-Unbound","|-damage|p1a: Hoopa-Unbound|18/325 brn","|","|-damage|p1a: Hoopa-Unbound|0 fnt|[from] brn","|faint|p1a: Hoopa-Unbound","|","|switch|p1a: Mew|Mew|378/378","|turn|19","|","|switch|p2a: Lucario|Lucario, M|281/281","|move|p1a: Mew|Nasty Plot|p1a: Mew","|-boost|p1a: Mew|spa|2","|","|turn|20","|","|move|p2a: Lucario|Shadow Ball|p1a: Mew","|-supereffective|p1a: Mew","|-damage|p1a: Mew|134/378","|-damage|p2a: Lucario|253/281|[from] item: Life Orb","|move|p1a: Mew|Flamethrower|p2a: Lucario","|-supereffective|p2a: Lucario","|-damage|p2a: Lucario|0 fnt","|faint|p2a: Lucario","|","|-heal|p1a: Mew|157/378|[from] item: Leftovers","|","|switch|p2a: Jirachi|Jirachi|341/341","|turn|21","|","|switch|p1a: Victini|Victini|265/341","|move|p2a: Jirachi|U-turn|p1a: Victini","|-damage|p1a: Victini|194/341","|","|switch|p2a: Heatran|Heatran, F|61/385","|","|turn|22","|","|move|p1a: Victini|Blue Flare|p2a: Heatran","|-start|p2a: Heatran|ability: Flash Fire","|move|p2a: Heatran|Earth Power|p1a: Victini","|-supereffective|p1a: Victini","|-damage|p1a: Victini|0 fnt","|faint|p1a: Victini","|","|","|switch|p1a: Mew|Mew|157/378","|turn|23","|","|move|p1a: Mew|Vacuum Wave|p2a: Heatran","|-supereffective|p2a: Heatran","|-damage|p2a: Heatran|0 fnt","|faint|p2a: Heatran","|","|-heal|p1a: Mew|180/378|[from] item: Leftovers","|","|switch|p2a: Jirachi|Jirachi|341/341","|turn|24","|","|move|p2a: Jirachi|U-turn|p1a: Mew","|-supereffective|p1a: Mew","|-damage|p1a: Mew|52/378","|","|switch|p2a: Excadrill|Excadrill, M|361/361","|-ability|p2a: Excadrill|Mold Breaker","|move|p1a: Mew|Flamethrower|p2a: Excadrill","|-supereffective|p2a: Excadrill","|-damage|p2a: Excadrill|83/361","|","|-heal|p1a: Mew|75/378|[from] item: Leftovers","|turn|25","|","|move|p1a: Mew|Vacuum Wave|p2a: Excadrill","|-supereffective|p2a: Excadrill","|-damage|p2a: Excadrill|0 fnt","|faint|p2a: Excadrill","|","|-heal|p1a: Mew|98/378|[from] item: Leftovers","|","|switch|p2a: Jirachi|Jirachi|341/341","|turn|26","|","|move|p2a: Jirachi|Iron Head|p1a: Mew","|-crit|p1a: Mew","|-damage|p1a: Mew|0 fnt","|faint|p1a: Mew","|","|","|switch|p1a: Gardevoir|Gardevoir, M|277/277","|-ability|p1a: Gardevoir|Serene Grace|[from] ability: Trace|[of] p2a: Jirachi","|turn|27","|","|move|p2a: Jirachi|Iron Head|p1a: Gardevoir","|-supereffective|p1a: Gardevoir","|-damage|p1a: Gardevoir|0 fnt","|faint|p1a: Gardevoir","|","|win|Rustic Espeon"],"p1rating":{"entryid":"6746789","serverid":"eos","formatid":"monotype","userid":"swlneki","username":"SWL Neßki","w":"35","l":19,"t":"0","gxe":65.9,"r":"1622.0742964777","rd":"53.869186402568","sigma":"0","rptime":"1439715600","rpr":1625.5905902684,"rprd":52.1667829139,"rpsigma":"0","acre":1253.5292482027,"lacre":1253.5292482027,"oldacre":"1292.4954490545"},"p2rating":{"entryid":"7202561","serverid":"eos","formatid":"monotype","userid":"rusticespeon","username":"Rustic Espeon","w":25,"l":"19","t":"0","gxe":56.9,"r":"1570.1119799868","rd":"55.202317511448","sigma":"0","rptime":"1439715600","rpr":1552.5677054005,"rprd":52.862727446504,"rpsigma":"0","acre":1118.5164419382,"lacre":1118.5164419382,"oldacre":"1073.3102527816"},"endType":"normal"}