{"seed":[54444,29308,72,13108],"turns":25,"p1":"Emg Svu","p2":"Seven Swell","p1team":[{"name":"Hippowdon","species":"Hippowdon","item":"leftovers","ability":"Sand Stream","moves":["earthquake","crunch","slackoff","stealthrock"],"nature":"Impish","evs":{"hp":252,"atk":4,"def":252,"spa":0,"spd":0,"spe":0},"gender":"F","ivs":{"hp":31,"atk":31,"def":31,"spa":31,"spd":31,"spe":31}},{"name":"Gastrodon","species":"Gastrodon","item":"leftovers","ability":"Storm Drain","moves":["scald","toxic","recover","earthpower"],"nature":"Bold","evs":{"hp":252,"atk":0,"def":252,"spa":4,"spd":0,"spe":0},"gender":"M","ivs":{"hp":31,"atk":31,"def":31,"spa":31,"spd":31,"spe":31}},{"name":"Landorus","species":"Landorus","item":"lifeorb","ability":"Sheer Force","moves":["sludgewave","earthpower","psychic","focusblast"],"nature":"Timid","evs":{"hp":0,"atk":0,"def":0,"spa":252,"spd":4,"spe":252},"ivs":{"hp":31,"atk":31,"def":31,"spa":31,"spd":31,"spe":31}},{"name":"Garchomp","species":"Garchomp","item":"garchompite","ability":"Rough Skin","moves":["earthquake","dragonclaw","fireblast","swordsdance"],"nature":"Naive","evs":{"hp":0,"atk":252,"def":0,"spa":4,"spd":0,"spe":252},"ivs":{"hp":31,"atk":31,"def":31,"spa":31,"spd":31,"spe":31}},{"name":"Mamoswine","species":"Mamoswine","item":"assaultvest","ability":"Thick Fat","moves":["earthquake","iciclespear","iceshard","knockoff"],"nature":"Adamant","evs":{"hp":28,"atk":252,"def":0,"spa":0,"spd":8,"spe":220},"ivs":{"hp":31,"atk":31,"def":31,"spa":31,"spd":31,"spe":31}},{"name":"Excadrill","species":"Excadrill","item":"lifeorb","ability":"Sand Rush","moves":["earthquake","ironhead","rockslide","swordsdance"],"nature":"Adamant","evs":{"hp":4,"atk":252,"def":0,"spa":0,"spd":0,"spe":252},"ivs":{"hp":31,"atk":31,"def":31,"spa":31,"spd":31,"spe":31}}],"p2team":[{"name":"Mew","species":"Mew","item":"leftovers","ability":"Synchronize","moves":["roost","toxic","healbell","aurasphere"],"nature":"Calm","evs":{"hp":252,"atk":0,"def":0,"spa":4,"spd":252,"spe":0},"ivs":{"hp":31,"atk":31,"def":31,"spa":31,"spd":31,"spe":31}},{"name":"Slowbro","species":"Slowbro","item":"rockyhelmet","ability":"Regenerator","moves":["scald","yawn","flamethrower","slackoff"],"nature":"Bold","evs":{"hp":252,"atk":0,"def":252,"spa":4,"spd":0,"spe":0},"ivs":{"hp":31,"atk":31,"def":31,"spa":31,"spd":31,"spe":31}},{"name":"Deoxys-Speed","species":"Deoxys-Speed","item":"focussash","ability":"Pressure","moves":["stealthrock","thunderbolt","thunderwave","icebeam"],"nature":"Timid","evs":{"hp":252,"atk":0,"def":0,"spa":44,"spd":0,"spe":212},"ivs":{"hp":31,"atk":31,"def":31,"spa":31,"spd":31,"spe":31}},{"name":"Latias","species":"Latias","item":"leftovers","ability":"Levitate","moves":["dracometeor","psyshock","roost","defog"],"nature":"Timid","evs":{"hp":252,"atk":0,"def":0,"spa":4,"spd":0,"spe":252},"ivs":{"hp":31,"atk":31,"def":31,"spa":31,"spd":31,"spe":31}},{"name":"Hoopa-Unbound","species":"Hoopa-Unbound","item":"focussash","ability":"Magician","moves":["hyperspacefury","drainpunch","firepunch","gunkshot"],"nature":"Adamant","evs":{"hp":0,"atk":252,"def":0,"spa":0,"spd":4,"spe":252},"ivs":{"hp":31,"atk":31,"def":31,"spa":31,"spd":31,"spe":31}},{"name":"Gardevoir","species":"Gardevoir","item":"gardevoirite","ability":"Trace","moves":["hypervoice","psyshock","shadowball","taunt"],"nature":"Timid","evs":{"hp":0,"atk":0,"def":0,"spa":252,"spd":4,"spe":252},"ivs":{"hp":31,"atk":31,"def":31,"spa":31,"spd":31,"spe":31}}],"log":["|player|p1|Emg Svu|67","|player|p2|Seven Swell|sevenswell.png","|gametype|singles","|gen|6","|tier|Monotype","|rated","|rule|Baton Pass Clause: Limit one Baton Passer, can't pass Spe and other stats simultaneously","|rule|Swagger Clause: Swagger is banned","|rule|Same Type Clause: Pokémon in a team must share a type","|clearpoke","|poke|p1|Hippowdon, F","|poke|p1|Gastrodon, M","|poke|p1|Landorus, M","|poke|p1|Garchomp, F","|poke|p1|Mamoswine, M","|poke|p1|Excadrill, M","|poke|p2|Mew","|poke|p2|Slowbro, F","|poke|p2|Deoxys-Speed","|poke|p2|Latias, F","|poke|p2|Hoopa-Unbound","|poke|p2|Gardevoir, F","|rule|Sleep Clause Mod: Limit one foe put to sleep","|rule|Species Clause: Limit one of each Pokémon","|rule|OHKO Clause: OHKO moves are banned","|rule|Moody Clause: Moody is banned","|rule|Evasion Moves Clause: Evasion moves are banned","|rule|Endless Battle Clause: Forcing endless battles is banned","|rule|HP Percentage Mod: HP is shown in percentages","|teampreview","|","|start","|switch|p1a: Hippowdon|Hippowdon, F|420/420","|switch|p2a: Deoxys-Speed|Deoxys-Speed|304/304","|-ability|p2a: Deoxys-Speed|Pressure","|-weather|Sandstorm","|turn|1","|","|switch|p2a: Slowbro|Slowbro, F|394/394","|move|p1a: Hippowdon|Crunch|p2a: Slowbro","|-supereffective|p2a: Slowbro","|-damage|p2a: Slowbro|294/394","|-damage|p1a: Hippowdon|350/420|[from] item: Rocky Helmet|[of] p2a: Slowbro","|","|-weather|Sandstorm|[upkeep]","|-damage|p2a: Slowbro|270/394|[from] sandstorm","|-heal|p1a: Hippowdon|376/420|[from] item: Leftovers","|turn|2","|","|move|p1a: Hippowdon|Stealth Rock|p2a: Slowbro","|-sidestart|p2: Seven Swell|move: Stealth Rock","|move|p2a: Slowbro|Yawn|p1a: Hippowdon","|-start|p1a: Hippowdon|move: Yawn|[of] p2a: Slowbro","|","|-weather|Sandstorm|[upkeep]","|-damage|p2a: Slowbro|246/394|[from] sandstorm","|-heal|p1a: Hippowdon|402/420|[from] item: Leftovers","|turn|3","|","|switch|p1a: Gastrodon|Gastrodon, M|426/426","|move|p2a: Slowbro|Yawn|p1a: Gastrodon","|-start|p1a: Gastrodon|move: Yawn|[of] p2a: Slowbro","|","|-weather|Sandstorm|[upkeep]","|-damage|p2a: Slowbro|222/394|[from] sandstorm","|turn|4","|","|move|p1a: Gastrodon|Toxic|p2a: Slowbro","|-status|p2a: Slowbro|tox","|move|p2a: Slowbro|Scald|p1a: Gastrodon","|-boost|p1a: Gastrodon|spa|1|[from] ability: Storm Drain","|","|-end|p1a: Gastrodon|move: Yawn|[silent]","|-status|p1a: Gastrodon|slp","|-weather|Sandstorm|[upkeep]","|-damage|p2a: Slowbro|198/394 tox|[from] sandstorm","|-damage|p2a: Slowbro|174/394 tox|[from] psn","|turn|5","|","|cant|p1a: Gastrodon|slp","|move|p2a: Slowbro|Slack Off|p2a: Slowbro","|-heal|p2a: Slowbro|371/394 tox","|","|-weather|none","|-damage|p2a: Slowbro|323/394 tox|[from] psn","|turn|6","|","|switch|p2a: Gardevoir|Gardevoir, F|277/277","|-damage|p2a: Gardevoir|243/277|[from] Stealth Rock","|-ability|p2a: Gardevoir|Storm Drain|[from] ability: Trace|[of] p1a: Gastrodon","|cant|p1a: Gastrodon|slp","|","|turn|7","|","|move|p2a: Gardevoir|Psyshock|p1a: Gastrodon","|-damage|p1a: Gastrodon|290/426 slp","|cant|p1a: Gastrodon|slp","|","|-heal|p1a: Gastrodon|316/426 slp|[from] item: Leftovers","|turn|8","|","|detailschange|p2a: Gardevoir|Gardevoir-Mega, F","|-mega|p2a: Gardevoir|Gardevoir|Gardevoirite","|move|p2a: Gardevoir|Psyshock|p1a: Gastrodon","|-damage|p1a: Gastrodon|147/426 slp","|-curestatus|p1a: Gastrodon|slp","|move|p1a: Gastrodon|Earth Power|p2a: Gardevoir","|-damage|p2a: Gardevoir|123/277","|-unboost|p2a: Gardevoir|spd|1","|","|-heal|p1a: Gastrodon|173/426|[from] item: Leftovers","|turn|9","|","|move|p2a: Gardevoir|Hyper Voice|p1a: Gastrodon","|-damage|p1a: Gastrodon|0 fnt","|faint|p1a: Gastrodon","|","|","|switch|p1a: Landorus|Landorus, M|319/319","|turn|10","|","|move|p1a: Landorus|Sludge Wave|p2a: Gardevoir","|-supereffective|p2a: Gardevoir","|-damage|p2a: Gardevoir|0 fnt","|faint|p2a: Gardevoir","|","|","|switch|p2a: Deoxys-Speed|Deoxys-Speed|304/304","|-damage|p2a: Deoxys-Speed|266/304|[from] Stealth Rock","|-ability|p2a: Deoxys-Speed|Pressure","|turn|11","|","|move|p2a: Deoxys-Speed|Ice Beam|p1a: Landorus","|-supereffective|p1a: Landorus","|-damage|p1a: Landorus|7/319","|move|p1a: Landorus|Earth Power|p2a: Deoxys-Speed","|-damage|p2a: Deoxys-Speed|0 fnt","|faint|p2a: Deoxys-Speed","|","|","|switch|p2a: Latias|Latias, F|364/364","|-damage|p2a: Latias|319/364|[from] Stealth Rock","|turn|12","|","|switch|p1a: Mamoswine|Mamoswine, M|368/368","|move|p2a: Latias|Psyshock|p1a: Mamoswine","|-damage|p1a: Mamoswine|248/368","|","|-heal|p2a: Latias|341/364|[from] item: Leftovers","|turn|13","|","|switch|p2a: Slowbro|Slowbro, F|394/394 tox","|-damage|p2a: Slowbro|345/394 tox|[from] Stealth Rock","|move|p1a: Mamoswine|Icicle Spear|p2a: Slowbro","|-resisted|p2a: Slowbro","|-damage|p2a: Slowbro|329/394 tox","|-resisted|p2a: Slowbro","|-damage|p2a: Slowbro|311/394 tox","|-hitcount|p2a: Slowbro|2","|","|-damage|p2a: Slowbro|287/394 tox|[from] psn","|turn|14","|","|move|p1a: Mamoswine|Knock Off|p2a: Slowbro","|-supereffective|p2a: Slowbro","|-damage|p2a: Slowbro|127/394 tox","|-damage|p1a: Mamoswine|187/368|[from] item: Rocky Helmet|[of] p2a: Slowbro","|-enditem|p2a: Slowbro|Rocky Helmet|[from] move: Knock Off|[of] p1a: Mamoswine","|move|p2a: Slowbro|Scald|p1a: Mamoswine","|-supereffective|p1a: Mamoswine","|-damage|p1a: Mamoswine|0 fnt","|faint|p1a: Mamoswine","|","|-damage|p2a: Slowbro|79/394 tox|[from] psn","|","|switch|p1a: Hippowdon|Hippowdon, F|402/420","|-weather|Sandstorm","|turn|15","|","|switch|p2a: Hoopa-Unbound|Hoopa-Unbound|301/301","|-damage|p2a: Hoopa-Unbound|264/301|[from] Stealth Rock","|move|p1a: Hippowdon|Crunch|p2a: Hoopa-Unbound","|-damage|p2a: Hoopa-Unbound|168/301","|","|-weather|Sandstorm|[upkeep]","|-damage|p2a: Hoopa-Unbound|150/301|[from] sandstorm","|-heal|p1a: Hippowdon|420/420|[from] item: Leftovers","|turn|16","|","|move|p2a: Hoopa-Unbound|Drain Punch|p1a: Hippowdon","|-damage|p1a: Hippowdon|343/420","|-heal|p2a: Hoopa-Unbound|189/301|[from] drain|[of] p1a: Hippowdon","|move|p1a: Hippowdon|Earthquake|p2a: Hoopa-Unbound","|-damage|p2a: Hoopa-Unbound|3/301","|","|-weather|Sandstorm|[upkeep]","|-damage|p2a: Hoopa-Unbound|0 fnt|[from] sandstorm","|-heal|p1a: Hippowdon|369/420|[from] item: Leftovers","|faint|p2a: Hoopa-Unbound","|","|switch|p2a: Mew|Mew|404/404","|-damage|p2a: Mew|354/404|[from] Stealth Rock","|turn|17","|","|move|p2a: Mew|Toxic|p1a: Hippowdon","|-status|p1a: Hippowdon|tox","|move|p1a: Hippowdon|Crunch|p2a: Mew","|-supereffective|p2a: Mew","|-damage|p2a: Mew|218/404","|-unboost|p2a: Mew|def|1","|","|-weather|Sandstorm|[upkeep]","|-damage|p2a: Mew|193/404|[from] sandstorm","|-heal|p2a: Mew|218/404|[from] item: Leftovers","|-heal|p1a: Hippowdon|395/420 tox|[from] item: Leftovers","|-damage|p1a: Hippowdon|369/420 tox|[from] psn","|turn|18","|","|move|p2a: Mew|Heal Bell|p2a: Mew","|-cureteam|p2a: Mew|[from] move: HealBell","|move|p1a: Hippowdon|Crunch|p2a: Mew","|-supereffective|p2a: Mew","|-damage|p2a: Mew|18/404","|-unboost|p2a: Mew|def|1","|","|-weather|Sandstorm|[upkeep]","|-damage|p2a: Mew|0 fnt|[from] sandstorm","|-heal|p1a: Hippowdon|395/420 tox|[from] item: Leftovers","|-damage|p1a: Hippowdon|343/420 tox|[from] psn","|faint|p2a: Mew","|","|switch|p2a: Slowbro|Slowbro, F|210/394","|-damage|p2a: Slowbro|161/394|[from] Stealth Rock","|turn|19","|","|move|p1a: Hippowdon|Crunch|p2a: Slowbro","|-supereffective|p2a: Slowbro","|-damage|p2a: Slowbro|71/394","|move|p2a: Slowbro|Slack Off|p2a: Slowbro","|-heal|p2a: Slowbro|268/394","|","|-weather|none","|-heal|p1a: Hippowdon|369/420 tox|[from] item: Leftovers","|-damage|p1a: Hippowdon|291/420 tox|[from] psn","|turn|20","|","|switch|p1a: Garchomp|Garchomp, F|357/357","|move|p2a: Slowbro|Slack Off|p2a: Slowbro","|-heal|p2a: Slowbro|394/394","|","|turn|21","|","|detailschange|p1a: Garchomp|Garchomp-Mega, F","|-mega|p1a: Garchomp|Garchomp|Garchompite","|move|p1a: Garchomp|Swords Dance|p1a: Garchomp","|-boost|p1a: Garchomp|atk|2","|move|p2a: Slowbro|Scald|p1a: Garchomp","|-damage|p1a: Garchomp|242/357","|","|turn|22","|","|move|p1a: Garchomp|Dragon Claw|p2a: Slowbro","|-damage|p2a: Slowbro|163/394","|move|p2a: Slowbro|Yawn|p1a: Garchomp","|-start|p1a: Garchomp|move: Yawn|[of] p2a: Slowbro","|","|turn|23","|","|switch|p2a: Latias|Latias, F|341/364","|-damage|p2a: Latias|296/364|[from] Stealth Rock","|move|p1a: Garchomp|Dragon Claw|p2a: Latias","|-supereffective|p2a: Latias","|-damage|p2a: Latias|0 fnt","|faint|p2a: Latias","|","|-end|p1a: Garchomp|move: Yawn|[silent]","|-status|p1a: Garchomp|slp","|","|switch|p2a: Slowbro|Slowbro, F|294/394","|-damage|p2a: Slowbro|245/394|[from] Stealth Rock","|turn|24","|","|cant|p1a: Garchomp|slp","|move|p2a: Slowbro|Scald|p1a: Garchomp","|-damage|p1a: Garchomp|139/357 slp","|","|turn|25","|","|-curestatus|p1a: Garchomp|slp","|move|p1a: Garchomp|Earthquake|p2a: Slowbro","|-damage|p2a: Slowbro|0 fnt","|faint|p2a: Slowbro","|","|win|Emg Svu"],"p1rating":{"entryid":"7656291","serverid":"eos","formatid":"monotype","userid":"emgsvu","username":"Emg Svu","w":5,"l":"1","t":"0","gxe":64.2,"r":"1576.1249706547","rd":"105.56273244861","sigma":"0","rptime":"1439715600","rpr":1614.0236553512,"rprd":99.818930675621,"rpsigma":"0","acre":1178.54863688,"lacre":1178.54863688,"oldacre":"1141.6780954476"},"p2rating":{"entryid":"7267988","serverid":"eos","formatid":"monotype","userid":"sevenswell","username":"Seven Swell","w":"57","l":33,"t":"0","gxe":66.6,"r":"1629.9062906016","rd":"40.865844898642","sigma":"0","rptime":"1439715600","rpr":1630.5934387712,"rprd":40.203810483013,"rpsigma":"0","acre":1291.5547415423,"lacre":1291.5547415423,"oldacre":"1321.0511746882"},"endType":"normal"}