{"seed":[25673,16410,39888,52143],"turns":19,"p1":"Noble♕Kieff","p2":"Crystl Sabo","p1team":[{"name":"Clefable","species":"Clefable","item":"leftovers","ability":"Unaware","moves":["calmmind","moonblast","wish","flamethrower"],"nature":"Bold","evs":{"hp":252,"atk":0,"def":252,"spa":0,"spd":4,"spe":0},"gender":"F","shiny":true,"ivs":{"hp":31,"atk":31,"def":31,"spa":31,"spd":31,"spe":31}},{"name":"Sylveon","species":"Sylveon","item":"choicespecs","ability":"Pixilate","moves":["hypervoice","psyshock","hiddenpowerfire","quickattack"],"nature":"Modest","evs":{"hp":240,"atk":0,"def":0,"spa":252,"spd":0,"spe":16},"gender":"F","ivs":{"hp":31,"atk":30,"def":31,"spa":30,"spd":31,"spe":30},"shiny":true},{"name":"Klefki","species":"Klefki","item":"lightclay","ability":"Prankster","moves":["lightscreen","reflect","toxic","magiccoat"],"nature":"Calm","evs":{"hp":252,"atk":0,"def":128,"spa":0,"spd":128,"spe":0},"gender":"F","shiny":true,"ivs":{"hp":31,"atk":31,"def":31,"spa":31,"spd":31,"spe":31}},{"name":"Slurpuff","species":"Slurpuff","item":"sitrusberry","ability":"Unburden","moves":["bellydrum","playrough","drainpunch","substitute"],"nature":"Jolly","evs":{"hp":4,"atk":252,"def":0,"spa":0,"spd":0,"spe":252},"ivs":{"hp":31,"atk":31,"def":31,"spa":31,"spd":31,"spe":31}},{"name":"Florges","species":"Florges","item":"leftovers","ability":"Flower Veil","moves":["protect","toxic","moonblast","wish"],"nature":"Bold","evs":{"hp":252,"atk":0,"def":252,"spa":0,"spd":0,"spe":4},"shiny":true,"ivs":{"hp":31,"atk":31,"def":31,"spa":31,"spd":31,"spe":31}},{"name":"Gardevoir","species":"Gardevoir","item":"gardevoirite","ability":"Trace","moves":["hypervoice","psyshock","focusblast","willowisp"],"nature":"Timid","evs":{"hp":0,"atk":0,"def":24,"spa":232,"spd":0,"spe":252},"ivs":{"hp":31,"atk":31,"def":31,"spa":31,"spd":31,"spe":31}}],"p2team":[{"name":"Cradily","species":"Cradily","item":"leftovers","ability":"Storm Drain","moves":["stockpile","recover","toxic","gigadrain"],"nature":"Calm","evs":{"hp":236,"atk":0,"def":0,"spa":40,"spd":232,"spe":0},"shiny":true,"ivs":{"hp":31,"atk":31,"def":31,"spa":31,"spd":31,"spe":31}},{"name":"Rhydon","species":"Rhydon","item":"eviolite","ability":"Rock Head","moves":["swordsdance","avalanche","stoneedge","firepunch"],"nature":"Relaxed","evs":{"hp":248,"atk":0,"def":8,"spa":0,"spd":252,"spe":0},"ivs":{"hp":31,"atk":31,"def":31,"spa":31,"spd":31,"spe":1},"shiny":true},{"name":"Tyranitar","species":"Tyranitar","item":"choicescarf","ability":"Sand Stream","moves":["stoneedge","icebeam","fireblast","earthquake"],"nature":"Naive","evs":{"hp":0,"atk":0,"def":0,"spa":252,"spd":0,"spe":252},"ivs":{"hp":31,"atk":30,"def":31,"spa":30,"spd":31,"spe":31},"shiny":true},{"name":"Aerodactyl","species":"Aerodactyl","item":"aerodactylite","ability":"Pressure","moves":["stoneedge","earthquake","aerialace","taunt"],"nature":"Jolly","evs":{"hp":0,"atk":252,"def":0,"spa":0,"spd":4,"spe":252},"ivs":{"hp":31,"atk":31,"def":31,"spa":31,"spd":31,"spe":31}},{"name":"Terrakion","species":"Terrakion","item":"choicescarf","ability":"Justified","moves":["earthquake","closecombat","stoneedge","poisonjab"],"nature":"Jolly","evs":{"hp":0,"atk":252,"def":0,"spa":0,"spd":4,"spe":252},"shiny":true,"ivs":{"hp":31,"atk":31,"def":31,"spa":31,"spd":31,"spe":31}},{"name":"Omastar","species":"Omastar","item":"focussash","ability":"Weak Armor","moves":["shellsmash","hydropump","icebeam","hiddenpowergrass"],"nature":"Rash","evs":{"hp":0,"atk":4,"def":0,"spa":252,"spd":0,"spe":252},"ivs":{"hp":31,"atk":30,"def":31,"spa":30,"spd":31,"spe":31}}],"log":["|player|p1|Noble♕Kieff|101","|player|p2|Crystl Sabo|crystlsabo.png","|gametype|singles","|gen|6","|tier|Monotype","|rated","|rule|Baton Pass Clause: Limit one Baton Passer, can't pass Spe and other stats simultaneously","|rule|Swagger Clause: Swagger is banned","|rule|Same Type Clause: Pokémon in a team must share a type","|clearpoke","|poke|p1|Clefable, F, shiny","|poke|p1|Sylveon, F, shiny","|poke|p1|Klefki, F, shiny","|poke|p1|Slurpuff, F","|poke|p1|Florges, F, shiny","|poke|p1|Gardevoir, M","|poke|p2|Cradily, M, shiny","|poke|p2|Rhydon, M, shiny","|poke|p2|Tyranitar, M, shiny","|poke|p2|Aerodactyl, F","|poke|p2|Terrakion, shiny","|poke|p2|Omastar, F","|rule|Sleep Clause Mod: Limit one foe put to sleep","|rule|Species Clause: Limit one of each Pokémon","|rule|OHKO Clause: OHKO moves are banned","|rule|Moody Clause: Moody is banned","|rule|Evasion Moves Clause: Evasion moves are banned","|rule|Endless Battle Clause: Forcing endless battles is banned","|rule|HP Percentage Mod: HP is shown in percentages","|teampreview","|","|start","|switch|p1a: Klefki|Klefki, F, shiny|318/318","|switch|p2a: Tyranitar|Tyranitar, M, shiny|341/341","|-weather|Sandstorm","|turn|1","|","|move|p1a: Klefki|Magic Coat|p1a: Klefki","|-singleturn|p1a: Klefki|move: Magic Coat","|move|p2a: Tyranitar|Fire Blast|p1a: Klefki","|-supereffective|p1a: Klefki","|-damage|p1a: Klefki|132/318","|","|-weather|Sandstorm|[upkeep]","|turn|2","|","|move|p1a: Klefki|Light Screen|p1a: Klefki","|-sidestart|p1: Noble♕Kieff|move: Light Screen","|move|p2a: Tyranitar|Fire Blast|p1a: Klefki","|-supereffective|p1a: Klefki","|-damage|p1a: Klefki|33/318","|","|-weather|Sandstorm|[upkeep]","|turn|3","|","|move|p1a: Klefki|Reflect|p1a: Klefki","|-sidestart|p1: Noble♕Kieff|Reflect","|move|p2a: Tyranitar|Fire Blast|p1a: Klefki","|-supereffective|p1a: Klefki","|-damage|p1a: Klefki|0 fnt","|faint|p1a: Klefki","|","|-weather|Sandstorm|[upkeep]","|","|switch|p1a: Clefable|Clefable, F, shiny|394/394","|turn|4","|","|switch|p2a: Cradily|Cradily, M, shiny|372/372","|move|p1a: Clefable|Calm Mind|p1a: Clefable","|-boost|p1a: Clefable|spa|1","|-boost|p1a: Clefable|spd|1","|","|-weather|Sandstorm|[upkeep]","|-damage|p1a: Clefable|370/394|[from] sandstorm","|-heal|p1a: Clefable|394/394|[from] item: Leftovers","|turn|5","|","|move|p1a: Clefable|Calm Mind|p1a: Clefable","|-boost|p1a: Clefable|spa|1","|-boost|p1a: Clefable|spd|1","|move|p2a: Cradily|Toxic|p1a: Clefable","|-status|p1a: Clefable|tox","|","|-weather|none","|-damage|p1a: Clefable|370/394 tox|[from] psn","|turn|6","|","|move|p1a: Clefable|Moonblast|p2a: Cradily","|-damage|p2a: Cradily|221/372","|move|p2a: Cradily|Stockpile|p2a: Cradily","|-start|p2a: Cradily|stockpile1","|-boost|p2a: Cradily|def|1","|-boost|p2a: Cradily|spd|1","|","|-heal|p1a: Clefable|394/394 tox|[from] item: Leftovers","|-heal|p2a: Cradily|244/372|[from] item: Leftovers","|-damage|p1a: Clefable|346/394 tox|[from] psn","|turn|7","|","|move|p1a: Clefable|Calm Mind|p1a: Clefable","|-boost|p1a: Clefable|spa|1","|-boost|p1a: Clefable|spd|1","|move|p2a: Cradily|Recover|p2a: Cradily","|-heal|p2a: Cradily|372/372","|","|-heal|p1a: Clefable|370/394 tox|[from] item: Leftovers","|-damage|p1a: Clefable|298/394 tox|[from] psn","|turn|8","|","|move|p1a: Clefable|Calm Mind|p1a: Clefable","|-boost|p1a: Clefable|spa|1","|-boost|p1a: Clefable|spd|1","|move|p2a: Cradily|Stockpile|p2a: Cradily","|-start|p2a: Cradily|stockpile2","|-boost|p2a: Cradily|def|1","|-boost|p2a: Cradily|spd|1","|","|-heal|p1a: Clefable|322/394 tox|[from] item: Leftovers","|-damage|p1a: Clefable|226/394 tox|[from] psn","|turn|9","|","|move|p1a: Clefable|Moonblast|p2a: Cradily","|-damage|p2a: Cradily|164/372","|move|p2a: Cradily|Stockpile|p2a: Cradily","|-start|p2a: Cradily|stockpile3","|-boost|p2a: Cradily|def|1","|-boost|p2a: Cradily|spd|1","|","|-heal|p1a: Clefable|250/394 tox|[from] item: Leftovers","|-heal|p2a: Cradily|187/372|[from] item: Leftovers","|-damage|p1a: Clefable|130/394 tox|[from] psn","|-sideend|p1: Noble♕Kieff|move: Light Screen","|turn|10","|","|move|p1a: Clefable|Moonblast|p2a: Cradily","|-damage|p2a: Cradily|0 fnt","|faint|p2a: Cradily","|","|-heal|p1a: Clefable|154/394 tox|[from] item: Leftovers","|-damage|p1a: Clefable|10/394 tox|[from] psn","|-sideend|p1: Noble♕Kieff|Reflect","|","|switch|p2a: Aerodactyl|Aerodactyl, F|301/301","|-ability|p2a: Aerodactyl|Pressure","|turn|11","|","|detailschange|p2a: Aerodactyl|Aerodactyl-Mega, F","|-mega|p2a: Aerodactyl|Aerodactyl|Aerodactylite","|move|p2a: Aerodactyl|Aerial Ace|p1a: Clefable","|-damage|p1a: Clefable|0 fnt","|faint|p1a: Clefable","|","|","|switch|p1a: Slurpuff|Slurpuff, F|306/306","|turn|12","|","|move|p2a: Aerodactyl|Stone Edge|p1a: Slurpuff","|-damage|p1a: Slurpuff|104/306","|-enditem|p1a: Slurpuff|Sitrus Berry|[eat]","|-heal|p1a: Slurpuff|180/306|[from] item: Sitrus Berry","|move|p1a: Slurpuff|Belly Drum|p1a: Slurpuff","|-damage|p1a: Slurpuff|27/306","|-setboost|p1a: Slurpuff|atk|6|[from] move: Belly Drum","|","|turn|13","|","|move|p1a: Slurpuff|Play Rough|p2a: Aerodactyl","|-damage|p2a: Aerodactyl|0 fnt","|faint|p2a: Aerodactyl","|","|","|switch|p2a: Omastar|Omastar, F|281/281","|turn|14","|","|move|p1a: Slurpuff|Drain Punch|p2a: Omastar","|-supereffective|p2a: Omastar","|-enditem|p2a: Omastar|Focus Sash","|-damage|p2a: Omastar|1/281","|-heal|p1a: Slurpuff|167/306|[from] drain|[of] p2a: Omastar","|-unboost|p2a: Omastar|def|1|[from] ability: Weak Armor","|-boost|p2a: Omastar|spe|1|[from] ability: Weak Armor","|move|p2a: Omastar|Ice Beam|p1a: Slurpuff","|-damage|p1a: Slurpuff|42/306","|","|turn|15","|","|move|p1a: Slurpuff|Drain Punch|p2a: Omastar","|-supereffective|p2a: Omastar","|-damage|p2a: Omastar|0 fnt","|-heal|p1a: Slurpuff|43/306|[from] drain|[of] p2a: Omastar","|faint|p2a: Omastar","|","|","|switch|p2a: Terrakion|Terrakion, shiny|323/323","|turn|16","|","|move|p1a: Slurpuff|Play Rough|p2a: Terrakion","|-supereffective|p2a: Terrakion","|-damage|p2a: Terrakion|0 fnt","|faint|p2a: Terrakion","|","|","|switch|p2a: Tyranitar|Tyranitar, M, shiny|341/341","|-weather|Sandstorm","|turn|17","|","|move|p1a: Slurpuff|Drain Punch|p2a: Tyranitar","|-supereffective|p2a: Tyranitar","|-damage|p2a: Tyranitar|0 fnt","|-heal|p1a: Slurpuff|214/306|[from] drain|[of] p2a: Tyranitar","|faint|p2a: Tyranitar","|","|-weather|Sandstorm|[upkeep]","|-damage|p1a: Slurpuff|195/306|[from] sandstorm","|","|switch|p2a: Rhydon|Rhydon, M, shiny|413/413","|turn|18","|","|move|p1a: Slurpuff|Drain Punch|p2a: Rhydon","|-supereffective|p2a: Rhydon","|-damage|p2a: Rhydon|147/413","|-heal|p1a: Slurpuff|306/306|[from] drain|[of] p2a: Rhydon","|move|p2a: Rhydon|Stone Edge|p1a: Slurpuff","|-damage|p1a: Slurpuff|129/306","|","|-weather|Sandstorm|[upkeep]","|-damage|p1a: Slurpuff|110/306|[from] sandstorm","|turn|19","|","|move|p1a: Slurpuff|Drain Punch|p2a: Rhydon","|-supereffective|p2a: Rhydon","|-damage|p2a: Rhydon|0 fnt","|-heal|p1a: Slurpuff|184/306|[from] drain|[of] p2a: Rhydon","|faint|p2a: Rhydon","|","|win|Noble♕Kieff"],"p1rating":{"entryid":7679578,"formatid":"monotype","userid":"noblekieff","username":"Noble♕Kieff","r":1500,"rd":130,"sigma":0,"rpr":1543.9061696218,"rprd":121.86762381555,"rpsigma":0,"rptime":1439715600,"w":1,"l":0,"t":0,"gxe":55.5,"acre":1048.9624789395,"lacre":1048.9624789395,"oldacre":1000},"p2rating":{"entryid":"5846197","serverid":"eos","formatid":"monotype","userid":"crystlsabo","username":"Crystl Sabo","w":"68","l":66,"t":"0","gxe":50.5,"r":"1511.9912772998","rd":"37.210044485979","sigma":"0","rptime":"1439715600","rpr":1504.1250736124,"rprd":36.824135827746,"rpsigma":"0","acre":1052.4098076577,"lacre":1052.4098076577,"oldacre":"1079.1905481991"},"endType":"normal"}