{"seed":[61366,26630,22300,58013],"turns":21,"p1":"SWL Neßki","p2":"Neowulf","p1team":[{"name":"Deoxys-Speed","species":"Deoxys-Speed","item":"lightclay","ability":"Pressure","moves":["taunt","stealthrock","lightscreen","reflect"],"nature":"Timid","evs":{"hp":248,"atk":0,"def":0,"spa":0,"spd":8,"spe":252},"ivs":{"hp":31,"atk":0,"def":31,"spa":31,"spd":31,"spe":31}},{"name":"Gardevoir","species":"Gardevoir","item":"gardevoirite","ability":"Trace","moves":["substitute","hypervoice","psyshock","hiddenpowerrock"],"nature":"Modest","evs":{"hp":0,"atk":0,"def":0,"spa":252,"spd":4,"spe":252},"ivs":{"hp":31,"atk":31,"def":30,"spa":31,"spd":30,"spe":30}},{"name":"Victini","species":"Victini","item":"choicescarf","ability":"Victory Star","moves":["vcreate","uturn","boltstrike","blueflare"],"nature":"Naive","evs":{"hp":0,"atk":252,"def":0,"spa":4,"spd":0,"spe":252},"ivs":{"hp":31,"atk":31,"def":31,"spa":31,"spd":31,"spe":31}},{"name":"Mew","species":"Mew","item":"leftovers","ability":"Synchronize","moves":["nastyplot","vacuumwave","flamethrower","psyshock"],"nature":"Modest","evs":{"hp":148,"atk":0,"def":0,"spa":252,"spd":0,"spe":108},"ivs":{"hp":31,"atk":0,"def":31,"spa":31,"spd":31,"spe":31}},{"name":"Hoopa-Unbound","species":"Hoopa-Unbound","item":"dreadplate","ability":"Magician","moves":["knockoff","hyperspacehole","gunkshot","darkpulse"],"nature":"Lonely","evs":{"hp":96,"atk":252,"def":0,"spa":148,"spd":0,"spe":12},"ivs":{"hp":31,"atk":31,"def":31,"spa":31,"spd":31,"spe":31}},{"name":"Meloetta","species":"Meloetta","item":"assaultvest","ability":"Serene Grace","moves":["thunderbolt","energyball","shadowball","hypervoice"],"nature":"Modest","evs":{"hp":248,"atk":0,"def":0,"spa":252,"spd":8,"spe":0},"ivs":{"hp":31,"atk":0,"def":31,"spa":31,"spd":31,"spe":31}}],"p2team":[{"name":"Dragonite","species":"Dragonite","item":"choiceband","ability":"Multiscale","moves":["firepunch","earthquake","dragonclaw","extremespeed"],"nature":"Jolly","evs":{"hp":0,"atk":252,"def":0,"spa":0,"spd":4,"spe":252},"ivs":{"hp":31,"atk":31,"def":31,"spa":31,"spd":31,"spe":31}},{"name":"Pidgeot","species":"Pidgeot","item":"pidgeotite","ability":"Big Pecks","moves":["hurricane","heatwave","uturn","roost"],"nature":"Timid","evs":{"hp":0,"atk":0,"def":0,"spa":252,"spd":4,"spe":252},"ivs":{"hp":31,"atk":31,"def":31,"spa":31,"spd":31,"spe":31}},{"name":"Skarmory","species":"Skarmory","item":"leftovers","ability":"Sturdy","moves":["stealthrock","roost","ironhead","roar"],"nature":"Impish","evs":{"hp":252,"atk":0,"def":232,"spa":0,"spd":0,"spe":24},"ivs":{"hp":31,"atk":31,"def":31,"spa":31,"spd":31,"spe":31}},{"name":"Togekiss","species":"Togekiss","item":"leftovers","ability":"Serene Grace","moves":["thunderwave","roost","defog","airslash"],"nature":"Calm","evs":{"hp":252,"atk":0,"def":0,"spa":4,"spd":252,"spe":0},"ivs":{"hp":31,"atk":31,"def":31,"spa":31,"spd":31,"spe":31}},{"name":"Thundurus-Therian","species":"Thundurus-Therian","item":"choicescarf","ability":"Volt Absorb","moves":["thunderbolt","voltswitch","flashcannon","hiddenpowerice"],"nature":"Timid","evs":{"hp":0,"atk":0,"def":0,"spa":252,"spd":4,"spe":252},"ivs":{"hp":31,"atk":30,"def":30,"spa":31,"spd":31,"spe":31}},{"name":"Gliscor","species":"Gliscor","item":"toxicorb","ability":"Poison Heal","moves":["earthquake","knockoff","toxic","roost"],"nature":"Impish","evs":{"hp":240,"atk":8,"def":188,"spa":0,"spd":0,"spe":72},"ivs":{"hp":31,"atk":31,"def":31,"spa":31,"spd":31,"spe":31}}],"log":["|player|p1|SWL Neßki|swlneki.png","|player|p2|Neowulf|163","|gametype|singles","|gen|6","|tier|Monotype","|rated","|rule|Baton Pass Clause: Limit one Baton Passer, can't pass Spe and other stats simultaneously","|rule|Swagger Clause: Swagger is banned","|rule|Same Type Clause: Pokémon in a team must share a type","|clearpoke","|poke|p1|Deoxys-Speed","|poke|p1|Gardevoir, F","|poke|p1|Victini","|poke|p1|Mew","|poke|p1|Hoopa-Unbound","|poke|p1|Meloetta","|poke|p2|Dragonite, F","|poke|p2|Pidgeot, M","|poke|p2|Skarmory, M","|poke|p2|Togekiss, M","|poke|p2|Thundurus-Therian, M","|poke|p2|Gliscor, F","|rule|Sleep Clause Mod: Limit one foe put to sleep","|rule|Species Clause: Limit one of each Pokémon","|rule|OHKO Clause: OHKO moves are banned","|rule|Moody Clause: Moody is banned","|rule|Evasion Moves Clause: Evasion moves are banned","|rule|Endless Battle Clause: Forcing endless battles is banned","|rule|HP Percentage Mod: HP is shown in percentages","|teampreview","|","|start","|switch|p1a: Deoxys-Speed|Deoxys-Speed|303/303","|switch|p2a: Thundurus-Therian|Thundurus-Therian, M|299/299","|-ability|p1a: Deoxys-Speed|Pressure","|turn|1","|","|switch|p2a: Togekiss|Togekiss, M|374/374","|move|p1a: Deoxys-Speed|Light Screen|p1a: Deoxys-Speed","|-sidestart|p1: SWL Neßki|move: Light Screen","|","|turn|2","|","|move|p1a: Deoxys-Speed|Taunt|p2a: Togekiss","|-start|p2a: Togekiss|move: Taunt","|cant|p2a: Togekiss|move: Taunt|Thunder Wave","|","|turn|3","|","|switch|p2a: Dragonite|Dragonite, F|323/323","|move|p1a: Deoxys-Speed|Stealth Rock|p2a: Dragonite","|-sidestart|p2: Neowulf|move: Stealth Rock","|","|turn|4","|","|move|p2a: Dragonite|Extreme Speed|p1a: Deoxys-Speed","|-damage|p1a: Deoxys-Speed|148/303","|move|p1a: Deoxys-Speed|Reflect|p1a: Deoxys-Speed","|-sidestart|p1: SWL Neßki|Reflect","|","|turn|5","|","|switch|p1a: Gardevoir|Gardevoir, F|277/277","|-ability|p1a: Gardevoir|Multiscale|[from] ability: Trace|[of] p2a: Dragonite","|move|p2a: Dragonite|Extreme Speed|p1a: Gardevoir","|-damage|p1a: Gardevoir|223/277","|","|turn|6","|","|switch|p2a: Togekiss|Togekiss, M|374/374","|-damage|p2a: Togekiss|281/374|[from] Stealth Rock","|detailschange|p1a: Gardevoir|Gardevoir-Mega, F","|-mega|p1a: Gardevoir|Gardevoir|Gardevoirite","|move|p1a: Gardevoir|Hyper Voice|p2a: Togekiss","|-damage|p2a: Togekiss|95/374","|","|-heal|p2a: Togekiss|118/374|[from] item: Leftovers","|turn|7","|","|move|p1a: Gardevoir|Hyper Voice|p2a: Togekiss","|-damage|p2a: Togekiss|0 fnt","|faint|p2a: Togekiss","|","|","|switch|p2a: Skarmory|Skarmory, M|334/334","|-damage|p2a: Skarmory|293/334|[from] Stealth Rock","|turn|8","|","|switch|p1a: Hoopa-Unbound|Hoopa-Unbound|325/325","|move|p2a: Skarmory|Roost|p2a: Skarmory","|-heal|p2a: Skarmory|334/334","|","|-sideend|p1: SWL Neßki|move: Light Screen","|turn|9","|","|move|p1a: Hoopa-Unbound|Dark Pulse|p2a: Skarmory","|-damage|p2a: Skarmory|88/334","|move|p2a: Skarmory|Roost|p2a: Skarmory","|-heal|p2a: Skarmory|255/334","|","|-heal|p2a: Skarmory|275/334|[from] item: Leftovers","|turn|10","|","|move|p1a: Hoopa-Unbound|Knock Off|p2a: Skarmory","|-damage|p2a: Skarmory|131/334","|-enditem|p2a: Skarmory|Leftovers|[from] move: Knock Off|[of] p1a: Hoopa-Unbound","|move|p2a: Skarmory|Stealth Rock|p1a: Hoopa-Unbound","|-sidestart|p1: SWL Neßki|move: Stealth Rock","|","|turn|11","|","|move|p1a: Hoopa-Unbound|Dark Pulse|p2a: Skarmory","|-damage|p2a: Skarmory|0 fnt","|faint|p2a: Skarmory","|","|-sideend|p1: SWL Neßki|Reflect","|","|switch|p2a: Pidgeot|Pidgeot, M|307/307","|-damage|p2a: Pidgeot|231/307|[from] Stealth Rock","|turn|12","|","|detailschange|p2a: Pidgeot|Pidgeot-Mega, M","|-mega|p2a: Pidgeot|Pidgeot|Pidgeotite","|move|p2a: Pidgeot|U-turn|p1a: Hoopa-Unbound","|-supereffective|p1a: Hoopa-Unbound","|-damage|p1a: Hoopa-Unbound|37/325","|","|switch|p2a: Dragonite|Dragonite, F|323/323","|-damage|p2a: Dragonite|243/323|[from] Stealth Rock","|move|p1a: Hoopa-Unbound|Dark Pulse|p2a: Dragonite","|-damage|p2a: Dragonite|60/323","|","|turn|13","|","|move|p2a: Dragonite|Extreme Speed|p1a: Hoopa-Unbound","|-damage|p1a: Hoopa-Unbound|0 fnt","|faint|p1a: Hoopa-Unbound","|","|","|switch|p1a: Mew|Mew|378/378","|-damage|p1a: Mew|331/378|[from] Stealth Rock","|turn|14","|","|move|p2a: Dragonite|Extreme Speed|p1a: Mew","|-damage|p1a: Mew|196/378","|move|p1a: Mew|Psyshock|p2a: Dragonite","|-crit|p2a: Dragonite","|-damage|p2a: Dragonite|0 fnt","|faint|p2a: Dragonite","|","|-heal|p1a: Mew|219/378|[from] item: Leftovers","|","|switch|p2a: Gliscor|Gliscor, F|351/351","|-damage|p2a: Gliscor|308/351|[from] Stealth Rock","|turn|15","|","|move|p1a: Mew|Nasty Plot|p1a: Mew","|-boost|p1a: Mew|spa|2","|move|p2a: Gliscor|Toxic|p1a: Mew","|-status|p1a: Mew|tox","|-status|p2a: Gliscor|tox","|","|-heal|p1a: Mew|242/378 tox|[from] item: Leftovers","|-damage|p1a: Mew|219/378 tox|[from] psn","|-heal|p2a: Gliscor|351/351 tox|[from] ability: Poison Heal","|turn|16","|","|move|p1a: Mew|Flamethrower|p2a: Gliscor","|-damage|p2a: Gliscor|94/351 tox","|move|p2a: Gliscor|Knock Off|p1a: Mew","|-supereffective|p1a: Mew","|-damage|p1a: Mew|69/378 tox","|-enditem|p1a: Mew|Leftovers|[from] move: Knock Off|[of] p2a: Gliscor","|","|-damage|p1a: Mew|23/378 tox|[from] psn","|-heal|p2a: Gliscor|137/351 tox|[from] ability: Poison Heal","|turn|17","|","|move|p1a: Mew|Psyshock|p2a: Gliscor","|-damage|p2a: Gliscor|0 fnt","|faint|p2a: Gliscor","|","|-damage|p1a: Mew|0 fnt|[from] psn","|faint|p1a: Mew","|","|switch|p1a: Deoxys-Speed|Deoxys-Speed|148/303","|switch|p2a: Thundurus-Therian|Thundurus-Therian, M|299/299","|-damage|p1a: Deoxys-Speed|111/303|[from] Stealth Rock","|-ability|p1a: Deoxys-Speed|Pressure","|-damage|p2a: Thundurus-Therian|225/299|[from] Stealth Rock","|turn|18","|","|move|p1a: Deoxys-Speed|Light Screen|p1a: Deoxys-Speed","|-sidestart|p1: SWL Neßki|move: Light Screen","|move|p2a: Thundurus-Therian|Volt Switch|p1a: Deoxys-Speed","|-damage|p1a: Deoxys-Speed|42/303","|","|switch|p2a: Pidgeot|Pidgeot-Mega, M|231/307","|-damage|p2a: Pidgeot|155/307|[from] Stealth Rock","|","|turn|19","|","|move|p1a: Deoxys-Speed|Taunt|p2a: Pidgeot","|-start|p2a: Pidgeot|move: Taunt","|move|p2a: Pidgeot|U-turn|p1a: Deoxys-Speed","|-supereffective|p1a: Deoxys-Speed","|-damage|p1a: Deoxys-Speed|0 fnt","|faint|p1a: Deoxys-Speed","|","|switch|p2a: Thundurus-Therian|Thundurus-Therian, M|225/299","|-damage|p2a: Thundurus-Therian|151/299|[from] Stealth Rock","|","|","|switch|p1a: Gardevoir|Gardevoir-Mega, F|223/277","|-damage|p1a: Gardevoir|189/277|[from] Stealth Rock","|turn|20","|","|move|p2a: Thundurus-Therian|Flash Cannon|p1a: Gardevoir","|-supereffective|p1a: Gardevoir","|-damage|p1a: Gardevoir|104/277","|move|p1a: Gardevoir|Hyper Voice|p2a: Thundurus-Therian","|-damage|p2a: Thundurus-Therian|0 fnt","|faint|p2a: Thundurus-Therian","|","|","|switch|p2a: Pidgeot|Pidgeot-Mega, M|155/307","|-damage|p2a: Pidgeot|79/307|[from] Stealth Rock","|turn|21","|","|move|p2a: Pidgeot|Hurricane|p1a: Gardevoir","|-damage|p1a: Gardevoir|32/277","|move|p1a: Gardevoir|Hyper Voice|p2a: Pidgeot","|-damage|p2a: Pidgeot|0 fnt","|faint|p2a: Pidgeot","|","|win|SWL Neßki"],"p1rating":{"entryid":"6746789","serverid":"eos","formatid":"monotype","userid":"swlneki","username":"SWL Neßki","w":37,"l":"20","t":"0","gxe":66.5,"r":"1622.0742964777","rd":"53.869186402568","sigma":"0","rptime":"1439715600","rpr":1630.4718583835,"rprd":50.635948858321,"rpsigma":"0","acre":1278.4191978471,"lacre":1278.4191978471,"oldacre":"1245.3486014168"},"p2rating":{"entryid":"6156418","serverid":"eos","formatid":"monotype","userid":"neowulf","username":"Neowulf","w":"139","l":75,"t":"0","gxe":67.2,"r":"1636.6236019747","rd":"39.782602278891","sigma":"0","rptime":"1439715600","rpr":1635.3341305964,"rprd":39.315014669958,"rpsigma":"0","acre":1335.2122720808,"lacre":1335.2122720808,"oldacre":"1361.6687492251"},"endType":"normal"}