{"seed":[21225,5491,7345,64524],"turns":28,"p1":"Twizz","p2":"c34","p1team":[{"name":"Magnezone","species":"Magnezone","item":"leftovers","ability":"Sturdy","moves":["flashcannon","thunderbolt","protect","hiddenpowerice"],"nature":"Modest","evs":{"hp":76,"atk":0,"def":180,"spa":252,"spd":0,"spe":0},"ivs":{"hp":31,"atk":30,"def":30,"spa":31,"spd":31,"spe":31}},{"name":"Zapdos","species":"Zapdos","item":"leftovers","ability":"Pressure","moves":["discharge","heatwave","toxic","roost"],"nature":"Bold","evs":{"hp":4,"atk":0,"def":252,"spa":56,"spd":196,"spe":0},"ivs":{"hp":31,"atk":31,"def":31,"spa":31,"spd":31,"spe":31}},{"name":"Ampharos","species":"Ampharos","item":"ampharosite","ability":"Static","moves":["cottonguard","rest","sleeptalk","dragonpulse"],"nature":"Bold","evs":{"hp":0,"atk":0,"def":252,"spa":136,"spd":120,"spe":0},"ivs":{"hp":31,"atk":31,"def":31,"spa":31,"spd":31,"spe":31}},{"name":"Raikou","species":"Raikou","item":"leftovers","ability":"Pressure","moves":["calmmind","substitute","thunderbolt","extrasensory"],"nature":"Timid","evs":{"hp":0,"atk":0,"def":0,"spa":252,"spd":4,"spe":252},"ivs":{"hp":31,"atk":31,"def":31,"spa":31,"spd":31,"spe":31}},{"name":"Rotom-Wash","species":"Rotom-Wash","item":"choicescarf","ability":"Levitate","moves":["voltswitch","hydropump","willowisp","trick"],"nature":"Timid","evs":{"hp":0,"atk":0,"def":0,"spa":252,"spd":4,"spe":252},"ivs":{"hp":31,"atk":31,"def":31,"spa":31,"spd":31,"spe":31}},{"name":"Condom","species":"eelektross","item":"assaultvest","ability":"Levitate","moves":["gigadrain","thunderbolt","drainpunch","knockoff"],"nature":"Quiet","evs":{"hp":3,"atk":136,"def":0,"spa":108,"spd":252,"spe":0},"ivs":{"hp":31,"atk":31,"def":31,"spa":31,"spd":31,"spe":31}}],"p2team":[{"name":"Golurk","species":"Golurk","item":"focussash","ability":"No Guard","moves":["stealthrock","dynamicpunch","icepunch","earthquake"],"nature":"","evs":{"hp":252,"atk":252,"def":0,"spa":0,"spd":4,"spe":0},"ivs":{"hp":31,"atk":31,"def":31,"spa":31,"spd":31,"spe":31}},{"name":"Gourgeist-Super","species":"Gourgeist-Super","item":"leftovers","ability":"Frisk","moves":["willowisp","leechseed","shadowsneak","confuseray"],"nature":"Careful","evs":{"hp":252,"atk":4,"def":0,"spa":0,"spd":252,"spe":0},"ivs":{"hp":31,"atk":31,"def":31,"spa":31,"spd":31,"spe":31}},{"name":"Gengar","species":"Gengar","item":"choicescarf","ability":"Levitate","moves":["shadowball","dazzlinggleam","thunderbolt","sludgewave"],"nature":"Timid","evs":{"hp":4,"atk":0,"def":0,"spa":252,"spd":0,"spe":252},"ivs":{"hp":31,"atk":31,"def":31,"spa":31,"spd":31,"spe":31}},{"name":"Banette","species":"Banette","item":"banettite","ability":"Frisk","moves":["protect","willowisp","destinybond","shadowclaw"],"nature":"Careful","evs":{"hp":252,"atk":4,"def":0,"spa":0,"spd":252,"spe":0},"ivs":{"hp":31,"atk":31,"def":31,"spa":31,"spd":31,"spe":31}},{"name":"Aegislash","species":"Aegislash","item":"weaknesspolicy","ability":"Stance Change","moves":["kingsshield","shadowsneak","ironhead","sacredsword"],"nature":"Adamant","evs":{"hp":252,"atk":252,"def":0,"spa":0,"spd":4,"spe":0},"ivs":{"hp":31,"atk":31,"def":31,"spa":31,"spd":31,"spe":31}},{"name":"Cofagrigus","species":"Cofagrigus","item":"leftovers","ability":"Mummy","moves":["infestation","toxic","haze","hiddenpowerfighting"],"nature":"Bold","evs":{"hp":252,"atk":0,"def":252,"spa":4,"spd":0,"spe":0},"ivs":{"hp":31,"atk":31,"def":30,"spa":30,"spd":30,"spe":30}}],"log":["|player|p1|Twizz|264","|player|p2|c34|144","|gametype|singles","|gen|6","|tier|Monotype","|rated","|rule|Baton Pass Clause: Limit one Baton Passer, can't pass Spe and other stats simultaneously","|rule|Swagger Clause: Swagger is banned","|rule|Same Type Clause: Pokémon in a team must share a type","|clearpoke","|poke|p1|Magnezone","|poke|p1|Zapdos","|poke|p1|Ampharos, F","|poke|p1|Raikou","|poke|p1|Rotom-Wash","|poke|p1|Eelektross, M","|poke|p2|Golurk","|poke|p2|Gourgeist-*, F","|poke|p2|Gengar, F","|poke|p2|Banette, F","|poke|p2|Aegislash, F","|poke|p2|Cofagrigus, F","|rule|Sleep Clause Mod: Limit one foe put to sleep","|rule|Species Clause: Limit one of each Pokémon","|rule|OHKO Clause: OHKO moves are banned","|rule|Moody Clause: Moody is banned","|rule|Evasion Moves Clause: Evasion moves are banned","|rule|Endless Battle Clause: Forcing endless battles is banned","|rule|HP Percentage Mod: HP is shown in percentages","|teampreview","|","|start","|switch|p1a: Rotom-Wash|Rotom-Wash|241/241","|switch|p2a: Golurk|Golurk|382/382","|turn|1","|","|move|p1a: Rotom-Wash|Will-O-Wisp|p2a: Golurk","|-status|p2a: Golurk|brn","|move|p2a: Golurk|Dynamic Punch|p1a: Rotom-Wash","|-damage|p1a: Rotom-Wash|188/241","|-start|p1a: Rotom-Wash|confusion","|","|-damage|p2a: Golurk|335/382 brn|[from] brn","|turn|2","|","|switch|p1a: Zapdos|Zapdos|322/322","|-ability|p1a: Zapdos|Pressure","|move|p2a: Golurk|Stealth Rock|p1a: Zapdos","|-sidestart|p1: Twizz|move: Stealth Rock","|","|-damage|p2a: Golurk|288/382 brn|[from] brn","|turn|3","|","|move|p1a: Zapdos|Heat Wave|p2a: Golurk","|-damage|p2a: Golurk|181/382 brn","|move|p2a: Golurk|Dynamic Punch|p1a: Zapdos","|-resisted|p1a: Zapdos","|-damage|p1a: Zapdos|300/322","|-start|p1a: Zapdos|confusion","|","|-heal|p1a: Zapdos|320/322|[from] item: Leftovers","|-damage|p2a: Golurk|134/382 brn|[from] brn","|turn|4","|","|-activate|p1a: Zapdos|confusion","|-damage|p1a: Zapdos|299/322|[from] confusion","|move|p2a: Golurk|Ice Punch|p1a: Zapdos","|-supereffective|p1a: Zapdos","|-damage|p1a: Zapdos|227/322","|","|-heal|p1a: Zapdos|247/322|[from] item: Leftovers","|-damage|p2a: Golurk|87/382 brn|[from] brn","|turn|5","|","|-activate|p1a: Zapdos|confusion","|move|p1a: Zapdos|Roost|p1a: Zapdos","|-heal|p1a: Zapdos|322/322","|move|p2a: Golurk|Ice Punch|p1a: Zapdos","|-damage|p1a: Zapdos|284/322","|","|-heal|p1a: Zapdos|304/322|[from] item: Leftovers","|-damage|p2a: Golurk|40/382 brn|[from] brn","|turn|6","|","|-end|p1a: Zapdos|confusion","|move|p1a: Zapdos|Heat Wave|p2a: Golurk","|-damage|p2a: Golurk|0 fnt","|faint|p2a: Golurk","|","|-heal|p1a: Zapdos|322/322|[from] item: Leftovers","|","|switch|p2a: Cofagrigus|Cofagrigus, F|320/320","|turn|7","|","|move|p1a: Zapdos|Toxic|p2a: Cofagrigus","|-status|p2a: Cofagrigus|tox","|move|p2a: Cofagrigus|Infestation|p1a: Zapdos","|-resisted|p1a: Zapdos","|-damage|p1a: Zapdos|315/322","|-activate|p1a: Zapdos|move: Infestation|[of] p2a: Cofagrigus","|","|-heal|p1a: Zapdos|322/322|[from] item: Leftovers","|-damage|p2a: Cofagrigus|300/320 tox|[from] psn","|-damage|p1a: Zapdos|282/322|[from] move: Infestation|[partiallytrapped]","|turn|8","|","|move|p1a: Zapdos|Discharge|p2a: Cofagrigus","|-damage|p2a: Cofagrigus|185/320 tox","|move|p2a: Cofagrigus|Toxic|p1a: Zapdos","|-status|p1a: Zapdos|tox","|","|-heal|p1a: Zapdos|302/322 tox|[from] item: Leftovers","|-heal|p2a: Cofagrigus|205/320 tox|[from] item: Leftovers","|-damage|p1a: Zapdos|282/322 tox|[from] psn","|-damage|p2a: Cofagrigus|165/320 tox|[from] psn","|-damage|p1a: Zapdos|242/322 tox|[from] move: Infestation|[partiallytrapped]","|turn|9","|","|move|p1a: Zapdos|Discharge|p2a: Cofagrigus","|-damage|p2a: Cofagrigus|54/320 tox","|move|p2a: Cofagrigus|Hidden Power|p1a: Zapdos","|-resisted|p1a: Zapdos","|-damage|p1a: Zapdos|222/322 tox","|","|-heal|p1a: Zapdos|242/322 tox|[from] item: Leftovers","|-heal|p2a: Cofagrigus|74/320 tox|[from] item: Leftovers","|-damage|p1a: Zapdos|202/322 tox|[from] psn","|-damage|p2a: Cofagrigus|14/320 tox|[from] psn","|-damage|p1a: Zapdos|162/322 tox|[from] move: Infestation|[partiallytrapped]","|turn|10","|","|move|p1a: Zapdos|Discharge|p2a: Cofagrigus","|-crit|p2a: Cofagrigus","|-damage|p2a: Cofagrigus|0 fnt","|faint|p2a: Cofagrigus","|","|-heal|p1a: Zapdos|182/322 tox|[from] item: Leftovers","|-damage|p1a: Zapdos|122/322 tox|[from] psn","|","|switch|p2a: Gengar|Gengar, F|262/262","|turn|11","|","|move|p2a: Gengar|Shadow Ball|p1a: Zapdos","|-damage|p1a: Zapdos|0 fnt","|faint|p1a: Zapdos","|","|","|switch|p1a: Condom|Eelektross, M|311/311","|-damage|p1a: Condom|273/311|[from] Stealth Rock","|turn|12","|","|switch|p2a: Gourgeist-Super|Gourgeist-Super, F|374/374","|-item|p1a: Condom|Assault Vest|[from] ability: Frisk|[of] p2a: Gourgeist-Super|[identify]","|move|p1a: Condom|Knock Off|p2a: Gourgeist-Super","|-supereffective|p2a: Gourgeist-Super","|-damage|p2a: Gourgeist-Super|214/374","|-enditem|p2a: Gourgeist-Super|Leftovers|[from] move: Knock Off|[of] p1a: Condom","|","|turn|13","|","|move|p2a: Gourgeist-Super|Will-O-Wisp|p1a: Condom","|-status|p1a: Condom|brn","|move|p1a: Condom|Knock Off|p2a: Gourgeist-Super","|-crit|p2a: Gourgeist-Super","|-supereffective|p2a: Gourgeist-Super","|-damage|p2a: Gourgeist-Super|138/374","|","|-damage|p1a: Condom|235/311 brn|[from] brn","|turn|14","|","|switch|p1a: Raikou|Raikou|321/321","|-damage|p1a: Raikou|281/321|[from] Stealth Rock","|-ability|p1a: Raikou|Pressure","|move|p2a: Gourgeist-Super|Leech Seed|p1a: Raikou","|-start|p1a: Raikou|move: Leech Seed","|","|-heal|p1a: Raikou|301/321|[from] item: Leftovers","|-damage|p1a: Raikou|261/321|[from] Leech Seed|[of] p2a: Gourgeist-Super","|-heal|p2a: Gourgeist-Super|178/374|[silent]","|turn|15","|","|switch|p1a: Condom|Eelektross, M|235/311 brn","|-damage|p1a: Condom|197/311 brn|[from] Stealth Rock","|move|p2a: Gourgeist-Super|Confuse Ray|p1a: Condom","|-start|p1a: Condom|confusion","|","|-damage|p1a: Condom|159/311 brn|[from] brn","|turn|16","|","|move|p2a: Gourgeist-Super|Leech Seed|p1a: Condom","|-start|p1a: Condom|move: Leech Seed","|-activate|p1a: Condom|confusion","|-damage|p1a: Condom|135/311 brn|[from] confusion","|","|-damage|p1a: Condom|97/311 brn|[from] Leech Seed|[of] p2a: Gourgeist-Super","|-heal|p2a: Gourgeist-Super|216/374|[silent]","|-damage|p1a: Condom|59/311 brn|[from] brn","|turn|17","|","|move|p2a: Gourgeist-Super|Shadow Sneak|p1a: Condom","|-crit|p1a: Condom","|-damage|p1a: Condom|0 fnt","|faint|p1a: Condom","|","|","|switch|p1a: Raikou|Raikou|261/321","|-damage|p1a: Raikou|221/321|[from] Stealth Rock","|-ability|p1a: Raikou|Pressure","|turn|18","|","|move|p1a: Raikou|Substitute|p1a: Raikou","|-start|p1a: Raikou|Substitute","|-damage|p1a: Raikou|141/321","|move|p2a: Gourgeist-Super|Confuse Ray|p1a: Raikou","|-fail|p1a: Raikou","|","|-heal|p1a: Raikou|161/321|[from] item: Leftovers","|turn|19","|","|switch|p2a: Aegislash|Aegislash, F|324/324","|move|p1a: Raikou|Calm Mind|p1a: Raikou","|-boost|p1a: Raikou|spa|1","|-boost|p1a: Raikou|spd|1","|","|-heal|p1a: Raikou|181/321|[from] item: Leftovers","|turn|20","|","|-formechange|p2a: Aegislash|Aegislash-Blade","|move|p2a: Aegislash|Shadow Sneak|p1a: Raikou","|-end|p1a: Raikou|Substitute","|move|p1a: Raikou|Thunderbolt|p2a: Aegislash","|-damage|p2a: Aegislash|0 fnt","|faint|p2a: Aegislash","|","|-heal|p1a: Raikou|201/321|[from] item: Leftovers","|","|switch|p2a: Banette|Banette, F|332/332","|-item|p1a: Raikou|Leftovers|[from] ability: Frisk|[of] p2a: Banette|[identify]","|turn|21","|","|detailschange|p2a: Banette|Banette-Mega, F","|-mega|p2a: Banette|Banette|Banettite","|move|p1a: Raikou|Thunderbolt|p2a: Banette","|-damage|p2a: Banette|161/332","|move|p2a: Banette|Shadow Claw|p1a: Raikou","|-damage|p1a: Raikou|27/321","|","|-heal|p1a: Raikou|47/321|[from] item: Leftovers","|turn|22","|","|move|p2a: Banette|Destiny Bond|p2a: Banette","|-singlemove|p2a: Banette|Destiny Bond","|move|p1a: Raikou|Thunderbolt|p2a: Banette","|-crit|p2a: Banette","|-damage|p2a: Banette|0 fnt","|faint|p2a: Banette","|-activate|p2a: Banette|Destiny Bond","|faint|p1a: Raikou","|","|","|switch|p1a: Magnezone|Magnezone|300/300","|switch|p2a: Gourgeist-Super|Gourgeist-Super, F|216/374","|-damage|p1a: Magnezone|282/300|[from] Stealth Rock","|-item|p1a: Magnezone|Leftovers|[from] ability: Frisk|[of] p2a: Gourgeist-Super|[identify]","|turn|23","|","|move|p1a: Magnezone|Protect|p1a: Magnezone","|-singleturn|p1a: Magnezone|Protect","|move|p2a: Gourgeist-Super|Confuse Ray|p1a: Magnezone","|-activate|p1a: Magnezone|Protect","|","|-heal|p1a: Magnezone|300/300|[from] item: Leftovers","|turn|24","|","|move|p1a: Magnezone|Hidden Power|p2a: Gourgeist-Super","|-supereffective|p2a: Gourgeist-Super","|-damage|p2a: Gourgeist-Super|78/374","|move|p2a: Gourgeist-Super|Confuse Ray|p1a: Magnezone","|-start|p1a: Magnezone|confusion","|","|turn|25","|","|-activate|p1a: Magnezone|confusion","|move|p1a: Magnezone|Hidden Power|p2a: Gourgeist-Super","|-supereffective|p2a: Gourgeist-Super","|-damage|p2a: Gourgeist-Super|0 fnt","|faint|p2a: Gourgeist-Super","|","|","|switch|p2a: Gengar|Gengar, F|262/262","|turn|26","|","|move|p2a: Gengar|Shadow Ball|p1a: Magnezone","|-damage|p1a: Magnezone|131/300","|-activate|p1a: Magnezone|confusion","|move|p1a: Magnezone|Thunderbolt|p2a: Gengar","|-damage|p2a: Gengar|54/262","|","|-heal|p1a: Magnezone|149/300|[from] item: Leftovers","|turn|27","|","|-end|p1a: Magnezone|confusion","|move|p1a: Magnezone|Protect|p1a: Magnezone","|-singleturn|p1a: Magnezone|Protect","|move|p2a: Gengar|Shadow Ball|p1a: Magnezone","|-activate|p1a: Magnezone|Protect","|","|-heal|p1a: Magnezone|167/300|[from] item: Leftovers","|turn|28","|","|move|p2a: Gengar|Shadow Ball|p1a: Magnezone","|-damage|p1a: Magnezone|7/300","|move|p1a: Magnezone|Thunderbolt|p2a: Gengar","|-damage|p2a: Gengar|0 fnt","|faint|p2a: Gengar","|","|win|Twizz"],"p1rating":{"entryid":"6985408","serverid":"eos","formatid":"monotype","userid":"twizz","username":"Twizz","w":31,"l":"46","t":"0","gxe":40.6,"r":"1437.8088602616","rd":"45.410240390821","sigma":"0","rptime":"1439715600","rpr":1427.842811642,"rprd":43.225842162207,"rpsigma":"0","acre":1075.1634042962,"lacre":1075.1634042962,"oldacre":"1034.9904145921"},"p2rating":{"entryid":"6574406","serverid":"eos","formatid":"monotype","userid":"c34","username":"c34","w":"10","l":7,"t":"0","gxe":53.1,"r":1547.5337796659,"rd":82.206308669697,"sigma":"0","rptime":1439715600,"rpr":1523.6429201507,"rprd":80.232155295927,"rpsigma":"0","acre":1062.5361422037,"lacre":1062.5361422037,"oldacre":"1089.6399264747"},"endType":"normal"}