{"seed":[15435,60068,29939,63103],"turns":22,"p1":"Jake1079","p2":"Guard Jhawk","p1team":[{"name":"Staraptor","species":"Staraptor","item":"choicescarf","ability":"Reckless","moves":["bravebird","closecombat","doubleedge","uturn"],"nature":"Adamant","evs":{"hp":0,"atk":252,"def":0,"spa":0,"spd":4,"spe":252},"ivs":{"hp":31,"atk":31,"def":31,"spa":31,"spd":31,"spe":31}},{"name":"Porygon2","species":"Porygon2","item":"eviolite","ability":"Download","moves":["icebeam","thunderbolt","recover","toxic"],"nature":"Calm","evs":{"hp":248,"atk":0,"def":0,"spa":8,"spd":252,"spe":0},"ivs":{"hp":31,"atk":31,"def":31,"spa":31,"spd":31,"spe":31}},{"name":"Cinccino","species":"Cinccino","item":"lifeorb","ability":"Skill Link","moves":["bulletseed","rockblast","tailslap","uturn"],"nature":"Adamant","evs":{"hp":0,"atk":252,"def":0,"spa":0,"spd":4,"spe":252},"ivs":{"hp":31,"atk":31,"def":31,"spa":31,"spd":31,"spe":31}},{"name":"Braviary","species":"Braviary","item":"leftovers","ability":"Sheer Force","moves":["superpower","defog","bravebird","roost"],"nature":"Careful","evs":{"hp":252,"atk":252,"def":0,"spa":0,"spd":4,"spe":0},"ivs":{"hp":31,"atk":31,"def":31,"spa":31,"spd":31,"spe":31}},{"name":"Chansey","species":"Chansey","item":"eviolite","ability":"Natural Cure","moves":["seismictoss","stealthrock","thunderwave","softboiled"],"nature":"Bold","evs":{"hp":248,"atk":0,"def":252,"spa":0,"spd":8,"spe":0},"ivs":{"hp":31,"atk":31,"def":31,"spa":31,"spd":31,"spe":31}},{"name":"Pidgeot","species":"Pidgeot","item":"pidgeotite","ability":"Big Pecks","moves":["heatwave","hurricane","whirlwind","protect"],"nature":"Modest","evs":{"hp":0,"atk":0,"def":0,"spa":252,"spd":4,"spe":252},"ivs":{"hp":31,"atk":30,"def":30,"spa":31,"spd":31,"spe":31}}],"p2team":[{"name":"Togekiss","species":"Togekiss","item":"leftovers","ability":"Serene Grace","moves":["airslash","roost","thunderwave","dazzlinggleam"],"nature":"Timid","evs":{"hp":252,"atk":0,"def":0,"spa":4,"spd":0,"spe":252},"ivs":{"hp":31,"atk":31,"def":31,"spa":31,"spd":31,"spe":31}},{"name":"Pidgeot","species":"Pidgeot","item":"pidgeotite","ability":"Keen Eye","moves":["hurricane","hyperbeam","heatwave","uturn"],"nature":"Timid","evs":{"hp":0,"atk":0,"def":0,"spa":252,"spd":4,"spe":252},"ivs":{"hp":31,"atk":31,"def":31,"spa":31,"spd":31,"spe":31}},{"name":"Landorus-Therian","species":"Landorus-Therian","item":"choiceband","ability":"Intimidate","moves":["earthquake","uturn","stoneedge","knockoff"],"nature":"Adamant","evs":{"hp":136,"atk":252,"def":0,"spa":0,"spd":0,"spe":120},"ivs":{"hp":31,"atk":31,"def":31,"spa":31,"spd":31,"spe":31}},{"name":"Tornadus-Therian","species":"Tornadus-Therian","item":"leftovers","ability":"Regenerator","moves":["hurricane","foulplay","uturn","heatwave"],"nature":"Timid","evs":{"hp":72,"atk":0,"def":0,"spa":208,"spd":0,"spe":228},"ivs":{"hp":31,"atk":31,"def":31,"spa":31,"spd":31,"spe":31}},{"name":"Skarmory","species":"Skarmory","item":"rockyhelmet","ability":"Sturdy","moves":["stealthrock","roost","drillpeck","protect"],"nature":"Impish","evs":{"hp":248,"atk":24,"def":236,"spa":0,"spd":0,"spe":0},"ivs":{"hp":31,"atk":31,"def":31,"spa":31,"spd":31,"spe":31}},{"name":"Honchkrow","species":"Honchkrow","item":"lifeorb","ability":"Moxie","moves":["bravebird","suckerpunch","pursuit","heatwave"],"nature":"Hasty","evs":{"hp":0,"atk":252,"def":0,"spa":4,"spd":0,"spe":252},"ivs":{"hp":31,"atk":31,"def":31,"spa":31,"spd":31,"spe":31}}],"log":["|player|p1|Jake1079|281","|player|p2|Guard Jhawk|141","|gametype|singles","|gen|6","|tier|Monotype","|rated","|rule|Baton Pass Clause: Limit one Baton Passer, can't pass Spe and other stats simultaneously","|rule|Swagger Clause: Swagger is banned","|rule|Same Type Clause: Pokémon in a team must share a type","|clearpoke","|poke|p1|Staraptor, F","|poke|p1|Porygon2","|poke|p1|Cinccino, F","|poke|p1|Braviary, M","|poke|p1|Chansey, F","|poke|p1|Pidgeot, M","|poke|p2|Togekiss, F","|poke|p2|Pidgeot, M","|poke|p2|Landorus-Therian, M","|poke|p2|Tornadus-Therian, M","|poke|p2|Skarmory, M","|poke|p2|Honchkrow, M","|rule|Sleep Clause Mod: Limit one foe put to sleep","|rule|Species Clause: Limit one of each Pokémon","|rule|OHKO Clause: OHKO moves are banned","|rule|Moody Clause: Moody is banned","|rule|Evasion Moves Clause: Evasion moves are banned","|rule|Endless Battle Clause: Forcing endless battles is banned","|rule|HP Percentage Mod: HP is shown in percentages","|teampreview","|","|start","|switch|p1a: Staraptor|Staraptor, F|311/311","|switch|p2a: Landorus-Therian|Landorus-Therian, M|353/353","|-ability|p2a: Landorus-Therian|Intimidate","|-unboost|p1a: Staraptor|atk|1","|turn|1","|","|switch|p1a: Braviary|Braviary, M|404/404","|move|p2a: Landorus-Therian|Knock Off|p1a: Braviary","|-damage|p1a: Braviary|125/404","|-enditem|p1a: Braviary|Leftovers|[from] move: Knock Off|[of] p2a: Landorus-Therian","|","|turn|2","|","|switch|p2a: Honchkrow|Honchkrow, M|341/341","|move|p1a: Braviary|Roost|p1a: Braviary","|-heal|p1a: Braviary|327/404","|","|turn|3","|","|switch|p1a: Chansey|Chansey, F|703/703","|move|p2a: Honchkrow|Sucker Punch|p1a: Chansey","|-fail|p2a: Honchkrow","|","|turn|4","|","|switch|p2a: Landorus-Therian|Landorus-Therian, M|353/353","|-ability|p2a: Landorus-Therian|Intimidate","|-unboost|p1a: Chansey|atk|1","|move|p1a: Chansey|Thunder Wave|p2a: Landorus-Therian","|-immune|p2a: Landorus-Therian|[msg]","|","|turn|5","|","|move|p2a: Landorus-Therian|Knock Off|p1a: Chansey","|-damage|p1a: Chansey|418/703","|-enditem|p1a: Chansey|Eviolite|[from] move: Knock Off|[of] p2a: Landorus-Therian","|move|p1a: Chansey|Stealth Rock|p2a: Landorus-Therian","|-sidestart|p2: Guard Jhawk|move: Stealth Rock","|","|turn|6","|","|switch|p2a: Skarmory|Skarmory, M|333/333","|-damage|p2a: Skarmory|292/333|[from] Stealth Rock","|move|p1a: Chansey|Soft-Boiled|p1a: Chansey","|-heal|p1a: Chansey|703/703","|","|turn|7","|","|move|p2a: Skarmory|Stealth Rock|p1a: Chansey","|-sidestart|p1: Jake1079|move: Stealth Rock","|move|p1a: Chansey|Thunder Wave|p2a: Skarmory","|-status|p2a: Skarmory|par","|","|turn|8","|","|switch|p2a: Landorus-Therian|Landorus-Therian, M|353/353","|-damage|p2a: Landorus-Therian|309/353|[from] Stealth Rock","|-ability|p2a: Landorus-Therian|Intimidate","|-unboost|p1a: Chansey|atk|1","|move|p1a: Chansey|Seismic Toss|p2a: Landorus-Therian","|-damage|p2a: Landorus-Therian|209/353","|","|turn|9","|","|move|p2a: Landorus-Therian|Stone Edge|p1a: Chansey","|-damage|p1a: Chansey|278/703","|move|p1a: Chansey|Seismic Toss|p2a: Landorus-Therian","|-damage|p2a: Landorus-Therian|109/353","|","|turn|10","|","|switch|p2a: Honchkrow|Honchkrow, M|341/341","|-damage|p2a: Honchkrow|256/341|[from] Stealth Rock","|move|p1a: Chansey|Seismic Toss|p2a: Honchkrow","|-damage|p2a: Honchkrow|156/341","|","|turn|11","|","|move|p2a: Honchkrow|Brave Bird|p1a: Chansey","|-damage|p1a: Chansey|0 fnt","|-damage|p2a: Honchkrow|64/341|[from] recoil|[of] p1a: Chansey","|-damage|p2a: Honchkrow|30/341|[from] item: Life Orb","|faint|p1a: Chansey","|-boost|p2a: Honchkrow|atk|1|[from] ability: Moxie","|","|","|switch|p1a: Porygon2|Porygon2|373/373","|-damage|p1a: Porygon2|327/373|[from] Stealth Rock","|-boost|p1a: Porygon2|atk|1|[from] ability: Download","|turn|12","|","|move|p2a: Honchkrow|Brave Bird|p1a: Porygon2","|-damage|p1a: Porygon2|18/373","|-damage|p2a: Honchkrow|0 fnt|[from] recoil|[of] p1a: Porygon2","|faint|p2a: Honchkrow","|move|p1a: Porygon2|Ice Beam|p2: Honchkrow|[notarget]","|-notarget","|","|","|switch|p2a: Tornadus-Therian|Tornadus-Therian, M|317/317","|-damage|p2a: Tornadus-Therian|238/317|[from] Stealth Rock","|turn|13","|","|move|p2a: Tornadus-Therian|Foul Play|p1a: Porygon2","|-damage|p1a: Porygon2|0 fnt","|faint|p1a: Porygon2","|","|-heal|p2a: Tornadus-Therian|257/317|[from] item: Leftovers","|","|switch|p1a: Cinccino|Cinccino, F|291/291","|-damage|p1a: Cinccino|255/291|[from] Stealth Rock","|turn|14","|","|move|p2a: Tornadus-Therian|Hurricane|p1a: Cinccino","|-damage|p1a: Cinccino|14/291","|move|p1a: Cinccino|Rock Blast|p2a: Tornadus-Therian","|-supereffective|p2a: Tornadus-Therian","|-damage|p2a: Tornadus-Therian|171/317","|-supereffective|p2a: Tornadus-Therian","|-damage|p2a: Tornadus-Therian|88/317","|-supereffective|p2a: Tornadus-Therian","|-damage|p2a: Tornadus-Therian|5/317","|-supereffective|p2a: Tornadus-Therian","|-damage|p2a: Tornadus-Therian|0 fnt","|-hitcount|p2a: Tornadus-Therian|4","|-damage|p1a: Cinccino|0 fnt|[from] item: Life Orb","|faint|p2a: Tornadus-Therian","|faint|p1a: Cinccino","|","|","|switch|p1a: Pidgeot|Pidgeot, M|307/307","|switch|p2a: Skarmory|Skarmory, M|292/333 par","|-damage|p1a: Pidgeot|231/307|[from] Stealth Rock","|-damage|p2a: Skarmory|251/333 par|[from] Stealth Rock","|turn|15","|","|detailschange|p1a: Pidgeot|Pidgeot-Mega, M","|-mega|p1a: Pidgeot|Pidgeot|Pidgeotite","|move|p1a: Pidgeot|Heat Wave|p2a: Skarmory","|-supereffective|p2a: Skarmory","|-damage|p2a: Skarmory|0 fnt","|faint|p2a: Skarmory","|","|","|switch|p2a: Togekiss|Togekiss, F|374/374","|-damage|p2a: Togekiss|281/374|[from] Stealth Rock","|turn|16","|","|move|p1a: Pidgeot|Hurricane|p2a: Togekiss","|-damage|p2a: Togekiss|77/374","|-start|p2a: Togekiss|confusion","|-activate|p2a: Togekiss|confusion","|move|p2a: Togekiss|Thunder Wave|p1a: Pidgeot","|-status|p1a: Pidgeot|par","|","|-heal|p2a: Togekiss|100/374|[from] item: Leftovers","|turn|17","|","|-activate|p2a: Togekiss|confusion","|-damage|p2a: Togekiss|83/374|[from] confusion","|cant|p1a: Pidgeot|par","|","|-heal|p2a: Togekiss|106/374|[from] item: Leftovers","|turn|18","|","|-end|p2a: Togekiss|confusion","|move|p2a: Togekiss|Air Slash|p1a: Pidgeot","|-damage|p1a: Pidgeot|116/307 par","|move|p1a: Pidgeot|Hurricane|p2a: Togekiss","|-damage|p2a: Togekiss|0 fnt","|faint|p2a: Togekiss","|","|","|switch|p2a: Pidgeot|Pidgeot, M|307/307","|-damage|p2a: Pidgeot|231/307|[from] Stealth Rock","|turn|19","|","|detailschange|p2a: Pidgeot|Pidgeot-Mega, M","|-mega|p2a: Pidgeot|Pidgeot|Pidgeotite","|move|p2a: Pidgeot|Hurricane|p1a: Pidgeot","|-damage|p1a: Pidgeot|0 fnt","|faint|p1a: Pidgeot","|","|","|switch|p1a: Staraptor|Staraptor, F|311/311","|-damage|p1a: Staraptor|234/311|[from] Stealth Rock","|turn|20","|","|switch|p2a: Landorus-Therian|Landorus-Therian, M|109/353","|-damage|p2a: Landorus-Therian|65/353|[from] Stealth Rock","|-ability|p2a: Landorus-Therian|Intimidate","|-unboost|p1a: Staraptor|atk|1","|move|p1a: Staraptor|Double-Edge|p2a: Landorus-Therian","|-damage|p2a: Landorus-Therian|0 fnt","|-damage|p1a: Staraptor|213/311|[from] recoil|[of] p2a: Landorus-Therian","|faint|p2a: Landorus-Therian","|","|","|switch|p2a: Pidgeot|Pidgeot-Mega, M|231/307","|-damage|p2a: Pidgeot|155/307|[from] Stealth Rock","|turn|21","|","|switch|p1a: Braviary|Braviary, M|327/404","|-damage|p1a: Braviary|226/404|[from] Stealth Rock","|move|p2a: Pidgeot|Hurricane|p1a: Braviary","|-damage|p1a: Braviary|0 fnt","|faint|p1a: Braviary","|","|","|switch|p1a: Staraptor|Staraptor, F|213/311","|-damage|p1a: Staraptor|136/311|[from] Stealth Rock","|turn|22","|","|move|p1a: Staraptor|Double-Edge|p2a: Pidgeot","|-damage|p2a: Pidgeot|0 fnt","|-damage|p1a: Staraptor|85/311|[from] recoil|[of] p2a: Pidgeot","|faint|p2a: Pidgeot","|","|win|Jake1079"],"p1rating":{"entryid":"7429437","serverid":"eos","formatid":"monotype","userid":"jake1079","username":"Jake1079","w":57,"l":"62","t":"0","gxe":49.1,"r":"1488.1459308093","rd":"35.031923494756","sigma":"0","rptime":"1439715600","rpr":1493.1508673384,"rprd":34.783370771873,"rpsigma":"0","acre":1242.4991805313,"lacre":1242.4991805313,"oldacre":"1218.9520364146"},"p2rating":{"entryid":"6455168","serverid":"eos","formatid":"monotype","userid":"guardjhawk","username":"Guard Jhawk","w":"38","l":27,"t":"0","gxe":56.2,"r":"1551.4915868175","rd":"54.90491997434","sigma":"0","rptime":"1439715600","rpr":1547.6737653173,"rprd":53.669121682467,"rpsigma":"0","acre":1175.1911626847,"lacre":1175.1911626847,"oldacre":"1198.7383068014"},"endType":"normal"}