{"seed":[17342,33920,51043,9844],"turns":33,"p1":"Desolate Nightmare","p2":"THE MEGA POLIWRATH","p1team":[{"name":"Latias","species":"Latias","item":"latiasite","ability":"Levitate","moves":["magiccoat","recover","mistball","toxic"],"nature":"Bold","evs":{"hp":252,"atk":0,"def":144,"spa":0,"spd":112,"spe":0},"ivs":{"hp":31,"atk":31,"def":31,"spa":31,"spd":31,"spe":31}},{"name":"Hydreigon","species":"Hydreigon","item":"choicescarf","ability":"Levitate","moves":["dracometeor","darkpulse","earthpower","flamethrower"],"nature":"Timid","evs":{"hp":0,"atk":0,"def":0,"spa":252,"spd":4,"spe":252},"ivs":{"hp":31,"atk":31,"def":31,"spa":31,"spd":31,"spe":31}},{"name":"Garchomp","species":"Garchomp","item":"rockyhelmet","ability":"Rough Skin","moves":["earthquake","flamethrower","stealthrock","roar"],"nature":"Quiet","evs":{"hp":252,"atk":0,"def":68,"spa":56,"spd":132,"spe":0},"ivs":{"hp":31,"atk":31,"def":31,"spa":31,"spd":31,"spe":31}},{"name":"Dragonite","species":"Dragonite","item":"leftovers","ability":"Inner Focus","moves":["firepunch","healbell","roost","earthquake"],"nature":"Careful","evs":{"hp":252,"atk":0,"def":4,"spa":0,"spd":252,"spe":0},"ivs":{"hp":31,"atk":31,"def":31,"spa":31,"spd":31,"spe":31}},{"name":"Goodra","species":"Goodra","item":"leftovers","ability":"Sap Sipper","moves":["toxic","flamethrower","dragonpulse","sludgebomb"],"nature":"Bold","evs":{"hp":252,"atk":0,"def":92,"spa":0,"spd":164,"spe":0},"ivs":{"hp":31,"atk":31,"def":31,"spa":31,"spd":31,"spe":31}},{"name":"Kyurem-Black","species":"Kyurem-Black","item":"choicescarf","ability":"Teravolt","moves":["outrage","ironhead","fusionbolt","icebeam"],"nature":"Naive","evs":{"hp":0,"atk":96,"def":0,"spa":160,"spd":0,"spe":252},"ivs":{"hp":31,"atk":31,"def":31,"spa":31,"spd":31,"spe":31}}],"p2team":[{"name":"Hippowdon","species":"Hippowdon","item":"focussash","ability":"Sand Stream","moves":["earthquake","stoneedge","ironhead","crunch"],"nature":"Adamant","evs":{"hp":248,"atk":252,"def":0,"spa":0,"spd":8,"spe":0},"shiny":true,"ivs":{"hp":31,"atk":31,"def":31,"spa":31,"spd":31,"spe":31}},{"name":"Excadrill","species":"Excadrill","item":"leftovers","ability":"Sand Rush","moves":["ironhead","rockslide","earthquake","swordsdance"],"nature":"Adamant","evs":{"hp":0,"atk":252,"def":0,"spa":0,"spd":4,"spe":252},"shiny":true,"ivs":{"hp":31,"atk":31,"def":31,"spa":31,"spd":31,"spe":31}},{"name":"Torterra","species":"Torterra","item":"leftovers","ability":"Shell Armor","moves":["earthquake","woodhammer","crunch","ironhead"],"nature":"Adamant","evs":{"hp":252,"atk":252,"def":0,"spa":0,"spd":4,"spe":0},"shiny":true,"ivs":{"hp":31,"atk":31,"def":31,"spa":31,"spd":31,"spe":31}},{"name":"Garchomp","species":"Garchomp","item":"garchompite","ability":"Sand Veil","moves":["dragonclaw","earthquake","firefang","poisonjab"],"nature":"Naughty","evs":{"hp":248,"atk":252,"def":0,"spa":8,"spd":0,"spe":0},"shiny":true,"ivs":{"hp":31,"atk":31,"def":31,"spa":31,"spd":31,"spe":31}},{"name":"Landorus-Therian","species":"Landorus-Therian","item":"focussash","ability":"Intimidate","moves":["earthquake","stoneedge","stealthrock","hammerarm"],"nature":"Adamant","evs":{"hp":248,"atk":252,"def":0,"spa":0,"spd":8,"spe":0},"ivs":{"hp":31,"atk":31,"def":31,"spa":31,"spd":31,"spe":31}},{"name":"Flygon","species":"Flygon","item":"leftovers","ability":"Levitate","moves":["dragonclaw","boomburst","crunch","stoneedge"],"nature":"Hasty","evs":{"hp":0,"atk":252,"def":0,"spa":4,"spd":0,"spe":252},"ivs":{"hp":31,"atk":31,"def":31,"spa":31,"spd":31,"spe":31}}],"log":["|player|p1|Desolate Nightmare|profnightmare.png","|player|p2|THE MEGA POLIWRATH|10","|gametype|singles","|gen|6","|tier|Monotype","|rated","|rule|Baton Pass Clause: Limit one Baton Passer, can't pass Spe and other stats simultaneously","|rule|Swagger Clause: Swagger is banned","|rule|Same Type Clause: Pokémon in a team must share a type","|clearpoke","|poke|p1|Latias, F","|poke|p1|Hydreigon, F","|poke|p1|Garchomp, F","|poke|p1|Dragonite, F","|poke|p1|Goodra, F","|poke|p1|Kyurem-Black","|poke|p2|Hippowdon, M, shiny","|poke|p2|Excadrill, F, shiny","|poke|p2|Torterra, M, shiny","|poke|p2|Garchomp, M, shiny","|poke|p2|Landorus-Therian, M","|poke|p2|Flygon, M","|rule|Sleep Clause Mod: Limit one foe put to sleep","|rule|Species Clause: Limit one of each Pokémon","|rule|OHKO Clause: OHKO moves are banned","|rule|Moody Clause: Moody is banned","|rule|Evasion Moves Clause: Evasion moves are banned","|rule|Endless Battle Clause: Forcing endless battles is banned","|rule|HP Percentage Mod: HP is shown in percentages","|teampreview","|","|start","|switch|p1a: Garchomp|Garchomp, F|420/420","|switch|p2a: Hippowdon|Hippowdon, M, shiny|419/419","|-weather|Sandstorm","|turn|1","|","|move|p1a: Garchomp|Stealth Rock|p2a: Hippowdon","|-sidestart|p2: THE MEGA POLIWRATH|move: Stealth Rock","|move|p2a: Hippowdon|Earthquake|p1a: Garchomp","|-damage|p1a: Garchomp|263/420","|","|-weather|Sandstorm|[upkeep]","|turn|2","|","|move|p2a: Hippowdon|Earthquake|p1a: Garchomp","|-crit|p1a: Garchomp","|-damage|p1a: Garchomp|0 fnt","|faint|p1a: Garchomp","|","|-weather|Sandstorm|[upkeep]","|","|switch|p1a: Kyurem-Black|Kyurem-Black|391/391","|-ability|p1a: Kyurem-Black|Teravolt","|turn|3","|","|move|p1a: Kyurem-Black|Ice Beam|p2a: Hippowdon","|-supereffective|p2a: Hippowdon","|-damage|p2a: Hippowdon|75/419","|move|p2a: Hippowdon|Earthquake|p1a: Kyurem-Black","|-damage|p1a: Kyurem-Black|202/391","|","|-weather|Sandstorm|[upkeep]","|-damage|p1a: Kyurem-Black|178/391|[from] sandstorm","|turn|4","|","|move|p1a: Kyurem-Black|Ice Beam|p2a: Hippowdon","|-supereffective|p2a: Hippowdon","|-damage|p2a: Hippowdon|0 fnt","|faint|p2a: Hippowdon","|","|-weather|Sandstorm|[upkeep]","|-damage|p1a: Kyurem-Black|154/391|[from] sandstorm","|","|switch|p2a: Excadrill|Excadrill, F, shiny|361/361","|-damage|p2a: Excadrill|350/361|[from] Stealth Rock","|turn|5","|","|switch|p1a: Goodra|Goodra, F|384/384","|move|p2a: Excadrill|Earthquake|p1a: Goodra","|-damage|p1a: Goodra|182/384","|","|-weather|none","|-heal|p2a: Excadrill|361/361|[from] item: Leftovers","|-heal|p1a: Goodra|206/384|[from] item: Leftovers","|turn|6","|","|move|p2a: Excadrill|Swords Dance|p2a: Excadrill","|-boost|p2a: Excadrill|atk|2","|move|p1a: Goodra|Flamethrower|p2a: Excadrill","|-supereffective|p2a: Excadrill","|-damage|p2a: Excadrill|163/361","|","|-heal|p2a: Excadrill|185/361|[from] item: Leftovers","|-heal|p1a: Goodra|230/384|[from] item: Leftovers","|turn|7","|","|move|p2a: Excadrill|Earthquake|p1a: Goodra","|-damage|p1a: Goodra|0 fnt","|faint|p1a: Goodra","|","|-heal|p2a: Excadrill|207/361|[from] item: Leftovers","|","|switch|p1a: Hydreigon|Hydreigon, F|325/325","|turn|8","|","|move|p1a: Hydreigon|Flamethrower|p2a: Excadrill","|-supereffective|p2a: Excadrill","|-damage|p2a: Excadrill|0 fnt","|faint|p2a: Excadrill","|","|","|switch|p2a: Landorus-Therian|Landorus-Therian, M|381/381","|-damage|p2a: Landorus-Therian|334/381|[from] Stealth Rock","|-ability|p2a: Landorus-Therian|Intimidate","|-unboost|p1a: Hydreigon|atk|1","|turn|9","|","|switch|p1a: Dragonite|Dragonite, F|386/386","|move|p2a: Landorus-Therian|Stealth Rock|p1a: Dragonite","|-sidestart|p1: Desolate Nightmare|move: Stealth Rock","|","|turn|10","|","|move|p2a: Landorus-Therian|Stone Edge|p1a: Dragonite","|-supereffective|p1a: Dragonite","|-damage|p1a: Dragonite|66/386","|move|p1a: Dragonite|Fire Punch|p2a: Landorus-Therian","|-damage|p2a: Landorus-Therian|257/381","|","|-heal|p1a: Dragonite|90/386|[from] item: Leftovers","|turn|11","|","|move|p2a: Landorus-Therian|Hammer Arm|p1a: Dragonite","|-resisted|p1a: Dragonite","|-damage|p1a: Dragonite|12/386","|-unboost|p2a: Landorus-Therian|spe|1","|move|p1a: Dragonite|Roost|p1a: Dragonite","|-heal|p1a: Dragonite|205/386","|","|-heal|p1a: Dragonite|229/386|[from] item: Leftovers","|turn|12","|","|move|p1a: Dragonite|Roost|p1a: Dragonite","|-heal|p1a: Dragonite|386/386","|move|p2a: Landorus-Therian|Stone Edge|p1a: Dragonite","|-damage|p1a: Dragonite|247/386","|","|-heal|p1a: Dragonite|271/386|[from] item: Leftovers","|turn|13","|","|move|p1a: Dragonite|Roost|p1a: Dragonite","|-heal|p1a: Dragonite|386/386","|move|p2a: Landorus-Therian|Stone Edge|p1a: Dragonite","|-damage|p1a: Dragonite|238/386","|","|-heal|p1a: Dragonite|262/386|[from] item: Leftovers","|turn|14","|","|move|p1a: Dragonite|Roost|p1a: Dragonite","|-heal|p1a: Dragonite|386/386","|move|p2a: Landorus-Therian|Stone Edge|p1a: Dragonite|[miss]","|-miss|p2a: Landorus-Therian|p1a: Dragonite","|","|turn|15","|","|move|p1a: Dragonite|Roost|p1a: Dragonite","|-fail|p1a: Dragonite","|move|p2a: Landorus-Therian|Stone Edge|p1a: Dragonite","|-supereffective|p1a: Dragonite","|-damage|p1a: Dragonite|102/386","|","|-heal|p1a: Dragonite|126/386|[from] item: Leftovers","|turn|16","|","|move|p1a: Dragonite|Roost|p1a: Dragonite","|-heal|p1a: Dragonite|319/386","|move|p2a: Landorus-Therian|Stone Edge|p1a: Dragonite","|-damage|p1a: Dragonite|163/386","|","|-heal|p1a: Dragonite|187/386|[from] item: Leftovers","|turn|17","|","|move|p1a: Dragonite|Roost|p1a: Dragonite","|-heal|p1a: Dragonite|380/386","|move|p2a: Landorus-Therian|Stone Edge|p1a: Dragonite","|-damage|p1a: Dragonite|236/386","|","|-heal|p1a: Dragonite|260/386|[from] item: Leftovers","|turn|18","|","|move|p1a: Dragonite|Roost|p1a: Dragonite","|-heal|p1a: Dragonite|386/386","|move|p2a: Landorus-Therian|Stone Edge|p1a: Dragonite","|-damage|p1a: Dragonite|239/386","|","|-heal|p1a: Dragonite|263/386|[from] item: Leftovers","|turn|19","|","|move|p1a: Dragonite|Fire Punch|p2a: Landorus-Therian","|-damage|p2a: Landorus-Therian|173/381","|move|p2a: Landorus-Therian|Hammer Arm|p1a: Dragonite","|-resisted|p1a: Dragonite","|-damage|p1a: Dragonite|195/386","|-unboost|p2a: Landorus-Therian|spe|1","|","|-heal|p1a: Dragonite|219/386|[from] item: Leftovers","|turn|20","|","|move|p1a: Dragonite|Fire Punch|p2a: Landorus-Therian","|-damage|p2a: Landorus-Therian|89/381","|move|p2a: Landorus-Therian|Earthquake|p1a: Dragonite","|-immune|p1a: Dragonite|[msg]","|","|-heal|p1a: Dragonite|243/386|[from] item: Leftovers","|turn|21","|","|move|p1a: Dragonite|Fire Punch|p2a: Landorus-Therian","|-damage|p2a: Landorus-Therian|3/381","|move|p2a: Landorus-Therian|Earthquake|p1a: Dragonite","|-immune|p1a: Dragonite|[msg]","|","|-heal|p1a: Dragonite|267/386|[from] item: Leftovers","|turn|22","|","|move|p1a: Dragonite|Fire Punch|p2a: Landorus-Therian","|-damage|p2a: Landorus-Therian|0 fnt","|faint|p2a: Landorus-Therian","|","|-heal|p1a: Dragonite|291/386|[from] item: Leftovers","|","|switch|p2a: Garchomp|Garchomp, M, shiny|419/419","|-damage|p2a: Garchomp|393/419|[from] Stealth Rock","|turn|23","|","|detailschange|p2a: Garchomp|Garchomp-Mega, M, shiny","|-mega|p2a: Garchomp|Garchomp|Garchompite","|move|p2a: Garchomp|Dragon Claw|p1a: Dragonite","|-supereffective|p1a: Dragonite","|-damage|p1a: Dragonite|0 fnt","|faint|p1a: Dragonite","|","|","|switch|p1a: Hydreigon|Hydreigon, F|325/325","|-damage|p1a: Hydreigon|285/325|[from] Stealth Rock","|turn|24","|","|move|p1a: Hydreigon|Draco Meteor|p2a: Garchomp","|-supereffective|p2a: Garchomp","|-damage|p2a: Garchomp|0 fnt","|-unboost|p1a: Hydreigon|spa|2","|faint|p2a: Garchomp","|","|","|switch|p2a: Flygon|Flygon, M|301/301","|-damage|p2a: Flygon|283/301|[from] Stealth Rock","|turn|25","|","|switch|p1a: Kyurem-Black|Kyurem-Black|154/391","|-damage|p1a: Kyurem-Black|57/391|[from] Stealth Rock","|-ability|p1a: Kyurem-Black|Teravolt","|move|p2a: Flygon|Boomburst|p1a: Kyurem-Black","|-crit|p1a: Kyurem-Black","|-damage|p1a: Kyurem-Black|0 fnt","|faint|p1a: Kyurem-Black","|","|-heal|p2a: Flygon|301/301|[from] item: Leftovers","|","|switch|p1a: Hydreigon|Hydreigon, F|285/325","|-damage|p1a: Hydreigon|245/325|[from] Stealth Rock","|turn|26","|","|move|p1a: Hydreigon|Draco Meteor|p2a: Flygon","|-supereffective|p2a: Flygon","|-damage|p2a: Flygon|0 fnt","|-unboost|p1a: Hydreigon|spa|2","|faint|p2a: Flygon","|","|","|switch|p2a: Torterra|Torterra, M, shiny|394/394","|-damage|p2a: Torterra|370/394|[from] Stealth Rock","|turn|27","|","|move|p1a: Hydreigon|Draco Meteor|p2a: Torterra","|-damage|p2a: Torterra|252/394","|-unboost|p1a: Hydreigon|spa|2","|move|p2a: Torterra|Wood Hammer|p1a: Hydreigon","|-resisted|p1a: Hydreigon","|-damage|p1a: Hydreigon|141/325","|-damage|p2a: Torterra|218/394|[from] recoil|[of] p1a: Hydreigon","|","|-heal|p2a: Torterra|242/394|[from] item: Leftovers","|turn|28","|","|move|p1a: Hydreigon|Draco Meteor|p2a: Torterra","|-damage|p2a: Torterra|157/394","|-unboost|p1a: Hydreigon|spa|2","|move|p2a: Torterra|Iron Head|p1a: Hydreigon","|-crit|p1a: Hydreigon","|-damage|p1a: Hydreigon|0 fnt","|faint|p1a: Hydreigon","|","|-heal|p2a: Torterra|181/394|[from] item: Leftovers","|","|switch|p1a: Latias|Latias, F|364/364","|-damage|p1a: Latias|319/364|[from] Stealth Rock","|turn|29","|","|detailschange|p1a: Latias|Latias-Mega, F","|-mega|p1a: Latias|Latias|Latiasite","|move|p1a: Latias|Toxic|p2a: Torterra","|-status|p2a: Torterra|tox","|move|p2a: Torterra|Crunch|p1a: Latias","|-supereffective|p1a: Latias","|-damage|p1a: Latias|189/364","|-unboost|p1a: Latias|def|1","|","|-heal|p2a: Torterra|205/394 tox|[from] item: Leftovers","|-damage|p2a: Torterra|181/394 tox|[from] psn","|turn|30","|","|move|p1a: Latias|Recover|p1a: Latias","|-heal|p1a: Latias|364/364","|move|p2a: Torterra|Crunch|p1a: Latias","|-supereffective|p1a: Latias","|-damage|p1a: Latias|186/364","|","|-heal|p2a: Torterra|205/394 tox|[from] item: Leftovers","|-damage|p2a: Torterra|157/394 tox|[from] psn","|turn|31","|","|move|p1a: Latias|Recover|p1a: Latias","|-heal|p1a: Latias|364/364","|move|p2a: Torterra|Crunch|p1a: Latias","|-supereffective|p1a: Latias","|-damage|p1a: Latias|168/364","|-unboost|p1a: Latias|def|1","|","|-heal|p2a: Torterra|181/394 tox|[from] item: Leftovers","|-damage|p2a: Torterra|109/394 tox|[from] psn","|turn|32","|","|move|p1a: Latias|Recover|p1a: Latias","|-heal|p1a: Latias|350/364","|move|p2a: Torterra|Crunch|p1a: Latias","|-supereffective|p1a: Latias","|-damage|p1a: Latias|92/364","|","|-heal|p2a: Torterra|133/394 tox|[from] item: Leftovers","|-damage|p2a: Torterra|37/394 tox|[from] psn","|turn|33","|","|move|p1a: Latias|Mist Ball|p2a: Torterra","|-damage|p2a: Torterra|0 fnt","|faint|p2a: Torterra","|","|win|Desolate Nightmare"],"p1rating":{"entryid":"6455140","serverid":"eos","formatid":"monotype","userid":"desolatenightmare","username":"Desolate Nightmare","w":22,"l":"26","t":"0","gxe":44.5,"r":"1451.4813657255","rd":"55.859699221944","sigma":"0","rptime":"1439629200","rpr":1457.8621497186,"rprd":55.220507344327,"rpsigma":"0","acre":1174.0768848711,"lacre":1174.0768848711,"oldacre":"1158.7207262021"},"p2rating":{"entryid":"7210585","serverid":"eos","formatid":"monotype","userid":"themegapoliwrath","username":"The mega poliwrath","w":"11","l":31,"t":"0","gxe":30.7,"r":"1357.27141555","rd":"58.833868449216","sigma":"0","rptime":"1439629200","rpr":1344.7403994369,"rprd":57.492843081341,"rpsigma":"0","acre":1009.639234199,"lacre":1009.639234199,"oldacre":"1017.3833462014"},"endType":"normal"}