{"seed":[3201,41534,44794,53238],"turns":25,"p1":"Fairy Ouroboros","p2":"Unravel DSV","p1team":[{"name":"Deoxys-Speed","species":"Deoxys-Speed","item":"lightclay","ability":"Pressure","moves":["taunt","stealthrock","lightscreen","reflect"],"nature":"Timid","evs":{"hp":248,"atk":0,"def":0,"spa":0,"spd":8,"spe":252},"ivs":{"hp":31,"atk":0,"def":31,"spa":31,"spd":31,"spe":31}},{"name":"Gardevoir","species":"Gardevoir","item":"gardevoirite","ability":"Trace","moves":["substitute","hypervoice","psyshock","painsplit"],"nature":"Modest","evs":{"hp":0,"atk":0,"def":0,"spa":252,"spd":4,"spe":252},"ivs":{"hp":31,"atk":0,"def":31,"spa":31,"spd":31,"spe":31}},{"name":"Victini","species":"Victini","item":"choicescarf","ability":"Victory Star","moves":["vcreate","uturn","boltstrike","blueflare"],"nature":"Naive","evs":{"hp":0,"atk":252,"def":0,"spa":4,"spd":0,"spe":252},"ivs":{"hp":31,"atk":31,"def":31,"spa":31,"spd":31,"spe":31}},{"name":"Mew","species":"Mew","item":"leftovers","ability":"Synchronize","moves":["nastyplot","vacuumwave","flamethrower","psyshock"],"nature":"Modest","evs":{"hp":148,"atk":0,"def":0,"spa":252,"spd":0,"spe":108},"ivs":{"hp":31,"atk":0,"def":31,"spa":31,"spd":31,"spe":31}},{"name":"Hoopa-Unbound","species":"Hoopa-Unbound","item":"dreadplate","ability":"Magician","moves":["knockoff","drainpunch","gunkshot","darkpulse"],"nature":"Lonely","evs":{"hp":236,"atk":252,"def":0,"spa":8,"spd":0,"spe":12},"ivs":{"hp":31,"atk":31,"def":31,"spa":31,"spd":31,"spe":31}},{"name":"Meloetta","species":"Meloetta","item":"assaultvest","ability":"Serene Grace","moves":["thunderbolt","energyball","shadowball","hypervoice"],"nature":"Modest","evs":{"hp":248,"atk":0,"def":0,"spa":252,"spd":8,"spe":0},"ivs":{"hp":31,"atk":0,"def":31,"spa":31,"spd":31,"spe":31}}],"p2team":[{"name":"Gardevoir","species":"Gardevoir","item":"gardevoirite","ability":"Synchronize","moves":["hypervoice","psyshock","substitute","focusblast"],"nature":"Modest","evs":{"hp":0,"atk":0,"def":0,"spa":252,"spd":4,"spe":252},"ivs":{"hp":31,"atk":31,"def":31,"spa":31,"spd":31,"spe":31}},{"name":"Uxie","species":"Uxie","item":"leftovers","ability":"Levitate","moves":["uturn","healbell","thunderwave","stealthrock"],"nature":"Impish","evs":{"hp":252,"atk":0,"def":236,"spa":0,"spd":20,"spe":0},"ivs":{"hp":31,"atk":31,"def":31,"spa":31,"spd":31,"spe":31}},{"name":"Meloetta","species":"Meloetta","item":"lifeorb","ability":"Serene Grace","moves":["knockoff","relicsong","closecombat","return"],"nature":"Naive","evs":{"hp":0,"atk":252,"def":0,"spa":40,"spd":0,"spe":216},"ivs":{"hp":31,"atk":31,"def":31,"spa":31,"spd":31,"spe":31}},{"name":"Mew","species":"Mew","item":"leftovers","ability":"Synchronize","moves":["defog","knockoff","softboiled","willowisp"],"nature":"Careful","evs":{"hp":252,"atk":0,"def":0,"spa":0,"spd":224,"spe":32},"ivs":{"hp":31,"atk":31,"def":31,"spa":31,"spd":31,"spe":31}},{"name":"Hoopa-Unbound","species":"Hoopa-Unbound","item":"lifeorb","ability":"Magician","moves":["drainpunch","firepunch","hyperspacefury","energyball"],"nature":"Hasty","evs":{"hp":0,"atk":252,"def":0,"spa":4,"spd":0,"spe":252},"ivs":{"hp":31,"atk":31,"def":31,"spa":31,"spd":31,"spe":31}},{"name":"Jirachi","species":"Jirachi","item":"choicescarf","ability":"Serene Grace","moves":["icepunch","ironhead","uturn","protect"],"nature":"Adamant","evs":{"hp":0,"atk":252,"def":0,"spa":0,"spd":4,"spe":252},"ivs":{"hp":31,"atk":31,"def":31,"spa":31,"spd":31,"spe":31}}],"log":["|player|p1|Fairy Ouroboros|swlneki.png","|player|p2|Unravel DSV|dsv.png","|gametype|singles","|gen|6","|tier|Monotype","|rated","|rule|Baton Pass Clause: Limit one Baton Passer, can't pass Spe and other stats simultaneously","|rule|Swagger Clause: Swagger is banned","|rule|Same Type Clause: Pokémon in a team must share a type","|clearpoke","|poke|p1|Deoxys-Speed","|poke|p1|Gardevoir, M","|poke|p1|Victini","|poke|p1|Mew","|poke|p1|Hoopa-Unbound","|poke|p1|Meloetta","|poke|p2|Gardevoir, F","|poke|p2|Uxie","|poke|p2|Meloetta","|poke|p2|Mew","|poke|p2|Hoopa-Unbound","|poke|p2|Jirachi","|rule|Sleep Clause Mod: Limit one foe put to sleep","|rule|Species Clause: Limit one of each Pokémon","|rule|OHKO Clause: OHKO moves are banned","|rule|Moody Clause: Moody is banned","|rule|Evasion Moves Clause: Evasion moves are banned","|rule|Endless Battle Clause: Forcing endless battles is banned","|rule|HP Percentage Mod: HP is shown in percentages","|teampreview","|","|start","|switch|p1a: Deoxys-Speed|Deoxys-Speed|303/303","|switch|p2a: Uxie|Uxie|354/354","|-ability|p1a: Deoxys-Speed|Pressure","|turn|1","|","|move|p1a: Deoxys-Speed|Taunt|p2a: Uxie","|-start|p2a: Uxie|move: Taunt","|cant|p2a: Uxie|move: Taunt|Thunder Wave","|","|turn|2","|","|move|p1a: Deoxys-Speed|Stealth Rock|p2a: Uxie","|-sidestart|p2: Unravel DSV|move: Stealth Rock","|move|p2a: Uxie|U-turn|p1a: Deoxys-Speed","|-supereffective|p1a: Deoxys-Speed","|-damage|p1a: Deoxys-Speed|209/303","|","|switch|p2a: Hoopa-Unbound|Hoopa-Unbound|301/301","|-damage|p2a: Hoopa-Unbound|264/301|[from] Stealth Rock","|","|turn|3","|","|move|p1a: Deoxys-Speed|Reflect|p1a: Deoxys-Speed","|-sidestart|p1: Fairy Ouroboros|Reflect","|move|p2a: Hoopa-Unbound|Hyperspace Fury|p1a: Deoxys-Speed","|-supereffective|p1a: Deoxys-Speed","|-damage|p1a: Deoxys-Speed|0 fnt","|-unboost|p2a: Hoopa-Unbound|def|1","|-damage|p2a: Hoopa-Unbound|234/301|[from] item: Life Orb","|faint|p1a: Deoxys-Speed","|","|","|switch|p1a: Victini|Victini|341/341","|turn|4","|","|move|p1a: Victini|U-turn|p2a: Hoopa-Unbound","|-supereffective|p2a: Hoopa-Unbound","|-damage|p2a: Hoopa-Unbound|0 fnt","|faint|p2a: Hoopa-Unbound","|","|switch|p1a: Hoopa-Unbound|Hoopa-Unbound|360/360","|","|","|switch|p2a: Gardevoir|Gardevoir, F|277/277","|-damage|p2a: Gardevoir|243/277|[from] Stealth Rock","|turn|5","|","|switch|p1a: Victini|Victini|341/341","|detailschange|p2a: Gardevoir|Gardevoir-Mega, F","|-mega|p2a: Gardevoir|Gardevoir|Gardevoirite","|move|p2a: Gardevoir|Hyper Voice|p1a: Victini","|-resisted|p1a: Victini","|-damage|p1a: Victini|198/341","|","|turn|6","|","|move|p1a: Victini|V-create|p2a: Gardevoir","|-damage|p2a: Gardevoir|0 fnt","|-unboost|p1a: Victini|spe|1","|-unboost|p1a: Victini|def|1","|-unboost|p1a: Victini|spd|1","|faint|p2a: Gardevoir","|","|","|switch|p2a: Mew|Mew|404/404","|-damage|p2a: Mew|354/404|[from] Stealth Rock","|turn|7","|","|switch|p1a: Hoopa-Unbound|Hoopa-Unbound|360/360","|move|p2a: Mew|Defog|p1a: Hoopa-Unbound","|-unboost|p1a: Hoopa-Unbound|evasion|1","|-sideend|p1: Fairy Ouroboros|Reflect","|-sideend|p2: Unravel DSV|Stealth Rock|[from] move: Defog|[of] p2a: Mew","|","|-heal|p2a: Mew|379/404|[from] item: Leftovers","|turn|8","|","|move|p2a: Mew|Knock Off|p1a: Hoopa-Unbound","|-damage|p1a: Hoopa-Unbound|233/360","|-enditem|p1a: Hoopa-Unbound|Dread Plate|[from] move: Knock Off|[of] p2a: Mew","|move|p1a: Hoopa-Unbound|Knock Off|p2a: Mew","|-supereffective|p2a: Mew","|-damage|p2a: Mew|0 fnt","|-item|p1a: Hoopa-Unbound|Leftovers|[from] ability: Magician|[of] p2a: Mew","|faint|p2a: Mew","|","|-heal|p1a: Hoopa-Unbound|255/360|[from] item: Leftovers","|","|switch|p2a: Meloetta|Meloetta|341/341","|turn|9","|","|move|p2a: Meloetta|Relic Song|p1a: Hoopa-Unbound","|-damage|p1a: Hoopa-Unbound|138/360","|-formechange|p2a: Meloetta|Meloetta-Pirouette|[msg]","|-damage|p2a: Meloetta|307/341|[from] item: Life Orb","|move|p1a: Hoopa-Unbound|Knock Off|p2a: Meloetta","|-resisted|p2a: Meloetta","|-damage|p2a: Meloetta|190/341","|-enditem|p2a: Meloetta|Life Orb|[from] move: Knock Off|[of] p1a: Hoopa-Unbound","|","|-heal|p1a: Hoopa-Unbound|160/360|[from] item: Leftovers","|turn|10","|","|switch|p1a: Mew|Mew|378/378","|move|p2a: Meloetta|Close Combat|p1a: Mew","|-resisted|p1a: Mew","|-damage|p1a: Mew|276/378","|-unboost|p2a: Meloetta|def|1","|-unboost|p2a: Meloetta|spd|1","|","|-heal|p1a: Mew|299/378|[from] item: Leftovers","|turn|11","|","|move|p1a: Mew|Vacuum Wave|p2a: Meloetta","|-crit|p2a: Meloetta","|-supereffective|p2a: Meloetta","|-damage|p2a: Meloetta|0 fnt","|faint|p2a: Meloetta","|","|-heal|p1a: Mew|322/378|[from] item: Leftovers","|","|switch|p2a: Uxie|Uxie|354/354","|turn|12","|","|switch|p1a: Hoopa-Unbound|Hoopa-Unbound|160/360","|move|p2a: Uxie|U-turn|p1a: Hoopa-Unbound","|-supereffective|p1a: Hoopa-Unbound","|-damage|p1a: Hoopa-Unbound|0 fnt","|faint|p1a: Hoopa-Unbound","|","|switch|p2a: Jirachi|Jirachi|341/341","|","|","|switch|p1a: Victini|Victini|198/341","|turn|13","|","|switch|p2a: Uxie|Uxie|354/354","|move|p1a: Victini|V-create|p2a: Uxie","|-damage|p2a: Uxie|179/354","|-unboost|p1a: Victini|spe|1","|-unboost|p1a: Victini|def|1","|-unboost|p1a: Victini|spd|1","|","|-heal|p2a: Uxie|201/354|[from] item: Leftovers","|turn|14","|","|switch|p1a: Mew|Mew|322/378","|move|p2a: Uxie|Thunder Wave|p1a: Mew","|-status|p1a: Mew|par","|-status|p2a: Uxie|par","|","|-heal|p1a: Mew|345/378 par|[from] item: Leftovers","|-heal|p2a: Uxie|223/354 par|[from] item: Leftovers","|turn|15","|","|move|p1a: Mew|Nasty Plot|p1a: Mew","|-boost|p1a: Mew|spa|2","|cant|p2a: Uxie|par","|","|-heal|p1a: Mew|368/378 par|[from] item: Leftovers","|-heal|p2a: Uxie|245/354 par|[from] item: Leftovers","|turn|16","|","|switch|p2a: Jirachi|Jirachi|341/341","|cant|p1a: Mew|par","|","|-heal|p1a: Mew|378/378 par|[from] item: Leftovers","|turn|17","|","|move|p2a: Jirachi|Iron Head|p1a: Mew","|-damage|p1a: Mew|249/378 par","|cant|p1a: Mew|flinch","|","|-heal|p1a: Mew|272/378 par|[from] item: Leftovers","|turn|18","|","|switch|p2a: Uxie|Uxie|245/354 par","|move|p1a: Mew|Vacuum Wave|p2a: Uxie","|-resisted|p2a: Uxie","|-damage|p2a: Uxie|213/354 par","|","|-heal|p1a: Mew|295/378 par|[from] item: Leftovers","|-heal|p2a: Uxie|235/354 par|[from] item: Leftovers","|turn|19","|","|move|p1a: Mew|Nasty Plot|p1a: Mew","|-boost|p1a: Mew|spa|2","|move|p2a: Uxie|U-turn|p1a: Mew","|-supereffective|p1a: Mew","|-damage|p1a: Mew|209/378 par","|","|switch|p2a: Jirachi|Jirachi|341/341","|","|-heal|p1a: Mew|232/378 par|[from] item: Leftovers","|turn|20","|","|move|p1a: Mew|Vacuum Wave|p2a: Jirachi","|-damage|p2a: Jirachi|210/341","|move|p2a: Jirachi|Iron Head|p1a: Mew","|-damage|p1a: Mew|93/378 par","|","|-heal|p1a: Mew|116/378 par|[from] item: Leftovers","|turn|21","|","|move|p1a: Mew|Vacuum Wave|p2a: Jirachi","|-damage|p2a: Jirachi|74/341","|move|p2a: Jirachi|Iron Head|p1a: Mew","|-crit|p1a: Mew","|-damage|p1a: Mew|0 fnt","|faint|p1a: Mew","|","|","|switch|p1a: Victini|Victini|198/341","|turn|22","|","|move|p1a: Victini|U-turn|p2a: Jirachi","|-damage|p2a: Jirachi|8/341","|","|switch|p1a: Gardevoir|Gardevoir, M|277/277","|-ability|p1a: Gardevoir|Serene Grace|[from] ability: Trace|[of] p2a: Jirachi","|move|p2a: Jirachi|Iron Head|p1a: Gardevoir","|-supereffective|p1a: Gardevoir","|-damage|p1a: Gardevoir|0 fnt","|faint|p1a: Gardevoir","|","|","|switch|p1a: Victini|Victini|198/341","|turn|23","|","|move|p1a: Victini|U-turn|p2a: Jirachi","|-damage|p2a: Jirachi|0 fnt","|faint|p2a: Jirachi","|","|switch|p1a: Meloetta|Meloetta|403/403","|","|","|switch|p2a: Uxie|Uxie|235/354 par","|turn|24","|","|move|p1a: Meloetta|Shadow Ball|p2a: Uxie","|-supereffective|p2a: Uxie","|-damage|p2a: Uxie|73/354 par","|-unboost|p2a: Uxie|spd|1","|move|p2a: Uxie|Heal Bell|p2a: Uxie","|-cureteam|p2a: Uxie|[from] move: HealBell","|","|-heal|p2a: Uxie|95/354|[from] item: Leftovers","|turn|25","|","|move|p2a: Uxie|Thunder Wave|p1a: Meloetta","|-status|p1a: Meloetta|par","|move|p1a: Meloetta|Shadow Ball|p2a: Uxie","|-supereffective|p2a: Uxie","|-damage|p2a: Uxie|0 fnt","|faint|p2a: Uxie","|","|win|Fairy Ouroboros"],"p1rating":{"entryid":"7662052","serverid":"eos","formatid":"monotype","userid":"fairyouroboros","username":"Fairy Ouroboros","w":8,"l":"1","t":"0","gxe":68.5,"r":"1500","rd":"130","sigma":"0","rptime":"1439629200","rpr":1650.7036493683,"rprd":89.090944718242,"rpsigma":"0","acre":1187.0518979469,"lacre":1187.0518979469,"oldacre":"1167.3840106856"},"p2rating":{"entryid":"7661999","serverid":"eos","formatid":"monotype","userid":"unraveldsv","username":"Unravel DSV","w":"2","l":1,"t":"0","gxe":57.1,"r":"1500","rd":"130","sigma":"0","rptime":"1439629200","rpr":1556.2733060998,"rprd":111.4055424666,"rpsigma":"0","acre":1073.3873290064,"lacre":1073.3873290064,"oldacre":"1092.1260301612"},"endType":"normal"}