{"seed":[7802,41173,3124,14476],"turns":26,"p1":"Crystal glaceon13","p2":"V ProdigyMatt","p1team":[{"name":"Diancie","species":"Diancie","item":"diancite","ability":"Clear Body","moves":["earthpower","moonblast","diamondstorm","protect"],"nature":"Naive","evs":{"hp":0,"atk":4,"def":0,"spa":252,"spd":0,"spe":252},"ivs":{"hp":31,"atk":31,"def":31,"spa":31,"spd":31,"spe":31}},{"name":"Togekiss","species":"Togekiss","item":"leftovers","ability":"Serene Grace","moves":["nastyplot","batonpass","airslash","flamethrower"],"nature":"Calm","evs":{"hp":248,"atk":0,"def":0,"spa":0,"spd":240,"spe":20},"ivs":{"hp":31,"atk":31,"def":31,"spa":31,"spd":31,"spe":31}},{"name":"Klefki","species":"Klefki","item":"lightclay","ability":"Prankster","moves":["reflect","lightscreen","thunderwave","foulplay"],"nature":"Bold","evs":{"hp":252,"atk":0,"def":64,"spa":0,"spd":192,"spe":0},"ivs":{"hp":31,"atk":31,"def":31,"spa":31,"spd":31,"spe":31}},{"name":"Azumarill","species":"Azumarill","item":"lumberry","ability":"Huge Power","moves":["playrough","aquajet","waterfall","knockoff"],"nature":"Adamant","evs":{"hp":248,"atk":252,"def":0,"spa":0,"spd":0,"spe":8},"gender":"M","ivs":{"hp":31,"atk":31,"def":31,"spa":31,"spd":31,"spe":31}},{"name":"Gardevoir","species":"Gardevoir","item":"choicescarf","ability":"Trace","moves":["thunderbolt","energyball","moonblast","psyshock"],"nature":"Timid","evs":{"hp":0,"atk":0,"def":4,"spa":252,"spd":0,"spe":252},"ivs":{"hp":31,"atk":30,"def":31,"spa":30,"spd":31,"spe":30}},{"name":"Granbull","species":"Granbull","item":"leftovers","ability":"Intimidate","moves":["earthquake","firepunch","bulkup","playrough"],"nature":"Adamant","evs":{"hp":188,"atk":200,"def":120,"spa":0,"spd":0,"spe":0},"ivs":{"hp":31,"atk":31,"def":31,"spa":31,"spd":31,"spe":31}}],"p2team":[{"name":"Sableye","species":"Sableye","item":"sablenite","ability":"Prankster","moves":["willowisp","recover","taunt","knockoff"],"nature":"Careful","evs":{"hp":248,"atk":0,"def":8,"spa":0,"spd":252,"spe":0},"ivs":{"hp":31,"atk":31,"def":31,"spa":31,"spd":31,"spe":31}},{"name":"Mandibuzz","species":"Mandibuzz","item":"rockyhelmet","ability":"Overcoat","moves":["roost","defog","foulplay","uturn"],"nature":"Impish","evs":{"hp":248,"atk":0,"def":252,"spa":0,"spd":8,"spe":0},"ivs":{"hp":31,"atk":31,"def":31,"spa":31,"spd":31,"spe":31}},{"name":"Bisharp","species":"Bisharp","item":"lifeorb","ability":"Defiant","moves":["suckerpunch","nightslash","ironhead","lowkick"],"nature":"Jolly","evs":{"hp":0,"atk":252,"def":0,"spa":0,"spd":4,"spe":252},"ivs":{"hp":31,"atk":31,"def":31,"spa":31,"spd":31,"spe":31}},{"name":"Hydreigon","species":"Hydreigon","item":"choicescarf","ability":"Levitate","moves":["dracometeor","darkpulse","fireblast","uturn"],"nature":"Timid","evs":{"hp":0,"atk":0,"def":0,"spa":252,"spd":4,"spe":252},"ivs":{"hp":31,"atk":0,"def":31,"spa":31,"spd":31,"spe":31}},{"name":"Weavile","species":"Weavile","item":"lifeorb","ability":"Pressure","moves":["swordsdance","iceshard","knockoff","iciclecrash"],"nature":"Jolly","evs":{"hp":0,"atk":252,"def":0,"spa":0,"spd":4,"spe":252},"ivs":{"hp":31,"atk":31,"def":31,"spa":31,"spd":31,"spe":31}},{"name":"Krookodile","species":"Krookodile","item":"earthplate","ability":"Intimidate","moves":["stealthrock","stoneedge","roar","superpower"],"nature":"Impish","evs":{"hp":248,"atk":8,"def":252,"spa":0,"spd":0,"spe":0},"ivs":{"hp":31,"atk":31,"def":31,"spa":31,"spd":31,"spe":31}}],"log":["|player|p1|Crystal glaceon13|32","|player|p2|V ProdigyMatt|40","|gametype|singles","|gen|6","|tier|Monotype","|rated","|rule|Baton Pass Clause: Limit one Baton Passer, can't pass Spe and other stats simultaneously","|rule|Swagger Clause: Swagger is banned","|rule|Same Type Clause: Pokémon in a team must share a type","|clearpoke","|poke|p1|Diancie","|poke|p1|Togekiss, M","|poke|p1|Klefki, F","|poke|p1|Azumarill, M","|poke|p1|Gardevoir, F","|poke|p1|Granbull, F","|poke|p2|Sableye, M","|poke|p2|Mandibuzz, F","|poke|p2|Bisharp, F","|poke|p2|Hydreigon, F","|poke|p2|Weavile, M","|poke|p2|Krookodile, F","|rule|Sleep Clause Mod: Limit one foe put to sleep","|rule|Species Clause: Limit one of each Pokémon","|rule|OHKO Clause: OHKO moves are banned","|rule|Moody Clause: Moody is banned","|rule|Evasion Moves Clause: Evasion moves are banned","|rule|Endless Battle Clause: Forcing endless battles is banned","|rule|HP Percentage Mod: HP is shown in percentages","|teampreview","|","|start","|switch|p1a: Diancie|Diancie|241/241","|switch|p2a: Bisharp|Bisharp, F|271/271","|turn|1","|","|detailschange|p1a: Diancie|Diancie-Mega","|-mega|p1a: Diancie|Diancie|Diancite","|move|p1a: Diancie|Protect|p1a: Diancie","|-singleturn|p1a: Diancie|Protect","|move|p2a: Bisharp|Iron Head|p1a: Diancie","|-activate|p1a: Diancie|Protect","|","|turn|2","|","|switch|p1a: Klefki|Klefki, F|318/318","|move|p2a: Bisharp|Iron Head|p1a: Klefki","|-damage|p1a: Klefki|154/318","|-damage|p2a: Bisharp|244/271|[from] item: Life Orb","|","|turn|3","|","|switch|p2a: Krookodile|Krookodile, F|393/393","|-ability|p2a: Krookodile|Intimidate","|-unboost|p1a: Klefki|atk|1","|move|p1a: Klefki|Reflect|p1a: Klefki","|-sidestart|p1: Crystal glaceon13|Reflect","|","|turn|4","|","|switch|p1a: Togekiss|Togekiss, M|373/373","|move|p2a: Krookodile|Stealth Rock|p1a: Togekiss","|-sidestart|p1: Crystal glaceon13|move: Stealth Rock","|","|turn|5","|","|move|p2a: Krookodile|Stone Edge|p1a: Togekiss","|-supereffective|p1a: Togekiss","|-damage|p1a: Togekiss|277/373","|move|p1a: Togekiss|Nasty Plot|p1a: Togekiss","|-boost|p1a: Togekiss|spa|2","|","|-heal|p1a: Togekiss|300/373|[from] item: Leftovers","|turn|6","|","|move|p1a: Togekiss|Baton Pass|p1a: Togekiss","|","|switch|p1a: Gardevoir|Gardevoir, F|277/277","|-damage|p1a: Gardevoir|243/277|[from] Stealth Rock","|-ability|p1a: Gardevoir|Intimidate|[from] ability: Trace|[of] p2a: Krookodile","|-ability|p1a: Gardevoir|Intimidate","|-unboost|p2a: Krookodile|atk|1","|move|p2a: Krookodile|Roar|p1a: Gardevoir","|drag|p1a: Togekiss|Togekiss, M|300/373","|-damage|p1a: Togekiss|207/373|[from] Stealth Rock","|","|-heal|p1a: Togekiss|230/373|[from] item: Leftovers","|turn|7","|","|switch|p2a: Sableye|Sableye, M|303/303","|move|p1a: Togekiss|Air Slash|p2a: Sableye","|-damage|p2a: Sableye|209/303","|","|-heal|p1a: Togekiss|253/373|[from] item: Leftovers","|turn|8","|","|switch|p1a: Diancie|Diancie-Mega|241/241","|-damage|p1a: Diancie|211/241|[from] Stealth Rock","|switch|p2a: Krookodile|Krookodile, F|393/393","|-ability|p2a: Krookodile|Intimidate","|-unboost|p1a: Diancie|atk|1","|","|turn|9","|","|switch|p1a: Granbull|Granbull, F|368/368","|-damage|p1a: Granbull|322/368|[from] Stealth Rock","|-ability|p1a: Granbull|Intimidate","|-unboost|p2a: Krookodile|atk|1","|move|p2a: Krookodile|Stone Edge|p1a: Granbull","|-damage|p1a: Granbull|292/368","|","|-heal|p1a: Granbull|315/368|[from] item: Leftovers","|turn|10","|","|switch|p2a: Mandibuzz|Mandibuzz, F|423/423","|move|p1a: Granbull|Bulk Up|p1a: Granbull","|-boost|p1a: Granbull|atk|1","|-boost|p1a: Granbull|def|1","|","|-heal|p1a: Granbull|338/368|[from] item: Leftovers","|-sideend|p1: Crystal glaceon13|Reflect","|turn|11","|","|move|p2a: Mandibuzz|Foul Play|p1a: Granbull","|-resisted|p1a: Granbull","|-damage|p1a: Granbull|254/368","|move|p1a: Granbull|Play Rough|p2a: Mandibuzz","|-supereffective|p2a: Mandibuzz","|-damage|p2a: Mandibuzz|91/423","|-damage|p1a: Granbull|193/368|[from] item: Rocky Helmet|[of] p2a: Mandibuzz","|","|-heal|p1a: Granbull|216/368|[from] item: Leftovers","|turn|12","|","|move|p2a: Mandibuzz|U-turn|p1a: Granbull","|-resisted|p1a: Granbull","|-damage|p1a: Granbull|200/368","|","|switch|p2a: Krookodile|Krookodile, F|393/393","|-ability|p2a: Krookodile|Intimidate","|-unboost|p1a: Granbull|atk|1","|move|p1a: Granbull|Play Rough|p2a: Krookodile","|-supereffective|p2a: Krookodile","|-damage|p2a: Krookodile|127/393","|","|-heal|p1a: Granbull|223/368|[from] item: Leftovers","|turn|13","|","|move|p2a: Krookodile|Stone Edge|p1a: Granbull","|-crit|p1a: Granbull","|-damage|p1a: Granbull|68/368","|move|p1a: Granbull|Play Rough|p2a: Krookodile|[miss]","|-miss|p1a: Granbull|p2a: Krookodile","|","|-heal|p1a: Granbull|91/368|[from] item: Leftovers","|turn|14","|","|move|p2a: Krookodile|Stone Edge|p1a: Granbull|[miss]","|-miss|p2a: Krookodile|p1a: Granbull","|move|p1a: Granbull|Play Rough|p2a: Krookodile","|-supereffective|p2a: Krookodile","|-damage|p2a: Krookodile|0 fnt","|faint|p2a: Krookodile","|","|-heal|p1a: Granbull|114/368|[from] item: Leftovers","|","|switch|p2a: Mandibuzz|Mandibuzz, F|91/423","|turn|15","|","|move|p2a: Mandibuzz|Foul Play|p1a: Granbull","|-resisted|p1a: Granbull","|-damage|p1a: Granbull|51/368","|move|p1a: Granbull|Play Rough|p2a: Mandibuzz","|-supereffective|p2a: Mandibuzz","|-damage|p2a: Mandibuzz|0 fnt","|-damage|p1a: Granbull|0 fnt|[from] item: Rocky Helmet|[of] p2a: Mandibuzz","|faint|p1a: Granbull","|faint|p2a: Mandibuzz","|","|","|switch|p1a: Klefki|Klefki, F|154/318","|switch|p2a: Sableye|Sableye, M|209/303","|-damage|p1a: Klefki|135/318|[from] Stealth Rock","|turn|16","|","|move|p1a: Klefki|Reflect|p1a: Klefki","|-sidestart|p1: Crystal glaceon13|Reflect","|move|p2a: Sableye|Taunt|p1a: Klefki","|-start|p1a: Klefki|move: Taunt","|","|turn|17","|","|switch|p1a: Diancie|Diancie-Mega|211/241","|-damage|p1a: Diancie|181/241|[from] Stealth Rock","|detailschange|p2a: Sableye|Sableye-Mega, M","|-mega|p2a: Sableye|Sableye|Sablenite","|move|p2a: Sableye|Will-O-Wisp|p1a: Diancie","|move|p1a: Diancie|Will-O-Wisp|p2a: Sableye|[from]Magic Bounce","|-status|p2a: Sableye|brn","|","|-damage|p2a: Sableye|172/303 brn|[from] brn","|turn|18","|","|move|p1a: Diancie|Moonblast|p2a: Sableye","|-supereffective|p2a: Sableye","|-damage|p2a: Sableye|0 fnt","|faint|p2a: Sableye","|","|","|switch|p2a: Bisharp|Bisharp, F|244/271","|turn|19","|","|move|p1a: Diancie|Earth Power|p2a: Bisharp","|-supereffective|p2a: Bisharp","|-damage|p2a: Bisharp|0 fnt","|faint|p2a: Bisharp","|","|","|switch|p2a: Weavile|Weavile, M|281/281","|-ability|p2a: Weavile|Pressure","|turn|20","|","|move|p2a: Weavile|Icicle Crash|p1a: Diancie","|-crit|p1a: Diancie","|-damage|p1a: Diancie|0 fnt","|-damage|p2a: Weavile|253/281|[from] item: Life Orb","|faint|p1a: Diancie","|","|","|switch|p1a: Klefki|Klefki, F|135/318","|-damage|p1a: Klefki|116/318|[from] Stealth Rock","|turn|21","|","|move|p1a: Klefki|Thunder Wave|p2a: Weavile","|-status|p2a: Weavile|par","|move|p2a: Weavile|Icicle Crash|p1a: Klefki","|-resisted|p1a: Klefki","|-damage|p1a: Klefki|70/318","|-damage|p2a: Weavile|225/281 par|[from] item: Life Orb","|","|turn|22","|","|move|p1a: Klefki|Light Screen|p1a: Klefki","|-sidestart|p1: Crystal glaceon13|move: Light Screen","|move|p2a: Weavile|Knock Off|p1a: Klefki","|-resisted|p1a: Klefki","|-damage|p1a: Klefki|21/318","|-enditem|p1a: Klefki|Light Clay|[from] move: Knock Off|[of] p2a: Weavile","|-damage|p2a: Weavile|197/281 par|[from] item: Life Orb","|","|turn|23","|","|move|p2a: Weavile|Ice Shard|p1a: Klefki","|-resisted|p1a: Klefki","|-damage|p1a: Klefki|2/318","|-damage|p2a: Weavile|169/281 par|[from] item: Life Orb","|move|p1a: Klefki|Foul Play|p2a: Weavile","|-resisted|p2a: Weavile","|-damage|p2a: Weavile|99/281 par","|","|-sideend|p1: Crystal glaceon13|Reflect","|turn|24","|","|move|p1a: Klefki|Reflect|p1a: Klefki","|-sidestart|p1: Crystal glaceon13|Reflect","|move|p2a: Weavile|Ice Shard|p1a: Klefki","|-crit|p1a: Klefki","|-resisted|p1a: Klefki","|-damage|p1a: Klefki|0 fnt","|-damage|p2a: Weavile|71/281 par|[from] item: Life Orb","|faint|p1a: Klefki","|","|","|switch|p1a: Azumarill|Azumarill, M|403/403","|-damage|p1a: Azumarill|353/403|[from] Stealth Rock","|turn|25","|","|move|p1a: Azumarill|Waterfall|p2a: Weavile","|-damage|p2a: Weavile|0 fnt","|faint|p2a: Weavile","|","|","|switch|p2a: Hydreigon|Hydreigon, F|325/325","|turn|26","|","|move|p2a: Hydreigon|Dark Pulse|p1a: Azumarill","|-resisted|p1a: Azumarill","|-damage|p1a: Azumarill|309/403","|move|p1a: Azumarill|Play Rough|p2a: Hydreigon","|-supereffective|p2a: Hydreigon","|-damage|p2a: Hydreigon|0 fnt","|faint|p2a: Hydreigon","|","|win|Crystal glaceon13"],"p1rating":{"entryid":"5815193","serverid":"eos","formatid":"monotype","userid":"crystalglaceon13","username":"Crystal glaceon13","w":37,"l":"20","t":"0","gxe":61,"r":"1579.1475335654","rd":"54.053300018133","sigma":"0","rptime":"1439715600","rpr":1585.1885254685,"rprd":53.526177744834,"rpsigma":"0","acre":1205.6684136836,"lacre":1205.6684136836,"oldacre":"1193.3002599226"},"p2rating":{"entryid":"7615727","serverid":"eos","formatid":"monotype","userid":"vprodigymatt","username":"V ProdigyMatt","w":"0","l":3,"t":"0","gxe":38.4,"r":1427.4328741711,"rd":117.15874601867,"sigma":"0","rptime":1439715600,"rpr":1406.2448779218,"rprd":112.1003275028,"rpsigma":"0","acre":1000,"lacre":1000,"oldacre":"1000"},"endType":"normal"}