{"seed":[33499,24996,40864,63193],"turns":29,"p1":"SWL ROCK","p2":"Emg_DemZii","p1team":[{"name":"Galvantula","species":"Galvantula","item":"focussash","ability":"Compound Eyes","moves":["thunder","bugbuzz","stickyweb","voltswitch"],"nature":"Timid","evs":{"hp":0,"atk":0,"def":0,"spa":252,"spd":4,"spe":252},"ivs":{"hp":31,"atk":31,"def":31,"spa":31,"spd":31,"spe":31}},{"name":"Magnezone","species":"Magnezone","item":"choicescarf","ability":"Magnet Pull","moves":["voltswitch","hiddenpowerfire","flashcannon","thunderbolt"],"nature":"Timid","evs":{"hp":4,"atk":0,"def":0,"spa":252,"spd":0,"spe":252},"ivs":{"hp":31,"atk":30,"def":31,"spa":30,"spd":31,"spe":30}},{"name":"Zapdos","species":"Zapdos","item":"leftovers","ability":"Pressure","moves":["voltswitch","roost","defog","heatwave"],"nature":"Bold","evs":{"hp":248,"atk":0,"def":176,"spa":68,"spd":0,"spe":16},"ivs":{"hp":31,"atk":31,"def":31,"spa":31,"spd":31,"spe":31}},{"name":"Thundurus","species":"Thundurus","item":"lifeorb","ability":"Defiant","moves":["thunderbolt","knockoff","superpower","hiddenpowerice"],"nature":"Naive","evs":{"hp":0,"atk":76,"def":0,"spa":180,"spd":0,"spe":252},"ivs":{"hp":31,"atk":30,"def":30,"spa":31,"spd":31,"spe":31}},{"name":"Ampharos","species":"Ampharos","item":"ampharosite","ability":"Static","moves":["discharge","dragonpulse","rest","cottonguard"],"nature":"Calm","evs":{"hp":250,"atk":0,"def":0,"spa":28,"spd":232,"spe":0},"ivs":{"hp":31,"atk":31,"def":31,"spa":31,"spd":31,"spe":31}},{"name":"Luxray","species":"Luxray","item":"choiceband","ability":"Guts","moves":["wildcharge","superpower","crunch","facade"],"nature":"Adamant","evs":{"hp":0,"atk":252,"def":0,"spa":0,"spd":4,"spe":252},"ivs":{"hp":31,"atk":31,"def":31,"spa":31,"spd":31,"spe":31}}],"p2team":[{"name":"Politoed","species":"Politoed","item":"choicespecs","ability":"Drizzle","moves":["hydropump","icebeam","focusblast","hiddenpowergrass"],"nature":"Modest","evs":{"hp":248,"atk":0,"def":0,"spa":252,"spd":8,"spe":0},"ivs":{"hp":31,"atk":30,"def":31,"spa":30,"spd":31,"spe":31}},{"name":"Manaphy","species":"Manaphy","item":"leftovers","ability":"Hydration","moves":["tailglow","rest","scald","ancientpower"],"nature":"Modest","evs":{"hp":252,"atk":0,"def":0,"spa":252,"spd":4,"spe":0},"ivs":{"hp":31,"atk":31,"def":31,"spa":31,"spd":31,"spe":31}},{"name":"Slowking","species":"Slowking","item":"leftovers","ability":"Regenerator","moves":["psychic","calmmind","thunderwave","signalbeam"],"nature":"Bold","evs":{"hp":252,"atk":0,"def":4,"spa":244,"spd":0,"spe":0},"ivs":{"hp":31,"atk":31,"def":31,"spa":31,"spd":31,"spe":31}},{"name":"Swampert","species":"Swampert","item":"swampertite","ability":"Torrent","moves":["waterfall","hammerarm","icepunch","earthquake"],"nature":"Adamant","evs":{"hp":248,"atk":252,"def":0,"spa":0,"spd":8,"spe":0},"ivs":{"hp":31,"atk":31,"def":31,"spa":31,"spd":31,"spe":31}},{"name":"Azumarill","species":"Azumarill","item":"choiceband","ability":"Sap Sipper","moves":["aquajet","playrough","bulldoze","icepunch"],"nature":"Adamant","evs":{"hp":248,"atk":252,"def":0,"spa":0,"spd":8,"spe":0},"ivs":{"hp":31,"atk":31,"def":31,"spa":31,"spd":31,"spe":31}},{"name":"Tentacruel","species":"Tentacruel","item":"blacksludge","ability":"Liquid Ooze","moves":["rapidspin","acidspray","sludgebomb","surf"],"nature":"Bold","evs":{"hp":0,"atk":0,"def":248,"spa":8,"spd":252,"spe":0},"ivs":{"hp":31,"atk":31,"def":31,"spa":31,"spd":31,"spe":31}}],"log":["|player|p1|SWL ROCK|49","|player|p2|Emg_DemZii|274","|gametype|singles","|gen|6","|tier|Monotype","|rated","|rule|Baton Pass Clause: Limit one Baton Passer, can't pass Spe and other stats simultaneously","|rule|Swagger Clause: Swagger is banned","|rule|Same Type Clause: Pokémon in a team must share a type","|clearpoke","|poke|p1|Galvantula, F","|poke|p1|Magnezone","|poke|p1|Zapdos","|poke|p1|Thundurus, M","|poke|p1|Ampharos, M","|poke|p1|Luxray, M","|poke|p2|Politoed, M","|poke|p2|Manaphy","|poke|p2|Slowking, M","|poke|p2|Swampert, F","|poke|p2|Azumarill, M","|poke|p2|Tentacruel, F","|rule|Sleep Clause Mod: Limit one foe put to sleep","|rule|Species Clause: Limit one of each Pokémon","|rule|OHKO Clause: OHKO moves are banned","|rule|Moody Clause: Moody is banned","|rule|Evasion Moves Clause: Evasion moves are banned","|rule|Endless Battle Clause: Forcing endless battles is banned","|rule|HP Percentage Mod: HP is shown in percentages","|teampreview","|","|start","|switch|p1a: Galvantula|Galvantula, F|281/281","|switch|p2a: Politoed|Politoed, M|383/383","|-weather|RainDance","|turn|1","|","|switch|p2a: Swampert|Swampert, F|403/403","|move|p1a: Galvantula|Sticky Web|p2a: Swampert","|-sidestart|p2: Emg_DemZii|move: Sticky Web","|","|-weather|RainDance|[upkeep]","|turn|2","|","|detailschange|p2a: Swampert|Swampert-Mega, F","|-mega|p2a: Swampert|Swampert|Swampertite","|move|p1a: Galvantula|Bug Buzz|p2a: Swampert","|-damage|p2a: Swampert|294/403","|move|p2a: Swampert|Ice Punch|p1a: Galvantula","|-damage|p1a: Galvantula|120/281","|","|-weather|RainDance|[upkeep]","|turn|3","|","|move|p2a: Swampert|Earthquake|p1a: Galvantula","|-damage|p1a: Galvantula|0 fnt","|faint|p1a: Galvantula","|","|-weather|RainDance|[upkeep]","|","|switch|p1a: Zapdos|Zapdos|383/383","|-ability|p1a: Zapdos|Pressure","|turn|4","|","|move|p2a: Swampert|Ice Punch|p1a: Zapdos","|-supereffective|p1a: Zapdos","|-damage|p1a: Zapdos|193/383","|move|p1a: Zapdos|Roost|p1a: Zapdos","|-heal|p1a: Zapdos|383/383","|","|-weather|RainDance|[upkeep]","|turn|5","|","|move|p2a: Swampert|Ice Punch|p1a: Zapdos","|-supereffective|p1a: Zapdos","|-damage|p1a: Zapdos|197/383","|move|p1a: Zapdos|Roost|p1a: Zapdos","|-heal|p1a: Zapdos|383/383","|","|-weather|none","|turn|6","|","|switch|p2a: Tentacruel|Tentacruel, F|301/301","|-activate|p2a: Tentacruel|move: Sticky Web","|-unboost|p2a: Tentacruel|spe|1","|move|p1a: Zapdos|Heat Wave|p2a: Tentacruel","|-resisted|p2a: Tentacruel","|-damage|p2a: Tentacruel|269/301","|","|-heal|p2a: Tentacruel|287/301|[from] item: Black Sludge","|turn|7","|","|move|p1a: Zapdos|Volt Switch|p2a: Tentacruel","|-supereffective|p2a: Tentacruel","|-damage|p2a: Tentacruel|153/301","|","|switch|p1a: Ampharos|Ampharos, M|383/383","|move|p2a: Tentacruel|Rapid Spin|p1a: Ampharos","|-damage|p1a: Ampharos|370/383","|-sideend|p2: Emg_DemZii|Sticky Web|[from] move: Rapid Spin|[of] p2a: Tentacruel","|","|-heal|p2a: Tentacruel|171/301|[from] item: Black Sludge","|turn|8","|","|detailschange|p1a: Ampharos|Ampharos-Mega, M","|-mega|p1a: Ampharos|Ampharos|Ampharosite","|-ability|p1a: Ampharos|Mold Breaker","|move|p2a: Tentacruel|Acid Spray|p1a: Ampharos","|-damage|p1a: Ampharos|340/383","|-unboost|p1a: Ampharos|spd|2","|move|p1a: Ampharos|Cotton Guard|p1a: Ampharos","|-boost|p1a: Ampharos|def|3","|","|-heal|p2a: Tentacruel|189/301|[from] item: Black Sludge","|turn|9","|","|move|p2a: Tentacruel|Acid Spray|p1a: Ampharos","|-damage|p1a: Ampharos|289/383","|-unboost|p1a: Ampharos|spd|2","|move|p1a: Ampharos|Discharge|p2a: Tentacruel","|-supereffective|p2a: Tentacruel","|-damage|p2a: Tentacruel|0 fnt","|faint|p2a: Tentacruel","|","|","|switch|p2a: Manaphy|Manaphy|404/404","|turn|10","|","|switch|p1a: Thundurus|Thundurus, M|299/299","|move|p2a: Manaphy|Scald|p1a: Thundurus","|-damage|p1a: Thundurus|134/299","|","|turn|11","|","|switch|p2a: Slowking|Slowking, M|394/394","|move|p1a: Thundurus|Thunderbolt|p2a: Slowking","|-supereffective|p2a: Slowking","|-damage|p2a: Slowking|9/394","|-damage|p1a: Thundurus|105/299|[from] item: Life Orb","|","|-heal|p2a: Slowking|33/394|[from] item: Leftovers","|turn|12","|","|move|p1a: Thundurus|Knock Off|p2a: Slowking","|-supereffective|p2a: Slowking","|-damage|p2a: Slowking|0 fnt","|-enditem|p2a: Slowking|Leftovers|[from] move: Knock Off|[of] p1a: Thundurus","|-damage|p1a: Thundurus|76/299|[from] item: Life Orb","|faint|p2a: Slowking","|","|","|switch|p2a: Swampert|Swampert-Mega, F|294/403","|turn|13","|","|switch|p2a: Politoed|Politoed, M|383/383","|-weather|RainDance","|move|p1a: Thundurus|Superpower|p2a: Politoed","|-damage|p2a: Politoed|209/383","|-unboost|p1a: Thundurus|atk|1","|-unboost|p1a: Thundurus|def|1","|-damage|p1a: Thundurus|47/299|[from] item: Life Orb","|","|-weather|RainDance|[upkeep]","|turn|14","|","|switch|p2a: Swampert|Swampert-Mega, F|294/403","|move|p1a: Thundurus|Thunderbolt|p2a: Swampert","|-immune|p2a: Swampert|[msg]","|","|-weather|RainDance|[upkeep]","|turn|15","|","|move|p1a: Thundurus|Superpower|p2a: Swampert","|-damage|p2a: Swampert|204/403","|-unboost|p1a: Thundurus|atk|1","|-unboost|p1a: Thundurus|def|1","|-damage|p1a: Thundurus|18/299|[from] item: Life Orb","|move|p2a: Swampert|Ice Punch|p1a: Thundurus","|-supereffective|p1a: Thundurus","|-damage|p1a: Thundurus|0 fnt","|faint|p1a: Thundurus","|","|-weather|RainDance|[upkeep]","|","|switch|p1a: Zapdos|Zapdos|383/383","|-ability|p1a: Zapdos|Pressure","|turn|16","|","|move|p2a: Swampert|Ice Punch|p1a: Zapdos","|-supereffective|p1a: Zapdos","|-damage|p1a: Zapdos|201/383","|move|p1a: Zapdos|Roost|p1a: Zapdos","|-heal|p1a: Zapdos|383/383","|","|-weather|RainDance|[upkeep]","|turn|17","|","|move|p2a: Swampert|Ice Punch|p1a: Zapdos","|-supereffective|p1a: Zapdos","|-damage|p1a: Zapdos|195/383","|move|p1a: Zapdos|Heat Wave|p2a: Swampert","|-resisted|p2a: Swampert","|-damage|p2a: Swampert|183/403","|","|-weather|none","|-heal|p1a: Zapdos|218/383|[from] item: Leftovers","|turn|18","|","|switch|p1a: Magnezone|Magnezone|282/282","|switch|p2a: Politoed|Politoed, M|209/383","|-weather|RainDance","|","|-weather|RainDance|[upkeep]","|turn|19","|","|switch|p1a: Ampharos|Ampharos-Mega, M|289/383","|-ability|p1a: Ampharos|Mold Breaker","|move|p2a: Politoed|Focus Blast|p1a: Ampharos","|-damage|p1a: Ampharos|156/383","|","|-weather|RainDance|[upkeep]","|turn|20","|","|switch|p2a: Swampert|Swampert-Mega, F|183/403","|move|p1a: Ampharos|Cotton Guard|p1a: Ampharos","|-boost|p1a: Ampharos|def|3","|","|-weather|RainDance|[upkeep]","|turn|21","|","|move|p2a: Swampert|Ice Punch|p1a: Ampharos","|-supereffective|p1a: Ampharos","|-damage|p1a: Ampharos|68/383","|move|p1a: Ampharos|Dragon Pulse|p2a: Swampert","|-damage|p2a: Swampert|30/403","|","|-weather|RainDance|[upkeep]","|turn|22","|","|move|p2a: Swampert|Ice Punch|p1a: Ampharos","|-crit|p1a: Ampharos","|-supereffective|p1a: Ampharos","|-damage|p1a: Ampharos|0 fnt","|faint|p1a: Ampharos","|","|-weather|none","|","|switch|p1a: Magnezone|Magnezone|282/282","|turn|23","|","|move|p1a: Magnezone|Flash Cannon|p2a: Swampert","|-resisted|p2a: Swampert","|-damage|p2a: Swampert|0 fnt","|faint|p2a: Swampert","|","|","|switch|p2a: Politoed|Politoed, M|209/383","|-weather|RainDance","|turn|24","|","|switch|p1a: Zapdos|Zapdos|218/383","|-ability|p1a: Zapdos|Pressure","|move|p2a: Politoed|Focus Blast|p1a: Zapdos|[miss]","|-miss|p2a: Politoed|p1a: Zapdos","|","|-weather|RainDance|[upkeep]","|-heal|p1a: Zapdos|241/383|[from] item: Leftovers","|turn|25","|","|switch|p2a: Manaphy|Manaphy|404/404","|move|p1a: Zapdos|Volt Switch|p2a: Manaphy","|-supereffective|p2a: Manaphy","|-damage|p2a: Manaphy|188/404","|","|switch|p1a: Magnezone|Magnezone|282/282","|","|-weather|RainDance|[upkeep]","|-heal|p2a: Manaphy|213/404|[from] item: Leftovers","|turn|26","|","|move|p1a: Magnezone|Thunderbolt|p2a: Manaphy","|-supereffective|p2a: Manaphy","|-damage|p2a: Manaphy|0 fnt","|faint|p2a: Manaphy","|","|-weather|RainDance|[upkeep]","|","|switch|p2a: Politoed|Politoed, M|209/383","|turn|27","|","|move|p1a: Magnezone|Thunderbolt|p2a: Politoed","|-supereffective|p2a: Politoed","|-damage|p2a: Politoed|0 fnt","|faint|p2a: Politoed","|","|-weather|RainDance|[upkeep]","|","|switch|p2a: Azumarill|Azumarill, M|403/403","|turn|28","|","|move|p1a: Magnezone|Thunderbolt|p2a: Azumarill","|-supereffective|p2a: Azumarill","|-damage|p2a: Azumarill|53/403","|-status|p2a: Azumarill|par","|move|p2a: Azumarill|Bulldoze|p1a: Magnezone","|-supereffective|p1a: Magnezone","|-damage|p1a: Magnezone|30/282","|-unboost|p1a: Magnezone|spe|1","|","|-weather|none","|turn|29","|","|move|p1a: Magnezone|Thunderbolt|p2a: Azumarill","|-supereffective|p2a: Azumarill","|-damage|p2a: Azumarill|0 fnt","|faint|p2a: Azumarill","|","|win|SWL ROCK"],"p1rating":{"entryid":"7496999","serverid":"eos","formatid":"monotype","userid":"swlrock","username":"SWL ROCK","w":15,"l":"5","t":"0","gxe":65.3,"r":"1509.6860829096","rd":"104.42198161743","sigma":"0","rptime":"1439629200","rpr":1620.9404443632,"rprd":70.164103732522,"rpsigma":"0","acre":1236.6219967154,"lacre":1236.6219967154,"oldacre":"1224.2854618103"},"p2rating":{"entryid":"7361210","serverid":"eos","formatid":"monotype","userid":"emgdemzii","username":"Emg_DemZii","w":"8","l":29,"t":"0","gxe":24.8,"r":"1297.7950467346","rd":"58.638353209628","sigma":"0","rptime":"1439629200","rpr":1288.978518614,"rprd":57.578924153194,"rpsigma":"0","acre":1023.2102288659,"lacre":1023.2102288659,"oldacre":"1030.3946292564"},"endType":"normal"}