{"seed":[24952,30310,16851,38646],"turns":23,"p1":"SL~Kingdra","p2":"SWL Neßki","p1team":[{"name":"Chesnaught","species":"Chesnaught","item":"leftovers","ability":"Bulletproof","moves":["spikes","leechseed","spikyshield","drainpunch"],"nature":"Impish","evs":{"hp":252,"atk":0,"def":252,"spa":0,"spd":4,"spe":0},"ivs":{"hp":31,"atk":31,"def":31,"spa":31,"spd":31,"spe":31}},{"name":"Infernape","species":"Infernape","item":"focussash","ability":"Iron Fist","moves":["stealthrock","closecombat","firepunch","machpunch"],"nature":"Jolly","evs":{"hp":4,"atk":252,"def":0,"spa":0,"spd":0,"spe":252},"ivs":{"hp":31,"atk":31,"def":31,"spa":31,"spd":31,"spe":31}},{"name":"Medicham","species":"Medicham","item":"medichamite","ability":"Pure Power","moves":["fakeout","bulletpunch","zenheadbutt","highjumpkick"],"nature":"Jolly","evs":{"hp":4,"atk":252,"def":0,"spa":0,"spd":0,"spe":252},"ivs":{"hp":31,"atk":31,"def":31,"spa":31,"spd":31,"spe":31}},{"name":"Terrakion","species":"Terrakion","item":"choicescarf","ability":"Justified","moves":["ironhead","stoneedge","closecombat","earthquake"],"nature":"Adamant","evs":{"hp":4,"atk":252,"def":0,"spa":0,"spd":0,"spe":252},"ivs":{"hp":31,"atk":31,"def":31,"spa":31,"spd":31,"spe":31}},{"name":"Keldeo-Resolute","species":"Keldeo-Resolute","item":"choicespecs","ability":"Justified","moves":["secretsword","scald","icywind","hydropump"],"nature":"Timid","evs":{"hp":4,"atk":0,"def":0,"spa":252,"spd":0,"spe":252},"ivs":{"hp":31,"atk":31,"def":31,"spa":31,"spd":31,"spe":31}},{"name":"Hawlucha","species":"Hawlucha","item":"powerherb","ability":"Unburden","moves":["acrobatics","skyattack","drainpunch","swordsdance"],"nature":"Adamant","evs":{"hp":0,"atk":252,"def":0,"spa":0,"spd":0,"spe":252},"ivs":{"hp":31,"atk":31,"def":31,"spa":31,"spd":31,"spe":31}}],"p2team":[{"name":"Garchomp","species":"Garchomp","item":"rockyhelmet","ability":"Rough Skin","moves":["stealthrock","earthquake","dragontail","endure"],"nature":"Impish","evs":{"hp":164,"atk":0,"def":252,"spa":0,"spd":0,"spe":92},"ivs":{"hp":31,"atk":31,"def":31,"spa":31,"spd":31,"spe":31}},{"name":"Latios","species":"Latios","item":"choicescarf","ability":"Levitate","moves":["psyshock","icebeam","dracometeor","hiddenpowerfire"],"nature":"Timid","evs":{"hp":0,"atk":0,"def":0,"spa":252,"spd":4,"spe":252},"ivs":{"hp":31,"atk":30,"def":31,"spa":30,"spd":31,"spe":30}},{"name":"PK-Kaiser","species":"latias","item":"latiasite","ability":"Levitate","moves":["thunderwave","energyball","defog","healingwish"],"nature":"Calm","evs":{"hp":244,"atk":0,"def":0,"spa":0,"spd":252,"spe":12},"ivs":{"hp":31,"atk":0,"def":31,"spa":31,"spd":31,"spe":31},"happiness":0},{"name":"Hydreigon","species":"Hydreigon","item":"focussash","ability":"Levitate","moves":["flamethrower","darkpulse","earthpower","tailwind"],"nature":"Modest","evs":{"hp":4,"atk":0,"def":0,"spa":252,"spd":0,"spe":252},"ivs":{"hp":31,"atk":0,"def":31,"spa":31,"spd":31,"spe":31}},{"name":"Kyurem-Black","species":"Kyurem-Black","item":"assaultvest","ability":"Teravolt","moves":["fusionbolt","ironhead","icebeam","earthpower"],"nature":"Lonely","evs":{"hp":0,"atk":252,"def":0,"spa":108,"spd":0,"spe":148},"ivs":{"hp":31,"atk":31,"def":31,"spa":31,"spd":31,"spe":31}},{"name":"Dragonite","species":"Dragonite","item":"choiceband","ability":"Multiscale","moves":["superpower","outrage","extremespeed","earthquake"],"nature":"Adamant","evs":{"hp":240,"atk":252,"def":0,"spa":0,"spd":0,"spe":16},"ivs":{"hp":31,"atk":31,"def":31,"spa":31,"spd":31,"spe":31}}],"log":["|player|p1|SL~Kingdra|99","|player|p2|SWL Neßki|swlneki.png","|gametype|singles","|gen|6","|tier|Monotype","|rated","|rule|Baton Pass Clause: Limit one Baton Passer, can't pass Spe and other stats simultaneously","|rule|Swagger Clause: Swagger is banned","|rule|Same Type Clause: Pokémon in a team must share a type","|clearpoke","|poke|p1|Chesnaught, M","|poke|p1|Infernape, M","|poke|p1|Medicham, F","|poke|p1|Terrakion","|poke|p1|Keldeo-Resolute","|poke|p1|Hawlucha, F","|poke|p2|Garchomp, M","|poke|p2|Latios, M","|poke|p2|Latias, F","|poke|p2|Hydreigon, M","|poke|p2|Kyurem-Black","|poke|p2|Dragonite, M","|rule|Sleep Clause Mod: Limit one foe put to sleep","|rule|Species Clause: Limit one of each Pokémon","|rule|OHKO Clause: OHKO moves are banned","|rule|Moody Clause: Moody is banned","|rule|Evasion Moves Clause: Evasion moves are banned","|rule|Endless Battle Clause: Forcing endless battles is banned","|rule|HP Percentage Mod: HP is shown in percentages","|teampreview","|","|start","|switch|p1a: Infernape|Infernape, M|294/294","|switch|p2a: Dragonite|Dragonite, M|383/383","|turn|1","|","|move|p2a: Dragonite|Extreme Speed|p1a: Infernape","|-damage|p1a: Infernape|67/294","|move|p1a: Infernape|Stealth Rock|p2a: Dragonite","|-sidestart|p2: SWL Neßki|move: Stealth Rock","|","|turn|2","|","|move|p2a: Dragonite|Extreme Speed|p1a: Infernape","|-damage|p1a: Infernape|0 fnt","|faint|p1a: Infernape","|","|","|switch|p1a: Keldeo-Resolute|Keldeo-Resolute|324/324","|turn|3","|","|switch|p2a: PK-Kaiser|Latias, F|362/362","|-damage|p2a: PK-Kaiser|317/362|[from] Stealth Rock","|move|p1a: Keldeo-Resolute|Icy Wind|p2a: PK-Kaiser","|-supereffective|p2a: PK-Kaiser","|-damage|p2a: PK-Kaiser|189/362","|-unboost|p2a: PK-Kaiser|spe|1","|","|turn|4","|","|detailschange|p2a: PK-Kaiser|Latias-Mega, F","|-mega|p2a: PK-Kaiser|Latias|Latiasite","|move|p1a: Keldeo-Resolute|Icy Wind|p2a: PK-Kaiser","|-supereffective|p2a: PK-Kaiser","|-damage|p2a: PK-Kaiser|85/362","|-unboost|p2a: PK-Kaiser|spe|1","|move|p2a: PK-Kaiser|Thunder Wave|p1a: Keldeo-Resolute","|-status|p1a: Keldeo-Resolute|par","|","|turn|5","|","|move|p2a: PK-Kaiser|Defog|p1a: Keldeo-Resolute","|-unboost|p1a: Keldeo-Resolute|evasion|1","|-sideend|p2: SWL Neßki|Stealth Rock|[from] move: Defog|[of] p2a: PK-Kaiser","|cant|p1a: Keldeo-Resolute|par","|","|turn|6","|","|switch|p2a: Kyurem-Black|Kyurem-Black|391/391","|-ability|p2a: Kyurem-Black|Teravolt","|move|p1a: Keldeo-Resolute|Icy Wind|p2a: Kyurem-Black","|-damage|p2a: Kyurem-Black|321/391","|-unboost|p2a: Kyurem-Black|spe|1","|","|turn|7","|","|switch|p1a: Terrakion|Terrakion|324/324","|move|p2a: Kyurem-Black|Fusion Bolt|p1a: Terrakion","|-damage|p1a: Terrakion|164/324","|","|turn|8","|","|switch|p2a: Garchomp|Garchomp, M|398/398","|move|p1a: Terrakion|Iron Head|p2a: Garchomp","|-damage|p2a: Garchomp|320/398","|-damage|p1a: Terrakion|124/324|[from] ability: Rough Skin|[of] p2a: Garchomp","|-damage|p1a: Terrakion|70/324|[from] item: Rocky Helmet|[of] p2a: Garchomp","|","|turn|9","|","|move|p1a: Terrakion|Iron Head|p2a: Garchomp","|-damage|p2a: Garchomp|241/398","|-damage|p1a: Terrakion|30/324|[from] ability: Rough Skin|[of] p2a: Garchomp","|-damage|p1a: Terrakion|0 fnt|[from] item: Rocky Helmet|[of] p2a: Garchomp","|faint|p1a: Terrakion","|move|p2a: Garchomp|Stealth Rock|p1: Terrakion","|-sidestart|p1: SL~Kingdra|move: Stealth Rock","|","|","|switch|p1a: Chesnaught|Chesnaught, M|380/380","|-damage|p1a: Chesnaught|357/380|[from] Stealth Rock","|turn|10","|","|switch|p2a: Kyurem-Black|Kyurem-Black|321/391","|-ability|p2a: Kyurem-Black|Teravolt","|move|p1a: Chesnaught|Leech Seed|p2a: Kyurem-Black","|-start|p2a: Kyurem-Black|move: Leech Seed","|","|-heal|p1a: Chesnaught|380/380|[from] item: Leftovers","|-damage|p2a: Kyurem-Black|273/391|[from] Leech Seed|[of] p1a: Chesnaught","|turn|11","|","|move|p2a: Kyurem-Black|Ice Beam|p1a: Chesnaught","|-supereffective|p1a: Chesnaught","|-damage|p1a: Chesnaught|20/380","|move|p1a: Chesnaught|Drain Punch|p2a: Kyurem-Black","|-supereffective|p2a: Kyurem-Black","|-damage|p2a: Kyurem-Black|57/391","|-heal|p1a: Chesnaught|128/380|[from] drain|[of] p2a: Kyurem-Black","|","|-heal|p1a: Chesnaught|151/380|[from] item: Leftovers","|-damage|p2a: Kyurem-Black|9/391|[from] Leech Seed|[of] p1a: Chesnaught","|-heal|p1a: Chesnaught|199/380|[silent]","|turn|12","|","|switch|p2a: PK-Kaiser|Latias-Mega, F|85/362","|move|p1a: Chesnaught|Spiky Shield|p1a: Chesnaught","|-fail|p1a: Chesnaught","|","|-heal|p1a: Chesnaught|222/380|[from] item: Leftovers","|turn|13","|","|move|p2a: PK-Kaiser|Healing Wish|p2a: PK-Kaiser","|faint|p2a: PK-Kaiser","|move|p1a: Chesnaught|Leech Seed|p2: PK-Kaiser|[notarget]","|-notarget","|","|-heal|p1a: Chesnaught|245/380|[from] item: Leftovers","|","|switch|p2a: Kyurem-Black|Kyurem-Black|9/391","|-heal|p2a: Kyurem-Black|391/391|[from] move: Healing Wish","|-ability|p2a: Kyurem-Black|Teravolt","|turn|14","|","|move|p1a: Chesnaught|Spiky Shield|p1a: Chesnaught","|-singleturn|p1a: Chesnaught|move: Protect","|move|p2a: Kyurem-Black|Ice Beam|p1a: Chesnaught","|-activate|p1a: Chesnaught|Protect","|","|-heal|p1a: Chesnaught|268/380|[from] item: Leftovers","|turn|15","|","|move|p2a: Kyurem-Black|Ice Beam|p1a: Chesnaught","|-supereffective|p1a: Chesnaught","|-damage|p1a: Chesnaught|0 fnt","|faint|p1a: Chesnaught","|","|","|switch|p1a: Medicham|Medicham, F|262/262","|-damage|p1a: Medicham|246/262|[from] Stealth Rock","|turn|16","|","|switch|p2a: Garchomp|Garchomp, M|241/398","|detailschange|p1a: Medicham|Medicham-Mega, F","|-mega|p1a: Medicham|Medicham|Medichamite","|move|p1a: Medicham|Fake Out|p2a: Garchomp","|-damage|p2a: Garchomp|182/398","|-damage|p1a: Medicham|214/262|[from] ability: Rough Skin|[of] p2a: Garchomp","|-damage|p1a: Medicham|171/262|[from] item: Rocky Helmet|[of] p2a: Garchomp","|","|turn|17","|","|move|p2a: Garchomp|Endure|p2a: Garchomp","|-singleturn|p2a: Garchomp|move: Endure","|move|p1a: Medicham|Zen Headbutt|p2a: Garchomp","|-damage|p2a: Garchomp|1/398","|-damage|p1a: Medicham|139/262|[from] ability: Rough Skin|[of] p2a: Garchomp","|-damage|p1a: Medicham|96/262|[from] item: Rocky Helmet|[of] p2a: Garchomp","|","|turn|18","|","|move|p2a: Garchomp|Endure|p2a: Garchomp","|-fail|p2a: Garchomp","|move|p1a: Medicham|Bullet Punch|p2a: Garchomp","|-damage|p2a: Garchomp|0 fnt","|-damage|p1a: Medicham|64/262|[from] ability: Rough Skin|[of] p2a: Garchomp","|-damage|p1a: Medicham|21/262|[from] item: Rocky Helmet|[of] p2a: Garchomp","|faint|p2a: Garchomp","|","|","|switch|p2a: Dragonite|Dragonite, M|383/383","|turn|19","|","|move|p2a: Dragonite|Extreme Speed|p1a: Medicham","|-crit|p1a: Medicham","|-damage|p1a: Medicham|0 fnt","|faint|p1a: Medicham","|","|","|switch|p1a: Keldeo-Resolute|Keldeo-Resolute|324/324 par","|-damage|p1a: Keldeo-Resolute|304/324 par|[from] Stealth Rock","|turn|20","|","|move|p2a: Dragonite|Extreme Speed|p1a: Keldeo-Resolute","|-damage|p1a: Keldeo-Resolute|136/324 par","|move|p1a: Keldeo-Resolute|Secret Sword|p2a: Dragonite","|-resisted|p2a: Dragonite","|-damage|p2a: Dragonite|324/383","|","|turn|21","|","|move|p2a: Dragonite|Extreme Speed|p1a: Keldeo-Resolute","|-crit|p1a: Keldeo-Resolute","|-damage|p1a: Keldeo-Resolute|0 fnt","|faint|p1a: Keldeo-Resolute","|","|","|switch|p1a: Hawlucha|Hawlucha, F|297/297","|-damage|p1a: Hawlucha|260/297|[from] Stealth Rock","|turn|22","|","|move|p2a: Dragonite|Extreme Speed|p1a: Hawlucha","|-damage|p1a: Hawlucha|51/297","|move|p1a: Hawlucha|Sky Attack|p2a: Dragonite|[still]","|-prepare|p1a: Hawlucha|Sky Attack|p2a: Dragonite","|-enditem|p1a: Hawlucha|Power Herb","|-anim|p1a: Hawlucha|Sky Attack|p2a: Dragonite","|-damage|p2a: Dragonite|107/383","|","|turn|23","|","|move|p2a: Dragonite|Extreme Speed|p1a: Hawlucha","|-damage|p1a: Hawlucha|0 fnt","|faint|p1a: Hawlucha","|","|win|SWL Neßki"],"p1rating":{"entryid":"7548471","serverid":"eos","formatid":"monotype","userid":"slkingdra","username":"SL~Kingdra","w":"25","l":22,"t":"0","gxe":52.4,"r":"1481.8412010282","rd":"58.95433178987","sigma":"0","rptime":"1439715600","rpr":1518.509646585,"rprd":50.59011947942,"rpsigma":"0","acre":1182.6832159035,"lacre":1182.6832159035,"oldacre":"1200.5081643505"},"p2rating":{"entryid":"6746789","serverid":"eos","formatid":"monotype","userid":"swlneki","username":"SWL Neßki","w":40,"l":"20","t":"0","gxe":68,"r":"1622.0742964777","rd":"53.869186402568","sigma":"0","rptime":"1439715600","rpr":1643.2178232177,"rprd":49.405704693888,"rpsigma":"0","acre":1317.3645106947,"lacre":1317.3645106947,"oldacre":"1303.1045519371"},"endType":"normal"}