{"seed":[9173,50000,15181,2466],"turns":24,"p1":"Rain ☆ S.Herbs","p2":"Marx-Bot","p1team":[{"name":"Hippowdon","species":"Hippowdon","item":"leftovers","ability":"Sand Stream","moves":["earthquake","stealthrock","slackoff","toxic"],"nature":"Careful","evs":{"hp":252,"atk":4,"def":252,"spa":0,"spd":0,"spe":0},"ivs":{"hp":31,"atk":31,"def":31,"spa":31,"spd":31,"spe":31}},{"name":"Landorus","species":"Landorus","item":"choicescarf","ability":"Sheer Force","moves":["earthpower","grassknot","rockslide","sludgewave"],"nature":"Naive","evs":{"hp":0,"atk":4,"def":0,"spa":252,"spd":0,"spe":252},"ivs":{"hp":31,"atk":31,"def":31,"spa":31,"spd":31,"spe":31}},{"name":"Gliscor","species":"Gliscor","item":"toxicorb","ability":"Poison Heal","moves":["swordsdance","earthquake","knockoff","poisonjab"],"nature":"Careful","evs":{"hp":244,"atk":0,"def":8,"spa":0,"spd":200,"spe":56},"ivs":{"hp":31,"atk":31,"def":31,"spa":31,"spd":31,"spe":31}},{"name":"Garchomp","species":"Garchomp","item":"garchompite","ability":"Rough Skin","moves":["dracometeor","earthquake","flamethrower","stealthrock"],"nature":"Naive","evs":{"hp":0,"atk":4,"def":0,"spa":252,"spd":0,"spe":252},"ivs":{"hp":31,"atk":31,"def":31,"spa":31,"spd":31,"spe":31}},{"name":"Gastrodon","species":"Gastrodon","item":"leftovers","ability":"Storm Drain","moves":["scald","icebeam","toxic","earthpower"],"nature":"Bold","evs":{"hp":252,"atk":0,"def":252,"spa":4,"spd":0,"spe":0},"ivs":{"hp":31,"atk":31,"def":31,"spa":31,"spd":31,"spe":31}},{"name":"Excadrill","species":"Excadrill","item":"airballoon","ability":"Sand Rush","moves":["earthquake","ironhead","rockslide","swordsdance"],"nature":"Adamant","evs":{"hp":0,"atk":252,"def":4,"spa":0,"spd":0,"spe":252},"shiny":true,"ivs":{"hp":31,"atk":31,"def":31,"spa":31,"spd":31,"spe":31}}],"p2team":[{"name":"Murkrow","species":"Murkrow","item":"eviolite","ability":"Prankster","moves":["roost","thunderwave","featherdance","darkpulse"],"nature":"Calm","evs":{"hp":248,"atk":0,"def":0,"spa":8,"spd":252,"spe":0},"ivs":{"hp":31,"atk":31,"def":31,"spa":31,"spd":31,"spe":31}},{"name":"Absol","species":"Absol","item":"scopelens","ability":"Super Luck","moves":["nightslash","shadowclaw","thunderwave","suckerpunch"],"nature":"Jolly","evs":{"hp":0,"atk":252,"def":0,"spa":0,"spd":4,"spe":252},"ivs":{"hp":31,"atk":31,"def":31,"spa":31,"spd":31,"spe":31}},{"name":"Mandibuzz","species":"Mandibuzz","item":"rockyhelmet","ability":"Overcoat","moves":["foulplay","roost","toxic","bravebird"],"nature":"Impish","evs":{"hp":248,"atk":8,"def":252,"spa":0,"spd":0,"spe":0},"ivs":{"hp":31,"atk":31,"def":31,"spa":31,"spd":31,"spe":31}},{"name":"Malamar","species":"Malamar","item":"muscleband","ability":"Contrary","moves":["nightslash","psychocut","superpower","foulplay"],"nature":"Adamant","evs":{"hp":248,"atk":252,"def":0,"spa":0,"spd":8,"spe":0},"ivs":{"hp":31,"atk":31,"def":31,"spa":31,"spd":31,"spe":31}},{"name":"Hydreigon","species":"Hydreigon","item":"choicespecs","ability":"Levitate","moves":["darkpulse","dragonpulse","earthpower","flamethrower"],"nature":"Timid","evs":{"hp":0,"atk":0,"def":0,"spa":252,"spd":4,"spe":252},"ivs":{"hp":31,"atk":31,"def":31,"spa":31,"spd":31,"spe":31}},{"name":"Sharpedo","species":"Sharpedo","item":"focussash","ability":"Speed Boost","moves":["destinybond","crunch","earthquake","waterfall"],"nature":"Adamant","evs":{"hp":0,"atk":252,"def":0,"spa":0,"spd":4,"spe":252},"ivs":{"hp":31,"atk":31,"def":31,"spa":31,"spd":31,"spe":31}}],"log":["|player|p1|Rain ☆ S.Herbs|154","|player|p2|Marx-Bot|238","|gametype|singles","|gen|6","|tier|Monotype","|rated","|rule|Baton Pass Clause: Limit one Baton Passer, can't pass Spe and other stats simultaneously","|rule|Swagger Clause: Swagger is banned","|rule|Same Type Clause: Pokémon in a team must share a type","|clearpoke","|poke|p1|Hippowdon, F","|poke|p1|Landorus, M","|poke|p1|Gliscor, F","|poke|p1|Garchomp, M","|poke|p1|Gastrodon, M","|poke|p1|Excadrill, M, shiny","|poke|p2|Murkrow, M","|poke|p2|Absol, F","|poke|p2|Mandibuzz, F","|poke|p2|Malamar, F","|poke|p2|Hydreigon, F","|poke|p2|Sharpedo, M","|rule|Sleep Clause Mod: Limit one foe put to sleep","|rule|Species Clause: Limit one of each Pokémon","|rule|OHKO Clause: OHKO moves are banned","|rule|Moody Clause: Moody is banned","|rule|Evasion Moves Clause: Evasion moves are banned","|rule|Endless Battle Clause: Forcing endless battles is banned","|rule|HP Percentage Mod: HP is shown in percentages","|teampreview","|","|start","|switch|p1a: Garchomp|Garchomp, M|357/357","|switch|p2a: Hydreigon|Hydreigon, F|325/325","|turn|1","|","|switch|p1a: Hippowdon|Hippowdon, F|420/420","|-weather|Sandstorm","|switch|p2a: Mandibuzz|Mandibuzz, F|423/423","|","|-weather|Sandstorm|[upkeep]","|turn|2","|","|move|p2a: Mandibuzz|Toxic|p1a: Hippowdon","|-status|p1a: Hippowdon|tox","|move|p1a: Hippowdon|Toxic|p2a: Mandibuzz","|-status|p2a: Mandibuzz|tox","|","|-weather|Sandstorm|[upkeep]","|-damage|p2a: Mandibuzz|397/423 tox|[from] psn","|-damage|p1a: Hippowdon|394/420 tox|[from] psn","|turn|3","|","|switch|p2a: Malamar|Malamar, F|375/375","|move|p1a: Hippowdon|Stealth Rock|p2a: Malamar","|-sidestart|p2: Marx-Bot|move: Stealth Rock","|","|-weather|Sandstorm|[upkeep]","|-damage|p2a: Malamar|352/375|[from] sandstorm","|-heal|p1a: Hippowdon|420/420 tox|[from] item: Leftovers","|-damage|p1a: Hippowdon|368/420 tox|[from] psn","|turn|4","|","|move|p2a: Malamar|Superpower|p1a: Hippowdon","|-damage|p1a: Hippowdon|277/420 tox","|-boost|p2a: Malamar|atk|1","|-boost|p2a: Malamar|def|1","|move|p1a: Hippowdon|Toxic|p2a: Malamar","|-status|p2a: Malamar|tox","|","|-weather|Sandstorm|[upkeep]","|-damage|p2a: Malamar|329/375 tox|[from] sandstorm","|-heal|p1a: Hippowdon|303/420 tox|[from] item: Leftovers","|-damage|p2a: Malamar|306/375 tox|[from] psn","|-damage|p1a: Hippowdon|225/420 tox|[from] psn","|turn|5","|","|move|p2a: Malamar|Superpower|p1a: Hippowdon","|-damage|p1a: Hippowdon|88/420 tox","|-boost|p2a: Malamar|atk|1","|-boost|p2a: Malamar|def|1","|move|p1a: Hippowdon|Slack Off|p1a: Hippowdon","|-heal|p1a: Hippowdon|298/420 tox","|","|-weather|none","|-heal|p1a: Hippowdon|324/420 tox|[from] item: Leftovers","|-damage|p2a: Malamar|260/375 tox|[from] psn","|-damage|p1a: Hippowdon|220/420 tox|[from] psn","|turn|6","|","|switch|p1a: Gliscor|Gliscor, F|352/352","|move|p2a: Malamar|Superpower|p1a: Gliscor","|-resisted|p1a: Gliscor","|-damage|p1a: Gliscor|237/352","|-boost|p2a: Malamar|atk|1","|-boost|p2a: Malamar|def|1","|","|-damage|p2a: Malamar|191/375 tox|[from] psn","|-status|p1a: Gliscor|tox|[from] item: Toxic Orb","|turn|7","|","|move|p1a: Gliscor|Knock Off|p2a: Malamar","|-damage|p2a: Malamar|155/375 tox","|-enditem|p2a: Malamar|Muscle Band|[from] move: Knock Off|[of] p1a: Gliscor","|move|p2a: Malamar|Night Slash|p1a: Gliscor","|-damage|p1a: Gliscor|17/352 tox","|","|-heal|p1a: Gliscor|61/352 tox|[from] ability: Poison Heal","|-damage|p2a: Malamar|63/375 tox|[from] psn","|turn|8","|","|switch|p1a: Hippowdon|Hippowdon, F|220/420 tox","|-weather|Sandstorm","|move|p2a: Malamar|Night Slash|p1a: Hippowdon","|-damage|p1a: Hippowdon|24/420 tox","|","|-weather|Sandstorm|[upkeep]","|-damage|p2a: Malamar|40/375 tox|[from] sandstorm","|-heal|p1a: Hippowdon|50/420 tox|[from] item: Leftovers","|-damage|p2a: Malamar|0 fnt|[from] psn","|-damage|p1a: Hippowdon|24/420 tox|[from] psn","|faint|p2a: Malamar","|","|switch|p2a: Absol|Absol, F|271/271","|-damage|p2a: Absol|238/271|[from] Stealth Rock","|turn|9","|","|move|p2a: Absol|Night Slash|p1a: Hippowdon","|-crit|p1a: Hippowdon","|-damage|p1a: Hippowdon|0 fnt","|faint|p1a: Hippowdon","|","|-weather|Sandstorm|[upkeep]","|-damage|p2a: Absol|222/271|[from] sandstorm","|","|switch|p1a: Excadrill|Excadrill, M, shiny|361/361","|-item|p1a: Excadrill|Air Balloon","|turn|10","|","|move|p1a: Excadrill|Iron Head|p2a: Absol","|-damage|p2a: Absol|0 fnt","|faint|p2a: Absol","|","|-weather|Sandstorm|[upkeep]","|","|switch|p2a: Mandibuzz|Mandibuzz, F|397/423 tox","|-damage|p2a: Mandibuzz|292/423 tox|[from] Stealth Rock","|turn|11","|","|move|p1a: Excadrill|Rock Slide|p2a: Mandibuzz","|-supereffective|p2a: Mandibuzz","|-damage|p2a: Mandibuzz|156/423 tox","|move|p2a: Mandibuzz|Foul Play|p1a: Excadrill","|-damage|p1a: Excadrill|94/361","|-enditem|p1a: Excadrill|Air Balloon","|","|-weather|Sandstorm|[upkeep]","|-damage|p2a: Mandibuzz|130/423 tox|[from] psn","|turn|12","|","|move|p1a: Excadrill|Iron Head|p2a: Mandibuzz","|-damage|p2a: Mandibuzz|24/423 tox","|-damage|p1a: Excadrill|34/361|[from] item: Rocky Helmet|[of] p2a: Mandibuzz","|cant|p2a: Mandibuzz|flinch","|","|-weather|none","|-damage|p2a: Mandibuzz|0 fnt|[from] psn","|faint|p2a: Mandibuzz","|","|switch|p2a: Hydreigon|Hydreigon, F|325/325","|-damage|p2a: Hydreigon|285/325|[from] Stealth Rock","|turn|13","|","|move|p2a: Hydreigon|Dark Pulse|p1a: Excadrill","|-crit|p1a: Excadrill","|-damage|p1a: Excadrill|0 fnt","|faint|p1a: Excadrill","|","|","|switch|p1a: Gastrodon|Gastrodon, M|426/426","|turn|14","|","|move|p2a: Hydreigon|Dark Pulse|p1a: Gastrodon","|-damage|p1a: Gastrodon|194/426","|move|p1a: Gastrodon|Toxic|p2a: Hydreigon","|-status|p2a: Hydreigon|tox","|","|-heal|p1a: Gastrodon|220/426|[from] item: Leftovers","|-damage|p2a: Hydreigon|265/325 tox|[from] psn","|turn|15","|","|switch|p1a: Gliscor|Gliscor, F|61/352 tox","|move|p2a: Hydreigon|Dark Pulse|p1a: Gliscor","|-damage|p1a: Gliscor|0 fnt","|faint|p1a: Gliscor","|","|-damage|p2a: Hydreigon|225/325 tox|[from] psn","|","|switch|p1a: Garchomp|Garchomp, M|357/357","|turn|16","|","|detailschange|p1a: Garchomp|Garchomp-Mega, M","|-mega|p1a: Garchomp|Garchomp|Garchompite","|move|p1a: Garchomp|Draco Meteor|p2a: Hydreigon","|-supereffective|p2a: Hydreigon","|-damage|p2a: Hydreigon|0 fnt","|-unboost|p1a: Garchomp|spa|2","|faint|p2a: Hydreigon","|","|","|switch|p2a: Sharpedo|Sharpedo, M|281/281","|-damage|p2a: Sharpedo|246/281|[from] Stealth Rock","|turn|17","|","|move|p1a: Garchomp|Earthquake|p2a: Sharpedo","|-damage|p2a: Sharpedo|0 fnt","|faint|p2a: Sharpedo","|","|","|switch|p2a: Murkrow|Murkrow, M|323/323","|-damage|p2a: Murkrow|243/323|[from] Stealth Rock","|turn|18","|","|move|p2a: Murkrow|Feather Dance|p1a: Garchomp","|-unboost|p1a: Garchomp|atk|2","|move|p1a: Garchomp|Draco Meteor|p2a: Murkrow","|-damage|p2a: Murkrow|159/323","|-unboost|p1a: Garchomp|spa|2","|","|turn|19","|","|switch|p1a: Gastrodon|Gastrodon, M|220/426","|move|p2a: Murkrow|Roost|p2a: Murkrow","|-heal|p2a: Murkrow|321/323","|","|-heal|p1a: Gastrodon|246/426|[from] item: Leftovers","|turn|20","|","|move|p2a: Murkrow|Dark Pulse|p1a: Gastrodon","|-crit|p1a: Gastrodon","|-damage|p1a: Gastrodon|104/426","|move|p1a: Gastrodon|Toxic|p2a: Murkrow","|-status|p2a: Murkrow|tox","|","|-heal|p1a: Gastrodon|130/426|[from] item: Leftovers","|-damage|p2a: Murkrow|301/323 tox|[from] psn","|turn|21","|","|move|p2a: Murkrow|Dark Pulse|p1a: Gastrodon","|-damage|p1a: Gastrodon|33/426","|move|p1a: Gastrodon|Ice Beam|p2a: Murkrow","|-supereffective|p2a: Murkrow","|-damage|p2a: Murkrow|201/323 tox","|","|-heal|p1a: Gastrodon|59/426|[from] item: Leftovers","|-damage|p2a: Murkrow|161/323 tox|[from] psn","|turn|22","|","|move|p2a: Murkrow|Dark Pulse|p1a: Gastrodon","|-damage|p1a: Gastrodon|0 fnt","|faint|p1a: Gastrodon","|","|-damage|p2a: Murkrow|101/323 tox|[from] psn","|","|switch|p1a: Garchomp|Garchomp-Mega, M|357/357","|turn|23","|","|move|p2a: Murkrow|Roost|p2a: Murkrow","|-heal|p2a: Murkrow|263/323 tox","|move|p1a: Garchomp|Flamethrower|p2a: Murkrow","|-damage|p2a: Murkrow|179/323 tox","|","|-damage|p2a: Murkrow|99/323 tox|[from] psn","|turn|24","|","|move|p1a: Garchomp|Draco Meteor|p2a: Murkrow","|-damage|p2a: Murkrow|0 fnt","|-unboost|p1a: Garchomp|spa|2","|faint|p2a: Murkrow","|","|win|Rain ☆ S.Herbs"],"p1rating":{"entryid":"7610897","serverid":"eos","formatid":"monotype","userid":"rainsherbs","username":"Rain ☆ S.Herbs","w":10,"l":"7","t":"0","gxe":55.8,"r":"1613.0187063722","rd":"88.744540362824","sigma":"0","rptime":"1439715600","rpr":1544.4884843182,"rprd":73.986210350991,"rpsigma":"0","acre":1140.6653245595,"lacre":1140.6653245595,"oldacre":"1111.3480314331"},"p2rating":{"entryid":"5765428","serverid":"eos","formatid":"monotype","userid":"marxbot","username":"Marx Bot","w":"207","l":300,"t":"0","gxe":43.3,"r":"1449.2241103163","rd":"32.521873808857","sigma":"0","rptime":"1439715600","rpr":1449.2774880814,"rprd":32.191107046194,"rpsigma":"0","acre":1142.6373352464,"lacre":1142.6373352464,"oldacre":"1171.9546283728"},"endType":"normal"}