{"seed":[36963,19080,7626,25682],"turns":25,"p1":"Guard Wanderer","p2":"Void Chrono","p1team":[{"name":"Toxitoad","species":"toxicroak","item":"blacksludge","ability":"Dry Skin","moves":["bulkup","drainpunch","gunkshot","suckerpunch"],"nature":"Adamant","evs":{"hp":252,"atk":252,"def":0,"spa":0,"spd":4,"spe":0},"ivs":{"hp":31,"atk":31,"def":31,"spa":31,"spd":31,"spe":31}},{"name":"Tentarude","species":"tentacruel","item":"assaultvest","ability":"Liquid Ooze","moves":["scald","acidspray","gigadrain","hex"],"nature":"Timid","evs":{"hp":4,"atk":0,"def":0,"spa":252,"spd":0,"spe":252},"ivs":{"hp":31,"atk":31,"def":31,"spa":31,"spd":31,"spe":31}},{"name":"Asthma","species":"weezing","item":"sitrusberry","ability":"Levitate","moves":["raindance","willowisp","thief","toxicspikes"],"nature":"Careful","evs":{"hp":248,"atk":8,"def":0,"spa":0,"spd":252,"spe":0},"ivs":{"hp":31,"atk":31,"def":31,"spa":31,"spd":31,"spe":31}},{"name":"Sal","species":"gengar","item":"choicescarf","ability":"Levitate","moves":["hex","venoshock","focusblast","destinybond"],"nature":"Timid","evs":{"hp":4,"atk":0,"def":0,"spa":252,"spd":0,"spe":252},"ivs":{"hp":31,"atk":30,"def":30,"spa":31,"spd":31,"spe":31}},{"name":"Slowbat","species":"crobat","item":"whiteherb","ability":"Infiltrator","moves":["curse","acrobatics","roost","hypnosis"],"nature":"Jolly","evs":{"hp":252,"atk":4,"def":0,"spa":0,"spd":0,"spe":252},"ivs":{"hp":31,"atk":31,"def":31,"spa":31,"spd":31,"spe":31}},{"name":"Skuntank","species":"Skuntank","item":"","ability":"Aftermath","moves":["snatch","poisonjab","suckerpunch","raindance"],"nature":"","evs":{"hp":0,"atk":0,"def":0,"spa":0,"spd":0,"spe":0},"ivs":{"hp":31,"atk":31,"def":31,"spa":31,"spd":31,"spe":31}}],"p2team":[{"name":"Stick Armed Forces","species":"gallade","item":"galladite","ability":"Justified","moves":["drainpunch","psychocut","knockoff","memento"],"nature":"Jolly","evs":{"hp":4,"atk":252,"def":0,"spa":0,"spd":0,"spe":252},"ivs":{"hp":31,"atk":31,"def":31,"spa":31,"spd":31,"spe":31}},{"name":"Doom Shroom","species":"breloom","item":"focussash","ability":"Technician","moves":["spore","swordsdance","machpunch","bulletseed"],"nature":"Adamant","evs":{"hp":4,"atk":252,"def":0,"spa":0,"spd":0,"spe":252},"ivs":{"hp":31,"atk":31,"def":31,"spa":31,"spd":31,"spe":31}},{"name":"Dear Deer","species":"cobalion","item":"leftovers","ability":"Justified","moves":["thunderwave","ironhead","stealthrock","roar"],"nature":"Impish","evs":{"hp":252,"atk":0,"def":252,"spa":0,"spd":4,"spe":0},"shiny":true,"ivs":{"hp":31,"atk":31,"def":31,"spa":31,"spd":31,"spe":31}},{"name":"Red Bull","species":"terrakion","item":"choicescarf","ability":"Justified","moves":["closecombat","stoneedge","ironhead","earthquake"],"nature":"Jolly","evs":{"hp":0,"atk":252,"def":0,"spa":0,"spd":4,"spe":252},"shiny":true,"ivs":{"hp":31,"atk":31,"def":31,"spa":31,"spd":31,"spe":31}},{"name":"MLP Prodigy","species":"keldeoresolute","item":"weaknesspolicy","ability":"Justified","moves":["calmmind","substitute","scald","secretsword"],"nature":"Timid","evs":{"hp":128,"atk":0,"def":0,"spa":128,"spd":0,"spe":252},"ivs":{"hp":31,"atk":31,"def":31,"spa":31,"spd":31,"spe":31}},{"name":"Punchbuggy","species":"heracross","item":"choiceband","ability":"Guts","moves":["megahorn","closecombat","knockoff","feint"],"nature":"Adamant","evs":{"hp":0,"atk":252,"def":0,"spa":0,"spd":4,"spe":252},"ivs":{"hp":31,"atk":31,"def":31,"spa":31,"spd":31,"spe":31}}],"log":["|player|p1|Guard Wanderer|235","|player|p2|Void Chrono|voidchrono.png","|gametype|singles","|gen|6","|tier|Monotype","|rated","|rule|Baton Pass Clause: Limit one Baton Passer, can't pass Spe and other stats simultaneously","|rule|Swagger Clause: Swagger is banned","|rule|Same Type Clause: Pokémon in a team must share a type","|clearpoke","|poke|p1|Toxicroak, F","|poke|p1|Tentacruel, M","|poke|p1|Weezing, M","|poke|p1|Gengar, M","|poke|p1|Crobat, M","|poke|p1|Skuntank, F","|poke|p2|Gallade, M","|poke|p2|Breloom, F","|poke|p2|Cobalion, shiny","|poke|p2|Terrakion, shiny","|poke|p2|Keldeo-Resolute","|poke|p2|Heracross, F","|rule|Sleep Clause Mod: Limit one foe put to sleep","|rule|Species Clause: Limit one of each Pokémon","|rule|OHKO Clause: OHKO moves are banned","|rule|Moody Clause: Moody is banned","|rule|Evasion Moves Clause: Evasion moves are banned","|rule|Endless Battle Clause: Forcing endless battles is banned","|rule|HP Percentage Mod: HP is shown in percentages","|teampreview","|","|start","|switch|p1a: Asthma|Weezing, M|333/333","|switch|p2a: Stick Armed Forces|Gallade, M|278/278","|turn|1","|","|detailschange|p2a: Stick Armed Forces|Gallade-Mega, M","|-mega|p2a: Stick Armed Forces|Gallade|Galladite","|move|p2a: Stick Armed Forces|Psycho Cut|p1a: Asthma","|-crit|p1a: Asthma","|-supereffective|p1a: Asthma","|-damage|p1a: Asthma|0 fnt","|faint|p1a: Asthma","|","|","|switch|p1a: Slowbat|Crobat, M|374/374","|turn|2","|","|move|p1a: Slowbat|Hypnosis|p2a: Stick Armed Forces","|-status|p2a: Stick Armed Forces|slp","|cant|p2a: Stick Armed Forces|slp","|","|turn|3","|","|switch|p2a: Dear Deer|Cobalion, shiny|386/386","|move|p1a: Slowbat|Curse|p1a: Slowbat","|-unboost|p1a: Slowbat|spe|1","|-boost|p1a: Slowbat|atk|1","|-boost|p1a: Slowbat|def|1","|-enditem|p1a: Slowbat|White Herb","|-restoreboost|p1a: Slowbat|[silent]","|","|turn|4","|","|move|p1a: Slowbat|Acrobatics|p2a: Dear Deer","|-damage|p2a: Dear Deer|286/386","|move|p2a: Dear Deer|Thunder Wave|p1a: Slowbat","|-status|p1a: Slowbat|par","|","|-heal|p2a: Dear Deer|310/386|[from] item: Leftovers","|turn|5","|","|move|p2a: Dear Deer|Stealth Rock|p1a: Slowbat","|-sidestart|p1: Guard Wanderer|move: Stealth Rock","|move|p1a: Slowbat|Curse|p1a: Slowbat","|-unboost|p1a: Slowbat|spe|1","|-boost|p1a: Slowbat|atk|1","|-boost|p1a: Slowbat|def|1","|","|-heal|p2a: Dear Deer|334/386|[from] item: Leftovers","|turn|6","|","|move|p1a: Slowbat|Curse|p1a: Slowbat","|-unboost|p1a: Slowbat|spe|1","|-boost|p1a: Slowbat|atk|1","|-boost|p1a: Slowbat|def|1","|move|p2a: Dear Deer|Roar|p1a: Slowbat","|drag|p1a: Skuntank|Skuntank, F|347/347","|-damage|p1a: Skuntank|304/347|[from] Stealth Rock","|","|-heal|p2a: Dear Deer|358/386|[from] item: Leftovers","|turn|7","|","|move|p2a: Dear Deer|Thunder Wave|p1a: Skuntank","|-status|p1a: Skuntank|par","|move|p1a: Skuntank|Rain Dance|p1a: Skuntank","|-weather|RainDance","|","|-weather|RainDance|[upkeep]","|-heal|p2a: Dear Deer|382/386|[from] item: Leftovers","|turn|8","|","|switch|p1a: Toxitoad|Toxicroak, F|370/370","|-damage|p1a: Toxitoad|347/370|[from] Stealth Rock","|move|p2a: Dear Deer|Thunder Wave|p1a: Toxitoad","|-status|p1a: Toxitoad|par","|","|-weather|RainDance|[upkeep]","|-heal|p1a: Toxitoad|370/370 par|[from] ability: Dry Skin","|-heal|p2a: Dear Deer|386/386|[from] item: Leftovers","|turn|9","|","|move|p2a: Dear Deer|Iron Head|p1a: Toxitoad","|-damage|p1a: Toxitoad|238/370 par","|cant|p1a: Toxitoad|par","|","|-weather|RainDance|[upkeep]","|-heal|p1a: Toxitoad|284/370 par|[from] ability: Dry Skin","|-heal|p1a: Toxitoad|307/370 par|[from] item: Black Sludge","|turn|10","|","|move|p2a: Dear Deer|Iron Head|p1a: Toxitoad","|-damage|p1a: Toxitoad|187/370 par","|move|p1a: Toxitoad|Drain Punch|p2a: Dear Deer","|-supereffective|p2a: Dear Deer","|-damage|p2a: Dear Deer|246/386","|-heal|p1a: Toxitoad|257/370 par|[from] drain|[of] p2a: Dear Deer","|","|-weather|RainDance|[upkeep]","|-heal|p1a: Toxitoad|303/370 par|[from] ability: Dry Skin","|-heal|p2a: Dear Deer|270/386|[from] item: Leftovers","|-heal|p1a: Toxitoad|326/370 par|[from] item: Black Sludge","|turn|11","|","|move|p2a: Dear Deer|Iron Head|p1a: Toxitoad","|-damage|p1a: Toxitoad|211/370 par","|move|p1a: Toxitoad|Bulk Up|p1a: Toxitoad","|-boost|p1a: Toxitoad|atk|1","|-boost|p1a: Toxitoad|def|1","|","|-weather|none","|-heal|p2a: Dear Deer|294/386|[from] item: Leftovers","|-heal|p1a: Toxitoad|234/370 par|[from] item: Black Sludge","|turn|12","|","|move|p2a: Dear Deer|Iron Head|p1a: Toxitoad","|-damage|p1a: Toxitoad|156/370 par","|move|p1a: Toxitoad|Drain Punch|p2a: Dear Deer","|-supereffective|p2a: Dear Deer","|-damage|p2a: Dear Deer|78/386","|-heal|p1a: Toxitoad|264/370 par|[from] drain|[of] p2a: Dear Deer","|","|-heal|p2a: Dear Deer|102/386|[from] item: Leftovers","|-heal|p1a: Toxitoad|287/370 par|[from] item: Black Sludge","|turn|13","|","|move|p2a: Dear Deer|Iron Head|p1a: Toxitoad","|-damage|p1a: Toxitoad|205/370 par","|move|p1a: Toxitoad|Drain Punch|p2a: Dear Deer","|-supereffective|p2a: Dear Deer","|-damage|p2a: Dear Deer|0 fnt","|-heal|p1a: Toxitoad|256/370 par|[from] drain|[of] p2a: Dear Deer","|faint|p2a: Dear Deer","|","|-heal|p1a: Toxitoad|279/370 par|[from] item: Black Sludge","|","|switch|p2a: Stick Armed Forces|Gallade-Mega, M|278/278 slp","|turn|14","|","|-curestatus|p2a: Stick Armed Forces|slp","|move|p2a: Stick Armed Forces|Psycho Cut|p1a: Toxitoad","|-supereffective|p1a: Toxitoad","|-damage|p1a: Toxitoad|0 fnt","|faint|p1a: Toxitoad","|","|","|switch|p1a: Skuntank|Skuntank, F|304/347 par","|-damage|p1a: Skuntank|261/347 par|[from] Stealth Rock","|turn|15","|","|move|p2a: Stick Armed Forces|Drain Punch|p1a: Skuntank","|-damage|p1a: Skuntank|45/347 par","|move|p1a: Skuntank|Poison Jab|p2a: Stick Armed Forces","|-damage|p2a: Stick Armed Forces|176/278","|-status|p2a: Stick Armed Forces|psn","|","|-damage|p2a: Stick Armed Forces|142/278 psn|[from] psn","|turn|16","|","|move|p1a: Skuntank|Sucker Punch|p2a: Stick Armed Forces","|-damage|p2a: Stick Armed Forces|46/278 psn","|move|p2a: Stick Armed Forces|Drain Punch|p1a: Skuntank","|-damage|p1a: Skuntank|0 fnt","|-heal|p2a: Stick Armed Forces|69/278 psn|[from] drain|[of] p1a: Skuntank","|-damage|p2a: Stick Armed Forces|0 fnt|[from] ability: Aftermath|[of] p1a: Skuntank","|faint|p2a: Stick Armed Forces","|faint|p1a: Skuntank","|","|","|switch|p2a: MLP Prodigy|Keldeo-Resolute|355/355","|switch|p1a: Tentarude|Tentacruel, M|302/302","|-damage|p1a: Tentarude|265/302|[from] Stealth Rock","|turn|17","|","|move|p2a: MLP Prodigy|Substitute|p2a: MLP Prodigy","|-start|p2a: MLP Prodigy|Substitute","|-damage|p2a: MLP Prodigy|267/355","|move|p1a: Tentarude|Acid Spray|p2a: MLP Prodigy","|-crit|p2a: MLP Prodigy","|-activate|p2a: MLP Prodigy|Substitute|[damage]","|","|turn|18","|","|move|p2a: MLP Prodigy|Scald|p1a: Tentarude","|-resisted|p1a: Tentarude","|-damage|p1a: Tentarude|232/302","|move|p1a: Tentarude|Giga Drain|p2a: MLP Prodigy","|-supereffective|p2a: MLP Prodigy","|-end|p2a: MLP Prodigy|Substitute","|-heal|p1a: Tentarude|237/302|[from] drain|[of] p2a: MLP Prodigy","|","|turn|19","|","|move|p2a: MLP Prodigy|Calm Mind|p2a: MLP Prodigy","|-boost|p2a: MLP Prodigy|spa|1","|-boost|p2a: MLP Prodigy|spd|1","|move|p1a: Tentarude|Giga Drain|p2a: MLP Prodigy","|-supereffective|p2a: MLP Prodigy","|-damage|p2a: MLP Prodigy|163/355","|-heal|p1a: Tentarude|289/302|[from] drain|[of] p2a: MLP Prodigy","|-enditem|p2a: MLP Prodigy|Weakness Policy","|-boost|p2a: MLP Prodigy|atk|2|[from] item: Weakness Policy","|-boost|p2a: MLP Prodigy|spa|2|[from] item: Weakness Policy","|","|turn|20","|","|move|p2a: MLP Prodigy|Secret Sword|p1a: Tentarude","|-resisted|p1a: Tentarude","|-damage|p1a: Tentarude|52/302","|move|p1a: Tentarude|Acid Spray|p2a: MLP Prodigy","|-damage|p2a: MLP Prodigy|124/355","|-unboost|p2a: MLP Prodigy|spd|2","|","|turn|21","|","|move|p2a: MLP Prodigy|Scald|p1a: Tentarude","|-resisted|p1a: Tentarude","|-damage|p1a: Tentarude|0 fnt","|faint|p1a: Tentarude","|","|","|switch|p1a: Sal|Gengar, M|262/262","|-damage|p1a: Sal|230/262|[from] Stealth Rock","|turn|22","|","|move|p1a: Sal|Hex|p2a: MLP Prodigy","|-damage|p2a: MLP Prodigy|0 fnt","|faint|p2a: MLP Prodigy","|","|","|switch|p2a: Punchbuggy|Heracross, F|301/301","|turn|23","|","|switch|p1a: Slowbat|Crobat, M|374/374 par","|-damage|p1a: Slowbat|281/374 par|[from] Stealth Rock","|move|p2a: Punchbuggy|Knock Off|p1a: Slowbat","|-damage|p1a: Slowbat|127/374 par","|","|turn|24","|","|move|p2a: Punchbuggy|Knock Off|p1a: Slowbat","|-damage|p1a: Slowbat|0 fnt","|faint|p1a: Slowbat","|","|","|switch|p1a: Sal|Gengar, M|230/262","|-damage|p1a: Sal|198/262|[from] Stealth Rock","|turn|25","|","|move|p1a: Sal|Destiny Bond|p1a: Sal","|-singlemove|p1a: Sal|Destiny Bond","|move|p2a: Punchbuggy|Knock Off|p1a: Sal","|-supereffective|p1a: Sal","|-damage|p1a: Sal|0 fnt","|-enditem|p1a: Sal|Choice Scarf|[from] move: Knock Off|[of] p2a: Punchbuggy","|faint|p1a: Sal","|-activate|p1a: Sal|Destiny Bond","|faint|p2a: Punchbuggy","|","|win|Void Chrono"],"p1rating":{"entryid":"6731189","serverid":"eos","formatid":"monotype","userid":"guardwanderer","username":"Guard Wanderer","w":"116","l":146,"t":"0","gxe":44.3,"r":"1459.7322922767","rd":"26.593051063609","sigma":"0","rptime":"1439715600","rpr":1456.6638827096,"rprd":26.454658879397,"rpsigma":"0","acre":1081.1519328142,"lacre":1081.1519328142,"oldacre":"1098.4008245804"},"p2rating":{"entryid":"5810362","serverid":"eos","formatid":"monotype","userid":"voidchrono","username":"Void Chrono ת_תת_ת","w":142,"l":"80","t":"0","gxe":63.6,"r":"1611.4112850607","rd":"31.840547961789","sigma":"0","rptime":"1439715600","rpr":1605.0817708324,"rprd":31.285421670298,"rpsigma":"0","acre":1224.6392285425,"lacre":1224.6392285425,"oldacre":"1207.2232293494"},"endType":"normal"}