{"seed":[64807,49306,63215,3906],"turns":29,"p1":"SWL ROCK","p2":"SL~Kingdra","p1team":[{"name":"Rotom-Wash","species":"Rotom-Wash","item":"leftovers","ability":"Levitate","moves":["hydropump","voltswitch","painsplit","willowisp"],"nature":"Calm","evs":{"hp":252,"atk":0,"def":0,"spa":4,"spd":252,"spe":0},"ivs":{"hp":31,"atk":31,"def":31,"spa":31,"spd":31,"spe":31}},{"name":"Magnezone","species":"Magnezone","item":"choicescarf","ability":"Magnet Pull","moves":["voltswitch","hiddenpowerice","flashcannon","thunderbolt"],"nature":"Timid","evs":{"hp":4,"atk":0,"def":0,"spa":252,"spd":0,"spe":252},"ivs":{"hp":31,"atk":30,"def":30,"spa":31,"spd":31,"spe":31}},{"name":"Zapdos","species":"Zapdos","item":"leftovers","ability":"Pressure","moves":["voltswitch","roost","defog","toxic"],"nature":"Bold","evs":{"hp":248,"atk":0,"def":176,"spa":68,"spd":0,"spe":16},"ivs":{"hp":31,"atk":31,"def":31,"spa":31,"spd":31,"spe":31}},{"name":"Thundurus","species":"Thundurus","item":"lifeorb","ability":"Prankster","moves":["thunderbolt","knockoff","thunderwave","taunt"],"nature":"Naive","evs":{"hp":0,"atk":76,"def":0,"spa":180,"spd":0,"spe":252},"ivs":{"hp":31,"atk":30,"def":30,"spa":31,"spd":31,"spe":31}},{"name":"Ampharos","species":"Ampharos","item":"ampharosite","ability":"Static","moves":["discharge","dragonpulse","rest","cottonguard"],"nature":"Calm","evs":{"hp":250,"atk":0,"def":0,"spa":28,"spd":232,"spe":0},"ivs":{"hp":31,"atk":31,"def":31,"spa":31,"spd":31,"spe":31}},{"name":"Luxray","species":"Luxray","item":"choiceband","ability":"Guts","moves":["wildcharge","superpower","crunch","facade"],"nature":"Adamant","evs":{"hp":0,"atk":252,"def":0,"spa":0,"spd":4,"spe":252},"ivs":{"hp":31,"atk":31,"def":31,"spa":31,"spd":31,"spe":31}}],"p2team":[{"name":"Chesnaught","species":"Chesnaught","item":"leftovers","ability":"Bulletproof","moves":["spikes","leechseed","spikyshield","drainpunch"],"nature":"Impish","evs":{"hp":252,"atk":0,"def":252,"spa":0,"spd":4,"spe":0},"ivs":{"hp":31,"atk":31,"def":31,"spa":31,"spd":31,"spe":31}},{"name":"Infernape","species":"Infernape","item":"focussash","ability":"Iron Fist","moves":["stealthrock","closecombat","firepunch","machpunch"],"nature":"Jolly","evs":{"hp":4,"atk":252,"def":0,"spa":0,"spd":0,"spe":252},"ivs":{"hp":31,"atk":31,"def":31,"spa":31,"spd":31,"spe":31}},{"name":"Medicham","species":"Medicham","item":"medichamite","ability":"Pure Power","moves":["fakeout","bulletpunch","zenheadbutt","highjumpkick"],"nature":"Jolly","evs":{"hp":4,"atk":252,"def":0,"spa":0,"spd":0,"spe":252},"ivs":{"hp":31,"atk":31,"def":31,"spa":31,"spd":31,"spe":31}},{"name":"Terrakion","species":"Terrakion","item":"choicescarf","ability":"Justified","moves":["ironhead","stoneedge","closecombat","earthquake"],"nature":"Adamant","evs":{"hp":4,"atk":252,"def":0,"spa":0,"spd":0,"spe":252},"ivs":{"hp":31,"atk":31,"def":31,"spa":31,"spd":31,"spe":31}},{"name":"Keldeo-Resolute","species":"Keldeo-Resolute","item":"choicespecs","ability":"Justified","moves":["secretsword","scald","icywind","hydropump"],"nature":"Timid","evs":{"hp":4,"atk":0,"def":0,"spa":252,"spd":0,"spe":252},"ivs":{"hp":31,"atk":31,"def":31,"spa":31,"spd":31,"spe":31}},{"name":"Hawlucha","species":"Hawlucha","item":"powerherb","ability":"Unburden","moves":["acrobatics","skyattack","drainpunch","swordsdance"],"nature":"Adamant","evs":{"hp":0,"atk":252,"def":0,"spa":0,"spd":0,"spe":252},"ivs":{"hp":31,"atk":31,"def":31,"spa":31,"spd":31,"spe":31}}],"log":["|player|p1|SWL ROCK|swlrockhard.png","|player|p2|SL~Kingdra|99","|gametype|singles","|gen|6","|tier|Monotype","|rated","|rule|Baton Pass Clause: Limit one Baton Passer, can't pass Spe and other stats simultaneously","|rule|Swagger Clause: Swagger is banned","|rule|Same Type Clause: Pokémon in a team must share a type","|clearpoke","|poke|p1|Rotom-Wash","|poke|p1|Magnezone","|poke|p1|Zapdos","|poke|p1|Thundurus, M","|poke|p1|Ampharos, M","|poke|p1|Luxray, M","|poke|p2|Chesnaught, M","|poke|p2|Infernape, M","|poke|p2|Medicham, M","|poke|p2|Terrakion","|poke|p2|Keldeo-Resolute","|poke|p2|Hawlucha, M","|rule|Sleep Clause Mod: Limit one foe put to sleep","|rule|Species Clause: Limit one of each Pokémon","|rule|OHKO Clause: OHKO moves are banned","|rule|Moody Clause: Moody is banned","|rule|Evasion Moves Clause: Evasion moves are banned","|rule|Endless Battle Clause: Forcing endless battles is banned","|rule|HP Percentage Mod: HP is shown in percentages","|teampreview","|","|start","|switch|p1a: Magnezone|Magnezone|282/282","|switch|p2a: Infernape|Infernape, M|294/294","|turn|1","|","|move|p1a: Magnezone|Volt Switch|p2a: Infernape","|-damage|p2a: Infernape|138/294","|","|switch|p1a: Zapdos|Zapdos|383/383","|-ability|p1a: Zapdos|Pressure","|move|p2a: Infernape|Stealth Rock|p1a: Zapdos","|-sidestart|p1: SWL ROCK|move: Stealth Rock","|","|turn|2","|","|move|p2a: Infernape|Fire Punch|p1a: Zapdos","|-damage|p1a: Zapdos|268/383","|move|p1a: Zapdos|Volt Switch|p2a: Infernape","|-damage|p2a: Infernape|0 fnt","|faint|p2a: Infernape","|","|switch|p1a: Magnezone|Magnezone|282/282","|-damage|p1a: Magnezone|265/282|[from] Stealth Rock","|","|","|switch|p2a: Terrakion|Terrakion|324/324","|turn|3","|","|move|p2a: Terrakion|Close Combat|p1a: Magnezone","|-supereffective|p1a: Magnezone","|-damage|p1a: Magnezone|0 fnt","|-unboost|p2a: Terrakion|def|1","|-unboost|p2a: Terrakion|spd|1","|faint|p1a: Magnezone","|","|","|switch|p1a: Rotom-Wash|Rotom-Wash|304/304","|-damage|p1a: Rotom-Wash|266/304|[from] Stealth Rock","|turn|4","|","|switch|p2a: Keldeo-Resolute|Keldeo-Resolute|324/324","|move|p1a: Rotom-Wash|Will-O-Wisp|p2a: Keldeo-Resolute","|-status|p2a: Keldeo-Resolute|brn","|","|-heal|p1a: Rotom-Wash|285/304|[from] item: Leftovers","|-damage|p2a: Keldeo-Resolute|284/324 brn|[from] brn","|turn|5","|","|move|p2a: Keldeo-Resolute|Secret Sword|p1a: Rotom-Wash","|-damage|p1a: Rotom-Wash|90/304","|move|p1a: Rotom-Wash|Pain Split|p2a: Keldeo-Resolute","|-sethp|p2a: Keldeo-Resolute|187/324 brn|p1a: Rotom-Wash|187/304|[from] move: Pain Split","|","|-heal|p1a: Rotom-Wash|206/304|[from] item: Leftovers","|-damage|p2a: Keldeo-Resolute|147/324 brn|[from] brn","|turn|6","|","|move|p2a: Keldeo-Resolute|Secret Sword|p1a: Rotom-Wash","|-damage|p1a: Rotom-Wash|8/304","|move|p1a: Rotom-Wash|Volt Switch|p2a: Keldeo-Resolute","|-supereffective|p2a: Keldeo-Resolute","|-damage|p2a: Keldeo-Resolute|0 fnt","|faint|p2a: Keldeo-Resolute","|","|switch|p1a: Zapdos|Zapdos|268/383","|-damage|p1a: Zapdos|173/383|[from] Stealth Rock","|-ability|p1a: Zapdos|Pressure","|","|-heal|p1a: Zapdos|196/383|[from] item: Leftovers","|","|switch|p2a: Medicham|Medicham, M|262/262","|turn|7","|","|detailschange|p2a: Medicham|Medicham-Mega, M","|-mega|p2a: Medicham|Medicham|Medichamite","|move|p2a: Medicham|Fake Out|p1a: Zapdos","|-damage|p1a: Zapdos|131/383","|cant|p1a: Zapdos|flinch","|","|-heal|p1a: Zapdos|154/383|[from] item: Leftovers","|turn|8","|","|move|p2a: Medicham|Zen Headbutt|p1a: Zapdos","|-damage|p1a: Zapdos|0 fnt","|faint|p1a: Zapdos","|","|","|switch|p1a: Thundurus|Thundurus, M|299/299","|-damage|p1a: Thundurus|225/299|[from] Stealth Rock","|turn|9","|","|switch|p2a: Chesnaught|Chesnaught, M|380/380","|move|p1a: Thundurus|Thunder Wave|p2a: Chesnaught","|-status|p2a: Chesnaught|par","|","|turn|10","|","|move|p1a: Thundurus|Taunt|p2a: Chesnaught","|-start|p2a: Chesnaught|move: Taunt","|cant|p2a: Chesnaught|move: Taunt|Leech Seed","|","|turn|11","|","|switch|p1a: Rotom-Wash|Rotom-Wash|8/304","|-damage|p1a: Rotom-Wash|0 fnt|[from] Stealth Rock","|faint|p1a: Rotom-Wash","|move|p2a: Chesnaught|Drain Punch|p1: Rotom-Wash|[notarget]","|-notarget","|","|","|switch|p1a: Ampharos|Ampharos, M|383/383","|-damage|p1a: Ampharos|336/383|[from] Stealth Rock","|turn|12","|","|switch|p2a: Hawlucha|Hawlucha, M|297/297","|detailschange|p1a: Ampharos|Ampharos-Mega, M","|-mega|p1a: Ampharos|Ampharos|Ampharosite","|-ability|p1a: Ampharos|Mold Breaker","|move|p1a: Ampharos|Cotton Guard|p1a: Ampharos","|-boost|p1a: Ampharos|def|3","|","|turn|13","|","|move|p2a: Hawlucha|Sky Attack|p1a: Ampharos|[still]|[miss]","|-prepare|p2a: Hawlucha|Sky Attack|p1a: Ampharos","|-enditem|p2a: Hawlucha|Power Herb","|-anim|p2a: Hawlucha|Sky Attack|p1a: Ampharos","|-miss|p2a: Hawlucha|p1a: Ampharos","|move|p1a: Ampharos|Cotton Guard|p1a: Ampharos","|-boost|p1a: Ampharos|def|3","|","|turn|14","|","|move|p2a: Hawlucha|Swords Dance|p2a: Hawlucha","|-boost|p2a: Hawlucha|atk|2","|move|p1a: Ampharos|Discharge|p2a: Hawlucha","|-supereffective|p2a: Hawlucha","|-damage|p2a: Hawlucha|0 fnt","|faint|p2a: Hawlucha","|","|","|switch|p2a: Terrakion|Terrakion|324/324","|turn|15","|","|move|p2a: Terrakion|Earthquake|p1a: Ampharos","|-supereffective|p1a: Ampharos","|-damage|p1a: Ampharos|268/383","|move|p1a: Ampharos|Discharge|p2a: Terrakion","|-damage|p2a: Terrakion|170/324","|","|turn|16","|","|move|p2a: Terrakion|Earthquake|p1a: Ampharos","|-supereffective|p1a: Ampharos","|-damage|p1a: Ampharos|202/383","|move|p1a: Ampharos|Discharge|p2a: Terrakion","|-damage|p2a: Terrakion|1/324","|","|turn|17","|","|move|p2a: Terrakion|Earthquake|p1a: Ampharos","|-supereffective|p1a: Ampharos","|-damage|p1a: Ampharos|142/383","|move|p1a: Ampharos|Rest|p1a: Ampharos","|-status|p1a: Ampharos|slp","|-heal|p1a: Ampharos|383/383 slp|[silent]","|-status|p1a: Ampharos|slp|[from] move: Rest","|","|turn|18","|","|move|p2a: Terrakion|Earthquake|p1a: Ampharos","|-supereffective|p1a: Ampharos","|-damage|p1a: Ampharos|325/383 slp","|cant|p1a: Ampharos|slp","|","|turn|19","|","|switch|p2a: Medicham|Medicham-Mega, M|262/262","|cant|p1a: Ampharos|slp","|","|turn|20","|","|move|p2a: Medicham|Fake Out|p1a: Ampharos","|-crit|p1a: Ampharos","|-damage|p1a: Ampharos|218/383 slp","|-curestatus|p1a: Ampharos|slp","|cant|p1a: Ampharos|flinch","|","|turn|21","|","|move|p2a: Medicham|Zen Headbutt|p1a: Ampharos","|-damage|p1a: Ampharos|155/383","|move|p1a: Ampharos|Discharge|p2a: Medicham","|-damage|p2a: Medicham|85/262","|","|turn|22","|","|move|p2a: Medicham|High Jump Kick|p1a: Ampharos","|-damage|p1a: Ampharos|58/383","|move|p1a: Ampharos|Rest|p1a: Ampharos","|-status|p1a: Ampharos|slp","|-heal|p1a: Ampharos|383/383 slp|[silent]","|-status|p1a: Ampharos|slp|[from] move: Rest","|","|turn|23","|","|move|p2a: Medicham|High Jump Kick|p1a: Ampharos","|-damage|p1a: Ampharos|295/383 slp","|cant|p1a: Ampharos|slp","|","|turn|24","|","|move|p2a: Medicham|High Jump Kick|p1a: Ampharos","|-damage|p1a: Ampharos|198/383 slp","|cant|p1a: Ampharos|slp","|","|turn|25","|","|move|p2a: Medicham|High Jump Kick|p1a: Ampharos","|-damage|p1a: Ampharos|102/383 slp","|-curestatus|p1a: Ampharos|slp","|move|p1a: Ampharos|Discharge|p2a: Medicham","|-damage|p2a: Medicham|0 fnt","|faint|p2a: Medicham","|","|","|switch|p2a: Terrakion|Terrakion|1/324","|turn|26","|","|move|p2a: Terrakion|Earthquake|p1a: Ampharos","|-supereffective|p1a: Ampharos","|-damage|p1a: Ampharos|36/383","|move|p1a: Ampharos|Discharge|p2a: Terrakion","|-damage|p2a: Terrakion|0 fnt","|faint|p2a: Terrakion","|","|","|switch|p2a: Chesnaught|Chesnaught, M|380/380 par","|turn|27","|","|move|p1a: Ampharos|Dragon Pulse|p2a: Chesnaught","|-damage|p2a: Chesnaught|188/380 par","|move|p2a: Chesnaught|Drain Punch|p1a: Ampharos","|-damage|p1a: Ampharos|12/383","|-heal|p2a: Chesnaught|200/380 par|[from] drain|[of] p1a: Ampharos","|","|-heal|p2a: Chesnaught|223/380 par|[from] item: Leftovers","|turn|28","|","|move|p1a: Ampharos|Dragon Pulse|p2a: Chesnaught","|-damage|p2a: Chesnaught|34/380 par","|cant|p2a: Chesnaught|par","|","|-heal|p2a: Chesnaught|57/380 par|[from] item: Leftovers","|turn|29","|","|move|p1a: Ampharos|Dragon Pulse|p2a: Chesnaught","|-damage|p2a: Chesnaught|0 fnt","|faint|p2a: Chesnaught","|","|win|SWL ROCK"],"p1rating":{"entryid":"7496999","serverid":"eos","formatid":"monotype","userid":"swlrock","username":"SWL ROCK","w":16,"l":"7","t":"0","gxe":62.5,"r":"1600.838310409","rd":"68.873267433442","sigma":"0","rptime":"1439715600","rpr":1597.4964569404,"rprd":66.519799206143,"rpsigma":"0","acre":1214.5647557622,"lacre":1214.5647557622,"oldacre":"1186.5606842476"},"p2rating":{"entryid":"7548471","serverid":"eos","formatid":"monotype","userid":"slkingdra","username":"SL~Kingdra","w":"25","l":21,"t":"0","gxe":53.1,"r":"1481.8412010282","rd":"58.95433178987","sigma":"0","rptime":"1439715600","rpr":1523.7654233005,"rprd":51.042706632928,"rpsigma":"0","acre":1200.5081643505,"lacre":1200.5081643505,"oldacre":"1228.5122358651"},"endType":"normal"}