{"seed":[13133,2222,39484,5927],"turns":30,"p1":"Emg Svu","p2":"Twizz","p1team":[{"name":"Hippowdon","species":"Hippowdon","item":"leftovers","ability":"Sand Stream","moves":["earthquake","stoneedge","slackoff","stealthrock"],"nature":"Impish","evs":{"hp":208,"atk":12,"def":216,"spa":0,"spd":72,"spe":0},"gender":"F","ivs":{"hp":31,"atk":31,"def":31,"spa":31,"spd":31,"spe":31}},{"name":"Gastrodon","species":"Gastrodon","item":"leftovers","ability":"Storm Drain","moves":["scald","toxic","recover","earthpower"],"nature":"Bold","evs":{"hp":252,"atk":0,"def":252,"spa":4,"spd":0,"spe":0},"gender":"M","ivs":{"hp":31,"atk":31,"def":31,"spa":31,"spd":31,"spe":31}},{"name":"Landorus","species":"Landorus","item":"lifeorb","ability":"Sheer Force","moves":["sludgewave","earthpower","psychic","focusblast"],"nature":"Timid","evs":{"hp":0,"atk":0,"def":0,"spa":252,"spd":4,"spe":252},"ivs":{"hp":31,"atk":31,"def":31,"spa":31,"spd":31,"spe":31}},{"name":"Garchomp","species":"Garchomp","item":"garchompite","ability":"Rough Skin","moves":["earthquake","dragonclaw","fireblast","swordsdance"],"nature":"Naive","evs":{"hp":0,"atk":252,"def":0,"spa":4,"spd":0,"spe":252},"ivs":{"hp":31,"atk":31,"def":31,"spa":31,"spd":31,"spe":31}},{"name":"Mamoswine","species":"Mamoswine","item":"assaultvest","ability":"Thick Fat","moves":["earthquake","iciclespear","iceshard","knockoff"],"nature":"Adamant","evs":{"hp":248,"atk":252,"def":0,"spa":0,"spd":8,"spe":0},"ivs":{"hp":31,"atk":31,"def":31,"spa":31,"spd":31,"spe":31}},{"name":"Excadrill","species":"Excadrill","item":"lifeorb","ability":"Sand Rush","moves":["earthquake","ironhead","rockslide","swordsdance"],"nature":"Adamant","evs":{"hp":4,"atk":252,"def":0,"spa":0,"spd":0,"spe":252},"ivs":{"hp":31,"atk":31,"def":31,"spa":31,"spd":31,"spe":31}}],"p2team":[{"name":"Magnezone","species":"Magnezone","item":"leftovers","ability":"Sturdy","moves":["flashcannon","thunderbolt","protect","hiddenpowerice"],"nature":"Modest","evs":{"hp":76,"atk":0,"def":180,"spa":252,"spd":0,"spe":0},"ivs":{"hp":31,"atk":30,"def":30,"spa":31,"spd":31,"spe":31}},{"name":"Zapdos","species":"Zapdos","item":"leftovers","ability":"Pressure","moves":["discharge","heatwave","toxic","roost"],"nature":"Bold","evs":{"hp":4,"atk":0,"def":252,"spa":56,"spd":196,"spe":0},"ivs":{"hp":31,"atk":31,"def":31,"spa":31,"spd":31,"spe":31}},{"name":"Ampharos","species":"Ampharos","item":"ampharosite","ability":"Static","moves":["cottonguard","rest","sleeptalk","dragonpulse"],"nature":"Bold","evs":{"hp":0,"atk":0,"def":252,"spa":136,"spd":120,"spe":0},"ivs":{"hp":31,"atk":31,"def":31,"spa":31,"spd":31,"spe":31}},{"name":"Raikou","species":"Raikou","item":"leftovers","ability":"Pressure","moves":["calmmind","substitute","thunderbolt","extrasensory"],"nature":"Timid","evs":{"hp":0,"atk":0,"def":0,"spa":252,"spd":4,"spe":252},"ivs":{"hp":31,"atk":31,"def":31,"spa":31,"spd":31,"spe":31}},{"name":"Rotom-Wash","species":"Rotom-Wash","item":"choicescarf","ability":"Levitate","moves":["voltswitch","hydropump","willowisp","trick"],"nature":"Timid","evs":{"hp":0,"atk":0,"def":0,"spa":252,"spd":4,"spe":252},"ivs":{"hp":31,"atk":31,"def":31,"spa":31,"spd":31,"spe":31}},{"name":"Condom","species":"eelektross","item":"assaultvest","ability":"Levitate","moves":["gigadrain","thunderbolt","drainpunch","knockoff"],"nature":"Quiet","evs":{"hp":3,"atk":136,"def":0,"spa":108,"spd":252,"spe":0},"ivs":{"hp":31,"atk":31,"def":31,"spa":31,"spd":31,"spe":31}}],"log":["|player|p1|Emg Svu|67","|player|p2|Twizz|264","|gametype|singles","|gen|6","|tier|Monotype","|rated","|rule|Baton Pass Clause: Limit one Baton Passer, can't pass Spe and other stats simultaneously","|rule|Swagger Clause: Swagger is banned","|rule|Same Type Clause: Pokémon in a team must share a type","|clearpoke","|poke|p1|Hippowdon, F","|poke|p1|Gastrodon, M","|poke|p1|Landorus, M","|poke|p1|Garchomp, F","|poke|p1|Mamoswine, F","|poke|p1|Excadrill, F","|poke|p2|Magnezone","|poke|p2|Zapdos","|poke|p2|Ampharos, F","|poke|p2|Raikou","|poke|p2|Rotom-Wash","|poke|p2|Eelektross, F","|rule|Sleep Clause Mod: Limit one foe put to sleep","|rule|Species Clause: Limit one of each Pokémon","|rule|OHKO Clause: OHKO moves are banned","|rule|Moody Clause: Moody is banned","|rule|Evasion Moves Clause: Evasion moves are banned","|rule|Endless Battle Clause: Forcing endless battles is banned","|rule|HP Percentage Mod: HP is shown in percentages","|teampreview","|","|start","|switch|p1a: Hippowdon|Hippowdon, F|409/409","|switch|p2a: Rotom-Wash|Rotom-Wash|241/241","|-weather|Sandstorm","|turn|1","|","|switch|p1a: Gastrodon|Gastrodon, M|426/426","|move|p2a: Rotom-Wash|Will-O-Wisp|p1a: Gastrodon|[miss]","|-miss|p2a: Rotom-Wash|p1a: Gastrodon","|","|-weather|Sandstorm|[upkeep]","|-damage|p2a: Rotom-Wash|226/241|[from] sandstorm","|turn|2","|","|switch|p2a: Condom|Eelektross, F|311/311","|move|p1a: Gastrodon|Toxic|p2a: Condom","|-status|p2a: Condom|tox","|","|-weather|Sandstorm|[upkeep]","|-damage|p2a: Condom|292/311 tox|[from] sandstorm","|-damage|p2a: Condom|273/311 tox|[from] psn","|turn|3","|","|move|p2a: Condom|Knock Off|p1a: Gastrodon","|-damage|p1a: Gastrodon|341/426","|-enditem|p1a: Gastrodon|Leftovers|[from] move: Knock Off|[of] p2a: Condom","|move|p1a: Gastrodon|Scald|p2a: Condom","|-damage|p2a: Condom|219/311 tox","|","|-weather|Sandstorm|[upkeep]","|-damage|p2a: Condom|200/311 tox|[from] sandstorm","|-damage|p2a: Condom|162/311 tox|[from] psn","|turn|4","|","|move|p2a: Condom|Giga Drain|p1a: Gastrodon","|-crit|p1a: Gastrodon","|-supereffective|p1a: Gastrodon","|-damage|p1a: Gastrodon|0 fnt","|-heal|p2a: Condom|311/311 tox|[from] drain|[of] p1a: Gastrodon","|faint|p1a: Gastrodon","|","|-weather|Sandstorm|[upkeep]","|-damage|p2a: Condom|292/311 tox|[from] sandstorm","|-damage|p2a: Condom|235/311 tox|[from] psn","|","|switch|p1a: Garchomp|Garchomp, F|357/357","|turn|5","|","|detailschange|p1a: Garchomp|Garchomp-Mega, F","|-mega|p1a: Garchomp|Garchomp|Garchompite","|move|p1a: Garchomp|Dragon Claw|p2a: Condom","|-damage|p2a: Condom|24/311 tox","|move|p2a: Condom|Knock Off|p1a: Garchomp","|-damage|p1a: Garchomp|296/357","|","|-weather|none","|-damage|p2a: Condom|0 fnt|[from] psn","|faint|p2a: Condom","|","|switch|p2a: Rotom-Wash|Rotom-Wash|226/241","|turn|6","|","|move|p2a: Rotom-Wash|Will-O-Wisp|p1a: Garchomp","|-status|p1a: Garchomp|brn","|move|p1a: Garchomp|Dragon Claw|p2a: Rotom-Wash","|-damage|p2a: Rotom-Wash|142/241","|","|-damage|p1a: Garchomp|252/357 brn|[from] brn","|turn|7","|","|switch|p2a: Zapdos|Zapdos|322/322","|-ability|p2a: Zapdos|Pressure","|move|p1a: Garchomp|Dragon Claw|p2a: Zapdos","|-damage|p2a: Zapdos|256/322","|","|-heal|p2a: Zapdos|276/322|[from] item: Leftovers","|-damage|p1a: Garchomp|208/357 brn|[from] brn","|turn|8","|","|move|p1a: Garchomp|Fire Blast|p2a: Zapdos","|-damage|p2a: Zapdos|186/322","|move|p2a: Zapdos|Toxic|p1a: Garchomp","|-fail|p1a: Garchomp","|","|-heal|p2a: Zapdos|206/322|[from] item: Leftovers","|-damage|p1a: Garchomp|164/357 brn|[from] brn","|turn|9","|","|move|p1a: Garchomp|Swords Dance|p1a: Garchomp","|-boost|p1a: Garchomp|atk|2","|move|p2a: Zapdos|Roost|p2a: Zapdos","|-heal|p2a: Zapdos|322/322","|","|-damage|p1a: Garchomp|120/357 brn|[from] brn","|turn|10","|","|switch|p2a: Magnezone|Magnezone|300/300","|move|p1a: Garchomp|Dragon Claw|p2a: Magnezone","|-resisted|p2a: Magnezone","|-damage|p2a: Magnezone|238/300","|","|-heal|p2a: Magnezone|256/300|[from] item: Leftovers","|-damage|p1a: Garchomp|76/357 brn|[from] brn","|turn|11","|","|move|p2a: Magnezone|Protect|p2a: Magnezone","|-singleturn|p2a: Magnezone|Protect","|move|p1a: Garchomp|Fire Blast|p2a: Magnezone","|-activate|p2a: Magnezone|Protect","|","|-heal|p2a: Magnezone|274/300|[from] item: Leftovers","|-damage|p1a: Garchomp|32/357 brn|[from] brn","|turn|12","|","|switch|p2a: Rotom-Wash|Rotom-Wash|142/241","|move|p1a: Garchomp|Earthquake|p2a: Rotom-Wash","|-immune|p2a: Rotom-Wash|[msg]","|","|-damage|p1a: Garchomp|0 fnt|[from] brn","|faint|p1a: Garchomp","|","|switch|p1a: Landorus|Landorus, M|319/319","|turn|13","|","|move|p2a: Rotom-Wash|Hydro Pump|p1a: Landorus|[miss]","|-miss|p2a: Rotom-Wash|p1a: Landorus","|move|p1a: Landorus|Focus Blast|p2a: Rotom-Wash|[miss]","|-miss|p1a: Landorus|p2a: Rotom-Wash","|","|turn|14","|","|move|p2a: Rotom-Wash|Hydro Pump|p1a: Landorus|[miss]","|-miss|p2a: Rotom-Wash|p1a: Landorus","|move|p1a: Landorus|Sludge Wave|p2a: Rotom-Wash","|-damage|p2a: Rotom-Wash|0 fnt","|faint|p2a: Rotom-Wash","|","|","|switch|p2a: Zapdos|Zapdos|322/322","|-ability|p2a: Zapdos|Pressure","|turn|15","|","|move|p1a: Landorus|Sludge Wave|p2a: Zapdos","|-damage|p2a: Zapdos|157/322","|move|p2a: Zapdos|Toxic|p1a: Landorus","|-status|p1a: Landorus|tox","|","|-heal|p2a: Zapdos|177/322|[from] item: Leftovers","|-damage|p1a: Landorus|300/319 tox|[from] psn","|turn|16","|","|switch|p2a: Magnezone|Magnezone|274/300","|move|p1a: Landorus|Sludge Wave|p2a: Magnezone","|-immune|p2a: Magnezone|[msg]","|","|-heal|p2a: Magnezone|292/300|[from] item: Leftovers","|-damage|p1a: Landorus|262/319 tox|[from] psn","|turn|17","|","|move|p2a: Magnezone|Protect|p2a: Magnezone","|-singleturn|p2a: Magnezone|Protect","|move|p1a: Landorus|Psychic|p2a: Magnezone","|-activate|p2a: Magnezone|Protect","|","|-heal|p2a: Magnezone|300/300|[from] item: Leftovers","|-damage|p1a: Landorus|205/319 tox|[from] psn","|turn|18","|","|move|p1a: Landorus|Psychic|p2a: Magnezone","|-resisted|p2a: Magnezone","|-damage|p2a: Magnezone|209/300","|move|p2a: Magnezone|Hidden Power|p1a: Landorus","|-supereffective|p1a: Landorus","|-damage|p1a: Landorus|0 fnt","|faint|p1a: Landorus","|","|-heal|p2a: Magnezone|227/300|[from] item: Leftovers","|","|switch|p1a: Mamoswine|Mamoswine, F|423/423","|turn|19","|","|move|p1a: Mamoswine|Earthquake|p2a: Magnezone","|-supereffective|p2a: Magnezone","|-damage|p2a: Magnezone|0 fnt","|faint|p2a: Magnezone","|","|","|switch|p2a: Zapdos|Zapdos|177/322","|-ability|p2a: Zapdos|Pressure","|turn|20","|","|move|p2a: Zapdos|Roost|p2a: Zapdos","|-heal|p2a: Zapdos|322/322","|move|p1a: Mamoswine|Icicle Spear|p2a: Zapdos","|-damage|p2a: Zapdos|277/322","|-damage|p2a: Zapdos|237/322","|-crit|p2a: Zapdos","|-damage|p2a: Zapdos|174/322","|-damage|p2a: Zapdos|129/322","|-hitcount|p2a: Zapdos|4","|","|-heal|p2a: Zapdos|149/322|[from] item: Leftovers","|turn|21","|","|move|p2a: Zapdos|Toxic|p1a: Mamoswine","|-status|p1a: Mamoswine|tox","|move|p1a: Mamoswine|Earthquake|p2a: Zapdos","|-immune|p2a: Zapdos|[msg]","|","|-heal|p2a: Zapdos|169/322|[from] item: Leftovers","|-damage|p1a: Mamoswine|397/423 tox|[from] psn","|turn|22","|","|switch|p2a: Raikou|Raikou|321/321","|-ability|p2a: Raikou|Pressure","|move|p1a: Mamoswine|Earthquake|p2a: Raikou","|-supereffective|p2a: Raikou","|-damage|p2a: Raikou|0 fnt","|faint|p2a: Raikou","|","|-damage|p1a: Mamoswine|345/423 tox|[from] psn","|","|switch|p2a: Ampharos|Ampharos, F|321/321","|turn|23","|","|detailschange|p2a: Ampharos|Ampharos-Mega, F","|-mega|p2a: Ampharos|Ampharos|Ampharosite","|-ability|p2a: Ampharos|Mold Breaker","|move|p1a: Mamoswine|Earthquake|p2a: Ampharos","|-supereffective|p2a: Ampharos","|-damage|p2a: Ampharos|39/321","|move|p2a: Ampharos|Cotton Guard|p2a: Ampharos","|-boost|p2a: Ampharos|def|3","|","|-damage|p1a: Mamoswine|267/423 tox|[from] psn","|turn|24","|","|move|p1a: Mamoswine|Icicle Spear|p2a: Ampharos","|-supereffective|p2a: Ampharos","|-damage|p2a: Ampharos|13/321","|-supereffective|p2a: Ampharos","|-damage|p2a: Ampharos|0 fnt","|-hitcount|p2a: Ampharos|2","|faint|p2a: Ampharos","|","|-damage|p1a: Mamoswine|163/423 tox|[from] psn","|","|switch|p2a: Zapdos|Zapdos|169/322","|-ability|p2a: Zapdos|Pressure","|turn|25","|","|move|p2a: Zapdos|Heat Wave|p1a: Mamoswine","|-supereffective|p1a: Mamoswine","|-damage|p1a: Mamoswine|75/423 tox","|move|p1a: Mamoswine|Earthquake|p2a: Zapdos","|-immune|p2a: Zapdos|[msg]","|","|-heal|p2a: Zapdos|189/322|[from] item: Leftovers","|-damage|p1a: Mamoswine|0 fnt|[from] psn","|faint|p1a: Mamoswine","|","|switch|p1a: Hippowdon|Hippowdon, F|409/409","|-weather|Sandstorm","|turn|26","|","|move|p2a: Zapdos|Toxic|p1a: Hippowdon","|-status|p1a: Hippowdon|tox","|move|p1a: Hippowdon|Earthquake|p2a: Zapdos","|-immune|p2a: Zapdos|[msg]","|","|-weather|Sandstorm|[upkeep]","|-damage|p2a: Zapdos|169/322|[from] sandstorm","|-heal|p2a: Zapdos|189/322|[from] item: Leftovers","|-damage|p1a: Hippowdon|384/409 tox|[from] psn","|turn|27","|","|move|p2a: Zapdos|Heat Wave|p1a: Hippowdon","|-damage|p1a: Hippowdon|270/409 tox","|move|p1a: Hippowdon|Earthquake|p2a: Zapdos","|-immune|p2a: Zapdos|[msg]","|","|-weather|Sandstorm|[upkeep]","|-damage|p2a: Zapdos|169/322|[from] sandstorm","|-heal|p2a: Zapdos|189/322|[from] item: Leftovers","|-heal|p1a: Hippowdon|295/409 tox|[from] item: Leftovers","|-damage|p1a: Hippowdon|245/409 tox|[from] psn","|turn|28","|","|move|p2a: Zapdos|Heat Wave|p1a: Hippowdon","|-damage|p1a: Hippowdon|128/409 tox","|move|p1a: Hippowdon|Stone Edge|p2a: Zapdos","|-supereffective|p2a: Zapdos","|-damage|p2a: Zapdos|61/322","|","|-weather|Sandstorm|[upkeep]","|-damage|p2a: Zapdos|41/322|[from] sandstorm","|-heal|p2a: Zapdos|61/322|[from] item: Leftovers","|-heal|p1a: Hippowdon|153/409 tox|[from] item: Leftovers","|-damage|p1a: Hippowdon|78/409 tox|[from] psn","|turn|29","|","|move|p2a: Zapdos|Heat Wave|p1a: Hippowdon","|-damage|p1a: Hippowdon|0 fnt","|faint|p1a: Hippowdon","|","|-weather|Sandstorm|[upkeep]","|-damage|p2a: Zapdos|41/322|[from] sandstorm","|-heal|p2a: Zapdos|61/322|[from] item: Leftovers","|","|switch|p1a: Excadrill|Excadrill, F|362/362","|turn|30","|","|win|Emg Svu"],"p1rating":{"entryid":"7656291","serverid":"eos","formatid":"monotype","userid":"emgsvu","username":"Emg Svu","w":19,"l":"9","t":"0","gxe":63,"r":"1576.1249706547","rd":"105.56273244861","sigma":"0","rptime":"1439715600","rpr":1601.6107144011,"rprd":63.360975033206,"rpsigma":"0","acre":1203.3502811707,"lacre":1203.3502811707,"oldacre":"1186.5163572431"},"p2rating":{"entryid":"6985408","serverid":"eos","formatid":"monotype","userid":"twizz","username":"Twizz","w":"30","l":45,"t":"0","gxe":40.6,"r":"1437.8088602616","rd":"45.410240390821","sigma":"0","rptime":"1439715600","rpr":1427.9479882335,"rprd":43.800141917429,"rpsigma":"0","acre":1055.039051979,"lacre":1055.039051979,"oldacre":"1068.7128643365"},"endType":"forfeit"}