{"seed":[49028,12198,19788,27413],"turns":23,"p1":"Rain ☆ S.Herbs","p2":"Emg Svu","p1team":[{"name":"Hippowdon","species":"Hippowdon","item":"leftovers","ability":"Sand Stream","moves":["earthquake","stealthrock","slackoff","toxic"],"nature":"Careful","evs":{"hp":252,"atk":4,"def":252,"spa":0,"spd":0,"spe":0},"ivs":{"hp":31,"atk":31,"def":31,"spa":31,"spd":31,"spe":31}},{"name":"Landorus","species":"Landorus","item":"lifeorb","ability":"Sheer Force","moves":["earthpower","grassknot","rockslide","sludgebomb"],"nature":"Rash","evs":{"hp":0,"atk":4,"def":0,"spa":252,"spd":0,"spe":252},"ivs":{"hp":31,"atk":31,"def":31,"spa":31,"spd":31,"spe":31}},{"name":"Gliscor","species":"Gliscor","item":"toxicorb","ability":"Poison Heal","moves":["swordsdance","earthquake","knockoff","poisonjab"],"nature":"Careful","evs":{"hp":244,"atk":0,"def":8,"spa":0,"spd":200,"spe":56},"ivs":{"hp":31,"atk":31,"def":31,"spa":31,"spd":31,"spe":31}},{"name":"Garchomp","species":"Garchomp","item":"garchompite","ability":"Rough Skin","moves":["dragonpulse","earthquake","flamethrower","stealthrock"],"nature":"Naive","evs":{"hp":0,"atk":4,"def":0,"spa":252,"spd":0,"spe":252},"ivs":{"hp":31,"atk":31,"def":31,"spa":31,"spd":31,"spe":31}},{"name":"Seismitoad","species":"Seismitoad","item":"assaultvest","ability":"Water Absorb","moves":["focusblast","earthpower","sludgewave","grassknot"],"nature":"Naive","evs":{"hp":4,"atk":0,"def":0,"spa":252,"spd":0,"spe":252},"ivs":{"hp":31,"atk":31,"def":31,"spa":31,"spd":31,"spe":31}},{"name":"Excadrill","species":"Excadrill","item":"airballoon","ability":"Sand Rush","moves":["earthquake","ironhead","rocktomb","swordsdance"],"nature":"Adamant","evs":{"hp":0,"atk":252,"def":4,"spa":0,"spd":0,"spe":252},"shiny":true,"ivs":{"hp":31,"atk":31,"def":31,"spa":31,"spd":31,"spe":31}}],"p2team":[{"name":"Hippowdon","species":"Hippowdon","item":"leftovers","ability":"Sand Stream","moves":["earthquake","icefang","slackoff","stealthrock"],"nature":"Impish","evs":{"hp":252,"atk":4,"def":252,"spa":0,"spd":0,"spe":0},"gender":"F","ivs":{"hp":31,"atk":31,"def":31,"spa":31,"spd":31,"spe":31}},{"name":"Gastrodon","species":"Gastrodon","item":"leftovers","ability":"Storm Drain","moves":["scald","toxic","recover","earthpower"],"nature":"Bold","evs":{"hp":252,"atk":0,"def":252,"spa":4,"spd":0,"spe":0},"gender":"M","ivs":{"hp":31,"atk":31,"def":31,"spa":31,"spd":31,"spe":31}},{"name":"Landorus","species":"Landorus","item":"lifeorb","ability":"Sheer Force","moves":["sludgewave","earthpower","psychic","focusblast"],"nature":"Timid","evs":{"hp":0,"atk":0,"def":0,"spa":252,"spd":4,"spe":252},"ivs":{"hp":31,"atk":31,"def":31,"spa":31,"spd":31,"spe":31}},{"name":"Garchomp","species":"Garchomp","item":"garchompite","ability":"Rough Skin","moves":["earthquake","dragonclaw","fireblast","swordsdance"],"nature":"Naive","evs":{"hp":0,"atk":252,"def":0,"spa":4,"spd":0,"spe":252},"ivs":{"hp":31,"atk":31,"def":31,"spa":31,"spd":31,"spe":31}},{"name":"Mamoswine","species":"Mamoswine","item":"assaultvest","ability":"Thick Fat","moves":["earthquake","iciclespear","iceshard","knockoff"],"nature":"Adamant","evs":{"hp":28,"atk":252,"def":0,"spa":0,"spd":8,"spe":220},"ivs":{"hp":31,"atk":31,"def":31,"spa":31,"spd":31,"spe":31}},{"name":"Excadrill","species":"Excadrill","item":"lifeorb","ability":"Sand Rush","moves":["earthquake","ironhead","rockslide","swordsdance"],"nature":"Adamant","evs":{"hp":4,"atk":252,"def":0,"spa":0,"spd":0,"spe":252},"ivs":{"hp":31,"atk":31,"def":31,"spa":31,"spd":31,"spe":31}}],"log":["|player|p1|Rain ☆ S.Herbs|154","|player|p2|Emg Svu|67","|gametype|singles","|gen|6","|tier|Monotype","|rated","|rule|Baton Pass Clause: Limit one Baton Passer, can't pass Spe and other stats simultaneously","|rule|Swagger Clause: Swagger is banned","|rule|Same Type Clause: Pokémon in a team must share a type","|clearpoke","|poke|p1|Hippowdon, M","|poke|p1|Landorus, M","|poke|p1|Gliscor, F","|poke|p1|Garchomp, M","|poke|p1|Seismitoad, F","|poke|p1|Excadrill, F, shiny","|poke|p2|Hippowdon, F","|poke|p2|Gastrodon, M","|poke|p2|Landorus, M","|poke|p2|Garchomp, M","|poke|p2|Mamoswine, F","|poke|p2|Excadrill, M","|rule|Sleep Clause Mod: Limit one foe put to sleep","|rule|Species Clause: Limit one of each Pokémon","|rule|OHKO Clause: OHKO moves are banned","|rule|Moody Clause: Moody is banned","|rule|Evasion Moves Clause: Evasion moves are banned","|rule|Endless Battle Clause: Forcing endless battles is banned","|rule|HP Percentage Mod: HP is shown in percentages","|teampreview","|","|start","|switch|p1a: Hippowdon|Hippowdon, M|420/420","|switch|p2a: Hippowdon|Hippowdon, F|420/420","|-weather|Sandstorm","|turn|1","|","|move|p2a: Hippowdon|Stealth Rock|p1a: Hippowdon","|-sidestart|p1: Rain ☆ S.Herbs|move: Stealth Rock","|move|p1a: Hippowdon|Toxic|p2a: Hippowdon","|-status|p2a: Hippowdon|tox","|","|-weather|Sandstorm|[upkeep]","|-damage|p2a: Hippowdon|394/420 tox|[from] psn","|turn|2","|","|switch|p2a: Landorus|Landorus, M|319/319","|move|p1a: Hippowdon|Stealth Rock|p2a: Landorus","|-sidestart|p2: Emg Svu|move: Stealth Rock","|","|-weather|Sandstorm|[upkeep]","|turn|3","|","|switch|p1a: Garchomp|Garchomp, M|357/357","|-damage|p1a: Garchomp|335/357|[from] Stealth Rock","|move|p2a: Landorus|Earth Power|p1a: Garchomp","|-crit|p1a: Garchomp","|-damage|p1a: Garchomp|0 fnt","|faint|p1a: Garchomp","|","|-weather|Sandstorm|[upkeep]","|","|switch|p1a: Landorus|Landorus, M|319/319","|-damage|p1a: Landorus|280/319|[from] Stealth Rock","|turn|4","|","|switch|p2a: Mamoswine|Mamoswine, F|368/368","|-damage|p2a: Mamoswine|322/368|[from] Stealth Rock","|move|p1a: Landorus|Rock Slide|p2a: Mamoswine","|-damage|p2a: Mamoswine|187/368","|","|-weather|Sandstorm|[upkeep]","|turn|5","|","|switch|p1a: Hippowdon|Hippowdon, M|420/420","|-damage|p1a: Hippowdon|394/420|[from] Stealth Rock","|move|p2a: Mamoswine|Ice Shard|p1a: Hippowdon","|-supereffective|p1a: Hippowdon","|-damage|p1a: Hippowdon|278/420","|","|-weather|none","|-heal|p1a: Hippowdon|304/420|[from] item: Leftovers","|turn|6","|","|move|p2a: Mamoswine|Icicle Spear|p1a: Hippowdon","|-supereffective|p1a: Hippowdon","|-damage|p1a: Hippowdon|236/420","|-crit|p1a: Hippowdon","|-supereffective|p1a: Hippowdon","|-damage|p1a: Hippowdon|126/420","|-supereffective|p1a: Hippowdon","|-damage|p1a: Hippowdon|48/420","|-hitcount|p1a: Hippowdon|3","|move|p1a: Hippowdon|Earthquake|p2a: Mamoswine","|-damage|p2a: Mamoswine|22/368","|","|-heal|p1a: Hippowdon|74/420|[from] item: Leftovers","|turn|7","|","|switch|p1a: Seismitoad|Seismitoad, F|352/352","|-damage|p1a: Seismitoad|330/352|[from] Stealth Rock","|move|p2a: Mamoswine|Icicle Spear|p1a: Seismitoad","|-damage|p1a: Seismitoad|269/352","|-damage|p1a: Seismitoad|211/352","|-hitcount|p1a: Seismitoad|2","|","|turn|8","|","|move|p1a: Seismitoad|Earth Power|p2a: Mamoswine","|-damage|p2a: Mamoswine|0 fnt","|faint|p2a: Mamoswine","|","|","|switch|p2a: Gastrodon|Gastrodon, M|426/426","|-damage|p2a: Gastrodon|400/426|[from] Stealth Rock","|turn|9","|","|move|p1a: Seismitoad|Grass Knot|p2a: Gastrodon","|-supereffective|p2a: Gastrodon","|-damage|p2a: Gastrodon|128/426","|move|p2a: Gastrodon|Earth Power|p1a: Seismitoad","|-damage|p1a: Seismitoad|118/352","|","|-heal|p2a: Gastrodon|154/426|[from] item: Leftovers","|turn|10","|","|switch|p2a: Excadrill|Excadrill, M|362/362","|-damage|p2a: Excadrill|351/362|[from] Stealth Rock","|move|p1a: Seismitoad|Grass Knot|p2a: Excadrill","|-damage|p2a: Excadrill|273/362","|","|turn|11","|","|switch|p1a: Gliscor|Gliscor, F|352/352","|-damage|p1a: Gliscor|308/352|[from] Stealth Rock","|move|p2a: Excadrill|Earthquake|p1a: Gliscor","|-immune|p1a: Gliscor|[msg]","|","|-status|p1a: Gliscor|tox|[from] item: Toxic Orb","|turn|12","|","|switch|p2a: Landorus|Landorus, M|319/319","|-damage|p2a: Landorus|280/319|[from] Stealth Rock","|move|p1a: Gliscor|Knock Off|p2a: Landorus","|-damage|p2a: Landorus|199/319","|-enditem|p2a: Landorus|Life Orb|[from] move: Knock Off|[of] p1a: Gliscor","|","|-heal|p1a: Gliscor|352/352 tox|[from] ability: Poison Heal","|turn|13","|","|switch|p1a: Hippowdon|Hippowdon, M|74/420","|-damage|p1a: Hippowdon|48/420|[from] Stealth Rock","|-weather|Sandstorm","|move|p2a: Landorus|Psychic|p1a: Hippowdon","|-damage|p1a: Hippowdon|0 fnt","|faint|p1a: Hippowdon","|","|-weather|Sandstorm|[upkeep]","|","|switch|p1a: Excadrill|Excadrill, F, shiny|361/361","|-damage|p1a: Excadrill|350/361|[from] Stealth Rock","|-item|p1a: Excadrill|Air Balloon","|turn|14","|","|move|p1a: Excadrill|Rock Tomb|p2a: Landorus","|-damage|p2a: Landorus|107/319","|-unboost|p2a: Landorus|spe|1","|move|p2a: Landorus|Focus Blast|p1a: Excadrill","|-supereffective|p1a: Excadrill","|-damage|p1a: Excadrill|0 fnt","|-enditem|p1a: Excadrill|Air Balloon","|faint|p1a: Excadrill","|","|-weather|Sandstorm|[upkeep]","|","|switch|p1a: Landorus|Landorus, M|280/319","|-damage|p1a: Landorus|241/319|[from] Stealth Rock","|turn|15","|","|move|p1a: Landorus|Rock Slide|p2a: Landorus","|-damage|p2a: Landorus|0 fnt","|faint|p2a: Landorus","|","|-weather|Sandstorm|[upkeep]","|","|switch|p2a: Hippowdon|Hippowdon, F|394/420 tox","|-damage|p2a: Hippowdon|368/420 tox|[from] Stealth Rock","|turn|16","|","|move|p1a: Landorus|Grass Knot|p2a: Hippowdon","|-supereffective|p2a: Hippowdon","|-damage|p2a: Hippowdon|0 fnt","|-damage|p1a: Landorus|210/319|[from] item: Life Orb","|faint|p2a: Hippowdon","|","|-weather|Sandstorm|[upkeep]","|","|switch|p2a: Garchomp|Garchomp, M|357/357","|-damage|p2a: Garchomp|335/357|[from] Stealth Rock","|turn|17","|","|detailschange|p2a: Garchomp|Garchomp-Mega, M","|-mega|p2a: Garchomp|Garchomp|Garchompite","|move|p2a: Garchomp|Dragon Claw|p1a: Landorus","|-damage|p1a: Landorus|11/319","|move|p1a: Landorus|Earth Power|p2a: Garchomp","|-damage|p2a: Garchomp|22/357","|","|-weather|none","|turn|18","|","|move|p2a: Garchomp|Dragon Claw|p1a: Landorus","|-damage|p1a: Landorus|0 fnt","|faint|p1a: Landorus","|","|","|switch|p1a: Seismitoad|Seismitoad, F|118/352","|-damage|p1a: Seismitoad|96/352|[from] Stealth Rock","|turn|19","|","|move|p2a: Garchomp|Dragon Claw|p1a: Seismitoad","|-damage|p1a: Seismitoad|0 fnt","|faint|p1a: Seismitoad","|","|","|switch|p1a: Gliscor|Gliscor, F|352/352 tox","|-damage|p1a: Gliscor|308/352 tox|[from] Stealth Rock","|turn|20","|","|move|p2a: Garchomp|Dragon Claw|p1a: Gliscor","|-damage|p1a: Gliscor|166/352 tox","|move|p1a: Gliscor|Earthquake|p2a: Garchomp","|-crit|p2a: Garchomp","|-damage|p2a: Garchomp|0 fnt","|faint|p2a: Garchomp","|","|-heal|p1a: Gliscor|210/352 tox|[from] ability: Poison Heal","|","|switch|p2a: Gastrodon|Gastrodon, M|154/426","|-damage|p2a: Gastrodon|128/426|[from] Stealth Rock","|turn|21","|","|move|p1a: Gliscor|Knock Off|p2a: Gastrodon","|-damage|p2a: Gastrodon|63/426","|-enditem|p2a: Gastrodon|Leftovers|[from] move: Knock Off|[of] p1a: Gliscor","|move|p2a: Gastrodon|Recover|p2a: Gastrodon","|-heal|p2a: Gastrodon|276/426","|","|-heal|p1a: Gliscor|254/352 tox|[from] ability: Poison Heal","|turn|22","|","|move|p1a: Gliscor|Earthquake|p2a: Gastrodon","|-damage|p2a: Gastrodon|168/426","|move|p2a: Gastrodon|Scald|p1a: Gliscor","|-supereffective|p1a: Gliscor","|-damage|p1a: Gliscor|78/352 tox","|","|-heal|p1a: Gliscor|122/352 tox|[from] ability: Poison Heal","|turn|23","|","|move|p1a: Gliscor|Earthquake|p2a: Gastrodon","|-damage|p2a: Gastrodon|69/426","|move|p2a: Gastrodon|Scald|p1a: Gliscor","|-supereffective|p1a: Gliscor","|-damage|p1a: Gliscor|0 fnt","|faint|p1a: Gliscor","|","|win|Emg Svu"],"p1rating":{"entryid":"7610897","serverid":"eos","formatid":"monotype","userid":"rainsherbs","username":"Rain ☆ S.Herbs","w":"7","l":4,"t":"0","gxe":58.3,"r":"1613.0187063722","rd":"88.744540362824","sigma":"0","rptime":"1439715600","rpr":1564.6513088849,"rprd":84.112873001147,"rpsigma":"0","acre":1114.3977845684,"lacre":1114.3977845684,"oldacre":"1130.3155944987"},"p2rating":{"entryid":"7656291","serverid":"eos","formatid":"monotype","userid":"emgsvu","username":"Emg Svu","w":13,"l":"3","t":"0","gxe":69.4,"r":"1576.1249706547","rd":"105.56273244861","sigma":"0","rptime":"1439715600","rpr":1658.2415842725,"rprd":77.862675395789,"rpsigma":"0","acre":1278.491076219,"lacre":1278.491076219,"oldacre":"1262.5732662887"},"endType":"normal"}