{"seed":[45751,45805,47265,52708],"turns":33,"p1":"Knight♕Altair","p2":"Knight♕Terrorific","p1team":[{"name":"Take a Chance xd","species":"chansey","item":"eviolite","ability":"Natural Cure","moves":["toxic","softboiled","seismictoss","stealthrock"],"nature":"Bold","evs":{"hp":4,"atk":0,"def":252,"spa":0,"spd":252,"spe":0},"ivs":{"hp":31,"atk":31,"def":31,"spa":31,"spd":31,"spe":31}},{"name":"Im very Punny xd","species":"lopunny","item":"lopunnite","ability":"Limber","moves":["highjumpkick","return","fakeout","icepunch"],"nature":"Jolly","evs":{"hp":0,"atk":252,"def":4,"spa":0,"spd":0,"spe":252},"ivs":{"hp":31,"atk":31,"def":31,"spa":31,"spd":31,"spe":31}},{"name":"Pory is gone 2 far","species":"porygon2","item":"eviolite","ability":"Trace","moves":["toxic","icebeam","discharge","recover"],"nature":"Bold","evs":{"hp":252,"atk":0,"def":252,"spa":4,"spd":0,"spe":0},"ivs":{"hp":31,"atk":31,"def":31,"spa":31,"spd":31,"spe":31}},{"name":"Mellow Out D00d","species":"meloetta","item":"lifeorb","ability":"Serene Grace","moves":["relicsong","psychic","closecombat","knockoff"],"nature":"Naive","evs":{"hp":0,"atk":128,"def":0,"spa":128,"spd":0,"spe":252},"ivs":{"hp":31,"atk":31,"def":31,"spa":31,"spd":31,"spe":31}},{"name":"The Raptorz Star","species":"staraptor","item":"choicescarf","ability":"Reckless","moves":["bravebird","doubleedge","finalgambit","uturn"],"nature":"Adamant","evs":{"hp":0,"atk":252,"def":4,"spa":0,"spd":0,"spe":252},"ivs":{"hp":31,"atk":31,"def":31,"spa":31,"spd":31,"spe":31}},{"name":"Smeargle","species":"Smeargle","item":"focussash","ability":"Own Tempo","moves":["stickyweb","toxicspikes","spore","magiccoat"],"nature":"Timid","evs":{"hp":96,"atk":0,"def":120,"spa":0,"spd":40,"spe":252},"ivs":{"hp":31,"atk":31,"def":31,"spa":31,"spd":31,"spe":31}}],"p2team":[{"name":"Snorlax","species":"Snorlax","item":"leftovers","ability":"Immunity","moves":["curse","rest","sleeptalk","bodyslam"],"nature":"Careful","evs":{"hp":252,"atk":4,"def":0,"spa":0,"spd":252,"spe":0},"ivs":{"hp":31,"atk":31,"def":31,"spa":31,"spd":31,"spe":31}},{"name":"Chansey","species":"Chansey","item":"eviolite","ability":"Natural Cure","moves":["healbell","toxic","softboiled","seismictoss"],"nature":"Bold","evs":{"hp":248,"atk":0,"def":252,"spa":0,"spd":8,"spe":0},"ivs":{"hp":31,"atk":31,"def":31,"spa":31,"spd":31,"spe":31}},{"name":"Porygon2","species":"Porygon2","item":"eviolite","ability":"Analytic","moves":["triattack","discharge","icebeam","recover"],"nature":"Modest","evs":{"hp":248,"atk":0,"def":0,"spa":252,"spd":8,"spe":0},"ivs":{"hp":31,"atk":31,"def":31,"spa":31,"spd":31,"spe":31}},{"name":"Meloetta","species":"Meloetta","item":"assaultvest","ability":"Serene Grace","moves":["psyshock","chargebeam","hypervoice","focusblast"],"nature":"Modest","evs":{"hp":248,"atk":0,"def":0,"spa":252,"spd":8,"spe":0},"ivs":{"hp":31,"atk":31,"def":31,"spa":31,"spd":31,"spe":31}},{"name":"Audino","species":"Audino","item":"audinite","ability":"Regenerator","moves":["calmmind","wish","psyshock","dazzlinggleam"],"nature":"Bold","evs":{"hp":248,"atk":0,"def":252,"spa":8,"spd":0,"spe":0},"ivs":{"hp":31,"atk":31,"def":31,"spa":31,"spd":31,"spe":31}},{"name":"Staraptor","species":"Staraptor","item":"choicescarf","ability":"Intimidate","moves":["bravebird","uturn","closecombat","finalgambit"],"nature":"Jolly","evs":{"hp":0,"atk":252,"def":0,"spa":0,"spd":4,"spe":252},"ivs":{"hp":31,"atk":31,"def":31,"spa":31,"spd":31,"spe":31}}],"log":["|player|p1|Knight♕Altair|274","|player|p2|Knight♕Terrorific|142","|gametype|singles","|gen|6","|tier|Monotype","|rated","|rule|Baton Pass Clause: Limit one Baton Passer, can't pass Spe and other stats simultaneously","|rule|Swagger Clause: Swagger is banned","|rule|Same Type Clause: Pokémon in a team must share a type","|clearpoke","|poke|p1|Chansey, F","|poke|p1|Lopunny, M","|poke|p1|Porygon2","|poke|p1|Meloetta","|poke|p1|Staraptor, M","|poke|p1|Smeargle, M","|poke|p2|Snorlax, M","|poke|p2|Chansey, F","|poke|p2|Porygon2","|poke|p2|Meloetta","|poke|p2|Audino, F","|poke|p2|Staraptor, M","|rule|Sleep Clause Mod: Limit one foe put to sleep","|rule|Species Clause: Limit one of each Pokémon","|rule|OHKO Clause: OHKO moves are banned","|rule|Moody Clause: Moody is banned","|rule|Evasion Moves Clause: Evasion moves are banned","|rule|Endless Battle Clause: Forcing endless battles is banned","|rule|HP Percentage Mod: HP is shown in percentages","|teampreview","|","|start","|switch|p1a: Smeargle|Smeargle, M|275/275","|switch|p2a: Meloetta|Meloetta|403/403","|turn|1","|","|switch|p2a: Chansey|Chansey, F|703/703","|move|p1a: Smeargle|Spore|p2a: Chansey","|-status|p2a: Chansey|slp","|","|turn|2","|","|switch|p2a: Porygon2|Porygon2|373/373","|move|p1a: Smeargle|Sticky Web|p2a: Porygon2","|-sidestart|p2: Knight♕Terrorific|move: Sticky Web","|","|turn|3","|","|move|p1a: Smeargle|Toxic Spikes|p2a: Porygon2","|-sidestart|p2: Knight♕Terrorific|move: Toxic Spikes","|move|p2a: Porygon2|Discharge|p1a: Smeargle","|-damage|p1a: Smeargle|89/275","|","|turn|4","|","|move|p1a: Smeargle|Toxic Spikes|p2a: Porygon2","|-sidestart|p2: Knight♕Terrorific|move: Toxic Spikes","|move|p2a: Porygon2|Tri Attack|p1a: Smeargle","|-damage|p1a: Smeargle|0 fnt","|faint|p1a: Smeargle","|","|","|switch|p1a: Im very Punny xd|Lopunny, M|271/271","|turn|5","|","|switch|p2a: Staraptor|Staraptor, M|311/311","|-ability|p2a: Staraptor|Intimidate","|-unboost|p1a: Im very Punny xd|atk|1","|detailschange|p1a: Im very Punny xd|Lopunny-Mega, M","|-mega|p1a: Im very Punny xd|Lopunny|Lopunnite","|move|p1a: Im very Punny xd|Fake Out|p2a: Staraptor","|-damage|p2a: Staraptor|244/311","|","|turn|6","|","|move|p2a: Staraptor|Close Combat|p1a: Im very Punny xd","|-supereffective|p1a: Im very Punny xd","|-damage|p1a: Im very Punny xd|0 fnt","|-unboost|p2a: Staraptor|def|1","|-unboost|p2a: Staraptor|spd|1","|faint|p1a: Im very Punny xd","|","|","|switch|p1a: Pory is gone 2 far|Porygon2|374/374","|-ability|p1a: Pory is gone 2 far|Intimidate|[from] ability: Trace|[of] p2a: Staraptor","|-ability|p1a: Pory is gone 2 far|Intimidate","|-unboost|p2a: Staraptor|atk|1","|turn|7","|","|switch|p2a: Chansey|Chansey, F|703/703","|-activate|p2a: Chansey|move: Sticky Web","|-unboost|p2a: Chansey|spe|1","|-status|p2a: Chansey|tox","|move|p1a: Pory is gone 2 far|Ice Beam|p2a: Chansey","|-damage|p2a: Chansey|657/703 tox","|","|-damage|p2a: Chansey|614/703 tox|[from] psn","|turn|8","|","|move|p1a: Pory is gone 2 far|Discharge|p2a: Chansey","|-damage|p2a: Chansey|575/703 tox","|move|p2a: Chansey|Toxic|p1a: Pory is gone 2 far","|-status|p1a: Pory is gone 2 far|tox","|","|-damage|p1a: Pory is gone 2 far|351/374 tox|[from] psn","|-damage|p2a: Chansey|489/703 tox|[from] psn","|turn|9","|","|switch|p1a: Mellow Out D00d|Meloetta|341/341","|switch|p2a: Meloetta|Meloetta|403/403","|-activate|p2a: Meloetta|move: Sticky Web","|-unboost|p2a: Meloetta|spe|1","|-status|p2a: Meloetta|tox","|","|-damage|p2a: Meloetta|378/403 tox|[from] psn","|turn|10","|","|move|p1a: Mellow Out D00d|Relic Song|p2a: Meloetta","|-damage|p2a: Meloetta|296/403 tox","|-damage|p1a: Mellow Out D00d|307/341|[from] item: Life Orb","|-formechange|p1a: Mellow Out D00d|Meloetta-Pirouette|[msg]","|move|p2a: Meloetta|Charge Beam|p1a: Mellow Out D00d","|-damage|p1a: Mellow Out D00d|210/341","|-boost|p2a: Meloetta|spa|1","|","|-damage|p2a: Meloetta|246/403 tox|[from] psn","|turn|11","|","|move|p1a: Mellow Out D00d|Knock Off|p2a: Meloetta","|-supereffective|p2a: Meloetta","|-damage|p2a: Meloetta|0 fnt","|-enditem|p2a: Meloetta|Assault Vest|[from] move: Knock Off|[of] p1a: Mellow Out D00d","|-damage|p1a: Mellow Out D00d|176/341|[from] item: Life Orb","|faint|p2a: Meloetta","|","|","|switch|p2a: Staraptor|Staraptor, M|244/311","|-ability|p2a: Staraptor|Intimidate","|-unboost|p1a: Mellow Out D00d|atk|1","|turn|12","|","|switch|p1a: Pory is gone 2 far|Porygon2|351/374 tox","|-ability|p1a: Pory is gone 2 far|Intimidate|[from] ability: Trace|[of] p2a: Staraptor","|-ability|p1a: Pory is gone 2 far|Intimidate","|-unboost|p2a: Staraptor|atk|1","|move|p2a: Staraptor|Close Combat|p1a: Pory is gone 2 far","|-supereffective|p1a: Pory is gone 2 far","|-damage|p1a: Pory is gone 2 far|251/374 tox","|-unboost|p2a: Staraptor|def|1","|-unboost|p2a: Staraptor|spd|1","|","|-damage|p1a: Pory is gone 2 far|228/374 tox|[from] psn","|turn|13","|","|switch|p2a: Chansey|Chansey, F|489/703","|-activate|p2a: Chansey|move: Sticky Web","|-unboost|p2a: Chansey|spe|1","|-status|p2a: Chansey|tox","|move|p1a: Pory is gone 2 far|Ice Beam|p2a: Chansey","|-damage|p2a: Chansey|440/703 tox","|","|-damage|p1a: Pory is gone 2 far|182/374 tox|[from] psn","|-damage|p2a: Chansey|397/703 tox|[from] psn","|turn|14","|","|move|p1a: Pory is gone 2 far|Recover|p1a: Pory is gone 2 far","|-heal|p1a: Pory is gone 2 far|369/374 tox","|move|p2a: Chansey|Heal Bell|p2a: Chansey","|-cureteam|p2a: Chansey|[from] move: HealBell","|","|-damage|p1a: Pory is gone 2 far|300/374 tox|[from] psn","|turn|15","|","|switch|p1a: Take a Chance xd|Chansey, F|642/642","|move|p2a: Chansey|Soft-Boiled|p2a: Chansey","|-heal|p2a: Chansey|703/703","|","|turn|16","|","|move|p1a: Take a Chance xd|Toxic|p2a: Chansey","|-status|p2a: Chansey|tox","|move|p2a: Chansey|Seismic Toss|p1a: Take a Chance xd","|-damage|p1a: Take a Chance xd|542/642","|","|-damage|p2a: Chansey|660/703 tox|[from] psn","|turn|17","|","|switch|p2a: Audino|Audino, F|409/409","|-status|p2a: Audino|tox","|-activate|p2a: Audino|move: Sticky Web","|-unboost|p2a: Audino|spe|1","|move|p1a: Take a Chance xd|Stealth Rock|p2a: Audino","|-sidestart|p2: Knight♕Terrorific|move: Stealth Rock","|","|-damage|p2a: Audino|384/409 tox|[from] psn","|turn|18","|","|detailschange|p2a: Audino|Audino-Mega, F","|-mega|p2a: Audino|Audino|Audinite","|move|p1a: Take a Chance xd|Seismic Toss|p2a: Audino","|-damage|p2a: Audino|284/409 tox","|move|p2a: Audino|Wish|p2a: Audino","|","|-damage|p2a: Audino|234/409 tox|[from] psn","|turn|19","|","|switch|p2a: Staraptor|Staraptor, M|244/311","|-damage|p2a: Staraptor|167/311|[from] Stealth Rock","|-ability|p2a: Staraptor|Intimidate","|-unboost|p1a: Take a Chance xd|atk|1","|move|p1a: Take a Chance xd|Soft-Boiled|p1a: Take a Chance xd","|-heal|p1a: Take a Chance xd|642/642","|","|-heal|p2a: Staraptor|311/311|[from] move: Wish|[wisher] Audino","|turn|20","|","|move|p2a: Staraptor|Final Gambit|p1a: Take a Chance xd","|-damage|p1a: Take a Chance xd|331/642","|faint|p2a: Staraptor","|move|p1a: Take a Chance xd|Seismic Toss|p2: Staraptor|[notarget]","|-notarget","|","|","|switch|p2a: Snorlax|Snorlax, M|524/524","|-damage|p2a: Snorlax|459/524|[from] Stealth Rock","|-activate|p2a: Snorlax|move: Sticky Web","|-unboost|p2a: Snorlax|spe|1","|turn|21","|","|move|p1a: Take a Chance xd|Toxic|p2a: Snorlax|[miss]","|-miss|p1a: Take a Chance xd|p2a: Snorlax","|move|p2a: Snorlax|Curse|p2a: Snorlax","|-unboost|p2a: Snorlax|spe|1","|-boost|p2a: Snorlax|atk|1","|-boost|p2a: Snorlax|def|1","|","|-heal|p2a: Snorlax|491/524|[from] item: Leftovers","|turn|22","|","|move|p1a: Take a Chance xd|Toxic|p2a: Snorlax","|-immune|p2a: Snorlax|[msg]","|move|p2a: Snorlax|Curse|p2a: Snorlax","|-unboost|p2a: Snorlax|spe|1","|-boost|p2a: Snorlax|atk|1","|-boost|p2a: Snorlax|def|1","|","|-heal|p2a: Snorlax|523/524|[from] item: Leftovers","|turn|23","|","|switch|p1a: The Raptorz Star|Staraptor, M|311/311","|move|p2a: Snorlax|Curse|p2a: Snorlax","|-unboost|p2a: Snorlax|spe|1","|-boost|p2a: Snorlax|atk|1","|-boost|p2a: Snorlax|def|1","|","|-heal|p2a: Snorlax|524/524|[from] item: Leftovers","|turn|24","|","|move|p1a: The Raptorz Star|Final Gambit|p2a: Snorlax","|-damage|p2a: Snorlax|213/524","|faint|p1a: The Raptorz Star","|move|p2a: Snorlax|Curse|p2a: Snorlax","|-unboost|p2a: Snorlax|spe|1","|-boost|p2a: Snorlax|atk|1","|-boost|p2a: Snorlax|def|1","|","|-heal|p2a: Snorlax|245/524|[from] item: Leftovers","|","|switch|p1a: Mellow Out D00d|Meloetta|176/341","|turn|25","|","|move|p1a: Mellow Out D00d|Relic Song|p2a: Snorlax","|-damage|p2a: Snorlax|142/524","|-formechange|p1a: Mellow Out D00d|Meloetta-Pirouette|[msg]","|-damage|p1a: Mellow Out D00d|142/341|[from] item: Life Orb","|move|p2a: Snorlax|Rest|p2a: Snorlax","|-status|p2a: Snorlax|slp","|-heal|p2a: Snorlax|524/524 slp|[silent]","|-status|p2a: Snorlax|slp|[from] move: Rest","|","|turn|26","|","|move|p1a: Mellow Out D00d|Close Combat|p2a: Snorlax","|-supereffective|p2a: Snorlax","|-damage|p2a: Snorlax|274/524 slp","|-unboost|p1a: Mellow Out D00d|def|1","|-unboost|p1a: Mellow Out D00d|spd|1","|-damage|p1a: Mellow Out D00d|108/341|[from] item: Life Orb","|cant|p2a: Snorlax|slp","|move|p2a: Snorlax|Sleep Talk|p2a: Snorlax","|move|p2a: Snorlax|Rest|p2a: Snorlax|[from]Sleep Talk","|-fail|p2a: Snorlax","|","|-heal|p2a: Snorlax|306/524 slp|[from] item: Leftovers","|turn|27","|","|move|p1a: Mellow Out D00d|Knock Off|p2a: Snorlax","|-damage|p2a: Snorlax|244/524 slp","|-enditem|p2a: Snorlax|Leftovers|[from] move: Knock Off|[of] p1a: Mellow Out D00d","|-damage|p1a: Mellow Out D00d|74/341|[from] item: Life Orb","|cant|p2a: Snorlax|slp","|move|p2a: Snorlax|Sleep Talk|p2a: Snorlax","|move|p2a: Snorlax|Curse|p2a: Snorlax|[from]Sleep Talk","|-unboost|p2a: Snorlax|spe|1","|-boost|p2a: Snorlax|atk|1","|-boost|p2a: Snorlax|def|1","|","|turn|28","|","|move|p1a: Mellow Out D00d|Close Combat|p2a: Snorlax","|-crit|p2a: Snorlax","|-supereffective|p2a: Snorlax","|-damage|p2a: Snorlax|0 fnt","|-unboost|p1a: Mellow Out D00d|def|1","|-unboost|p1a: Mellow Out D00d|spd|1","|-damage|p1a: Mellow Out D00d|40/341|[from] item: Life Orb","|faint|p2a: Snorlax","|","|","|switch|p2a: Chansey|Chansey, F|660/703","|-status|p2a: Chansey|tox","|-damage|p2a: Chansey|573/703 tox|[from] Stealth Rock","|-activate|p2a: Chansey|move: Sticky Web","|-unboost|p2a: Chansey|spe|1","|turn|29","|","|move|p1a: Mellow Out D00d|Close Combat|p2a: Chansey","|-supereffective|p2a: Chansey","|-damage|p2a: Chansey|0 fnt","|-unboost|p1a: Mellow Out D00d|def|1","|-unboost|p1a: Mellow Out D00d|spd|1","|-damage|p1a: Mellow Out D00d|6/341|[from] item: Life Orb","|faint|p2a: Chansey","|","|","|switch|p2a: Audino|Audino-Mega, F|234/409 tox","|-activate|p2a: Audino|move: Sticky Web","|-unboost|p2a: Audino|spe|1","|-damage|p2a: Audino|183/409 tox|[from] Stealth Rock","|turn|30","|","|move|p1a: Mellow Out D00d|Close Combat|p2a: Audino","|-damage|p2a: Audino|31/409 tox","|-unboost|p1a: Mellow Out D00d|def|1","|-unboost|p1a: Mellow Out D00d|spd|1","|-damage|p1a: Mellow Out D00d|0 fnt|[from] item: Life Orb","|faint|p1a: Mellow Out D00d","|move|p2a: Audino|Wish|p2a: Audino","|","|-damage|p2a: Audino|6/409 tox|[from] psn","|","|switch|p1a: Take a Chance xd|Chansey, F|331/642","|turn|31","|","|move|p1a: Take a Chance xd|Soft-Boiled|p1a: Take a Chance xd","|-heal|p1a: Take a Chance xd|642/642","|move|p2a: Audino|Psyshock|p1a: Take a Chance xd","|-damage|p1a: Take a Chance xd|570/642","|","|-heal|p2a: Audino|210/409 tox|[from] move: Wish|[wisher] Audino","|-damage|p2a: Audino|160/409 tox|[from] psn","|turn|32","|","|move|p1a: Take a Chance xd|Seismic Toss|p2a: Audino","|-damage|p2a: Audino|60/409 tox","|move|p2a: Audino|Wish|p2a: Audino","|","|-damage|p2a: Audino|0 fnt|[from] psn","|faint|p2a: Audino","|","|switch|p2a: Porygon2|Porygon2|373/373","|-damage|p2a: Porygon2|327/373|[from] Stealth Rock","|-activate|p2a: Porygon2|move: Sticky Web","|-unboost|p2a: Porygon2|spe|1","|-status|p2a: Porygon2|tox","|turn|33","|","|win|Knight♕Altair"],"p1rating":{"entryid":"7650439","serverid":"eos","formatid":"monotype","userid":"knightaltair","username":"Knight♕Altair","w":8,"l":"9","t":"0","gxe":44.5,"r":"1449.4521056691","rd":"77.342457706898","sigma":"0","rptime":"1439715600","rpr":1457.8463502677,"rprd":74.444170805248,"rpsigma":"0","acre":1115.3958885942,"lacre":1115.3958885942,"oldacre":"1096.844704125"},"p2rating":{"entryid":7670098,"formatid":"monotype","userid":"knightterrorific","username":"Knight♕Terrorific","r":1500,"rd":130,"sigma":0,"rpr":1452.3036576147,"rprd":122.32371918086,"rpsigma":0,"rptime":1439715600,"w":0,"l":1,"t":0,"gxe":44.1,"acre":1000,"lacre":1000,"oldacre":1000},"endType":"forfeit"}