{"seed":[47694,16321,58131,24825],"turns":25,"p1":"SWL Neßki","p2":"Crystal Jake","p1team":[{"name":"Deoxys-Speed","species":"Deoxys-Speed","item":"lightclay","ability":"Pressure","moves":["taunt","stealthrock","lightscreen","reflect"],"nature":"Timid","evs":{"hp":248,"atk":0,"def":0,"spa":0,"spd":8,"spe":252},"ivs":{"hp":31,"atk":0,"def":31,"spa":31,"spd":31,"spe":31}},{"name":"Gardevoir","species":"Gardevoir","item":"gardevoirite","ability":"Trace","moves":["substitute","hypervoice","psyshock","hiddenpowerrock"],"nature":"Modest","evs":{"hp":0,"atk":0,"def":0,"spa":252,"spd":4,"spe":252},"ivs":{"hp":31,"atk":31,"def":30,"spa":31,"spd":30,"spe":30}},{"name":"Victini","species":"Victini","item":"choicescarf","ability":"Victory Star","moves":["vcreate","uturn","boltstrike","blueflare"],"nature":"Naive","evs":{"hp":0,"atk":252,"def":0,"spa":4,"spd":0,"spe":252},"ivs":{"hp":31,"atk":31,"def":31,"spa":31,"spd":31,"spe":31}},{"name":"Mew","species":"Mew","item":"leftovers","ability":"Synchronize","moves":["nastyplot","vacuumwave","flamethrower","psyshock"],"nature":"Modest","evs":{"hp":148,"atk":0,"def":0,"spa":252,"spd":0,"spe":108},"ivs":{"hp":31,"atk":0,"def":31,"spa":31,"spd":31,"spe":31}},{"name":"Hoopa-Unbound","species":"Hoopa-Unbound","item":"dreadplate","ability":"Magician","moves":["knockoff","hyperspacehole","gunkshot","darkpulse"],"nature":"Lonely","evs":{"hp":96,"atk":252,"def":0,"spa":148,"spd":0,"spe":12},"ivs":{"hp":31,"atk":31,"def":31,"spa":31,"spd":31,"spe":31}},{"name":"Meloetta","species":"Meloetta","item":"assaultvest","ability":"Serene Grace","moves":["thunderbolt","energyball","shadowball","hypervoice"],"nature":"Modest","evs":{"hp":248,"atk":0,"def":0,"spa":252,"spd":8,"spe":0},"ivs":{"hp":31,"atk":0,"def":31,"spa":31,"spd":31,"spe":31}}],"p2team":[{"name":"Toge-Tard","species":"togekiss","item":"leftovers","ability":"Serene Grace","moves":["thunderwave","airslash","defog","roost"],"nature":"Calm","evs":{"hp":252,"atk":0,"def":0,"spa":4,"spd":252,"spe":0},"ivs":{"hp":31,"atk":31,"def":31,"spa":31,"spd":31,"spe":31}},{"name":"Skarmory","species":"Skarmory","item":"rockyhelmet","ability":"Sturdy","moves":["stealthrock","whirlwind","defog","bravebird"],"nature":"Impish","evs":{"hp":248,"atk":0,"def":236,"spa":0,"spd":0,"spe":24},"ivs":{"hp":31,"atk":31,"def":31,"spa":31,"spd":31,"spe":31}},{"name":"Landorus-Therian","species":"Landorus-Therian","item":"lifeorb","ability":"Intimidate","moves":["stoneedge","earthquake","superpower","rockpolish"],"nature":"Adamant","evs":{"hp":252,"atk":252,"def":0,"spa":0,"spd":4,"spe":0},"ivs":{"hp":31,"atk":31,"def":31,"spa":31,"spd":31,"spe":31}},{"name":"Gyarados","species":"Gyarados","item":"gyaradosite","ability":"Moxie","moves":["earthquake","waterfall","icefang","dragondance"],"nature":"Adamant","evs":{"hp":4,"atk":0,"def":0,"spa":0,"spd":0,"spe":0},"ivs":{"hp":31,"atk":31,"def":31,"spa":31,"spd":31,"spe":31}},{"name":"Staraptor","species":"Staraptor","item":"choicescarf","ability":"Intimidate","moves":["bravebird","closecombat","uturn","pluck"],"nature":"Jolly","evs":{"hp":0,"atk":252,"def":0,"spa":0,"spd":4,"spe":252},"ivs":{"hp":31,"atk":31,"def":31,"spa":31,"spd":31,"spe":31}},{"name":"Thundurus-Therian","species":"Thundurus-Therian","item":"lifeorb","ability":"Volt Absorb","moves":["thunderbolt","flashcannon","darkpulse","focusblast"],"nature":"Timid","evs":{"hp":0,"atk":0,"def":0,"spa":252,"spd":4,"spe":252},"ivs":{"hp":31,"atk":31,"def":31,"spa":31,"spd":31,"spe":31}}],"log":["|player|p1|SWL Neßki|swlneki.png","|player|p2|Crystal Jake|150","|gametype|singles","|gen|6","|tier|Monotype","|rated","|rule|Baton Pass Clause: Limit one Baton Passer, can't pass Spe and other stats simultaneously","|rule|Swagger Clause: Swagger is banned","|rule|Same Type Clause: Pokémon in a team must share a type","|clearpoke","|poke|p1|Deoxys-Speed","|poke|p1|Gardevoir, M","|poke|p1|Victini","|poke|p1|Mew","|poke|p1|Hoopa-Unbound","|poke|p1|Meloetta","|poke|p2|Togekiss, F","|poke|p2|Skarmory, M","|poke|p2|Landorus-Therian, M","|poke|p2|Gyarados, M","|poke|p2|Staraptor, F","|poke|p2|Thundurus-Therian, M","|rule|Sleep Clause Mod: Limit one foe put to sleep","|rule|Species Clause: Limit one of each Pokémon","|rule|OHKO Clause: OHKO moves are banned","|rule|Moody Clause: Moody is banned","|rule|Evasion Moves Clause: Evasion moves are banned","|rule|Endless Battle Clause: Forcing endless battles is banned","|rule|HP Percentage Mod: HP is shown in percentages","|teampreview","|","|start","|switch|p1a: Deoxys-Speed|Deoxys-Speed|303/303","|switch|p2a: Skarmory|Skarmory, M|333/333","|-ability|p1a: Deoxys-Speed|Pressure","|turn|1","|","|move|p1a: Deoxys-Speed|Stealth Rock|p2a: Skarmory","|-sidestart|p2: Crystal Jake|move: Stealth Rock","|move|p2a: Skarmory|Stealth Rock|p1a: Deoxys-Speed","|-sidestart|p1: SWL Neßki|move: Stealth Rock","|","|turn|2","|","|move|p1a: Deoxys-Speed|Reflect|p1a: Deoxys-Speed","|-sidestart|p1: SWL Neßki|Reflect","|move|p2a: Skarmory|Whirlwind|p1a: Deoxys-Speed","|drag|p1a: Meloetta|Meloetta|403/403","|-damage|p1a: Meloetta|353/403|[from] Stealth Rock","|","|turn|3","|","|move|p1a: Meloetta|Thunderbolt|p2a: Skarmory","|-supereffective|p2a: Skarmory","|-damage|p2a: Skarmory|39/333","|move|p2a: Skarmory|Defog|p1a: Meloetta","|-unboost|p1a: Meloetta|evasion|1","|-sideend|p1: SWL Neßki|Reflect","|-sideend|p1: SWL Neßki|Stealth Rock|[from] move: Defog|[of] p1a: Meloetta","|-sideend|p2: Crystal Jake|Stealth Rock|[from] move: Defog|[of] p2a: Skarmory","|","|turn|4","|","|switch|p2a: Landorus-Therian|Landorus-Therian, M|382/382","|-ability|p2a: Landorus-Therian|Intimidate","|-unboost|p1a: Meloetta|atk|1","|move|p1a: Meloetta|Hyper Voice|p2a: Landorus-Therian","|-damage|p2a: Landorus-Therian|189/382","|","|turn|5","|","|switch|p2a: Skarmory|Skarmory, M|39/333","|switch|p1a: Deoxys-Speed|Deoxys-Speed|303/303","|-ability|p1a: Deoxys-Speed|Pressure","|","|turn|6","|","|move|p1a: Deoxys-Speed|Taunt|p2a: Skarmory","|-start|p2a: Skarmory|move: Taunt","|cant|p2a: Skarmory|move: Taunt|Defog","|","|turn|7","|","|switch|p2a: Thundurus-Therian|Thundurus-Therian, M|299/299","|move|p1a: Deoxys-Speed|Stealth Rock|p2a: Thundurus-Therian","|-sidestart|p2: Crystal Jake|move: Stealth Rock","|","|turn|8","|","|move|p1a: Deoxys-Speed|Light Screen|p1a: Deoxys-Speed","|-sidestart|p1: SWL Neßki|move: Light Screen","|move|p2a: Thundurus-Therian|Dark Pulse|p1a: Deoxys-Speed","|-supereffective|p1a: Deoxys-Speed","|-damage|p1a: Deoxys-Speed|148/303","|-damage|p2a: Thundurus-Therian|270/299|[from] item: Life Orb","|","|turn|9","|","|switch|p1a: Meloetta|Meloetta|353/403","|move|p2a: Thundurus-Therian|Dark Pulse|p1a: Meloetta","|-supereffective|p1a: Meloetta","|-damage|p1a: Meloetta|275/403","|-damage|p2a: Thundurus-Therian|241/299|[from] item: Life Orb","|","|turn|10","|","|switch|p2a: Skarmory|Skarmory, M|39/333","|-damage|p2a: Skarmory|0 fnt|[from] Stealth Rock","|faint|p2a: Skarmory","|move|p1a: Meloetta|Hyper Voice|p2: Skarmory|[notarget]","|-notarget","|","|","|switch|p2a: Toge-Tard|Togekiss, F|374/374","|-damage|p2a: Toge-Tard|281/374|[from] Stealth Rock","|turn|11","|","|switch|p1a: Mew|Mew|378/378","|move|p2a: Toge-Tard|Defog|p1a: Mew","|-unboost|p1a: Mew|evasion|1","|-sideend|p1: SWL Neßki|move: Light Screen","|-sideend|p2: Crystal Jake|Stealth Rock|[from] move: Defog|[of] p2a: Toge-Tard","|","|-heal|p2a: Toge-Tard|304/374|[from] item: Leftovers","|turn|12","|","|move|p1a: Mew|Nasty Plot|p1a: Mew","|-boost|p1a: Mew|spa|2","|move|p2a: Toge-Tard|Roost|p2a: Toge-Tard","|-heal|p2a: Toge-Tard|374/374","|","|turn|13","|","|move|p1a: Mew|Psyshock|p2a: Toge-Tard","|-damage|p2a: Toge-Tard|118/374","|move|p2a: Toge-Tard|Thunder Wave|p1a: Mew","|-status|p1a: Mew|par","|-status|p2a: Toge-Tard|par","|","|-heal|p2a: Toge-Tard|141/374 par|[from] item: Leftovers","|turn|14","|","|move|p1a: Mew|Nasty Plot|p1a: Mew","|-boost|p1a: Mew|spa|2","|move|p2a: Toge-Tard|Air Slash|p1a: Mew","|-damage|p1a: Mew|272/378 par","|","|-heal|p1a: Mew|295/378 par|[from] item: Leftovers","|-heal|p2a: Toge-Tard|164/374 par|[from] item: Leftovers","|turn|15","|","|move|p1a: Mew|Psyshock|p2a: Toge-Tard","|-damage|p2a: Toge-Tard|0 fnt","|faint|p2a: Toge-Tard","|","|-heal|p1a: Mew|318/378 par|[from] item: Leftovers","|","|switch|p2a: Thundurus-Therian|Thundurus-Therian, M|241/299","|turn|16","|","|move|p2a: Thundurus-Therian|Dark Pulse|p1a: Mew","|-supereffective|p1a: Mew","|-damage|p1a: Mew|50/378 par","|-damage|p2a: Thundurus-Therian|212/299|[from] item: Life Orb","|cant|p1a: Mew|flinch","|","|-heal|p1a: Mew|73/378 par|[from] item: Leftovers","|turn|17","|","|move|p1a: Mew|Vacuum Wave|p2a: Thundurus-Therian","|-resisted|p2a: Thundurus-Therian","|-damage|p2a: Thundurus-Therian|133/299","|move|p2a: Thundurus-Therian|Dark Pulse|p1a: Mew","|-supereffective|p1a: Mew","|-damage|p1a: Mew|0 fnt","|-damage|p2a: Thundurus-Therian|104/299|[from] item: Life Orb","|faint|p1a: Mew","|","|","|switch|p1a: Deoxys-Speed|Deoxys-Speed|148/303","|-ability|p1a: Deoxys-Speed|Pressure","|turn|18","|","|move|p1a: Deoxys-Speed|Reflect|p1a: Deoxys-Speed","|-sidestart|p1: SWL Neßki|Reflect","|move|p2a: Thundurus-Therian|Dark Pulse|p1a: Deoxys-Speed","|-supereffective|p1a: Deoxys-Speed","|-damage|p1a: Deoxys-Speed|0 fnt","|-damage|p2a: Thundurus-Therian|75/299|[from] item: Life Orb","|faint|p1a: Deoxys-Speed","|","|","|switch|p1a: Hoopa-Unbound|Hoopa-Unbound|325/325","|turn|19","|","|move|p2a: Thundurus-Therian|Dark Pulse|p1a: Hoopa-Unbound","|-damage|p1a: Hoopa-Unbound|213/325","|-damage|p2a: Thundurus-Therian|46/299|[from] item: Life Orb","|cant|p1a: Hoopa-Unbound|flinch","|","|turn|20","|","|move|p2a: Thundurus-Therian|Thunderbolt|p1a: Hoopa-Unbound","|-damage|p1a: Hoopa-Unbound|32/325","|-damage|p2a: Thundurus-Therian|17/299|[from] item: Life Orb","|move|p1a: Hoopa-Unbound|Knock Off|p2a: Thundurus-Therian","|-damage|p2a: Thundurus-Therian|0 fnt","|-enditem|p2a: Thundurus-Therian|Life Orb|[from] move: Knock Off|[of] p1a: Hoopa-Unbound","|faint|p2a: Thundurus-Therian","|","|","|switch|p2a: Staraptor|Staraptor, F|311/311","|-ability|p2a: Staraptor|Intimidate","|-unboost|p1a: Hoopa-Unbound|atk|1","|turn|21","|","|move|p2a: Staraptor|U-turn|p1a: Hoopa-Unbound","|-supereffective|p1a: Hoopa-Unbound","|-damage|p1a: Hoopa-Unbound|0 fnt","|faint|p1a: Hoopa-Unbound","|","|switch|p2a: Gyarados|Gyarados, M|332/332","|","|","|switch|p1a: Gardevoir|Gardevoir, M|277/277","|-ability|p1a: Gardevoir|Moxie|[from] ability: Trace|[of] p2a: Gyarados","|turn|22","|","|detailschange|p1a: Gardevoir|Gardevoir-Mega, M","|-mega|p1a: Gardevoir|Gardevoir|Gardevoirite","|move|p1a: Gardevoir|Hyper Voice|p2a: Gyarados","|-damage|p2a: Gyarados|56/332","|move|p2a: Gyarados|Dragon Dance|p2a: Gyarados","|-boost|p2a: Gyarados|atk|1","|-boost|p2a: Gyarados|spe|1","|","|turn|23","|","|switch|p2a: Landorus-Therian|Landorus-Therian, M|189/382","|-ability|p2a: Landorus-Therian|Intimidate","|-unboost|p1a: Gardevoir|atk|1","|move|p1a: Gardevoir|Hyper Voice|p2a: Landorus-Therian","|-damage|p2a: Landorus-Therian|0 fnt","|faint|p2a: Landorus-Therian","|","|","|switch|p2a: Staraptor|Staraptor, F|311/311","|-ability|p2a: Staraptor|Intimidate","|-unboost|p1a: Gardevoir|atk|1","|turn|24","|","|move|p2a: Staraptor|U-turn|p1a: Gardevoir","|-damage|p1a: Gardevoir|224/277","|","|switch|p2a: Gyarados|Gyarados, M|56/332","|move|p1a: Gardevoir|Hyper Voice|p2a: Gyarados","|-damage|p2a: Gyarados|0 fnt","|faint|p2a: Gyarados","|","|","|switch|p2a: Staraptor|Staraptor, F|311/311","|-ability|p2a: Staraptor|Intimidate","|-unboost|p1a: Gardevoir|atk|1","|turn|25","|","|move|p2a: Staraptor|Brave Bird|p1a: Gardevoir","|-damage|p1a: Gardevoir|80/277","|-damage|p2a: Staraptor|263/311|[from] recoil|[of] p1a: Gardevoir","|move|p1a: Gardevoir|Hyper Voice|p2a: Staraptor","|-damage|p2a: Staraptor|0 fnt","|faint|p2a: Staraptor","|","|win|SWL Neßki"],"p1rating":{"entryid":"6746789","serverid":"eos","formatid":"monotype","userid":"swlneki","username":"SWL Neßki","w":38,"l":"20","t":"0","gxe":67.2,"r":"1622.0742964777","rd":"53.869186402568","sigma":"0","rptime":"1439715600","rpr":1635.9180977942,"rprd":50.174936956079,"rpsigma":"0","acre":1293.2664135947,"lacre":1293.2664135947,"oldacre":"1278.4191978471"},"p2rating":{"entryid":"7196111","serverid":"eos","formatid":"monotype","userid":"crystaljake","username":"Crystal Jake","w":"4","l":4,"t":"0","gxe":55.1,"r":"1553.2939499958","rd":"104.9507334839","sigma":"0","rptime":"1439715600","rpr":1540.0891829214,"rprd":93.549140125593,"rpsigma":"0","acre":1113.8460983685,"lacre":1113.8460983685,"oldacre":"1128.6933141161"},"endType":"normal"}