{"seed":[11125,62555,57240,9401],"turns":23,"p1":"Emg_DemZii","p2":"Fairy Ouroboros","p1team":[{"name":"Politoed","species":"Politoed","item":"choicespecs","ability":"Drizzle","moves":["hydropump","icebeam","focusblast","hiddenpowergrass"],"nature":"Modest","evs":{"hp":248,"atk":0,"def":0,"spa":252,"spd":8,"spe":0},"ivs":{"hp":31,"atk":30,"def":31,"spa":30,"spd":31,"spe":31}},{"name":"Manaphy","species":"Manaphy","item":"leftovers","ability":"Hydration","moves":["tailglow","rest","scald","ancientpower"],"nature":"Modest","evs":{"hp":252,"atk":0,"def":0,"spa":252,"spd":4,"spe":0},"ivs":{"hp":31,"atk":31,"def":31,"spa":31,"spd":31,"spe":31}},{"name":"Slowking","species":"Slowking","item":"leftovers","ability":"Regenerator","moves":["psychic","calmmind","thunderwave","signalbeam"],"nature":"Bold","evs":{"hp":252,"atk":0,"def":4,"spa":244,"spd":0,"spe":0},"ivs":{"hp":31,"atk":31,"def":31,"spa":31,"spd":31,"spe":31}},{"name":"Swampert","species":"Swampert","item":"swampertite","ability":"Torrent","moves":["waterfall","hammerarm","icepunch","earthquake"],"nature":"Adamant","evs":{"hp":248,"atk":252,"def":0,"spa":0,"spd":8,"spe":0},"ivs":{"hp":31,"atk":31,"def":31,"spa":31,"spd":31,"spe":31}},{"name":"Azumarill","species":"Azumarill","item":"choiceband","ability":"Sap Sipper","moves":["aquajet","playrough","bulldoze","icepunch"],"nature":"Adamant","evs":{"hp":248,"atk":252,"def":0,"spa":0,"spd":8,"spe":0},"ivs":{"hp":31,"atk":31,"def":31,"spa":31,"spd":31,"spe":31}},{"name":"Tentacruel","species":"Tentacruel","item":"blacksludge","ability":"Liquid Ooze","moves":["rapidspin","acidspray","sludgebomb","surf"],"nature":"Bold","evs":{"hp":0,"atk":0,"def":248,"spa":8,"spd":252,"spe":0},"ivs":{"hp":31,"atk":31,"def":31,"spa":31,"spd":31,"spe":31}}],"p2team":[{"name":"Deoxys-Speed","species":"Deoxys-Speed","item":"lightclay","ability":"Pressure","moves":["taunt","stealthrock","lightscreen","reflect"],"nature":"Timid","evs":{"hp":248,"atk":0,"def":0,"spa":0,"spd":8,"spe":252},"ivs":{"hp":31,"atk":0,"def":31,"spa":31,"spd":31,"spe":31}},{"name":"Gardevoir","species":"Gardevoir","item":"gardevoirite","ability":"Trace","moves":["substitute","hypervoice","psyshock","painsplit"],"nature":"Modest","evs":{"hp":0,"atk":0,"def":0,"spa":252,"spd":4,"spe":252},"ivs":{"hp":31,"atk":0,"def":31,"spa":31,"spd":31,"spe":31}},{"name":"Victini","species":"Victini","item":"choicescarf","ability":"Victory Star","moves":["vcreate","uturn","boltstrike","blueflare"],"nature":"Naive","evs":{"hp":0,"atk":252,"def":0,"spa":4,"spd":0,"spe":252},"ivs":{"hp":31,"atk":31,"def":31,"spa":31,"spd":31,"spe":31}},{"name":"Mew","species":"Mew","item":"leftovers","ability":"Synchronize","moves":["nastyplot","vacuumwave","flamethrower","psyshock"],"nature":"Modest","evs":{"hp":148,"atk":0,"def":0,"spa":252,"spd":0,"spe":108},"ivs":{"hp":31,"atk":0,"def":31,"spa":31,"spd":31,"spe":31}},{"name":"Hoopa-Unbound","species":"Hoopa-Unbound","item":"dreadplate","ability":"Magician","moves":["knockoff","drainpunch","gunkshot","darkpulse"],"nature":"Lonely","evs":{"hp":236,"atk":252,"def":0,"spa":8,"spd":0,"spe":12},"ivs":{"hp":31,"atk":31,"def":31,"spa":31,"spd":31,"spe":31}},{"name":"Meloetta","species":"Meloetta","item":"assaultvest","ability":"Serene Grace","moves":["thunderbolt","energyball","shadowball","hypervoice"],"nature":"Modest","evs":{"hp":248,"atk":0,"def":0,"spa":252,"spd":8,"spe":0},"ivs":{"hp":31,"atk":0,"def":31,"spa":31,"spd":31,"spe":31}}],"log":["|player|p1|Emg_DemZii|274","|player|p2|Fairy Ouroboros|swlneki.png","|gametype|singles","|gen|6","|tier|Monotype","|rated","|rule|Baton Pass Clause: Limit one Baton Passer, can't pass Spe and other stats simultaneously","|rule|Swagger Clause: Swagger is banned","|rule|Same Type Clause: Pokémon in a team must share a type","|clearpoke","|poke|p1|Politoed, M","|poke|p1|Manaphy","|poke|p1|Slowking, F","|poke|p1|Swampert, F","|poke|p1|Azumarill, M","|poke|p1|Tentacruel, M","|poke|p2|Deoxys-Speed","|poke|p2|Gardevoir, M","|poke|p2|Victini","|poke|p2|Mew","|poke|p2|Hoopa-Unbound","|poke|p2|Meloetta","|rule|Sleep Clause Mod: Limit one foe put to sleep","|rule|Species Clause: Limit one of each Pokémon","|rule|OHKO Clause: OHKO moves are banned","|rule|Moody Clause: Moody is banned","|rule|Evasion Moves Clause: Evasion moves are banned","|rule|Endless Battle Clause: Forcing endless battles is banned","|rule|HP Percentage Mod: HP is shown in percentages","|teampreview","|","|start","|switch|p1a: Politoed|Politoed, M|383/383","|switch|p2a: Deoxys-Speed|Deoxys-Speed|303/303","|-ability|p2a: Deoxys-Speed|Pressure","|-weather|RainDance","|turn|1","|","|move|p2a: Deoxys-Speed|Taunt|p1a: Politoed","|-start|p1a: Politoed|move: Taunt","|move|p1a: Politoed|Hydro Pump|p2a: Deoxys-Speed","|-damage|p2a: Deoxys-Speed|0 fnt","|faint|p2a: Deoxys-Speed","|","|-weather|RainDance|[upkeep]","|","|switch|p2a: Hoopa-Unbound|Hoopa-Unbound|360/360","|turn|2","|","|move|p2a: Hoopa-Unbound|Knock Off|p1a: Politoed","|-damage|p1a: Politoed|61/383","|-enditem|p1a: Politoed|Choice Specs|[from] move: Knock Off|[of] p2a: Hoopa-Unbound","|move|p1a: Politoed|Hydro Pump|p2a: Hoopa-Unbound","|-damage|p2a: Hoopa-Unbound|173/360","|","|-weather|RainDance|[upkeep]","|turn|3","|","|switch|p1a: Swampert|Swampert, F|403/403","|move|p2a: Hoopa-Unbound|Gunk Shot|p1a: Swampert","|-resisted|p1a: Swampert","|-damage|p1a: Swampert|307/403","|","|-weather|RainDance|[upkeep]","|turn|4","|","|move|p2a: Hoopa-Unbound|Dark Pulse|p1a: Swampert","|-damage|p1a: Swampert|99/403","|move|p1a: Swampert|Waterfall|p2a: Hoopa-Unbound","|-damage|p2a: Hoopa-Unbound|0 fnt","|faint|p2a: Hoopa-Unbound","|","|-weather|RainDance|[upkeep]","|","|switch|p2a: Gardevoir|Gardevoir, M|277/277","|-ability|p2a: Gardevoir|Torrent|[from] ability: Trace|[of] p1a: Swampert","|turn|5","|","|detailschange|p1a: Swampert|Swampert-Mega, F","|-mega|p1a: Swampert|Swampert|Swampertite","|move|p2a: Gardevoir|Psyshock|p1a: Swampert","|-damage|p1a: Swampert|0 fnt","|faint|p1a: Swampert","|","|-weather|none","|","|switch|p1a: Politoed|Politoed, M|61/383","|-weather|RainDance","|turn|6","|","|move|p2a: Gardevoir|Substitute|p2a: Gardevoir","|-start|p2a: Gardevoir|Substitute","|-damage|p2a: Gardevoir|208/277","|move|p1a: Politoed|Hydro Pump|p2a: Gardevoir","|-end|p2a: Gardevoir|Substitute","|","|-weather|RainDance|[upkeep]","|turn|7","|","|move|p2a: Gardevoir|Substitute|p2a: Gardevoir","|-start|p2a: Gardevoir|Substitute","|-damage|p2a: Gardevoir|139/277","|move|p1a: Politoed|Hydro Pump|p2a: Gardevoir|[miss]","|-miss|p1a: Politoed|p2a: Gardevoir","|","|-weather|RainDance|[upkeep]","|turn|8","|","|detailschange|p2a: Gardevoir|Gardevoir-Mega, M","|-mega|p2a: Gardevoir|Gardevoir|Gardevoirite","|move|p2a: Gardevoir|Hyper Voice|p1a: Politoed","|-damage|p1a: Politoed|0 fnt","|faint|p1a: Politoed","|","|-weather|RainDance|[upkeep]","|","|switch|p1a: Slowking|Slowking, F|394/394","|turn|9","|","|move|p2a: Gardevoir|Pain Split|p1a: Slowking","|-sethp|p1a: Slowking|266/394|p2a: Gardevoir|266/277|[from] move: Pain Split","|move|p1a: Slowking|Calm Mind|p1a: Slowking","|-boost|p1a: Slowking|spa|1","|-boost|p1a: Slowking|spd|1","|","|-weather|RainDance|[upkeep]","|-heal|p1a: Slowking|290/394|[from] item: Leftovers","|turn|10","|","|switch|p2a: Meloetta|Meloetta|403/403","|move|p1a: Slowking|Calm Mind|p1a: Slowking","|-boost|p1a: Slowking|spa|1","|-boost|p1a: Slowking|spd|1","|","|-weather|none","|-heal|p1a: Slowking|314/394|[from] item: Leftovers","|turn|11","|","|move|p2a: Meloetta|Shadow Ball|p1a: Slowking","|-supereffective|p1a: Slowking","|-damage|p1a: Slowking|224/394","|move|p1a: Slowking|Signal Beam|p2a: Meloetta","|-supereffective|p2a: Meloetta","|-damage|p2a: Meloetta|245/403","|","|-heal|p1a: Slowking|248/394|[from] item: Leftovers","|turn|12","|","|switch|p2a: Victini|Victini|341/341","|move|p1a: Slowking|Thunder Wave|p2a: Victini","|-status|p2a: Victini|par","|","|-heal|p1a: Slowking|272/394|[from] item: Leftovers","|turn|13","|","|move|p2a: Victini|Bolt Strike|p1a: Slowking","|-supereffective|p1a: Slowking","|-damage|p1a: Slowking|0 fnt","|faint|p1a: Slowking","|","|","|switch|p1a: Manaphy|Manaphy|404/404","|turn|14","|","|move|p1a: Manaphy|Scald|p2a: Victini","|-supereffective|p2a: Victini","|-damage|p2a: Victini|53/341 par","|cant|p2a: Victini|par","|","|turn|15","|","|move|p1a: Manaphy|Scald|p2a: Victini","|-supereffective|p2a: Victini","|-damage|p2a: Victini|0 fnt","|faint|p2a: Victini","|","|","|switch|p2a: Meloetta|Meloetta|245/403","|turn|16","|","|move|p1a: Manaphy|Tail Glow|p1a: Manaphy","|-boost|p1a: Manaphy|spa|3","|move|p2a: Meloetta|Thunderbolt|p1a: Manaphy","|-supereffective|p1a: Manaphy","|-damage|p1a: Manaphy|166/404","|","|-heal|p1a: Manaphy|191/404|[from] item: Leftovers","|turn|17","|","|move|p1a: Manaphy|Scald|p2a: Meloetta","|-damage|p2a: Meloetta|68/403","|-status|p2a: Meloetta|brn","|move|p2a: Meloetta|Thunderbolt|p1a: Manaphy","|-crit|p1a: Manaphy","|-supereffective|p1a: Manaphy","|-damage|p1a: Manaphy|0 fnt","|faint|p1a: Manaphy","|","|-damage|p2a: Meloetta|18/403 brn|[from] brn","|","|switch|p1a: Azumarill|Azumarill, M|403/403","|turn|18","|","|move|p1a: Azumarill|Aqua Jet|p2a: Meloetta","|-damage|p2a: Meloetta|0 fnt","|faint|p2a: Meloetta","|","|","|switch|p2a: Gardevoir|Gardevoir-Mega, M|266/277","|turn|19","|","|switch|p1a: Tentacruel|Tentacruel, M|301/301","|move|p2a: Gardevoir|Hyper Voice|p1a: Tentacruel","|-resisted|p1a: Tentacruel","|-damage|p1a: Tentacruel|205/301","|","|-heal|p1a: Tentacruel|223/301|[from] item: Black Sludge","|turn|20","|","|move|p2a: Gardevoir|Psyshock|p1a: Tentacruel","|-supereffective|p1a: Tentacruel","|-damage|p1a: Tentacruel|0 fnt","|faint|p1a: Tentacruel","|","|","|switch|p1a: Azumarill|Azumarill, M|403/403","|turn|21","|","|move|p2a: Gardevoir|Psyshock|p1a: Azumarill","|-damage|p1a: Azumarill|162/403","|move|p1a: Azumarill|Play Rough|p2a: Gardevoir","|-crit|p2a: Gardevoir","|-damage|p2a: Gardevoir|0 fnt","|faint|p2a: Gardevoir","|","|","|switch|p2a: Mew|Mew|378/378","|turn|22","|","|move|p2a: Mew|Psyshock|p1a: Azumarill","|-damage|p1a: Azumarill|8/403","|move|p1a: Azumarill|Play Rough|p2a: Mew","|-damage|p2a: Mew|239/378","|","|-heal|p2a: Mew|262/378|[from] item: Leftovers","|turn|23","|","|move|p2a: Mew|Vacuum Wave|p1a: Azumarill","|-resisted|p1a: Azumarill","|-damage|p1a: Azumarill|0 fnt","|faint|p1a: Azumarill","|","|win|Fairy Ouroboros"],"p1rating":{"entryid":"7361210","serverid":"eos","formatid":"monotype","userid":"emgdemzii","username":"Emg_DemZii","w":"8","l":28,"t":"0","gxe":25.3,"r":1297.7950467346,"rd":58.638353209628,"sigma":"0","rptime":1439629200,"rpr":1293.2270707913,"rprd":58.104448196519,"rpsigma":"0","acre":1030.3946292564,"lacre":1030.3946292564,"oldacre":"1040"},"p2rating":{"entryid":"7662052","serverid":"eos","formatid":"monotype","userid":"fairyouroboros","username":"Fairy Ouroboros","w":9,"l":"1","t":"0","gxe":69,"r":"1500","rd":"130","sigma":"0","rptime":"1439629200","rpr":1654.8459416353,"rprd":86.995155816175,"rpsigma":"0","acre":1202.0602897338,"lacre":1202.0602897338,"oldacre":"1187.0518979469"},"endType":"normal"}