{"seed":[11157,2112,60519,9811],"turns":19,"p1":"slender1113","p2":"Mateee","p1team":[{"name":"Sink Or Swim","species":"feraligatr","item":"lifeorb","ability":"Sheer Force","moves":["swordsdance","waterfall","icepunch","crunch"],"nature":"Adamant","evs":{"hp":144,"atk":252,"def":0,"spa":0,"spd":0,"spe":112},"gender":"M","shiny":true,"ivs":{"hp":31,"atk":31,"def":31,"spa":31,"spd":31,"spe":31}},{"name":"Banana","species":"serperior","item":"lifeorb","ability":"Contrary","moves":["leafstorm","dragonpulse","hiddenpowerfire","gigadrain"],"nature":"Timid","evs":{"hp":0,"atk":0,"def":0,"spa":252,"spd":4,"spe":252},"gender":"M","ivs":{"hp":31,"atk":30,"def":31,"spa":30,"spd":31,"spe":30},"shiny":true},{"name":"Fatty FatFat","species":"blissey","item":"leftovers","ability":"Natural Cure","moves":["thunderwave","softboiled","seismictoss","stealthrock"],"nature":"Bold","evs":{"hp":252,"atk":0,"def":252,"spa":0,"spd":4,"spe":0},"ivs":{"hp":31,"atk":31,"def":31,"spa":31,"spd":31,"spe":31}},{"name":"Sparkle","species":"rotomwash","item":"leftovers","ability":"Levitate","moves":["voltswitch","willowisp","hydropump","painsplit"],"nature":"Bold","evs":{"hp":248,"atk":0,"def":252,"spa":0,"spd":0,"spe":8},"ivs":{"hp":31,"atk":31,"def":31,"spa":31,"spd":31,"spe":31}},{"name":"Unforgiven","species":"tyranitar","item":"choicescarf","ability":"Sand Stream","moves":["stoneedge","pursuit","superpower","crunch"],"nature":"Jolly","evs":{"hp":0,"atk":252,"def":4,"spa":0,"spd":0,"spe":252},"gender":"M","ivs":{"hp":31,"atk":31,"def":31,"spa":31,"spd":31,"spe":31}},{"name":"SO FUCKING CUTE!!!","species":"dragonite","item":"leftovers","ability":"Multiscale","moves":["roost","dragonclaw","extremespeed","firepunch"],"nature":"Adamant","evs":{"hp":216,"atk":64,"def":0,"spa":0,"spd":228,"spe":0},"gender":"M","ivs":{"hp":31,"atk":31,"def":31,"spa":31,"spd":31,"spe":31}}],"p2team":[{"name":"Alakazam","species":"Alakazam","item":"focussash","ability":"Magic Guard","moves":["shadowball","psychic","chargebeam","dazzlinggleam"],"nature":"Timid","evs":{"hp":0,"atk":0,"def":0,"spa":252,"spd":0,"spe":252},"ivs":{"hp":31,"atk":31,"def":31,"spa":31,"spd":31,"spe":31}},{"name":"Machamp","species":"Machamp","item":"choicescarf","ability":"No Guard","moves":["dynamicpunch","firepunch","icepunch","thunderpunch"],"nature":"Adamant","evs":{"hp":0,"atk":252,"def":0,"spa":0,"spd":0,"spe":252},"ivs":{"hp":31,"atk":31,"def":31,"spa":31,"spd":31,"spe":31}},{"name":"Snorlax","species":"Snorlax","item":"chestoberry","ability":"Thick Fat","moves":["curse","zenheadbutt","rest","bodyslam"],"nature":"Impish","evs":{"hp":252,"atk":0,"def":80,"spa":0,"spd":176,"spe":0},"ivs":{"hp":31,"atk":31,"def":31,"spa":31,"spd":31,"spe":31}},{"name":"Gengar","species":"Gengar","item":"focussash","ability":"Levitate","moves":["shadowball","destinybond","sludgebomb","psychic"],"nature":"Modest","evs":{"hp":0,"atk":0,"def":0,"spa":252,"spd":0,"spe":252},"ivs":{"hp":31,"atk":31,"def":31,"spa":31,"spd":31,"spe":31}},{"name":"Wobbuffet","species":"Wobbuffet","item":"focussash","ability":"Shadow Tag","moves":["destinybond","counter","mirrorcoat","encore"],"nature":"Careful","evs":{"hp":252,"atk":0,"def":148,"spa":0,"spd":108,"spe":0},"ivs":{"hp":31,"atk":31,"def":31,"spa":31,"spd":31,"spe":31}},{"name":"Sableye","species":"Sableye","item":"leftovers","ability":"Prankster","moves":["toxic","willowisp","substitute","protect"],"nature":"Calm","evs":{"hp":4,"atk":0,"def":252,"spa":0,"spd":252,"spe":0},"ivs":{"hp":31,"atk":31,"def":31,"spa":31,"spd":31,"spe":31}}],"log":["|player|p1|slender1113|290","|player|p2|Mateee|102","|gametype|singles","|gen|6","|tier|OU","|rated","|clearpoke","|poke|p1|Feraligatr, M, shiny","|poke|p1|Serperior, M, shiny","|poke|p1|Blissey, F","|poke|p1|Rotom-Wash","|poke|p1|Tyranitar, M","|poke|p1|Dragonite, M","|poke|p2|Alakazam, F","|poke|p2|Machamp, M","|poke|p2|Snorlax, F","|poke|p2|Gengar, M","|poke|p2|Wobbuffet, F","|poke|p2|Sableye, M","|rule|Swagger Clause: Swagger is banned","|rule|Baton Pass Clause: Limit one Baton Passer, can't pass Spe and other stats simultaneously","|rule|Sleep Clause Mod: Limit one foe put to sleep","|rule|Species Clause: Limit one of each Pokémon","|rule|OHKO Clause: OHKO moves are banned","|rule|Moody Clause: Moody is banned","|rule|Evasion Moves Clause: Evasion moves are banned","|rule|Endless Battle Clause: Forcing endless battles is banned","|rule|HP Percentage Mod: HP is shown in percentages","|teampreview","|","|start","|switch|p1a: Unforgiven|Tyranitar, M|341/341","|switch|p2a: Wobbuffet|Wobbuffet, F|584/584","|-weather|Sandstorm","|turn|1","|","|switch|p2a: Sableye|Sableye, M|242/242","|move|p1a: Unforgiven|Crunch|p2a: Sableye","|-crit|p2a: Sableye","|-damage|p2a: Sableye|37/242","|","|-weather|Sandstorm|[upkeep]","|-damage|p2a: Sableye|22/242|[from] sandstorm","|-heal|p2a: Sableye|37/242|[from] item: Leftovers","|turn|2","|","|move|p2a: Sableye|Will-O-Wisp|p1a: Unforgiven|[miss]","|-miss|p2a: Sableye|p1a: Unforgiven","|move|p1a: Unforgiven|Crunch|p2a: Sableye","|-crit|p2a: Sableye","|-damage|p2a: Sableye|0 fnt","|faint|p2a: Sableye","|","|-weather|Sandstorm|[upkeep]","|","|switch|p2a: Machamp|Machamp, M|321/321","|turn|3","|","|switch|p1a: SO FUCKING CUTE!!!|Dragonite, M|377/377","|move|p2a: Machamp|Dynamic Punch|p1a: SO FUCKING CUTE!!!","|-resisted|p1a: SO FUCKING CUTE!!!","|-damage|p1a: SO FUCKING CUTE!!!|326/377","|-start|p1a: SO FUCKING CUTE!!!|confusion","|","|-weather|Sandstorm|[upkeep]","|-damage|p2a: Machamp|301/321|[from] sandstorm","|-damage|p1a: SO FUCKING CUTE!!!|303/377|[from] sandstorm","|-heal|p1a: SO FUCKING CUTE!!!|326/377|[from] item: Leftovers","|turn|4","|","|switch|p2a: Snorlax|Snorlax, F|524/524","|-activate|p1a: SO FUCKING CUTE!!!|confusion","|move|p1a: SO FUCKING CUTE!!!|Dragon Claw|p2a: Snorlax","|-damage|p2a: Snorlax|373/524","|","|-weather|Sandstorm|[upkeep]","|-damage|p1a: SO FUCKING CUTE!!!|303/377|[from] sandstorm","|-damage|p2a: Snorlax|341/524|[from] sandstorm","|-heal|p1a: SO FUCKING CUTE!!!|326/377|[from] item: Leftovers","|turn|5","|","|switch|p1a: Unforgiven|Tyranitar, M|341/341","|move|p2a: Snorlax|Curse|p2a: Snorlax","|-unboost|p2a: Snorlax|spe|1","|-boost|p2a: Snorlax|atk|1","|-boost|p2a: Snorlax|def|1","|","|-weather|none","|turn|6","|","|move|p1a: Unforgiven|Superpower|p2a: Snorlax","|-supereffective|p2a: Snorlax","|-damage|p2a: Snorlax|107/524","|-unboost|p1a: Unforgiven|atk|1","|-unboost|p1a: Unforgiven|def|1","|move|p2a: Snorlax|Curse|p2a: Snorlax","|-unboost|p2a: Snorlax|spe|1","|-boost|p2a: Snorlax|atk|1","|-boost|p2a: Snorlax|def|1","|","|turn|7","|","|move|p1a: Unforgiven|Superpower|p2a: Snorlax","|-supereffective|p2a: Snorlax","|-damage|p2a: Snorlax|0 fnt","|-unboost|p1a: Unforgiven|atk|1","|-unboost|p1a: Unforgiven|def|1","|faint|p2a: Snorlax","|","|","|switch|p2a: Machamp|Machamp, M|301/321","|turn|8","|","|switch|p1a: Banana|Serperior, M, shiny|291/291","|move|p2a: Machamp|Ice Punch|p1a: Banana","|-supereffective|p1a: Banana","|-damage|p1a: Banana|95/291","|","|turn|9","|","|move|p1a: Banana|Leaf Storm|p2a: Machamp","|-crit|p2a: Machamp","|-damage|p2a: Machamp|0 fnt","|-boost|p1a: Banana|spa|2","|-damage|p1a: Banana|66/291|[from] item: Life Orb","|faint|p2a: Machamp","|","|","|switch|p2a: Gengar|Gengar, M|261/261","|turn|10","|","|switch|p1a: Sink Or Swim|Feraligatr, M, shiny|347/347","|move|p2a: Gengar|Sludge Bomb|p1a: Sink Or Swim","|-damage|p1a: Sink Or Swim|128/347","|","|turn|11","|","|move|p2a: Gengar|Sludge Bomb|p1a: Sink Or Swim","|-damage|p1a: Sink Or Swim|0 fnt","|faint|p1a: Sink Or Swim","|","|","|switch|p1a: Unforgiven|Tyranitar, M|341/341","|-weather|Sandstorm","|turn|12","|","|move|p1a: Unforgiven|Crunch|p2a: Gengar","|-supereffective|p2a: Gengar","|-enditem|p2a: Gengar|Focus Sash","|-damage|p2a: Gengar|1/261","|move|p2a: Gengar|Sludge Bomb|p1a: Unforgiven","|-resisted|p1a: Unforgiven","|-damage|p1a: Unforgiven|285/341","|-status|p1a: Unforgiven|psn","|","|-weather|Sandstorm|[upkeep]","|-damage|p2a: Gengar|0 fnt|[from] sandstorm","|-damage|p1a: Unforgiven|243/341 psn|[from] psn","|faint|p2a: Gengar","|","|switch|p2a: Alakazam|Alakazam, F|251/251","|turn|13","|","|move|p2a: Alakazam|Dazzling Gleam|p1a: Unforgiven","|-supereffective|p1a: Unforgiven","|-damage|p1a: Unforgiven|119/341 psn","|move|p1a: Unforgiven|Crunch|p2a: Alakazam","|-supereffective|p2a: Alakazam","|-enditem|p2a: Alakazam|Focus Sash","|-damage|p2a: Alakazam|1/251","|","|-weather|Sandstorm|[upkeep]","|-damage|p1a: Unforgiven|77/341 psn|[from] psn","|turn|14","|","|move|p2a: Alakazam|Dazzling Gleam|p1a: Unforgiven","|-supereffective|p1a: Unforgiven","|-damage|p1a: Unforgiven|0 fnt","|faint|p1a: Unforgiven","|","|-weather|Sandstorm|[upkeep]","|","|switch|p1a: SO FUCKING CUTE!!!|Dragonite, M|326/377","|turn|15","|","|move|p1a: SO FUCKING CUTE!!!|Extreme Speed|p2a: Alakazam","|-damage|p2a: Alakazam|0 fnt","|faint|p2a: Alakazam","|","|-weather|Sandstorm|[upkeep]","|-damage|p1a: SO FUCKING CUTE!!!|303/377|[from] sandstorm","|-heal|p1a: SO FUCKING CUTE!!!|326/377|[from] item: Leftovers","|","|switch|p2a: Wobbuffet|Wobbuffet, F|584/584","|turn|16","|","|move|p1a: SO FUCKING CUTE!!!|Dragon Claw|p2a: Wobbuffet","|-damage|p2a: Wobbuffet|419/584","|move|p2a: Wobbuffet|Counter|p1a: SO FUCKING CUTE!!!","|-damage|p1a: SO FUCKING CUTE!!!|0 fnt","|faint|p1a: SO FUCKING CUTE!!!","|","|-weather|none","|","|switch|p1a: Banana|Serperior, M, shiny|66/291","|turn|17","|","|move|p1a: Banana|Leaf Storm|p2a: Wobbuffet","|-damage|p2a: Wobbuffet|146/584","|-boost|p1a: Banana|spa|2","|-damage|p1a: Banana|37/291|[from] item: Life Orb","|move|p2a: Wobbuffet|Mirror Coat|p1a: Banana","|-damage|p1a: Banana|0 fnt","|faint|p1a: Banana","|","|","|switch|p1a: Fatty FatFat|Blissey, F|714/714","|turn|18","|","|move|p1a: Fatty FatFat|Seismic Toss|p2a: Wobbuffet","|-damage|p2a: Wobbuffet|46/584","|move|p2a: Wobbuffet|Destiny Bond|p2a: Wobbuffet","|-singlemove|p2a: Wobbuffet|Destiny Bond","|","|turn|19","|","|move|p1a: Fatty FatFat|Seismic Toss|p2a: Wobbuffet","|-damage|p2a: Wobbuffet|0 fnt","|faint|p2a: Wobbuffet","|-activate|p2a: Wobbuffet|Destiny Bond","|faint|p1a: Fatty FatFat","|","|win|slender1113"],"p1rating":{"entryid":7380959,"formatid":"ou","userid":"slender1113","username":"slender1113","r":1500,"rd":130,"sigma":0,"rpr":1540.1606143388,"rprd":122.8583080769,"rpsigma":0,"rptime":1438592400,"w":1,"l":0,"t":0,"gxe":55,"acre":1040,"lacre":1040,"oldacre":1000},"p2rating":{"entryid":7380961,"formatid":"ou","userid":"mateee","username":"Mateee","r":1500,"rd":130,"sigma":0,"rpr":1459.8393856612,"rprd":122.8583080769,"rpsigma":0,"rptime":1438592400,"w":0,"l":1,"t":0,"gxe":45,"acre":1000,"lacre":1000,"oldacre":1000},"endType":"normal"}