{"seed":[54676,14265,42918,40815],"turns":18,"p1":"slender1113","p2":"Fluffy Coconuts","p1team":[{"name":"Sink Or Swim","species":"feraligatr","item":"lifeorb","ability":"Sheer Force","moves":["swordsdance","waterfall","icepunch","crunch"],"nature":"Adamant","evs":{"hp":144,"atk":252,"def":0,"spa":0,"spd":0,"spe":112},"gender":"M","shiny":true,"ivs":{"hp":31,"atk":31,"def":31,"spa":31,"spd":31,"spe":31}},{"name":"Banana","species":"serperior","item":"lifeorb","ability":"Contrary","moves":["leafstorm","dragonpulse","hiddenpowerfire","gigadrain"],"nature":"Timid","evs":{"hp":0,"atk":0,"def":0,"spa":252,"spd":4,"spe":252},"gender":"M","ivs":{"hp":31,"atk":30,"def":31,"spa":30,"spd":31,"spe":30},"shiny":true},{"name":"Fatty FatFat","species":"blissey","item":"leftovers","ability":"Natural Cure","moves":["thunderwave","softboiled","seismictoss","stealthrock"],"nature":"Bold","evs":{"hp":252,"atk":0,"def":252,"spa":0,"spd":4,"spe":0},"ivs":{"hp":31,"atk":31,"def":31,"spa":31,"spd":31,"spe":31}},{"name":"Sparkle","species":"rotomwash","item":"leftovers","ability":"Levitate","moves":["voltswitch","willowisp","hydropump","painsplit"],"nature":"Bold","evs":{"hp":248,"atk":0,"def":252,"spa":0,"spd":0,"spe":8},"ivs":{"hp":31,"atk":31,"def":31,"spa":31,"spd":31,"spe":31}},{"name":"Unforgiven","species":"tyranitar","item":"choicescarf","ability":"Sand Stream","moves":["stoneedge","pursuit","superpower","crunch"],"nature":"Jolly","evs":{"hp":0,"atk":252,"def":4,"spa":0,"spd":0,"spe":252},"gender":"M","ivs":{"hp":31,"atk":31,"def":31,"spa":31,"spd":31,"spe":31}},{"name":"SO FUCKING CUTE!!!","species":"dragonite","item":"leftovers","ability":"Multiscale","moves":["roost","dragonclaw","extremespeed","firepunch"],"nature":"Adamant","evs":{"hp":216,"atk":64,"def":0,"spa":0,"spd":228,"spe":0},"gender":"M","ivs":{"hp":31,"atk":31,"def":31,"spa":31,"spd":31,"spe":31}}],"p2team":[{"name":"Nappy","species":"gengar","item":"choicescarf","ability":"Levitate","moves":["shadowball","destinybond","icywind","sludgewave"],"nature":"Timid","evs":{"hp":0,"atk":0,"def":0,"spa":252,"spd":4,"spe":252},"ivs":{"hp":31,"atk":31,"def":31,"spa":31,"spd":31,"spe":31}},{"name":"Bloat","species":"qwilfish","item":"leftovers","ability":"Intimidate","moves":["explosion","toxicspikes","poisonjab","waterfall"],"nature":"Adamant","evs":{"hp":0,"atk":252,"def":0,"spa":0,"spd":4,"spe":252},"ivs":{"hp":31,"atk":31,"def":31,"spa":31,"spd":31,"spe":31}},{"name":"Remmy","species":"skuntank","item":"lifeorb","ability":"Aftermath","moves":["fireblast","suckerpunch","darkpulse","sludgebomb"],"nature":"Naive","evs":{"hp":0,"atk":4,"def":0,"spa":252,"spd":0,"spe":252},"ivs":{"hp":31,"atk":31,"def":31,"spa":31,"spd":31,"spe":31}},{"name":"KingO'TheRing","species":"nidoking","item":"choiceband","ability":"Sheer Force","moves":["earthquake","firepunch","poisonjab","stoneedge"],"nature":"Jolly","evs":{"hp":6,"atk":252,"def":0,"spa":0,"spd":0,"spe":252},"ivs":{"hp":31,"atk":31,"def":31,"spa":31,"spd":31,"spe":31}},{"name":"James","species":"weezing","item":"leftovers","ability":"Levitate","moves":["payback","explosion","destinybond","willowisp"],"nature":"Careful","evs":{"hp":252,"atk":4,"def":0,"spa":0,"spd":252,"spe":0},"ivs":{"hp":31,"atk":31,"def":31,"spa":31,"spd":31,"spe":31}},{"name":"YellowJacket","species":"beedrill","item":"beedrillite","ability":"Swarm","moves":["protect","uturn","poisonjab","xscissor"],"nature":"Jolly","evs":{"hp":0,"atk":252,"def":0,"spa":0,"spd":4,"spe":252},"ivs":{"hp":31,"atk":31,"def":31,"spa":31,"spd":31,"spe":31}}],"log":["|player|p1|slender1113|290","|player|p2|Fluffy Coconuts|164","|gametype|singles","|gen|6","|tier|OU","|rated","|clearpoke","|poke|p1|Feraligatr, M, shiny","|poke|p1|Serperior, M, shiny","|poke|p1|Blissey, F","|poke|p1|Rotom-Wash","|poke|p1|Tyranitar, M","|poke|p1|Dragonite, M","|poke|p2|Gengar, M","|poke|p2|Qwilfish, F","|poke|p2|Skuntank, F","|poke|p2|Nidoking, M","|poke|p2|Weezing, M","|poke|p2|Beedrill, M","|rule|Swagger Clause: Swagger is banned","|rule|Baton Pass Clause: Limit one Baton Passer, can't pass Spe and other stats simultaneously","|rule|Sleep Clause Mod: Limit one foe put to sleep","|rule|Species Clause: Limit one of each Pokémon","|rule|OHKO Clause: OHKO moves are banned","|rule|Moody Clause: Moody is banned","|rule|Evasion Moves Clause: Evasion moves are banned","|rule|Endless Battle Clause: Forcing endless battles is banned","|rule|HP Percentage Mod: HP is shown in percentages","|teampreview","|","|start","|switch|p1a: SO FUCKING CUTE!!!|Dragonite, M|377/377","|switch|p2a: James|Weezing, M|334/334","|turn|1","|","|move|p1a: SO FUCKING CUTE!!!|Dragon Claw|p2a: James","|-damage|p2a: James|208/334","|move|p2a: James|Will-O-Wisp|p1a: SO FUCKING CUTE!!!|[miss]","|-miss|p2a: James|p1a: SO FUCKING CUTE!!!","|","|-heal|p2a: James|228/334|[from] item: Leftovers","|turn|2","|","|switch|p1a: Sparkle|Rotom-Wash|303/303","|move|p2a: James|Destiny Bond|p2a: James","|-singlemove|p2a: James|Destiny Bond","|","|-heal|p2a: James|248/334|[from] item: Leftovers","|turn|3","|","|move|p1a: Sparkle|Will-O-Wisp|p2a: James","|-status|p2a: James|brn","|move|p2a: James|Will-O-Wisp|p1a: Sparkle","|-status|p1a: Sparkle|brn","|","|-heal|p2a: James|268/334 brn|[from] item: Leftovers","|-damage|p1a: Sparkle|266/303 brn|[from] brn","|-damage|p2a: James|227/334 brn|[from] brn","|turn|4","|","|switch|p2a: Bloat|Qwilfish, F|271/271","|-ability|p2a: Bloat|Intimidate","|-unboost|p1a: Sparkle|atk|1","|move|p1a: Sparkle|Hydro Pump|p2a: Bloat","|-resisted|p2a: Bloat","|-damage|p2a: Bloat|157/271","|","|-heal|p2a: Bloat|173/271|[from] item: Leftovers","|-heal|p1a: Sparkle|284/303 brn|[from] item: Leftovers","|-damage|p1a: Sparkle|247/303 brn|[from] brn","|turn|5","|","|move|p2a: Bloat|Toxic Spikes|p1a: Sparkle","|-sidestart|p1: slender1113|move: Toxic Spikes","|move|p1a: Sparkle|Volt Switch|p2a: Bloat","|-supereffective|p2a: Bloat","|-damage|p2a: Bloat|0 fnt","|faint|p2a: Bloat","|","|switch|p1a: Unforgiven|Tyranitar, M|341/341","|-status|p1a: Unforgiven|psn","|-weather|Sandstorm","|","|-weather|Sandstorm|[upkeep]","|-damage|p1a: Unforgiven|299/341 psn|[from] psn","|","|switch|p2a: YellowJacket|Beedrill, M|271/271","|turn|6","|","|detailschange|p2a: YellowJacket|Beedrill-Mega, M","|-mega|p2a: YellowJacket|Beedrill|Beedrillite","|move|p2a: YellowJacket|Protect|p2a: YellowJacket","|-singleturn|p2a: YellowJacket|Protect","|move|p1a: Unforgiven|Stone Edge|p2a: YellowJacket","|-activate|p2a: YellowJacket|Protect","|","|-weather|Sandstorm|[upkeep]","|-damage|p2a: YellowJacket|255/271|[from] sandstorm","|-damage|p1a: Unforgiven|257/341 psn|[from] psn","|turn|7","|","|move|p2a: YellowJacket|U-turn|p1a: Unforgiven","|-supereffective|p1a: Unforgiven","|-damage|p1a: Unforgiven|0 fnt","|faint|p1a: Unforgiven","|","|switch|p2a: Nappy|Gengar, M|261/261","|","|-weather|Sandstorm|[upkeep]","|-damage|p2a: Nappy|245/261|[from] sandstorm","|","|switch|p1a: Sink Or Swim|Feraligatr, M, shiny|347/347","|-status|p1a: Sink Or Swim|psn","|turn|8","|","|move|p2a: Nappy|Destiny Bond|p2a: Nappy","|-singlemove|p2a: Nappy|Destiny Bond","|move|p1a: Sink Or Swim|Crunch|p2a: Nappy","|-supereffective|p2a: Nappy","|-damage|p2a: Nappy|0 fnt","|faint|p2a: Nappy","|-activate|p2a: Nappy|Destiny Bond","|faint|p1a: Sink Or Swim","|","|-weather|Sandstorm|[upkeep]","|","|switch|p2a: James|Weezing, M|227/334 brn","|switch|p1a: Fatty FatFat|Blissey, F|714/714","|-status|p1a: Fatty FatFat|psn","|turn|9","|","|move|p2a: James|Payback|p1a: Fatty FatFat","|-damage|p1a: Fatty FatFat|684/714 psn","|move|p1a: Fatty FatFat|Stealth Rock|p2a: James","|-sidestart|p2: Fluffy Coconuts|move: Stealth Rock","|","|-weather|none","|-heal|p2a: James|247/334 brn|[from] item: Leftovers","|-heal|p1a: Fatty FatFat|714/714 psn|[from] item: Leftovers","|-damage|p2a: James|206/334 brn|[from] brn","|-damage|p1a: Fatty FatFat|625/714 psn|[from] psn","|turn|10","|","|switch|p2a: KingO'TheRing|Nidoking, M|304/304","|-damage|p2a: KingO'TheRing|285/304|[from] Stealth Rock","|move|p1a: Fatty FatFat|Seismic Toss|p2a: KingO'TheRing","|-damage|p2a: KingO'TheRing|185/304","|","|-heal|p1a: Fatty FatFat|669/714 psn|[from] item: Leftovers","|-damage|p1a: Fatty FatFat|580/714 psn|[from] psn","|turn|11","|","|move|p2a: KingO'TheRing|Earthquake|p1a: Fatty FatFat","|-damage|p1a: Fatty FatFat|151/714 psn","|move|p1a: Fatty FatFat|Seismic Toss|p2a: KingO'TheRing","|-damage|p2a: KingO'TheRing|85/304","|","|-heal|p1a: Fatty FatFat|195/714 psn|[from] item: Leftovers","|-damage|p1a: Fatty FatFat|106/714 psn|[from] psn","|turn|12","|","|move|p2a: KingO'TheRing|Earthquake|p1a: Fatty FatFat","|-damage|p1a: Fatty FatFat|0 fnt","|faint|p1a: Fatty FatFat","|","|","|switch|p1a: SO FUCKING CUTE!!!|Dragonite, M|377/377","|turn|13","|","|move|p1a: SO FUCKING CUTE!!!|Extreme Speed|p2a: KingO'TheRing","|-damage|p2a: KingO'TheRing|0 fnt","|faint|p2a: KingO'TheRing","|","|","|switch|p2a: James|Weezing, M|206/334 brn","|-damage|p2a: James|165/334 brn|[from] Stealth Rock","|turn|14","|","|switch|p1a: Sparkle|Rotom-Wash|247/303 brn","|move|p2a: James|Destiny Bond|p2a: James","|-singlemove|p2a: James|Destiny Bond","|","|-heal|p1a: Sparkle|265/303 brn|[from] item: Leftovers","|-heal|p2a: James|185/334 brn|[from] item: Leftovers","|-damage|p1a: Sparkle|228/303 brn|[from] brn","|-damage|p2a: James|144/334 brn|[from] brn","|turn|15","|","|move|p1a: Sparkle|Hydro Pump|p2a: James","|-crit|p2a: James","|-damage|p2a: James|0 fnt","|faint|p2a: James","|-activate|p2a: James|Destiny Bond","|faint|p1a: Sparkle","|","|","|switch|p2a: YellowJacket|Beedrill-Mega, M|255/271","|switch|p1a: SO FUCKING CUTE!!!|Dragonite, M|377/377","|-damage|p2a: YellowJacket|188/271|[from] Stealth Rock","|turn|16","|","|move|p2a: YellowJacket|Poison Jab|p1a: SO FUCKING CUTE!!!","|-damage|p1a: SO FUCKING CUTE!!!|269/377","|move|p1a: SO FUCKING CUTE!!!|Fire Punch|p2a: YellowJacket","|-supereffective|p2a: YellowJacket","|-damage|p2a: YellowJacket|0 fnt","|faint|p2a: YellowJacket","|","|-heal|p1a: SO FUCKING CUTE!!!|292/377|[from] item: Leftovers","|","|switch|p2a: Remmy|Skuntank, F|347/347","|-damage|p2a: Remmy|304/347|[from] Stealth Rock","|turn|17","|","|move|p2a: Remmy|Sludge Bomb|p1a: SO FUCKING CUTE!!!","|-damage|p1a: SO FUCKING CUTE!!!|171/377","|-status|p1a: SO FUCKING CUTE!!!|psn","|-damage|p2a: Remmy|270/347|[from] item: Life Orb","|move|p1a: SO FUCKING CUTE!!!|Dragon Claw|p2a: Remmy","|-damage|p2a: Remmy|84/347","|","|-heal|p1a: SO FUCKING CUTE!!!|194/377 psn|[from] item: Leftovers","|-damage|p1a: SO FUCKING CUTE!!!|147/377 psn|[from] psn","|turn|18","|","|move|p1a: SO FUCKING CUTE!!!|Extreme Speed|p2a: Remmy","|-crit|p2a: Remmy","|-damage|p2a: Remmy|0 fnt","|-damage|p1a: SO FUCKING CUTE!!!|53/377 psn|[from] ability: Aftermath|[of] p2a: Remmy","|faint|p2a: Remmy","|","|win|slender1113"],"p1rating":{"entryid":"7380959","serverid":"eos","formatid":"ou","userid":"slender1113","username":"slender1113","w":2,"l":"0","t":"0","gxe":60.6,"r":"1500","rd":"130","sigma":"0","rptime":"1438592400","rpr":1585.6710497917,"rprd":117.14836860363,"rpsigma":"0","acre":1081.2862003761,"lacre":1081.2862003761,"oldacre":"1040"},"p2rating":{"entryid":"6865908","serverid":"eos","formatid":"ou","userid":"fluffycoconuts","username":"Fluffy Coconuts","w":"4","l":1,"t":"0","gxe":60.3,"r":"1622.0020129992","rd":"111.10293162856","sigma":"0","rptime":"1438592400","rpr":1582.0082807646,"rprd":106.96894043297,"rpsigma":"0","acre":1085.2702005006,"lacre":1085.2702005006,"oldacre":"1115.6277007772"},"endType":"normal"}