{"seed":[6569,44755,51738,64152],"turns":32,"p1":"samsamblaze","p2":"Guard Torterra","p1team":[{"name":"Gallade","species":"Gallade","item":"galladite","ability":"Steadfast","moves":["knockoff","icepunch","poisonjab","closecombat"],"nature":"Jolly","evs":{"hp":0,"atk":252,"def":0,"spa":0,"spd":0,"spe":252},"ivs":{"hp":31,"atk":31,"def":31,"spa":31,"spd":31,"spe":31}},{"name":"Ferrothorn","species":"Ferrothorn","item":"occaberry","ability":"Iron Barbs","moves":["stealthrock","spikes","leechseed","gyroball"],"nature":"Sassy","evs":{"hp":0,"atk":0,"def":252,"spa":0,"spd":252,"spe":0},"ivs":{"hp":31,"atk":31,"def":31,"spa":31,"spd":31,"spe":0}},{"name":"Ponei-Resolute","species":"keldeo","item":"lifeorb","ability":"Justified","moves":["sacredsword","hydropump","hiddenpowerbug","taunt"],"nature":"","ivs":{"hp":31,"atk":30,"def":30,"spa":31,"spd":30,"spe":31},"shiny":true,"evs":{"hp":0,"atk":0,"def":0,"spa":0,"spd":0,"spe":0}},{"name":"Latias","species":"Latias","item":"leftovers","ability":"Levitate","moves":["dracometeor","psyshock","defog","roost"],"nature":"Bold","evs":{"hp":252,"atk":0,"def":0,"spa":0,"spd":252,"spe":0},"ivs":{"hp":31,"atk":31,"def":31,"spa":31,"spd":31,"spe":31}},{"name":"Weavile","species":"Weavile","item":"focussash","ability":"Pressure","moves":["swordsdance","brickbreak","iceshard","nightslash"],"nature":"Jolly","evs":{"hp":0,"atk":252,"def":0,"spa":0,"spd":0,"spe":252},"ivs":{"hp":31,"atk":31,"def":31,"spa":31,"spd":31,"spe":31}},{"name":"Gliscor","species":"Gliscor","item":"toxicorb","ability":"Poison Heal","moves":["protect","uturn","earthquake","roost"],"nature":"Impish","evs":{"hp":0,"atk":252,"def":252,"spa":0,"spd":0,"spe":0},"shiny":true,"ivs":{"hp":31,"atk":31,"def":31,"spa":31,"spd":31,"spe":31}}],"p2team":[{"name":"Manectric","species":"Manectric","item":"manectite","ability":"Lightning Rod","moves":["overheat","thunderbolt","hiddenpowerice","voltswitch"],"nature":"Timid","evs":{"hp":4,"atk":0,"def":0,"spa":252,"spd":0,"spe":252},"ivs":{"hp":31,"atk":30,"def":30,"spa":31,"spd":31,"spe":31}},{"name":"Crobat","species":"Crobat","item":"blacksludge","ability":"Infiltrator","moves":["bravebird","taunt","defog","roost"],"nature":"Jolly","evs":{"hp":248,"atk":0,"def":48,"spa":0,"spd":0,"spe":212},"ivs":{"hp":31,"atk":31,"def":31,"spa":31,"spd":31,"spe":31}},{"name":"Keldeo","species":"Keldeo","item":"choicespecs","ability":"Justified","moves":["hydropump","secretsword","scald","hiddenpowerice"],"nature":"Timid","evs":{"hp":4,"atk":0,"def":0,"spa":252,"spd":0,"spe":252},"ivs":{"hp":31,"atk":30,"def":30,"spa":31,"spd":31,"spe":31}},{"name":"Shaymin","species":"Shaymin","item":"leftovers","ability":"Natural Cure","moves":["seedflare","leechseed","rest","earthpower"],"nature":"Calm","evs":{"hp":252,"atk":0,"def":0,"spa":4,"spd":252,"spe":0},"ivs":{"hp":31,"atk":31,"def":31,"spa":31,"spd":31,"spe":31}},{"name":"Victini","species":"Victini","item":"lifeorb","ability":"Victory Star","moves":["uturn","boltstrike","vcreate","zenheadbutt"],"nature":"Jolly","evs":{"hp":4,"atk":252,"def":0,"spa":0,"spd":0,"spe":252},"ivs":{"hp":31,"atk":31,"def":31,"spa":31,"spd":31,"spe":31}},{"name":"Slowbro","species":"Slowbro","item":"leftovers","ability":"Regenerator","moves":["scald","toxic","slackoff","fireblast"],"nature":"Bold","evs":{"hp":252,"atk":0,"def":252,"spa":4,"spd":0,"spe":0},"ivs":{"hp":31,"atk":31,"def":31,"spa":31,"spd":31,"spe":31}}],"log":["|player|p1|samsamblaze|samsamblaze.png","|player|p2|Guard Torterra|23","|gametype|singles","|gen|6","|tier|OU","|rated","|clearpoke","|poke|p1|Gallade, M","|poke|p1|Ferrothorn, M","|poke|p1|Keldeo, shiny","|poke|p1|Latias, F","|poke|p1|Weavile, F","|poke|p1|Gliscor, F, shiny","|poke|p2|Manectric, M","|poke|p2|Crobat, M","|poke|p2|Keldeo","|poke|p2|Shaymin","|poke|p2|Victini","|poke|p2|Slowbro, M","|rule|Swagger Clause: Swagger is banned","|rule|Baton Pass Clause: Limit one Baton Passer, can't pass Spe and other stats simultaneously","|rule|Sleep Clause Mod: Limit one foe put to sleep","|rule|Species Clause: Limit one of each Pokémon","|rule|OHKO Clause: OHKO moves are banned","|rule|Moody Clause: Moody is banned","|rule|Evasion Moves Clause: Evasion moves are banned","|rule|Endless Battle Clause: Forcing endless battles is banned","|rule|HP Percentage Mod: HP is shown in percentages","|teampreview","|","|start","|switch|p1a: Ferrothorn|Ferrothorn, M|289/289","|switch|p2a: Keldeo|Keldeo|324/324","|turn|1","|","|switch|p1a: Latias|Latias, F|364/364","|move|p2a: Keldeo|Secret Sword|p1a: Latias","|-resisted|p1a: Latias","|-damage|p1a: Latias|261/364","|","|-heal|p1a: Latias|283/364|[from] item: Leftovers","|turn|2","|","|switch|p2a: Shaymin|Shaymin|404/404","|move|p1a: Latias|Psyshock|p2a: Shaymin","|-damage|p2a: Shaymin|299/404","|","|-heal|p1a: Latias|305/364|[from] item: Leftovers","|-heal|p2a: Shaymin|324/404|[from] item: Leftovers","|turn|3","|","|move|p1a: Latias|Draco Meteor|p2a: Shaymin","|-damage|p2a: Shaymin|209/404","|-unboost|p1a: Latias|spa|2","|move|p2a: Shaymin|Leech Seed|p1a: Latias","|-start|p1a: Latias|move: Leech Seed","|","|-heal|p1a: Latias|327/364|[from] item: Leftovers","|-heal|p2a: Shaymin|234/404|[from] item: Leftovers","|-damage|p1a: Latias|282/364|[from] Leech Seed|[of] p2a: Shaymin","|-heal|p2a: Shaymin|279/404|[silent]","|turn|4","|","|switch|p1a: Ferrothorn|Ferrothorn, M|289/289","|switch|p2a: Victini|Victini|342/342","|","|turn|5","|","|switch|p1a: Latias|Latias, F|282/364","|move|p2a: Victini|V-create|p1a: Latias","|-resisted|p1a: Latias","|-damage|p1a: Latias|109/364","|-unboost|p2a: Victini|spe|1","|-unboost|p2a: Victini|def|1","|-unboost|p2a: Victini|spd|1","|-damage|p2a: Victini|308/342|[from] item: Life Orb","|","|-heal|p1a: Latias|131/364|[from] item: Leftovers","|turn|6","|","|move|p1a: Latias|Roost|p1a: Latias","|-heal|p1a: Latias|313/364","|move|p2a: Victini|U-turn|p1a: Latias","|-supereffective|p1a: Latias","|-damage|p1a: Latias|144/364","|-damage|p2a: Victini|274/342|[from] item: Life Orb","|","|switch|p2a: Manectric|Manectric, M|282/282","|","|-heal|p1a: Latias|166/364|[from] item: Leftovers","|turn|7","|","|switch|p1a: Gliscor|Gliscor, F, shiny|291/291","|detailschange|p2a: Manectric|Manectric-Mega, M","|-mega|p2a: Manectric|Manectric|Manectite","|-ability|p2a: Manectric|Intimidate","|-unboost|p1a: Gliscor|atk|1","|move|p2a: Manectric|Hidden Power|p1a: Gliscor","|-supereffective|p1a: Gliscor","|-damage|p1a: Gliscor|0 fnt","|faint|p1a: Gliscor","|","|","|switch|p1a: Weavile|Weavile, F|281/281","|-ability|p1a: Weavile|Pressure","|turn|8","|","|move|p2a: Manectric|Overheat|p1a: Weavile","|-supereffective|p1a: Weavile","|-enditem|p1a: Weavile|Focus Sash","|-damage|p1a: Weavile|1/281","|-unboost|p2a: Manectric|spa|2","|move|p1a: Weavile|Swords Dance|p1a: Weavile","|-boost|p1a: Weavile|atk|2","|","|turn|9","|","|move|p1a: Weavile|Ice Shard|p2a: Manectric","|-damage|p2a: Manectric|120/282","|move|p2a: Manectric|Thunderbolt|p1a: Weavile","|-damage|p1a: Weavile|0 fnt","|faint|p1a: Weavile","|","|","|switch|p1a: Ferrothorn|Ferrothorn, M|289/289","|turn|10","|","|switch|p2a: Crobat|Crobat, M|373/373","|move|p1a: Ferrothorn|Stealth Rock|p2a: Crobat","|-sidestart|p2: Guard Torterra|move: Stealth Rock","|","|turn|11","|","|switch|p1a: Gallade|Gallade, M|277/277","|move|p2a: Crobat|Taunt|p1a: Gallade","|-start|p1a: Gallade|move: Taunt","|","|turn|12","|","|detailschange|p1a: Gallade|Gallade-Mega, M","|-mega|p1a: Gallade|Gallade|Galladite","|move|p2a: Crobat|Brave Bird|p1a: Gallade","|-supereffective|p1a: Gallade","|-damage|p1a: Gallade|23/277","|-damage|p2a: Crobat|289/373|[from] recoil|[of] p1a: Gallade","|move|p1a: Gallade|Ice Punch|p2a: Crobat","|-supereffective|p2a: Crobat","|-damage|p2a: Crobat|47/373","|","|-heal|p2a: Crobat|70/373|[from] item: Black Sludge","|turn|13","|","|switch|p1a: Ferrothorn|Ferrothorn, M|289/289","|move|p2a: Crobat|Brave Bird|p1a: Ferrothorn","|-damage|p1a: Ferrothorn|204/289","|-damage|p2a: Crobat|24/373|[from] ability: Iron Barbs|[of] p1a: Ferrothorn","|-damage|p2a: Crobat|0 fnt|[from] recoil|[of] p1a: Ferrothorn","|faint|p2a: Crobat","|","|","|switch|p2a: Keldeo|Keldeo|324/324","|-damage|p2a: Keldeo|304/324|[from] Stealth Rock","|turn|14","|","|move|p2a: Keldeo|Secret Sword|p1a: Ferrothorn","|-supereffective|p1a: Ferrothorn","|-damage|p1a: Ferrothorn|0 fnt","|faint|p1a: Ferrothorn","|","|","|switch|p1a: Latias|Latias, F|166/364","|turn|15","|","|switch|p2a: Slowbro|Slowbro, M|394/394","|-damage|p2a: Slowbro|345/394|[from] Stealth Rock","|move|p1a: Latias|Roost|p1a: Latias","|-heal|p1a: Latias|348/364","|","|-heal|p1a: Latias|364/364|[from] item: Leftovers","|-heal|p2a: Slowbro|369/394|[from] item: Leftovers","|turn|16","|","|switch|p1a: Ponei-Resolute|Keldeo, shiny|323/323","|move|p2a: Slowbro|Toxic|p1a: Ponei-Resolute|[miss]","|-miss|p2a: Slowbro|p1a: Ponei-Resolute","|","|-heal|p2a: Slowbro|393/394|[from] item: Leftovers","|turn|17","|","|move|p1a: Ponei-Resolute|Hidden Power|p2a: Slowbro","|-supereffective|p2a: Slowbro","|-damage|p2a: Slowbro|203/394","|-damage|p1a: Ponei-Resolute|291/323|[from] item: Life Orb","|move|p2a: Slowbro|Toxic|p1a: Ponei-Resolute","|-status|p1a: Ponei-Resolute|tox","|","|-heal|p2a: Slowbro|227/394|[from] item: Leftovers","|-damage|p1a: Ponei-Resolute|271/323 tox|[from] psn","|turn|18","|","|move|p1a: Ponei-Resolute|Hidden Power|p2a: Slowbro","|-supereffective|p2a: Slowbro","|-damage|p2a: Slowbro|45/394","|-damage|p1a: Ponei-Resolute|239/323 tox|[from] item: Life Orb","|move|p2a: Slowbro|Scald|p1a: Ponei-Resolute","|-resisted|p1a: Ponei-Resolute","|-damage|p1a: Ponei-Resolute|184/323 tox","|","|-heal|p2a: Slowbro|69/394|[from] item: Leftovers","|-damage|p1a: Ponei-Resolute|144/323 tox|[from] psn","|turn|19","|","|move|p1a: Ponei-Resolute|Hidden Power|p2a: Slowbro","|-supereffective|p2a: Slowbro","|-damage|p2a: Slowbro|0 fnt","|-damage|p1a: Ponei-Resolute|112/323 tox|[from] item: Life Orb","|faint|p2a: Slowbro","|","|-damage|p1a: Ponei-Resolute|52/323 tox|[from] psn","|","|switch|p2a: Manectric|Manectric-Mega, M|120/282","|-damage|p2a: Manectric|85/282|[from] Stealth Rock","|-ability|p2a: Manectric|Intimidate","|-unboost|p1a: Ponei-Resolute|atk|1","|turn|20","|","|move|p2a: Manectric|Thunderbolt|p1a: Ponei-Resolute","|-supereffective|p1a: Ponei-Resolute","|-damage|p1a: Ponei-Resolute|0 fnt","|faint|p1a: Ponei-Resolute","|","|","|switch|p1a: Latias|Latias, F|364/364","|turn|21","|","|move|p2a: Manectric|Volt Switch|p1a: Latias","|-resisted|p1a: Latias","|-damage|p1a: Latias|325/364","|","|switch|p2a: Shaymin|Shaymin|279/404","|-damage|p2a: Shaymin|229/404|[from] Stealth Rock","|move|p1a: Latias|Draco Meteor|p2a: Shaymin","|-crit|p2a: Shaymin","|-damage|p2a: Shaymin|57/404","|-unboost|p1a: Latias|spa|2","|","|-heal|p1a: Latias|347/364|[from] item: Leftovers","|-heal|p2a: Shaymin|82/404|[from] item: Leftovers","|turn|22","|","|switch|p1a: Gallade|Gallade-Mega, M|23/277","|move|p2a: Shaymin|Rest|p2a: Shaymin","|-status|p2a: Shaymin|slp","|-heal|p2a: Shaymin|404/404 slp|[silent]","|-status|p2a: Shaymin|slp|[from] move: Rest","|","|turn|23","|","|switch|p2a: Manectric|Manectric-Mega, M|85/282","|-damage|p2a: Manectric|50/282|[from] Stealth Rock","|-ability|p2a: Manectric|Intimidate","|-unboost|p1a: Gallade|atk|1","|move|p1a: Gallade|Ice Punch|p2a: Manectric","|-damage|p2a: Manectric|0 fnt","|faint|p2a: Manectric","|","|","|switch|p2a: Victini|Victini|274/342","|-damage|p2a: Victini|189/342|[from] Stealth Rock","|turn|24","|","|move|p1a: Gallade|Knock Off|p2a: Victini","|-crit|p2a: Victini","|-supereffective|p2a: Victini","|-damage|p2a: Victini|0 fnt","|-enditem|p2a: Victini|Life Orb|[from] move: Knock Off|[of] p1a: Gallade","|faint|p2a: Victini","|","|","|switch|p2a: Keldeo|Keldeo|304/324","|-damage|p2a: Keldeo|284/324|[from] Stealth Rock","|turn|25","|","|move|p1a: Gallade|Close Combat|p2a: Keldeo","|-damage|p2a: Keldeo|85/324","|-unboost|p1a: Gallade|def|1","|-unboost|p1a: Gallade|spd|1","|move|p2a: Keldeo|Hidden Power|p1a: Gallade","|-damage|p1a: Gallade|0 fnt","|faint|p1a: Gallade","|","|","|switch|p1a: Latias|Latias, F|347/364","|turn|26","|","|move|p2a: Keldeo|Hidden Power|p1a: Latias","|-supereffective|p1a: Latias","|-damage|p1a: Latias|197/364","|move|p1a: Latias|Psyshock|p2a: Keldeo","|-supereffective|p2a: Keldeo","|-damage|p2a: Keldeo|0 fnt","|faint|p2a: Keldeo","|","|-heal|p1a: Latias|219/364|[from] item: Leftovers","|","|switch|p2a: Shaymin|Shaymin|404/404","|-damage|p2a: Shaymin|354/404|[from] Stealth Rock","|turn|27","|","|move|p1a: Latias|Psyshock|p2a: Shaymin","|-damage|p2a: Shaymin|249/404","|move|p2a: Shaymin|Leech Seed|p1a: Latias|[miss]","|-miss|p2a: Shaymin|p1a: Latias","|","|-heal|p1a: Latias|241/364|[from] item: Leftovers","|-heal|p2a: Shaymin|274/404|[from] item: Leftovers","|turn|28","|","|move|p1a: Latias|Defog|p2a: Shaymin","|-unboost|p2a: Shaymin|evasion|1","|-sideend|p2: Guard Torterra|Stealth Rock|[from] move: Defog|[of] p2a: Shaymin","|move|p2a: Shaymin|Leech Seed|p1a: Latias","|-start|p1a: Latias|move: Leech Seed","|","|-heal|p1a: Latias|263/364|[from] item: Leftovers","|-heal|p2a: Shaymin|299/404|[from] item: Leftovers","|-damage|p1a: Latias|218/364|[from] Leech Seed|[of] p2a: Shaymin","|-heal|p2a: Shaymin|344/404|[silent]","|turn|29","|","|move|p1a: Latias|Psyshock|p2a: Shaymin","|-damage|p2a: Shaymin|247/404","|move|p2a: Shaymin|Seed Flare|p1a: Latias","|-resisted|p1a: Latias","|-damage|p1a: Latias|171/364","|-unboost|p1a: Latias|spd|2","|","|-heal|p1a: Latias|193/364|[from] item: Leftovers","|-heal|p2a: Shaymin|272/404|[from] item: Leftovers","|-damage|p1a: Latias|148/364|[from] Leech Seed|[of] p2a: Shaymin","|-heal|p2a: Shaymin|317/404|[silent]","|turn|30","|","|move|p1a: Latias|Draco Meteor|p2a: Shaymin","|-damage|p2a: Shaymin|187/404","|-unboost|p1a: Latias|spa|2","|move|p2a: Shaymin|Seed Flare|p1a: Latias","|-resisted|p1a: Latias","|-damage|p1a: Latias|52/364","|","|-heal|p1a: Latias|74/364|[from] item: Leftovers","|-heal|p2a: Shaymin|212/404|[from] item: Leftovers","|-damage|p1a: Latias|29/364|[from] Leech Seed|[of] p2a: Shaymin","|-heal|p2a: Shaymin|257/404|[silent]","|turn|31","|","|move|p1a: Latias|Roost|p1a: Latias","|-heal|p1a: Latias|211/364","|move|p2a: Shaymin|Seed Flare|p1a: Latias","|-resisted|p1a: Latias","|-damage|p1a: Latias|110/364","|","|-heal|p1a: Latias|132/364|[from] item: Leftovers","|-heal|p2a: Shaymin|282/404|[from] item: Leftovers","|-damage|p1a: Latias|87/364|[from] Leech Seed|[of] p2a: Shaymin","|-heal|p2a: Shaymin|327/404|[silent]","|turn|32","|","|move|p1a: Latias|Defog|p2a: Shaymin","|-unboost|p2a: Shaymin|evasion|1","|move|p2a: Shaymin|Seed Flare|p1a: Latias","|-resisted|p1a: Latias","|-damage|p1a: Latias|0 fnt","|faint|p1a: Latias","|","|win|Guard Torterra"],"p1rating":{"entryid":"7121762","serverid":"eos","formatid":"ou","userid":"samsamblaze","username":"samsamblaze","w":"0","l":2,"t":"0","gxe":41.1,"r":1459.0911308304,"rd":124.52269145481,"sigma":"0","rptime":1438678800,"rpr":1428.3603727121,"rprd":118.13621541974,"rpsigma":"0","acre":1000,"lacre":1000,"oldacre":"1000"},"p2rating":{"entryid":"6849609","serverid":"eos","formatid":"ou","userid":"guardtorterra","username":"Guard Torterra","w":4,"l":"2","t":"0","gxe":57.1,"r":"1530.597562399","rd":106.54834615656,"sigma":"0","rptime":1438678800,"rpr":1556.297569096,"rprd":102.5339610658,"rpsigma":"0","acre":1112.8272151878,"lacre":1112.8272151878,"oldacre":"1093.7176627926"},"endType":"normal"}