{"seed":[41639,4756,17262,5084],"turns":19,"p1":"Logic","p2":"joon11","p1team":[{"name":"Manaphy","species":"Manaphy","item":"leftovers","ability":"Hydration","moves":["calmmind","raindance","rest","scald"],"nature":"Bold","evs":{"hp":240,"atk":0,"def":148,"spa":0,"spd":0,"spe":120},"ivs":{"hp":31,"atk":0,"def":31,"spa":31,"spd":31,"spe":31}},{"name":"Manectric","species":"Manectric","item":"manectite","ability":"Static","moves":["thunderbolt","hiddenpowerice","flamethrower","voltswitch"],"nature":"Timid","evs":{"hp":0,"atk":0,"def":0,"spa":252,"spd":4,"spe":252},"ivs":{"hp":31,"atk":30,"def":30,"spa":31,"spd":31,"spe":31}},{"name":"Latios","species":"Latios","item":"lifeorb","ability":"Levitate","moves":["dracometeor","psyshock","recover","defog"],"nature":"Timid","evs":{"hp":0,"atk":0,"def":0,"spa":252,"spd":4,"spe":252},"ivs":{"hp":29,"atk":0,"def":31,"spa":31,"spd":31,"spe":31}},{"name":"Ferrothorn","species":"Ferrothorn","item":"leftovers","ability":"Iron Barbs","moves":["stealthrock","leechseed","powerwhip","gyroball"],"nature":"Relaxed","evs":{"hp":252,"atk":0,"def":148,"spa":0,"spd":108,"spe":0},"ivs":{"hp":31,"atk":31,"def":31,"spa":31,"spd":31,"spe":0}},{"name":"Landorus-Therian","species":"Landorus-Therian","item":"leftovers","ability":"Intimidate","moves":["rockpolish","swordsdance","stoneedge","earthquake"],"nature":"Adamant","evs":{"hp":168,"atk":84,"def":0,"spa":0,"spd":24,"spe":232},"ivs":{"hp":31,"atk":31,"def":31,"spa":31,"spd":31,"spe":31}},{"name":"Clefable","species":"Clefable","item":"leftovers","ability":"Magic Guard","moves":["thunderwave","calmmind","moonblast","softboiled"],"nature":"Sassy","evs":{"hp":252,"atk":0,"def":188,"spa":0,"spd":68,"spe":0},"gender":"F","ivs":{"hp":31,"atk":31,"def":31,"spa":31,"spd":31,"spe":16}}],"p2team":[{"name":"Tyranitar","species":"Tyranitar","item":"tyranitarite","ability":"Sand Stream","moves":["dragondance","icepunch","stoneedge","firepunch"],"nature":"Jolly","evs":{"hp":0,"atk":252,"def":4,"spa":0,"spd":0,"spe":252},"ivs":{"hp":31,"atk":31,"def":31,"spa":31,"spd":31,"spe":31}},{"name":"Celebi","species":"Celebi","item":"leftovers","ability":"Natural Cure","moves":["gigadrain","nastyplot","recover","batonpass"],"nature":"Bold","evs":{"hp":248,"atk":0,"def":232,"spa":0,"spd":0,"spe":28},"ivs":{"hp":31,"atk":31,"def":31,"spa":31,"spd":31,"spe":31}},{"name":"Garchomp","species":"Garchomp","item":"lifeorb","ability":"Rough Skin","moves":["earthquake","dracometeor","fireblast","stealthrock"],"nature":"Naive","evs":{"hp":0,"atk":4,"def":0,"spa":252,"spd":0,"spe":252},"ivs":{"hp":31,"atk":31,"def":31,"spa":31,"spd":31,"spe":31}},{"name":"Gengar","species":"Gengar","item":"lifeorb","ability":"Levitate","moves":["sludgewave","focusblast","taunt","shadowball"],"nature":"Timid","evs":{"hp":0,"atk":0,"def":0,"spa":252,"spd":4,"spe":252},"ivs":{"hp":31,"atk":0,"def":31,"spa":31,"spd":31,"spe":31}},{"name":"Zapdos","species":"Zapdos","item":"leftovers","ability":"Pressure","moves":["roost","defog","thunderbolt","heatwave"],"nature":"Bold","evs":{"hp":248,"atk":0,"def":232,"spa":0,"spd":0,"spe":28},"ivs":{"hp":31,"atk":31,"def":31,"spa":31,"spd":31,"spe":31}},{"name":"Keldeo","species":"Keldeo","item":"choicescarf","ability":"Justified","moves":["icywind","hydropump","secretsword","scald"],"nature":"Timid","evs":{"hp":0,"atk":0,"def":4,"spa":252,"spd":0,"spe":252},"ivs":{"hp":31,"atk":31,"def":31,"spa":31,"spd":31,"spe":31}}],"log":["|player|p1|Logic|logic.gif","|player|p2|joon11|70","|gametype|singles","|gen|6","|tier|OU","|rated","|clearpoke","|poke|p1|Manaphy","|poke|p1|Manectric, F","|poke|p1|Latios, M","|poke|p1|Ferrothorn, F","|poke|p1|Landorus-Therian, M","|poke|p1|Clefable, F","|poke|p2|Tyranitar, F","|poke|p2|Celebi","|poke|p2|Garchomp, F","|poke|p2|Gengar, F","|poke|p2|Zapdos","|poke|p2|Keldeo","|rule|Swagger Clause: Swagger is banned","|rule|Baton Pass Clause: Limit one Baton Passer, can't pass Spe and other stats simultaneously","|rule|Sleep Clause Mod: Limit one foe put to sleep","|rule|Species Clause: Limit one of each Pokémon","|rule|OHKO Clause: OHKO moves are banned","|rule|Moody Clause: Moody is banned","|rule|Evasion Moves Clause: Evasion moves are banned","|rule|Endless Battle Clause: Forcing endless battles is banned","|rule|HP Percentage Mod: HP is shown in percentages","|teampreview","|","|start","|switch|p1a: Ferrothorn|Ferrothorn, F|352/352","|switch|p2a: Celebi|Celebi|403/403","|turn|1","|","|move|p2a: Celebi|Nasty Plot|p2a: Celebi","|-boost|p2a: Celebi|spa|2","|move|p1a: Ferrothorn|Stealth Rock|p2a: Celebi","|-sidestart|p2: joon11|move: Stealth Rock","|","|turn|2","|","|switch|p1a: Manectric|Manectric, F|281/281","|move|p2a: Celebi|Giga Drain|p1a: Manectric","|-damage|p1a: Manectric|7/281","|","|turn|3","|","|detailschange|p1a: Manectric|Manectric-Mega, F","|-mega|p1a: Manectric|Manectric|Manectite","|-ability|p1a: Manectric|Intimidate","|-unboost|p2a: Celebi|atk|1","|move|p1a: Manectric|Flamethrower|p2a: Celebi","|-supereffective|p2a: Celebi","|-damage|p2a: Celebi|193/403","|move|p2a: Celebi|Recover|p2a: Celebi","|-heal|p2a: Celebi|395/403","|","|-heal|p2a: Celebi|403/403|[from] item: Leftovers","|turn|4","|","|move|p1a: Manectric|Volt Switch|p2a: Celebi","|-resisted|p2a: Celebi","|-damage|p2a: Celebi|342/403","|","|switch|p1a: Ferrothorn|Ferrothorn, F|352/352","|move|p2a: Celebi|Giga Drain|p1a: Ferrothorn","|-resisted|p1a: Ferrothorn","|-damage|p1a: Ferrothorn|319/352","|-heal|p2a: Celebi|359/403|[from] drain|[of] p1a: Ferrothorn","|","|-heal|p2a: Celebi|384/403|[from] item: Leftovers","|-heal|p1a: Ferrothorn|341/352|[from] item: Leftovers","|turn|5","|","|move|p2a: Celebi|Nasty Plot|p2a: Celebi","|-boost|p2a: Celebi|spa|2","|move|p1a: Ferrothorn|Gyro Ball|p2a: Celebi","|-damage|p2a: Celebi|263/403","|","|-heal|p2a: Celebi|288/403|[from] item: Leftovers","|-heal|p1a: Ferrothorn|352/352|[from] item: Leftovers","|turn|6","|","|move|p2a: Celebi|Giga Drain|p1a: Ferrothorn","|-resisted|p1a: Ferrothorn","|-damage|p1a: Ferrothorn|301/352","|-heal|p2a: Celebi|314/403|[from] drain|[of] p1a: Ferrothorn","|move|p1a: Ferrothorn|Gyro Ball|p2a: Celebi","|-damage|p2a: Celebi|181/403","|","|-heal|p2a: Celebi|206/403|[from] item: Leftovers","|-heal|p1a: Ferrothorn|323/352|[from] item: Leftovers","|turn|7","|","|switch|p1a: Latios|Latios, M|299/299","|move|p2a: Celebi|Recover|p2a: Celebi","|-heal|p2a: Celebi|403/403","|","|turn|8","|","|move|p1a: Latios|Draco Meteor|p2a: Celebi","|-damage|p2a: Celebi|118/403","|-unboost|p1a: Latios|spa|2","|-damage|p1a: Latios|270/299|[from] item: Life Orb","|move|p2a: Celebi|Recover|p2a: Celebi","|-heal|p2a: Celebi|320/403","|","|-heal|p2a: Celebi|345/403|[from] item: Leftovers","|turn|9","|","|switch|p1a: Ferrothorn|Ferrothorn, F|323/352","|move|p2a: Celebi|Giga Drain|p1a: Ferrothorn","|-resisted|p1a: Ferrothorn","|-damage|p1a: Ferrothorn|268/352","|-heal|p2a: Celebi|373/403|[from] drain|[of] p1a: Ferrothorn","|","|-heal|p2a: Celebi|398/403|[from] item: Leftovers","|-heal|p1a: Ferrothorn|290/352|[from] item: Leftovers","|turn|10","|","|move|p2a: Celebi|Nasty Plot|p2a: Celebi","|-boost|p2a: Celebi|spa|2","|move|p1a: Ferrothorn|Power Whip|p2a: Celebi|[miss]","|-miss|p1a: Ferrothorn|p2a: Celebi","|","|-heal|p2a: Celebi|403/403|[from] item: Leftovers","|-heal|p1a: Ferrothorn|312/352|[from] item: Leftovers","|turn|11","|","|move|p2a: Celebi|Giga Drain|p1a: Ferrothorn","|-resisted|p1a: Ferrothorn","|-damage|p1a: Ferrothorn|244/352","|move|p1a: Ferrothorn|Power Whip|p2a: Celebi","|-resisted|p2a: Celebi","|-damage|p2a: Celebi|356/403","|","|-heal|p2a: Celebi|381/403|[from] item: Leftovers","|-heal|p1a: Ferrothorn|266/352|[from] item: Leftovers","|turn|12","|","|move|p2a: Celebi|Giga Drain|p1a: Ferrothorn","|-resisted|p1a: Ferrothorn","|-damage|p1a: Ferrothorn|197/352","|-heal|p2a: Celebi|403/403|[from] drain|[of] p1a: Ferrothorn","|move|p1a: Ferrothorn|Power Whip|p2a: Celebi","|-resisted|p2a: Celebi","|-damage|p2a: Celebi|352/403","|","|-heal|p2a: Celebi|377/403|[from] item: Leftovers","|-heal|p1a: Ferrothorn|219/352|[from] item: Leftovers","|turn|13","|","|move|p2a: Celebi|Giga Drain|p1a: Ferrothorn","|-resisted|p1a: Ferrothorn","|-damage|p1a: Ferrothorn|153/352","|-heal|p2a: Celebi|403/403|[from] drain|[of] p1a: Ferrothorn","|move|p1a: Ferrothorn|Gyro Ball|p2a: Celebi","|-damage|p2a: Celebi|277/403","|","|-heal|p2a: Celebi|302/403|[from] item: Leftovers","|-heal|p1a: Ferrothorn|175/352|[from] item: Leftovers","|turn|14","|","|move|p2a: Celebi|Giga Drain|p1a: Ferrothorn","|-resisted|p1a: Ferrothorn","|-damage|p1a: Ferrothorn|109/352","|-heal|p2a: Celebi|335/403|[from] drain|[of] p1a: Ferrothorn","|move|p1a: Ferrothorn|Gyro Ball|p2a: Celebi","|-damage|p2a: Celebi|215/403","|","|-heal|p2a: Celebi|240/403|[from] item: Leftovers","|-heal|p1a: Ferrothorn|131/352|[from] item: Leftovers","|turn|15","|","|move|p2a: Celebi|Recover|p2a: Celebi","|-heal|p2a: Celebi|403/403","|move|p1a: Ferrothorn|Gyro Ball|p2a: Celebi","|-damage|p2a: Celebi|279/403","|","|-heal|p2a: Celebi|304/403|[from] item: Leftovers","|-heal|p1a: Ferrothorn|153/352|[from] item: Leftovers","|turn|16","|","|move|p2a: Celebi|Baton Pass|p2a: Celebi","|","|switch|p2a: Keldeo|Keldeo|323/323","|-damage|p2a: Keldeo|303/323|[from] Stealth Rock","|move|p1a: Ferrothorn|Gyro Ball|p2a: Keldeo","|-resisted|p2a: Keldeo","|-damage|p2a: Keldeo|219/323","|","|-heal|p1a: Ferrothorn|175/352|[from] item: Leftovers","|turn|17","|","|move|p2a: Keldeo|Hydro Pump|p1a: Ferrothorn","|-resisted|p1a: Ferrothorn","|-damage|p1a: Ferrothorn|0 fnt","|faint|p1a: Ferrothorn","|","|","|switch|p1a: Latios|Latios, M|270/299","|turn|18","|","|move|p2a: Keldeo|Hydro Pump|p1a: Latios|[miss]","|-miss|p2a: Keldeo|p1a: Latios","|move|p1a: Latios|Psyshock|p2a: Keldeo","|-supereffective|p2a: Keldeo","|-damage|p2a: Keldeo|0 fnt","|-damage|p1a: Latios|241/299|[from] item: Life Orb","|faint|p2a: Keldeo","|","|","|switch|p2a: Tyranitar|Tyranitar, F|341/341","|-damage|p2a: Tyranitar|299/341|[from] Stealth Rock","|-weather|Sandstorm","|turn|19","|","|detailschange|p2a: Tyranitar|Tyranitar-Mega, F","|-mega|p2a: Tyranitar|Tyranitar|Tyranitarite","|move|p1a: Latios|Draco Meteor|p2a: Tyranitar","|-damage|p2a: Tyranitar|112/341","|-unboost|p1a: Latios|spa|2","|-damage|p1a: Latios|212/299|[from] item: Life Orb","|move|p2a: Tyranitar|Ice Punch|p1a: Latios","|-supereffective|p1a: Latios","|-damage|p1a: Latios|0 fnt","|faint|p1a: Latios","|","|-weather|Sandstorm|[upkeep]","|","|win|Logic"],"p1rating":{"entryid":"6797128","serverid":"eos","formatid":"ou","userid":"logic","username":"Logic","w":35,"l":"6","t":"0","gxe":78.7,"r":"1743.7121039989","rd":"61.739525064323","sigma":"0","rptime":"1438678800","rpr":1749.6534441875,"rprd":60.998871466373,"rpsigma":"0","acre":1330.4207446576,"lacre":1330.4207446576,"oldacre":"1321.0512911016"},"p2rating":{"entryid":"7090012","serverid":"eos","formatid":"ou","userid":"joon11","username":"joon11","w":"13","l":8,"t":"0","gxe":59.2,"r":"1579.4181536686","rd":"72.254141880623","sigma":"0","rptime":"1438678800","rpr":1571.3362511376,"rprd":71.062215163053,"rpsigma":"0","acre":1103.5632814131,"lacre":1103.5632814131,"oldacre":"1115.2750983581"},"endType":"forfeit"}