{"seed":[8680,18560,500,32171],"turns":17,"p1":"Knight♕Horsea","p2":"Sovereign♕king sun","p1team":[{"name":"Azumarill","species":"Azumarill","item":"sitrusberry","ability":"Huge Power","moves":["bellydrum","aquajet","knockoff","playrough"],"nature":"Adamant","evs":{"hp":252,"atk":252,"def":4,"spa":0,"spd":0,"spe":0},"ivs":{"hp":31,"atk":31,"def":31,"spa":31,"spd":31,"spe":31}},{"name":"Venusaur","species":"Venusaur","item":"venusaurite","ability":"Overgrow","moves":["synthesis","curse","sludgebomb","gigadrain"],"nature":"Calm","evs":{"hp":116,"atk":0,"def":0,"spa":140,"spd":252,"spe":0},"ivs":{"hp":31,"atk":31,"def":31,"spa":31,"spd":31,"spe":31}},{"name":"Jirachi","species":"Jirachi","item":"choicescarf","ability":"Serene Grace","moves":["ironhead","thunderpunch","firepunch","icepunch"],"nature":"Jolly","evs":{"hp":4,"atk":252,"def":0,"spa":0,"spd":0,"spe":252},"ivs":{"hp":31,"atk":31,"def":31,"spa":31,"spd":31,"spe":31}},{"name":"Garchomp","species":"Garchomp","item":"salacberry","ability":"Rough Skin","moves":["swordsdance","earthquake","dragonclaw","substitute"],"nature":"Jolly","evs":{"hp":12,"atk":244,"def":0,"spa":0,"spd":0,"spe":252},"ivs":{"hp":31,"atk":31,"def":31,"spa":31,"spd":31,"spe":31}},{"name":"Rotom-Wash","species":"Rotom-Wash","item":"leftovers","ability":"Levitate","moves":["voltswitch","hydropump","willowisp","painsplit"],"nature":"Bold","evs":{"hp":248,"atk":0,"def":252,"spa":0,"spd":0,"spe":8},"ivs":{"hp":31,"atk":31,"def":31,"spa":31,"spd":31,"spe":31}},{"name":"Magnezone","species":"Magnezone","item":"choicescarf","ability":"Magnet Pull","moves":["voltswitch","hiddenpowerfire","flashcannon","thunderbolt"],"nature":"Timid","evs":{"hp":0,"atk":0,"def":4,"spa":252,"spd":0,"spe":252},"ivs":{"atk":30,"spa":30,"spe":30,"hp":31,"def":31,"spd":31}}],"p2team":[{"name":"Politoed","species":"Politoed","item":"damprock","ability":"Drizzle","moves":["scald","toxic","rest","encore"],"nature":"Calm","evs":{"hp":248,"atk":0,"def":0,"spa":8,"spd":252,"spe":0},"ivs":{"hp":31,"atk":0,"def":31,"spa":31,"spd":31,"spe":31}},{"name":"Swampert","species":"Swampert","item":"swampertite","ability":"Damp","moves":["earthquake","waterfall","lowkick","icepunch"],"nature":"Adamant","evs":{"hp":104,"atk":252,"def":0,"spa":0,"spd":0,"spe":152},"shiny":true,"ivs":{"hp":31,"atk":31,"def":31,"spa":31,"spd":31,"spe":31}},{"name":"Kingdra","species":"Kingdra","item":"choicespecs","ability":"Swift Swim","moves":["dracometeor","surf","icebeam","hiddenpowerfire"],"nature":"Modest","evs":{"hp":0,"atk":0,"def":0,"spa":252,"spd":4,"spe":252},"ivs":{"hp":31,"atk":30,"def":31,"spa":30,"spd":31,"spe":30}},{"name":"Ferrothorn","species":"Ferrothorn","item":"leftovers","ability":"Iron Barbs","moves":["stealthrock","powerwhip","leechseed","gyroball"],"nature":"Impish","evs":{"hp":252,"atk":0,"def":88,"spa":0,"spd":168,"spe":0},"ivs":{"hp":31,"atk":31,"def":31,"spa":31,"spd":31,"spe":0}},{"name":"Tornadus-Therian","species":"Tornadus-Therian","item":"lifeorb","ability":"Regenerator","moves":["hurricane","uturn","knockoff","focusblast"],"nature":"Hasty","evs":{"hp":0,"atk":40,"def":0,"spa":252,"spd":0,"spe":216},"ivs":{"hp":31,"atk":31,"def":31,"spa":31,"spd":31,"spe":31}},{"name":"Thundurus","species":"Thundurus","item":"lifeorb","ability":"Prankster","moves":["raindance","thunder","thunderwave","focusblast"],"nature":"Timid","evs":{"hp":0,"atk":0,"def":0,"spa":252,"spd":4,"spe":252},"ivs":{"hp":31,"atk":31,"def":31,"spa":31,"spd":31,"spe":31}}],"log":["|player|p1|Knight♕Horsea|40","|player|p2|Sovereign♕king sun|62","|gametype|singles","|gen|6","|tier|OU","|rated","|clearpoke","|poke|p1|Azumarill, M","|poke|p1|Venusaur, M","|poke|p1|Jirachi","|poke|p1|Garchomp, F","|poke|p1|Rotom-Wash","|poke|p1|Magnezone","|poke|p2|Politoed, F","|poke|p2|Swampert, M, shiny","|poke|p2|Kingdra, F","|poke|p2|Ferrothorn, M","|poke|p2|Tornadus-Therian, M","|poke|p2|Thundurus, M","|rule|Swagger Clause: Swagger is banned","|rule|Baton Pass Clause: Limit one Baton Passer, can't pass Spe and other stats simultaneously","|rule|Sleep Clause Mod: Limit one foe put to sleep","|rule|Species Clause: Limit one of each Pokémon","|rule|OHKO Clause: OHKO moves are banned","|rule|Moody Clause: Moody is banned","|rule|Evasion Moves Clause: Evasion moves are banned","|rule|Endless Battle Clause: Forcing endless battles is banned","|rule|HP Percentage Mod: HP is shown in percentages","|teampreview","|","|start","|switch|p1a: Garchomp|Garchomp, F|360/360","|switch|p2a: Tornadus-Therian|Tornadus-Therian, M|299/299","|turn|1","|","|move|p2a: Tornadus-Therian|Hurricane|p1a: Garchomp","|-damage|p1a: Garchomp|78/360","|-start|p1a: Garchomp|confusion","|-damage|p2a: Tornadus-Therian|270/299|[from] item: Life Orb","|-enditem|p1a: Garchomp|Salac Berry|[eat]","|-boost|p1a: Garchomp|spe|1|[from] item: Salac Berry","|-activate|p1a: Garchomp|confusion","|-damage|p1a: Garchomp|30/360|[from] confusion","|","|turn|2","|","|-activate|p1a: Garchomp|confusion","|move|p1a: Garchomp|Dragon Claw|p2a: Tornadus-Therian","|-damage|p2a: Tornadus-Therian|90/299","|move|p2a: Tornadus-Therian|U-turn|p1a: Garchomp","|-damage|p1a: Garchomp|0 fnt","|-damage|p2a: Tornadus-Therian|53/299|[from] ability: Rough Skin|[of] p1a: Garchomp","|-damage|p2a: Tornadus-Therian|24/299|[from] item: Life Orb","|faint|p1a: Garchomp","|","|switch|p2a: Politoed|Politoed, F|383/383","|-weather|RainDance","|","|-weather|RainDance|[upkeep]","|","|switch|p1a: Azumarill|Azumarill, M|404/404","|turn|3","|","|move|p2a: Politoed|Encore|p1a: Azumarill","|-fail|p1a: Azumarill","|move|p1a: Azumarill|Belly Drum|p1a: Azumarill","|-damage|p1a: Azumarill|202/404","|-setboost|p1a: Azumarill|atk|6|[from] move: Belly Drum","|-enditem|p1a: Azumarill|Sitrus Berry|[eat]","|-heal|p1a: Azumarill|303/404|[from] item: Sitrus Berry","|","|-weather|RainDance|[upkeep]","|turn|4","|","|move|p1a: Azumarill|Aqua Jet|p2a: Politoed","|-resisted|p2a: Politoed","|-damage|p2a: Politoed|60/383","|move|p2a: Politoed|Encore|p1a: Azumarill","|-start|p1a: Azumarill|Encore","|","|-weather|RainDance|[upkeep]","|turn|5","|","|switch|p2a: Ferrothorn|Ferrothorn, M|352/352","|move|p1a: Azumarill|Aqua Jet|p2a: Ferrothorn","|-resisted|p2a: Ferrothorn","|-damage|p2a: Ferrothorn|189/352","|-damage|p1a: Azumarill|253/404|[from] ability: Iron Barbs|[of] p2a: Ferrothorn","|","|-weather|RainDance|[upkeep]","|-heal|p2a: Ferrothorn|211/352|[from] item: Leftovers","|turn|6","|","|move|p1a: Azumarill|Aqua Jet|p2a: Ferrothorn","|-resisted|p2a: Ferrothorn","|-damage|p2a: Ferrothorn|48/352","|-damage|p1a: Azumarill|203/404|[from] ability: Iron Barbs|[of] p2a: Ferrothorn","|move|p2a: Ferrothorn|Power Whip|p1a: Azumarill","|-supereffective|p1a: Azumarill","|-damage|p1a: Azumarill|0 fnt","|faint|p1a: Azumarill","|","|-weather|RainDance|[upkeep]","|-heal|p2a: Ferrothorn|70/352|[from] item: Leftovers","|","|switch|p1a: Magnezone|Magnezone|281/281","|turn|7","|","|move|p1a: Magnezone|Volt Switch|p2a: Ferrothorn","|-resisted|p2a: Ferrothorn","|-damage|p2a: Ferrothorn|19/352","|","|switch|p1a: Venusaur|Venusaur, M|330/330","|move|p2a: Ferrothorn|Stealth Rock|p1a: Venusaur","|-sidestart|p1: Knight♕Horsea|move: Stealth Rock","|","|-weather|RainDance|[upkeep]","|-heal|p2a: Ferrothorn|41/352|[from] item: Leftovers","|turn|8","|","|detailschange|p1a: Venusaur|Venusaur-Mega, M","|-mega|p1a: Venusaur|Venusaur|Venusaurite","|move|p1a: Venusaur|Curse|p1a: Venusaur","|-unboost|p1a: Venusaur|spe|1","|-boost|p1a: Venusaur|atk|1","|-boost|p1a: Venusaur|def|1","|move|p2a: Ferrothorn|Gyro Ball|p1a: Venusaur","|-damage|p1a: Venusaur|282/330","|","|-weather|RainDance|[upkeep]","|-heal|p2a: Ferrothorn|63/352|[from] item: Leftovers","|turn|9","|","|switch|p2a: Tornadus-Therian|Tornadus-Therian, M|123/299","|move|p1a: Venusaur|Curse|p1a: Venusaur","|-unboost|p1a: Venusaur|spe|1","|-boost|p1a: Venusaur|atk|1","|-boost|p1a: Venusaur|def|1","|","|-weather|none","|turn|10","|","|move|p2a: Tornadus-Therian|Hurricane|p1a: Venusaur","|-supereffective|p1a: Venusaur","|-damage|p1a: Venusaur|14/330","|-damage|p2a: Tornadus-Therian|94/299|[from] item: Life Orb","|move|p1a: Venusaur|Sludge Bomb|p2a: Tornadus-Therian","|-damage|p2a: Tornadus-Therian|0 fnt","|faint|p2a: Tornadus-Therian","|","|","|switch|p2a: Thundurus|Thundurus, M|299/299","|turn|11","|","|move|p2a: Thundurus|Thunder|p1a: Venusaur","|-resisted|p1a: Venusaur","|-damage|p1a: Venusaur|0 fnt","|-damage|p2a: Thundurus|270/299|[from] item: Life Orb","|faint|p1a: Venusaur","|","|","|switch|p1a: Rotom-Wash|Rotom-Wash|303/303","|-damage|p1a: Rotom-Wash|266/303|[from] Stealth Rock","|turn|12","|","|switch|p2a: Politoed|Politoed, F|60/383","|-weather|RainDance","|move|p1a: Rotom-Wash|Volt Switch|p2a: Politoed","|-supereffective|p2a: Politoed","|-damage|p2a: Politoed|0 fnt","|faint|p2a: Politoed","|","|switch|p1a: Magnezone|Magnezone|281/281","|-damage|p1a: Magnezone|264/281|[from] Stealth Rock","|","|-weather|RainDance|[upkeep]","|","|switch|p2a: Kingdra|Kingdra, F|291/291","|turn|13","|","|move|p2a: Kingdra|Surf|p1a: Magnezone","|-damage|p1a: Magnezone|0 fnt","|faint|p1a: Magnezone","|","|-weather|RainDance|[upkeep]","|","|switch|p1a: Jirachi|Jirachi|342/342","|-damage|p1a: Jirachi|321/342|[from] Stealth Rock","|turn|14","|","|move|p2a: Kingdra|Surf|p1a: Jirachi","|-damage|p1a: Jirachi|12/342","|move|p1a: Jirachi|Iron Head|p2a: Kingdra","|-resisted|p2a: Kingdra","|-damage|p2a: Kingdra|234/291","|","|-weather|RainDance|[upkeep]","|turn|15","|","|move|p2a: Kingdra|Surf|p1a: Jirachi","|-damage|p1a: Jirachi|0 fnt","|faint|p1a: Jirachi","|","|-weather|RainDance|[upkeep]","|","|switch|p1a: Rotom-Wash|Rotom-Wash|266/303","|-damage|p1a: Rotom-Wash|229/303|[from] Stealth Rock","|turn|16","|","|move|p2a: Kingdra|Surf|p1a: Rotom-Wash","|-resisted|p1a: Rotom-Wash","|-damage|p1a: Rotom-Wash|90/303","|move|p1a: Rotom-Wash|Volt Switch|p2a: Kingdra","|-damage|p2a: Kingdra|143/291","|","|-weather|RainDance|[upkeep]","|-heal|p1a: Rotom-Wash|108/303|[from] item: Leftovers","|turn|17","|","|move|p2a: Kingdra|Surf|p1a: Rotom-Wash","|-resisted|p1a: Rotom-Wash","|-damage|p1a: Rotom-Wash|0 fnt","|faint|p1a: Rotom-Wash","|","|win|Sovereign♕king sun"],"p1rating":{"entryid":"7392392","serverid":"eos","formatid":"ou","userid":"knighthorsea","username":"Knight♕Horsea","w":"1","l":2,"t":"0","gxe":45,"r":"1500","rd":"130","sigma":"0","rptime":"1438678800","rpr":1460.6239839787,"rprd":111.53623138064,"rpsigma":"0","acre":1007.9921601191,"lacre":1007.9921601191,"oldacre":"1022.1660277196"},"p2rating":{"entryid":"6595701","serverid":"eos","formatid":"ou","userid":"sovereignkingsun","username":"Sovereign♕king sun","w":1,"l":"1","t":"0","gxe":51.8,"r":"1471.6692261375","rd":128.67841992386,"sigma":"0","rptime":1438678800,"rpr":1514.0947108179,"rprd":121.77714123692,"rpsigma":"0","acre":1042.5485014602,"lacre":1042.5485014602,"oldacre":"1000"},"endType":"normal"}