{"seed":[26911,31158,46405,62484],"turns":18,"p1":"EdgeWay","p2":"A Stantler","p1team":[{"name":"Gyarados","species":"Gyarados","item":"gyaradosite","ability":"Intimidate","moves":["dragondance","waterfall","earthquake","icefang"],"nature":"Adamant","evs":{"hp":0,"atk":252,"def":0,"spa":0,"spd":4,"spe":252},"ivs":{"hp":31,"atk":31,"def":31,"spa":31,"spd":31,"spe":31}},{"name":"Magnezone","species":"Magnezone","item":"choicescarf","ability":"Magnet Pull","moves":["voltswitch","thunderbolt","hiddenpowerfire","flashcannon"],"nature":"Timid","evs":{"hp":0,"atk":0,"def":0,"spa":252,"spd":4,"spe":252},"ivs":{"hp":31,"atk":30,"def":31,"spa":30,"spd":31,"spe":30}},{"name":"Talonflame","species":"Talonflame","item":"sharpbeak","ability":"Gale Wings","moves":["swordsdance","bravebird","flareblitz","roost"],"nature":"Jolly","evs":{"hp":88,"atk":252,"def":0,"spa":0,"spd":0,"spe":168},"ivs":{"hp":31,"atk":31,"def":31,"spa":31,"spd":31,"spe":31}},{"name":"Landorus-Therian","species":"Landorus-Therian","item":"leftovers","ability":"Intimidate","moves":["stealthrock","earthquake","stoneedge","uturn"],"nature":"Jolly","evs":{"hp":252,"atk":0,"def":172,"spa":0,"spd":0,"spe":84},"ivs":{"hp":31,"atk":31,"def":31,"spa":31,"spd":31,"spe":31}},{"name":"Diggersby","species":"Diggersby","item":"lifeorb","ability":"Huge Power","moves":["swordsdance","frustration","quickattack","earthquake"],"nature":"Jolly","evs":{"hp":0,"atk":252,"def":0,"spa":0,"spd":4,"spe":252},"happiness":0,"ivs":{"hp":31,"atk":31,"def":31,"spa":31,"spd":31,"spe":31}},{"name":"Latias","species":"Latias","item":"lifeorb","ability":"Levitate","moves":["dracometeor","healingwish","psyshock","defog"],"nature":"Timid","evs":{"hp":72,"atk":0,"def":0,"spa":184,"spd":0,"spe":252},"ivs":{"hp":31,"atk":31,"def":31,"spa":31,"spd":31,"spe":31}}],"p2team":[{"name":"Tyranitar","species":"Tyranitar","item":"salacberry","ability":"Sand Stream","moves":["fireblast","stealthrock","thunderwave","stoneedge"],"nature":"Sassy","evs":{"hp":248,"atk":8,"def":0,"spa":0,"spd":252,"spe":0},"ivs":{"hp":31,"atk":31,"def":31,"spa":31,"spd":31,"spe":31}},{"name":"Excadrill","species":"Excadrill","item":"lifeorb","ability":"Sand Rush","moves":["rapidspin","earthquake","ironhead","rockslide"],"nature":"Adamant","evs":{"hp":0,"atk":252,"def":0,"spa":0,"spd":4,"spe":252},"ivs":{"hp":31,"atk":31,"def":31,"spa":31,"spd":31,"spe":31}},{"name":"Stoutland","species":"Stoutland","item":"lifeorb","ability":"Sand Rush","moves":["frustration","superpower","crunch","facade"],"nature":"Adamant","evs":{"hp":0,"atk":252,"def":0,"spa":0,"spd":4,"spe":252},"happiness":0,"ivs":{"hp":31,"atk":31,"def":31,"spa":31,"spd":31,"spe":31}},{"name":"Keldeo","species":"Keldeo","item":"choicespecs","ability":"Justified","moves":["secretsword","hydropump","surf","icywind"],"nature":"Timid","evs":{"hp":0,"atk":0,"def":0,"spa":252,"spd":4,"spe":252},"ivs":{"hp":31,"atk":31,"def":31,"spa":31,"spd":31,"spe":31}},{"name":"Tornadus-Therian","species":"Tornadus-Therian","item":"assaultvest","ability":"Regenerator","moves":["hurricane","uturn","knockoff","heatwave"],"nature":"Hasty","evs":{"hp":0,"atk":4,"def":0,"spa":252,"spd":0,"spe":252},"ivs":{"hp":31,"atk":31,"def":31,"spa":31,"spd":31,"spe":31}},{"name":"Kyurem-Black","species":"Kyurem-Black","item":"choicescarf","ability":"Teravolt","moves":["icebeam","outrage","earthpower","fusionbolt"],"nature":"Naive","evs":{"hp":0,"atk":4,"def":0,"spa":4,"spd":0,"spe":252},"ivs":{"hp":31,"atk":31,"def":31,"spa":31,"spd":31,"spe":31}}],"log":["|player|p1|EdgeWay|102","|player|p2|A Stantler|astantler.png","|gametype|singles","|gen|6","|tier|OU","|rated","|clearpoke","|poke|p1|Gyarados, M","|poke|p1|Magnezone","|poke|p1|Talonflame, F","|poke|p1|Landorus-Therian, M","|poke|p1|Diggersby, F","|poke|p1|Latias, F","|poke|p2|Tyranitar, F","|poke|p2|Excadrill, M","|poke|p2|Stoutland, M","|poke|p2|Keldeo","|poke|p2|Tornadus-Therian, M","|poke|p2|Kyurem-Black","|rule|Swagger Clause: Swagger is banned","|rule|Baton Pass Clause: Limit one Baton Passer, can't pass Spe and other stats simultaneously","|rule|Sleep Clause Mod: Limit one foe put to sleep","|rule|Species Clause: Limit one of each Pokémon","|rule|OHKO Clause: OHKO moves are banned","|rule|Moody Clause: Moody is banned","|rule|Evasion Moves Clause: Evasion moves are banned","|rule|Endless Battle Clause: Forcing endless battles is banned","|rule|HP Percentage Mod: HP is shown in percentages","|teampreview","|","|start","|switch|p1a: Magnezone|Magnezone|281/281","|switch|p2a: Keldeo|Keldeo|323/323","|turn|1","|","|switch|p1a: Landorus-Therian|Landorus-Therian, M|382/382","|-ability|p1a: Landorus-Therian|Intimidate","|-unboost|p2a: Keldeo|atk|1","|switch|p2a: Excadrill|Excadrill, M|361/361","|","|turn|2","|","|move|p2a: Excadrill|Iron Head|p1a: Landorus-Therian","|-damage|p1a: Landorus-Therian|194/382","|-damage|p2a: Excadrill|325/361|[from] item: Life Orb","|cant|p1a: Landorus-Therian|flinch","|","|-heal|p1a: Landorus-Therian|217/382|[from] item: Leftovers","|turn|3","|","|switch|p2a: Tornadus-Therian|Tornadus-Therian, M|299/299","|move|p1a: Landorus-Therian|Earthquake|p2a: Tornadus-Therian","|-immune|p2a: Tornadus-Therian|[msg]","|","|-heal|p1a: Landorus-Therian|240/382|[from] item: Leftovers","|turn|4","|","|move|p2a: Tornadus-Therian|Hurricane|p1a: Landorus-Therian","|-damage|p1a: Landorus-Therian|33/382","|move|p1a: Landorus-Therian|Stealth Rock|p2a: Tornadus-Therian","|-sidestart|p2: A Stantler|move: Stealth Rock","|","|-heal|p1a: Landorus-Therian|56/382|[from] item: Leftovers","|turn|5","|","|move|p2a: Tornadus-Therian|U-turn|p1a: Landorus-Therian","|-resisted|p1a: Landorus-Therian","|-damage|p1a: Landorus-Therian|31/382","|","|switch|p2a: Excadrill|Excadrill, M|325/361","|-damage|p2a: Excadrill|314/361|[from] Stealth Rock","|move|p1a: Landorus-Therian|Stone Edge|p2a: Excadrill","|-resisted|p2a: Excadrill","|-damage|p2a: Excadrill|274/361","|","|-heal|p1a: Landorus-Therian|54/382|[from] item: Leftovers","|turn|6","|","|move|p2a: Excadrill|Iron Head|p1a: Landorus-Therian","|-damage|p1a: Landorus-Therian|0 fnt","|-damage|p2a: Excadrill|238/361|[from] item: Life Orb","|faint|p1a: Landorus-Therian","|","|","|switch|p1a: Magnezone|Magnezone|281/281","|turn|7","|","|move|p1a: Magnezone|Hidden Power|p2a: Excadrill","|-supereffective|p2a: Excadrill","|-damage|p2a: Excadrill|26/361","|move|p2a: Excadrill|Earthquake|p1a: Magnezone","|-supereffective|p1a: Magnezone","|-damage|p1a: Magnezone|0 fnt","|-damage|p2a: Excadrill|0 fnt|[from] item: Life Orb","|faint|p1a: Magnezone","|faint|p2a: Excadrill","|","|","|switch|p1a: Talonflame|Talonflame, F|319/319","|switch|p2a: Tyranitar|Tyranitar, F|403/403","|-damage|p2a: Tyranitar|353/403|[from] Stealth Rock","|-weather|Sandstorm","|turn|8","|","|switch|p1a: Diggersby|Diggersby, F|311/311","|move|p2a: Tyranitar|Stealth Rock|p1a: Diggersby","|-sidestart|p1: EdgeWay|move: Stealth Rock","|","|-weather|Sandstorm|[upkeep]","|turn|9","|","|move|p1a: Diggersby|Frustration|p2a: Tyranitar","|-resisted|p2a: Tyranitar","|-damage|p2a: Tyranitar|222/403","|-damage|p1a: Diggersby|280/311|[from] item: Life Orb","|move|p2a: Tyranitar|Thunder Wave|p1a: Diggersby","|-immune|p1a: Diggersby|[msg]","|","|-weather|Sandstorm|[upkeep]","|turn|10","|","|switch|p2a: Tornadus-Therian|Tornadus-Therian, M|299/299","|-damage|p2a: Tornadus-Therian|225/299|[from] Stealth Rock","|move|p1a: Diggersby|Frustration|p2a: Tornadus-Therian","|-damage|p2a: Tornadus-Therian|0 fnt","|-damage|p1a: Diggersby|249/311|[from] item: Life Orb","|faint|p2a: Tornadus-Therian","|","|-weather|Sandstorm|[upkeep]","|","|switch|p2a: Kyurem-Black|Kyurem-Black|391/391","|-damage|p2a: Kyurem-Black|294/391|[from] Stealth Rock","|-ability|p2a: Kyurem-Black|Teravolt","|turn|11","|","|move|p1a: Diggersby|Quick Attack|p2a: Kyurem-Black","|-damage|p2a: Kyurem-Black|191/391","|-damage|p1a: Diggersby|218/311|[from] item: Life Orb","|move|p2a: Kyurem-Black|Ice Beam|p1a: Diggersby","|-supereffective|p1a: Diggersby","|-damage|p1a: Diggersby|0 fnt","|faint|p1a: Diggersby","|","|-weather|Sandstorm|[upkeep]","|-damage|p2a: Kyurem-Black|167/391|[from] sandstorm","|","|switch|p1a: Latias|Latias, F|319/319","|-damage|p1a: Latias|280/319|[from] Stealth Rock","|turn|12","|","|move|p2a: Kyurem-Black|Ice Beam|p1a: Latias","|-supereffective|p1a: Latias","|-damage|p1a: Latias|76/319","|move|p1a: Latias|Draco Meteor|p2a: Kyurem-Black","|-supereffective|p2a: Kyurem-Black","|-damage|p2a: Kyurem-Black|0 fnt","|-unboost|p1a: Latias|spa|2","|-damage|p1a: Latias|45/319|[from] item: Life Orb","|faint|p2a: Kyurem-Black","|","|-weather|none","|","|switch|p2a: Tyranitar|Tyranitar, F|222/403","|-damage|p2a: Tyranitar|172/403|[from] Stealth Rock","|-weather|Sandstorm","|turn|13","|","|move|p1a: Latias|Healing Wish|p1a: Latias","|faint|p1a: Latias","|move|p2a: Tyranitar|Stone Edge|p1: Latias|[notarget]","|-notarget","|","|-weather|Sandstorm|[upkeep]","|","|switch|p1a: Gyarados|Gyarados, M|331/331","|-heal|p1a: Gyarados|331/331|[from] move: Healing Wish","|-damage|p1a: Gyarados|249/331|[from] Stealth Rock","|-ability|p1a: Gyarados|Intimidate","|-unboost|p2a: Tyranitar|atk|1","|turn|14","|","|detailschange|p1a: Gyarados|Gyarados-Mega, M","|-mega|p1a: Gyarados|Gyarados|Gyaradosite","|-ability|p1a: Gyarados|Mold Breaker","|move|p1a: Gyarados|Earthquake|p2a: Tyranitar","|-supereffective|p2a: Tyranitar","|-damage|p2a: Tyranitar|0 fnt","|faint|p2a: Tyranitar","|","|-weather|Sandstorm|[upkeep]","|-damage|p1a: Gyarados|229/331|[from] sandstorm","|","|switch|p2a: Keldeo|Keldeo|323/323","|-damage|p2a: Keldeo|303/323|[from] Stealth Rock","|turn|15","|","|move|p2a: Keldeo|Hydro Pump|p1a: Gyarados","|-crit|p1a: Gyarados","|-resisted|p1a: Gyarados","|-damage|p1a: Gyarados|50/331","|move|p1a: Gyarados|Earthquake|p2a: Keldeo","|-damage|p2a: Keldeo|145/323","|","|-weather|Sandstorm|[upkeep]","|-damage|p2a: Keldeo|125/323|[from] sandstorm","|-damage|p1a: Gyarados|30/331|[from] sandstorm","|turn|16","|","|move|p2a: Keldeo|Hydro Pump|p1a: Gyarados","|-resisted|p1a: Gyarados","|-damage|p1a: Gyarados|0 fnt","|faint|p1a: Gyarados","|","|-weather|Sandstorm|[upkeep]","|-damage|p2a: Keldeo|105/323|[from] sandstorm","|","|switch|p1a: Talonflame|Talonflame, F|319/319","|-damage|p1a: Talonflame|160/319|[from] Stealth Rock","|turn|17","|","|move|p1a: Talonflame|Brave Bird|p2a: Keldeo","|-supereffective|p2a: Keldeo","|-damage|p2a: Keldeo|0 fnt","|-damage|p1a: Talonflame|125/319|[from] recoil|[of] p2a: Keldeo","|faint|p2a: Keldeo","|","|-weather|none","|","|switch|p2a: Stoutland|Stoutland, M|311/311","|-damage|p2a: Stoutland|273/311|[from] Stealth Rock","|turn|18","|","|move|p1a: Talonflame|Brave Bird|p2a: Stoutland","|-damage|p2a: Stoutland|81/311","|-damage|p1a: Talonflame|62/319|[from] recoil|[of] p2a: Stoutland","|move|p2a: Stoutland|Facade|p1a: Talonflame","|-damage|p1a: Talonflame|0 fnt","|-damage|p2a: Stoutland|50/311|[from] item: Life Orb","|faint|p1a: Talonflame","|","|win|A Stantler"],"p1rating":{"entryid":561031,"formatid":"ou","userid":"edgeway","username":"EdgeWay","r":1500,"rd":130,"sigma":0,"rpr":1459.8393856612,"rprd":122.8583080769,"rpsigma":0,"rptime":1440666000,"w":0,"l":1,"t":0,"gxe":45,"acre":1000,"lacre":1000,"oldacre":1000},"p2rating":{"entryid":561032,"formatid":"ou","userid":"astantler","username":"A Stantler","r":1500,"rd":130,"sigma":0,"rpr":1540.1606143388,"rprd":122.8583080769,"rpsigma":0,"rptime":1440666000,"w":1,"l":0,"t":0,"gxe":55,"acre":1040,"lacre":1040,"oldacre":1000},"endType":"normal"}