{"seed":[10962,35251,56771,16967],"turns":26,"p1":"DoctorPhrog","p2":"agro the horse","p1team":[{"name":"Don't Setup on Wob","species":"gothitelle","item":"choicescarf","ability":"Shadow Tag","moves":["trick","calmmind","hiddenpowerground","psychic"],"nature":"Timid","evs":{"hp":0,"atk":0,"def":252,"spa":4,"spd":0,"spe":252},"ivs":{"hp":31,"atk":0,"def":31,"spa":30,"spd":30,"spe":31}},{"name":"LOL Still Trapped","species":"dugtrio","item":"focussash","ability":"Arena Trap","moves":["earthquake","reversal","stealthrock","suckerpunch"],"nature":"Jolly","evs":{"hp":0,"atk":252,"def":0,"spa":0,"spd":4,"spe":252},"ivs":{"hp":31,"atk":31,"def":31,"spa":31,"spd":31,"spe":31}},{"name":"Be Nice to Altaria","species":"magneton","item":"choicescarf","ability":"Magnet Pull","moves":["voltswitch","flashcannon","hiddenpowerfire","thunderbolt"],"nature":"Timid","evs":{"hp":0,"atk":0,"def":4,"spa":252,"spd":0,"spe":252},"ivs":{"hp":31,"atk":30,"def":31,"spa":30,"spd":31,"spe":30}},{"name":"50-50 Lead","species":"wobbuffet","item":"sitrusberry","ability":"Shadow Tag","moves":["mirrorcoat","counter","encore","destinybond"],"nature":"Bold","evs":{"hp":252,"atk":0,"def":168,"spa":0,"spd":88,"spe":0},"ivs":{"hp":31,"atk":0,"def":31,"spa":31,"spd":31,"spe":31}},{"name":"Not Trapped...","species":"mew","item":"colburberry","ability":"Synchronize","moves":["willowisp","defog","roost","transform"],"nature":"Timid","evs":{"hp":252,"atk":0,"def":0,"spa":0,"spd":40,"spe":216},"ivs":{"hp":31,"atk":0,"def":30,"spa":31,"spd":31,"spe":31}},{"name":"Shit's Going Down","species":"altaria","item":"altarianite","ability":"Natural Cure","moves":["dragondance","frustration","roost","healbell"],"nature":"Jolly","evs":{"hp":0,"atk":252,"def":0,"spa":0,"spd":4,"spe":252},"happiness":0,"ivs":{"hp":31,"atk":31,"def":31,"spa":31,"spd":31,"spe":31}}],"p2team":[{"name":"Tyranitar","species":"Tyranitar","item":"choicescarf","ability":"Sand Stream","moves":["crunch","pursuit","stoneedge","superpower"],"nature":"Jolly","evs":{"hp":0,"atk":252,"def":0,"spa":0,"spd":4,"spe":252},"shiny":true,"ivs":{"hp":31,"atk":31,"def":31,"spa":31,"spd":31,"spe":31}},{"name":"Alakazam","species":"Alakazam","item":"lifeorb","ability":"Magic Guard","moves":["psychic","shadowball","focusblast","dazzlinggleam"],"nature":"Timid","evs":{"hp":0,"atk":0,"def":0,"spa":252,"spd":4,"spe":252},"shiny":true,"ivs":{"hp":31,"atk":31,"def":31,"spa":31,"spd":31,"spe":31}},{"name":"Manaphy","species":"Manaphy","item":"leftovers","ability":"Hydration","moves":["tailglow","scald","icebeam","hiddenpowerfire"],"nature":"Timid","evs":{"hp":0,"atk":0,"def":0,"spa":252,"spd":4,"spe":252},"ivs":{"hp":31,"atk":30,"def":31,"spa":30,"spd":31,"spe":30},"shiny":true},{"name":"Thundurus","species":"Thundurus","item":"leftovers","ability":"Prankster","moves":["thunderbolt","hiddenpowerice","thunderwave","grassknot"],"nature":"Timid","evs":{"hp":0,"atk":0,"def":0,"spa":252,"spd":4,"spe":252},"ivs":{"hp":31,"atk":30,"def":30,"spa":31,"spd":31,"spe":31},"shiny":true},{"name":"Scizor","species":"Scizor","item":"scizorite","ability":"Technician","moves":["swordsdance","roost","bugbite","bulletpunch"],"nature":"Adamant","evs":{"hp":216,"atk":96,"def":0,"spa":0,"spd":140,"spe":56},"shiny":true,"ivs":{"hp":31,"atk":31,"def":31,"spa":31,"spd":31,"spe":31}},{"name":"Garchomp","species":"Garchomp","item":"lifeorb","ability":"Rough Skin","moves":["swordsdance","stealthrock","earthquake","outrage"],"nature":"Jolly","evs":{"hp":0,"atk":252,"def":0,"spa":0,"spd":4,"spe":252},"shiny":true,"ivs":{"hp":31,"atk":31,"def":31,"spa":31,"spd":31,"spe":31}}],"log":["|player|p1|DoctorPhrog|117","|player|p2|agro the horse|1","|gametype|singles","|gen|6","|tier|OU","|rated","|clearpoke","|poke|p1|Gothitelle, M","|poke|p1|Dugtrio, F","|poke|p1|Magneton","|poke|p1|Wobbuffet, F","|poke|p1|Mew","|poke|p1|Altaria, F","|poke|p2|Tyranitar, M, shiny","|poke|p2|Alakazam, F, shiny","|poke|p2|Manaphy, shiny","|poke|p2|Thundurus, M, shiny","|poke|p2|Scizor, M, shiny","|poke|p2|Garchomp, M, shiny","|rule|Swagger Clause: Swagger is banned","|rule|Baton Pass Clause: Limit one Baton Passer, can't pass Spe and other stats simultaneously","|rule|Sleep Clause Mod: Limit one foe put to sleep","|rule|Species Clause: Limit one of each Pokémon","|rule|OHKO Clause: OHKO moves are banned","|rule|Moody Clause: Moody is banned","|rule|Evasion Moves Clause: Evasion moves are banned","|rule|Endless Battle Clause: Forcing endless battles is banned","|rule|HP Percentage Mod: HP is shown in percentages","|teampreview","|","|start","|switch|p1a: 50-50 Lead|Wobbuffet, F|584/584","|switch|p2a: Tyranitar|Tyranitar, M, shiny|341/341","|-weather|Sandstorm","|turn|1","|","|move|p2a: Tyranitar|Crunch|p1a: 50-50 Lead","|-supereffective|p1a: 50-50 Lead","|-damage|p1a: 50-50 Lead|258/584","|-enditem|p1a: 50-50 Lead|Sitrus Berry|[eat]","|-heal|p1a: 50-50 Lead|404/584|[from] item: Sitrus Berry","|move|p1a: 50-50 Lead|Encore|p2a: Tyranitar","|-start|p2a: Tyranitar|Encore","|","|-weather|Sandstorm|[upkeep]","|-damage|p1a: 50-50 Lead|368/584|[from] sandstorm","|turn|2","|","|move|p2a: Tyranitar|Crunch|p1a: 50-50 Lead","|-supereffective|p1a: 50-50 Lead","|-damage|p1a: 50-50 Lead|54/584","|move|p1a: 50-50 Lead|Counter|p2a: Tyranitar","|-damage|p2a: Tyranitar|0 fnt","|faint|p2a: Tyranitar","|","|-weather|Sandstorm|[upkeep]","|-damage|p1a: 50-50 Lead|18/584|[from] sandstorm","|","|switch|p2a: Garchomp|Garchomp, M, shiny|357/357","|turn|3","|","|move|p2a: Garchomp|Stealth Rock|p1a: 50-50 Lead","|-sidestart|p1: DoctorPhrog|move: Stealth Rock","|move|p1a: 50-50 Lead|Encore|p2a: Garchomp","|-start|p2a: Garchomp|Encore","|","|-weather|Sandstorm|[upkeep]","|-damage|p1a: 50-50 Lead|0 fnt|[from] sandstorm","|faint|p1a: 50-50 Lead","|","|switch|p1a: Don't Setup on Wob|Gothitelle, M|281/281","|-damage|p1a: Don't Setup on Wob|246/281|[from] Stealth Rock","|turn|4","|","|move|p1a: Don't Setup on Wob|Trick|p2a: Garchomp","|-activate|p1a: Don't Setup on Wob|move: Trick|[of] p2a: Garchomp","|-item|p2a: Garchomp|Choice Scarf|[from] move: Trick","|-item|p1a: Don't Setup on Wob|Life Orb|[from] move: Trick","|move|p2a: Garchomp|Stealth Rock|p1a: Don't Setup on Wob","|-fail|p1a: Don't Setup on Wob","|","|-weather|Sandstorm|[upkeep]","|-damage|p1a: Don't Setup on Wob|229/281|[from] sandstorm","|turn|5","|","|switch|p1a: LOL Still Trapped|Dugtrio, F|211/211","|-damage|p1a: LOL Still Trapped|198/211|[from] Stealth Rock","|move|p2a: Garchomp|Stealth Rock|p1a: LOL Still Trapped","|-fail|p1a: LOL Still Trapped","|","|-weather|none","|turn|6","|","|move|p2a: Garchomp|Stealth Rock|p1a: LOL Still Trapped","|-fail|p1a: LOL Still Trapped","|move|p1a: LOL Still Trapped|Stealth Rock|p2a: Garchomp","|-sidestart|p2: agro the horse|move: Stealth Rock","|","|-end|p2a: Garchomp|Encore","|turn|7","|","|move|p2a: Garchomp|Stealth Rock|p1a: LOL Still Trapped","|-fail|p1a: LOL Still Trapped","|move|p1a: LOL Still Trapped|Earthquake|p2a: Garchomp","|-damage|p2a: Garchomp|224/357","|","|turn|8","|","|move|p2a: Garchomp|Stealth Rock|p1a: LOL Still Trapped","|-fail|p1a: LOL Still Trapped","|move|p1a: LOL Still Trapped|Earthquake|p2a: Garchomp","|-damage|p2a: Garchomp|79/357","|","|turn|9","|","|switch|p1a: Don't Setup on Wob|Gothitelle, M|229/281","|-damage|p1a: Don't Setup on Wob|194/281|[from] Stealth Rock","|move|p2a: Garchomp|Stealth Rock|p1a: Don't Setup on Wob","|-fail|p1a: Don't Setup on Wob","|","|turn|10","|","|move|p2a: Garchomp|Stealth Rock|p1a: Don't Setup on Wob","|-fail|p1a: Don't Setup on Wob","|move|p1a: Don't Setup on Wob|Calm Mind|p1a: Don't Setup on Wob","|-boost|p1a: Don't Setup on Wob|spa|1","|-boost|p1a: Don't Setup on Wob|spd|1","|","|turn|11","|","|move|p2a: Garchomp|Stealth Rock|p1a: Don't Setup on Wob","|-fail|p1a: Don't Setup on Wob","|move|p1a: Don't Setup on Wob|Calm Mind|p1a: Don't Setup on Wob","|-boost|p1a: Don't Setup on Wob|spa|1","|-boost|p1a: Don't Setup on Wob|spd|1","|","|turn|12","|","|move|p2a: Garchomp|Stealth Rock|p1a: Don't Setup on Wob","|-fail|p1a: Don't Setup on Wob","|move|p1a: Don't Setup on Wob|Calm Mind|p1a: Don't Setup on Wob","|-boost|p1a: Don't Setup on Wob|spa|1","|-boost|p1a: Don't Setup on Wob|spd|1","|","|turn|13","|","|move|p2a: Garchomp|Stealth Rock|p1a: Don't Setup on Wob","|-fail|p1a: Don't Setup on Wob","|move|p1a: Don't Setup on Wob|Calm Mind|p1a: Don't Setup on Wob","|-boost|p1a: Don't Setup on Wob|spa|1","|-boost|p1a: Don't Setup on Wob|spd|1","|","|turn|14","|","|move|p2a: Garchomp|Stealth Rock|p1a: Don't Setup on Wob","|-fail|p1a: Don't Setup on Wob","|move|p1a: Don't Setup on Wob|Calm Mind|p1a: Don't Setup on Wob","|-boost|p1a: Don't Setup on Wob|spa|1","|-boost|p1a: Don't Setup on Wob|spd|1","|","|turn|15","|","|move|p2a: Garchomp|Stealth Rock|p1a: Don't Setup on Wob","|-fail|p1a: Don't Setup on Wob","|move|p1a: Don't Setup on Wob|Calm Mind|p1a: Don't Setup on Wob","|-boost|p1a: Don't Setup on Wob|spa|1","|-boost|p1a: Don't Setup on Wob|spd|1","|","|turn|16","|","|move|p2a: Garchomp|Stealth Rock|p1a: Don't Setup on Wob","|-fail|p1a: Don't Setup on Wob","|move|p1a: Don't Setup on Wob|Psychic|p2a: Garchomp","|-crit|p2a: Garchomp","|-damage|p2a: Garchomp|0 fnt","|-damage|p1a: Don't Setup on Wob|166/281|[from] item: Life Orb","|faint|p2a: Garchomp","|","|","|switch|p2a: Scizor|Scizor, M, shiny|335/335","|-damage|p2a: Scizor|294/335|[from] Stealth Rock","|turn|17","|","|detailschange|p2a: Scizor|Scizor-Mega, M, shiny","|-mega|p2a: Scizor|Scizor|Scizorite","|move|p1a: Don't Setup on Wob|Hidden Power|p2a: Scizor","|-damage|p2a: Scizor|81/335","|-damage|p1a: Don't Setup on Wob|138/281|[from] item: Life Orb","|move|p2a: Scizor|Bug Bite|p1a: Don't Setup on Wob","|-supereffective|p1a: Don't Setup on Wob","|-damage|p1a: Don't Setup on Wob|0 fnt","|faint|p1a: Don't Setup on Wob","|","|","|switch|p1a: Be Nice to Altaria|Magneton|241/241","|-damage|p1a: Be Nice to Altaria|226/241|[from] Stealth Rock","|turn|18","|","|move|p1a: Be Nice to Altaria|Volt Switch|p2a: Scizor","|-damage|p2a: Scizor|0 fnt","|faint|p2a: Scizor","|","|switch|p1a: Not Trapped...|Mew|404/404","|-damage|p1a: Not Trapped...|354/404|[from] Stealth Rock","|","|","|switch|p2a: Manaphy|Manaphy, shiny|341/341","|-damage|p2a: Manaphy|299/341|[from] Stealth Rock","|turn|19","|","|move|p2a: Manaphy|Tail Glow|p2a: Manaphy","|-boost|p2a: Manaphy|spa|3","|move|p1a: Not Trapped...|Will-O-Wisp|p2a: Manaphy","|-status|p2a: Manaphy|brn","|","|-heal|p2a: Manaphy|320/341 brn|[from] item: Leftovers","|-damage|p2a: Manaphy|278/341 brn|[from] brn","|turn|20","|","|move|p2a: Manaphy|Scald|p1a: Not Trapped...","|-damage|p1a: Not Trapped...|75/404","|-status|p1a: Not Trapped...|brn","|move|p1a: Not Trapped...|Transform|p2a: Manaphy","|-transform|p1a: Not Trapped...|p2a: Manaphy","|","|-heal|p2a: Manaphy|299/341 brn|[from] item: Leftovers","|-damage|p1a: Not Trapped...|25/404 brn|[from] brn","|-damage|p2a: Manaphy|257/341 brn|[from] brn","|turn|21","|","|move|p1a: Not Trapped...|Scald|p2a: Manaphy","|-resisted|p2a: Manaphy","|-damage|p2a: Manaphy|101/341 brn","|move|p2a: Manaphy|Scald|p1a: Not Trapped...","|-resisted|p1a: Not Trapped...","|-damage|p1a: Not Trapped...|0 fnt","|faint|p1a: Not Trapped...","|","|-heal|p2a: Manaphy|122/341 brn|[from] item: Leftovers","|-damage|p2a: Manaphy|80/341 brn|[from] brn","|","|switch|p1a: Be Nice to Altaria|Magneton|226/241","|-damage|p1a: Be Nice to Altaria|211/241|[from] Stealth Rock","|turn|22","|","|move|p1a: Be Nice to Altaria|Volt Switch|p2a: Manaphy","|-supereffective|p2a: Manaphy","|-damage|p2a: Manaphy|0 fnt","|faint|p2a: Manaphy","|","|switch|p1a: LOL Still Trapped|Dugtrio, F|198/211","|-damage|p1a: LOL Still Trapped|185/211|[from] Stealth Rock","|","|","|switch|p2a: Thundurus|Thundurus, M, shiny|299/299","|-damage|p2a: Thundurus|225/299|[from] Stealth Rock","|turn|23","|","|move|p1a: LOL Still Trapped|Sucker Punch|p2a: Thundurus","|-damage|p2a: Thundurus|135/299","|move|p2a: Thundurus|Hidden Power|p1a: LOL Still Trapped","|-supereffective|p1a: LOL Still Trapped","|-damage|p1a: LOL Still Trapped|0 fnt","|faint|p1a: LOL Still Trapped","|","|-heal|p2a: Thundurus|153/299|[from] item: Leftovers","|","|switch|p1a: Be Nice to Altaria|Magneton|211/241","|-damage|p1a: Be Nice to Altaria|196/241|[from] Stealth Rock","|turn|24","|","|move|p1a: Be Nice to Altaria|Thunderbolt|p2a: Thundurus","|-damage|p2a: Thundurus|0 fnt","|faint|p2a: Thundurus","|","|","|switch|p2a: Alakazam|Alakazam, F, shiny|251/251","|turn|25","|","|move|p1a: Be Nice to Altaria|Thunderbolt|p2a: Alakazam","|-damage|p2a: Alakazam|80/251","|move|p2a: Alakazam|Focus Blast|p1a: Be Nice to Altaria|[miss]","|-miss|p2a: Alakazam|p1a: Be Nice to Altaria","|","|turn|26","|","|win|DoctorPhrog"],"p1rating":{"entryid":"539460","serverid":"eos","formatid":"ou","userid":"doctorphrog","username":"DoctorPhrog","w":3,"l":"0","t":"0","gxe":64.5,"r":"1572.5671258289","rd":"116.77753930647","sigma":"0","rptime":"1440752400","rpr":1618.3344408165,"rprd":111.6830075796,"rpsigma":"0","acre":1107.5718767133,"lacre":1107.5718767133,"oldacre":"1070.1028089042"},"p2rating":{"entryid":"540260","serverid":"eos","formatid":"ou","userid":"agrothehorse","username":"agro the horse","w":"9","l":2,"t":"0","gxe":67.2,"r":"1694.8668142599","rd":"90.209451939084","sigma":"0","rptime":"1440752400","rpr":1639.3652042198,"rprd":86.098088553386,"rpsigma":"0","acre":1134.8258016868,"lacre":1134.8258016868,"oldacre":"1166.5958570059"},"endType":"forfeit"}