{"seed":[54867,32587,17453,29579],"turns":34,"p1":"agro the horse","p2":"Austin","p1team":[{"name":"Gliscor","species":"Gliscor","item":"toxicorb","ability":"Poison Heal","moves":["swordsdance","earthquake","knockoff","roost"],"nature":"Careful","evs":{"hp":244,"atk":0,"def":0,"spa":0,"spd":184,"spe":80},"ivs":{"hp":31,"atk":31,"def":31,"spa":31,"spd":31,"spe":31}},{"name":"Heatran","species":"Heatran","item":"leftovers","ability":"Flash Fire","moves":["stealthrock","lavaplume","toxic","earthpower"],"nature":"Calm","evs":{"hp":248,"atk":0,"def":0,"spa":0,"spd":192,"spe":68},"ivs":{"hp":31,"atk":31,"def":31,"spa":31,"spd":31,"spe":31}},{"name":"Alakazam","species":"Alakazam","item":"lifeorb","ability":"Magic Guard","moves":["psychic","shadowball","focusblast","dazzlinggleam"],"nature":"Timid","evs":{"hp":0,"atk":0,"def":0,"spa":252,"spd":4,"spe":252},"ivs":{"hp":31,"atk":31,"def":31,"spa":31,"spd":31,"spe":31}},{"name":"Keldeo","species":"Keldeo","item":"choicespecs","ability":"Justified","moves":["hydropump","scald","secretsword","hiddenpowerelectric"],"nature":"Timid","evs":{"hp":0,"atk":0,"def":0,"spa":252,"spd":4,"spe":252},"ivs":{"hp":31,"atk":31,"def":31,"spa":30,"spd":31,"spe":31}},{"name":"Scizor","species":"Scizor","item":"scizorite","ability":"Technician","moves":["swordsdance","roost","bugbite","bulletpunch"],"nature":"Adamant","evs":{"hp":216,"atk":96,"def":0,"spa":0,"spd":140,"spe":56},"ivs":{"hp":31,"atk":31,"def":31,"spa":31,"spd":31,"spe":31}},{"name":"Celebi","species":"Celebi","item":"leftovers","ability":"Natural Cure","moves":["batonpass","hiddenpowerfire","recover","gigadrain"],"nature":"Bold","evs":{"hp":248,"atk":0,"def":136,"spa":0,"spd":16,"spe":108},"ivs":{"hp":31,"atk":30,"def":31,"spa":30,"spd":31,"spe":30}}],"p2team":[{"name":"Feraligatr","species":"Feraligatr","item":"lifeorb","ability":"Sheer Force","moves":["waterfall","dragondance","crunch","aquajet"],"nature":"Adamant","evs":{"hp":0,"atk":252,"def":0,"spa":0,"spd":4,"spe":252},"ivs":{"hp":31,"atk":31,"def":31,"spa":31,"spd":31,"spe":31}},{"name":"Venusaur","species":"Venusaur","item":"venusaurite","ability":"Chlorophyll","moves":["gigadrain","sludgebomb","hiddenpowerfire","synthesis"],"nature":"Modest","evs":{"hp":232,"atk":0,"def":0,"spa":52,"spd":100,"spe":0},"ivs":{"atk":30,"spa":30,"spe":30,"hp":31,"def":31,"spd":31}},{"name":"Landorus-Therian","species":"Landorus-Therian","item":"leftovers","ability":"Intimidate","moves":["earthquake","uturn","stoneedge","stealthrock"],"nature":"Impish","evs":{"hp":252,"atk":0,"def":240,"spa":0,"spd":8,"spe":8},"ivs":{"hp":31,"atk":31,"def":31,"spa":31,"spd":31,"spe":31}},{"name":"Hoopa-Unbound","species":"Hoopa-Unbound","item":"choicescarf","ability":"Magician","moves":["hyperspacefury","gunkshot","drainpunch","icepunch"],"nature":"Jolly","evs":{"hp":0,"atk":252,"def":0,"spa":0,"spd":4,"spe":252},"ivs":{"hp":31,"atk":31,"def":31,"spa":31,"spd":31,"spe":31}},{"name":"Thundurus","species":"Thundurus","item":"lifeorb","ability":"Prankster","moves":["thunderwave","thunderbolt","hiddenpowerice","focusblast"],"nature":"Timid","evs":{"hp":0,"atk":0,"def":4,"spa":252,"spd":0,"spe":252},"ivs":{"atk":30,"def":30,"hp":31,"spe":31,"spa":31,"spd":31}},{"name":"Hawlucha","species":"Hawlucha","item":"sitrusberry","ability":"Unburden","moves":["substitute","swordsdance","highjumpkick","acrobatics"],"nature":"Jolly","evs":{"hp":12,"atk":252,"def":0,"spa":0,"spd":0,"spe":244},"ivs":{"hp":31,"atk":31,"def":31,"spa":31,"spd":31,"spe":31}}],"log":["|player|p1|agro the horse|1","|player|p2|Austin|austin.png","|gametype|singles","|gen|6","|tier|OU","|rated","|clearpoke","|poke|p1|Gliscor, M","|poke|p1|Heatran, M","|poke|p1|Alakazam, M","|poke|p1|Keldeo","|poke|p1|Scizor, F","|poke|p1|Celebi","|poke|p2|Feraligatr, M","|poke|p2|Venusaur, F","|poke|p2|Landorus-Therian, M","|poke|p2|Hoopa-Unbound","|poke|p2|Thundurus, M","|poke|p2|Hawlucha, M","|rule|Swagger Clause: Swagger is banned","|rule|Baton Pass Clause: Limit one Baton Passer, can't pass Spe and other stats simultaneously","|rule|Sleep Clause Mod: Limit one foe put to sleep","|rule|Species Clause: Limit one of each Pokémon","|rule|OHKO Clause: OHKO moves are banned","|rule|Moody Clause: Moody is banned","|rule|Evasion Moves Clause: Evasion moves are banned","|rule|Endless Battle Clause: Forcing endless battles is banned","|rule|HP Percentage Mod: HP is shown in percentages","|teampreview","|","|start","|switch|p1a: Keldeo|Keldeo|323/323","|switch|p2a: Landorus-Therian|Landorus-Therian, M|382/382","|-ability|p2a: Landorus-Therian|Intimidate","|-unboost|p1a: Keldeo|atk|1","|turn|1","|","|switch|p2a: Venusaur|Venusaur, F|359/359","|move|p1a: Keldeo|Scald|p2a: Venusaur","|-resisted|p2a: Venusaur","|-damage|p2a: Venusaur|257/359","|","|turn|2","|","|switch|p1a: Heatran|Heatran, M|385/385","|detailschange|p2a: Venusaur|Venusaur-Mega, F","|-mega|p2a: Venusaur|Venusaur|Venusaurite","|move|p2a: Venusaur|Giga Drain|p1a: Heatran","|-resisted|p1a: Heatran","|-damage|p1a: Heatran|364/385","|-heal|p2a: Venusaur|268/359|[from] drain|[of] p1a: Heatran","|","|-heal|p1a: Heatran|385/385|[from] item: Leftovers","|turn|3","|","|switch|p2a: Feraligatr|Feraligatr, M|311/311","|move|p1a: Heatran|Stealth Rock|p2a: Feraligatr","|-sidestart|p2: Austin|move: Stealth Rock","|","|turn|4","|","|move|p2a: Feraligatr|Waterfall|p1a: Heatran","|-supereffective|p1a: Heatran","|-damage|p1a: Heatran|0 fnt","|faint|p1a: Heatran","|","|","|switch|p1a: Keldeo|Keldeo|323/323","|turn|5","|","|switch|p2a: Venusaur|Venusaur-Mega, F|268/359","|-damage|p2a: Venusaur|224/359|[from] Stealth Rock","|move|p1a: Keldeo|Scald|p2a: Venusaur","|-resisted|p2a: Venusaur","|-damage|p2a: Venusaur|143/359","|","|turn|6","|","|switch|p1a: Alakazam|Alakazam, M|251/251","|move|p2a: Venusaur|Synthesis|p2a: Venusaur","|-heal|p2a: Venusaur|322/359","|","|turn|7","|","|move|p1a: Alakazam|Dazzling Gleam|p2a: Venusaur","|-resisted|p2a: Venusaur","|-damage|p2a: Venusaur|275/359","|move|p2a: Venusaur|Sludge Bomb|p1a: Alakazam","|-damage|p1a: Alakazam|92/251","|-status|p1a: Alakazam|psn","|","|turn|8","|","|switch|p2a: Hoopa-Unbound|Hoopa-Unbound|301/301","|-damage|p2a: Hoopa-Unbound|264/301|[from] Stealth Rock","|move|p1a: Alakazam|Psychic|p2a: Hoopa-Unbound","|-immune|p2a: Hoopa-Unbound|[msg]","|","|turn|9","|","|move|p2a: Hoopa-Unbound|Hyperspace Fury|p1a: Alakazam","|-crit|p1a: Alakazam","|-supereffective|p1a: Alakazam","|-damage|p1a: Alakazam|0 fnt","|-unboost|p2a: Hoopa-Unbound|def|1","|faint|p1a: Alakazam","|","|","|switch|p1a: Keldeo|Keldeo|323/323","|turn|10","|","|switch|p2a: Venusaur|Venusaur-Mega, F|275/359","|-damage|p2a: Venusaur|231/359|[from] Stealth Rock","|move|p1a: Keldeo|Scald|p2a: Venusaur","|-resisted|p2a: Venusaur","|-damage|p2a: Venusaur|150/359","|-status|p2a: Venusaur|brn","|","|-damage|p2a: Venusaur|106/359 brn|[from] brn","|turn|11","|","|switch|p1a: Gliscor|Gliscor, M|352/352","|move|p2a: Venusaur|Synthesis|p2a: Venusaur","|-heal|p2a: Venusaur|285/359 brn","|","|-damage|p2a: Venusaur|241/359 brn|[from] brn","|-status|p1a: Gliscor|tox|[from] item: Toxic Orb","|turn|12","|","|move|p1a: Gliscor|Swords Dance|p1a: Gliscor","|-boost|p1a: Gliscor|atk|2","|move|p2a: Venusaur|Synthesis|p2a: Venusaur","|-heal|p2a: Venusaur|359/359 brn","|","|-damage|p2a: Venusaur|315/359 brn|[from] brn","|turn|13","|","|move|p1a: Gliscor|Earthquake|p2a: Venusaur","|-damage|p2a: Venusaur|138/359 brn","|move|p2a: Venusaur|Giga Drain|p1a: Gliscor","|-damage|p1a: Gliscor|244/352 tox","|-heal|p2a: Venusaur|192/359 brn|[from] drain|[of] p1a: Gliscor","|","|-heal|p1a: Gliscor|288/352 tox|[from] ability: Poison Heal","|-damage|p2a: Venusaur|148/359 brn|[from] brn","|turn|14","|","|switch|p2a: Landorus-Therian|Landorus-Therian, M|382/382","|-damage|p2a: Landorus-Therian|335/382|[from] Stealth Rock","|-ability|p2a: Landorus-Therian|Intimidate","|-unboost|p1a: Gliscor|atk|1","|move|p1a: Gliscor|Knock Off|p2a: Landorus-Therian","|-damage|p2a: Landorus-Therian|242/382","|-enditem|p2a: Landorus-Therian|Leftovers|[from] move: Knock Off|[of] p1a: Gliscor","|","|-heal|p1a: Gliscor|332/352 tox|[from] ability: Poison Heal","|turn|15","|","|move|p1a: Gliscor|Swords Dance|p1a: Gliscor","|-boost|p1a: Gliscor|atk|2","|move|p2a: Landorus-Therian|Stealth Rock|p1a: Gliscor","|-sidestart|p1: agro the horse|move: Stealth Rock","|","|-heal|p1a: Gliscor|352/352 tox|[from] ability: Poison Heal","|turn|16","|","|move|p1a: Gliscor|Knock Off|p2a: Landorus-Therian","|-damage|p2a: Landorus-Therian|149/382","|move|p2a: Landorus-Therian|Stone Edge|p1a: Gliscor","|-crit|p1a: Gliscor","|-damage|p1a: Gliscor|215/352 tox","|","|-heal|p1a: Gliscor|259/352 tox|[from] ability: Poison Heal","|turn|17","|","|move|p1a: Gliscor|Knock Off|p2a: Landorus-Therian","|-damage|p2a: Landorus-Therian|48/382","|move|p2a: Landorus-Therian|U-turn|p1a: Gliscor","|-resisted|p1a: Gliscor","|-damage|p1a: Gliscor|229/352 tox","|","|switch|p2a: Feraligatr|Feraligatr, M|311/311","|-damage|p2a: Feraligatr|273/311|[from] Stealth Rock","|","|-heal|p1a: Gliscor|273/352 tox|[from] ability: Poison Heal","|turn|18","|","|switch|p1a: Celebi|Celebi|403/403","|-damage|p1a: Celebi|353/403|[from] Stealth Rock","|move|p2a: Feraligatr|Aqua Jet|p1a: Celebi","|-resisted|p1a: Celebi","|-damage|p1a: Celebi|318/403","|-damage|p2a: Feraligatr|242/311|[from] item: Life Orb","|","|-heal|p1a: Celebi|343/403|[from] item: Leftovers","|turn|19","|","|switch|p2a: Venusaur|Venusaur-Mega, F|148/359 brn","|-damage|p2a: Venusaur|104/359 brn|[from] Stealth Rock","|move|p1a: Celebi|Giga Drain|p2a: Venusaur","|-resisted|p2a: Venusaur","|-damage|p2a: Venusaur|88/359 brn","|-heal|p1a: Celebi|351/403|[from] drain|[of] p2a: Venusaur","|","|-heal|p1a: Celebi|376/403|[from] item: Leftovers","|-damage|p2a: Venusaur|44/359 brn|[from] brn","|turn|20","|","|move|p1a: Celebi|Hidden Power|p2a: Venusaur","|-supereffective|p2a: Venusaur","|-damage|p2a: Venusaur|4/359 brn","|move|p2a: Venusaur|Synthesis|p2a: Venusaur","|-heal|p2a: Venusaur|183/359 brn","|","|-heal|p1a: Celebi|401/403|[from] item: Leftovers","|-damage|p2a: Venusaur|139/359 brn|[from] brn","|turn|21","|","|move|p1a: Celebi|Baton Pass|p1a: Celebi","|","|switch|p1a: Scizor|Scizor, F|335/335","|-damage|p1a: Scizor|294/335|[from] Stealth Rock","|move|p2a: Venusaur|Synthesis|p2a: Venusaur","|-heal|p2a: Venusaur|318/359 brn","|","|-damage|p2a: Venusaur|274/359 brn|[from] brn","|turn|22","|","|detailschange|p1a: Scizor|Scizor-Mega, F","|-mega|p1a: Scizor|Scizor|Scizorite","|move|p2a: Venusaur|Hidden Power|p1a: Scizor","|-crit|p1a: Scizor","|-supereffective|p1a: Scizor","|-damage|p1a: Scizor|0 fnt","|faint|p1a: Scizor","|","|-damage|p2a: Venusaur|230/359 brn|[from] brn","|","|switch|p1a: Gliscor|Gliscor, M|273/352 tox","|-damage|p1a: Gliscor|229/352 tox|[from] Stealth Rock","|turn|23","|","|switch|p2a: Landorus-Therian|Landorus-Therian, M|48/382","|-damage|p2a: Landorus-Therian|1/382|[from] Stealth Rock","|-ability|p2a: Landorus-Therian|Intimidate","|-unboost|p1a: Gliscor|atk|1","|move|p1a: Gliscor|Roost|p1a: Gliscor","|-heal|p1a: Gliscor|352/352 tox","|","|turn|24","|","|move|p1a: Gliscor|Knock Off|p2a: Landorus-Therian","|-damage|p2a: Landorus-Therian|0 fnt","|faint|p2a: Landorus-Therian","|","|","|switch|p2a: Hoopa-Unbound|Hoopa-Unbound|264/301","|-damage|p2a: Hoopa-Unbound|227/301|[from] Stealth Rock","|turn|25","|","|switch|p1a: Keldeo|Keldeo|323/323","|-damage|p1a: Keldeo|303/323|[from] Stealth Rock","|move|p2a: Hoopa-Unbound|Ice Punch|p1a: Keldeo","|-resisted|p1a: Keldeo","|-damage|p1a: Keldeo|251/323","|","|turn|26","|","|switch|p2a: Venusaur|Venusaur-Mega, F|230/359 brn","|-damage|p2a: Venusaur|186/359 brn|[from] Stealth Rock","|switch|p1a: Gliscor|Gliscor, M|352/352 tox","|-damage|p1a: Gliscor|308/352 tox|[from] Stealth Rock","|","|-heal|p1a: Gliscor|352/352 tox|[from] ability: Poison Heal","|-damage|p2a: Venusaur|142/359 brn|[from] brn","|turn|27","|","|move|p1a: Gliscor|Swords Dance|p1a: Gliscor","|-boost|p1a: Gliscor|atk|2","|move|p2a: Venusaur|Synthesis|p2a: Venusaur","|-heal|p2a: Venusaur|321/359 brn","|","|-damage|p2a: Venusaur|277/359 brn|[from] brn","|turn|28","|","|move|p1a: Gliscor|Swords Dance|p1a: Gliscor","|-boost|p1a: Gliscor|atk|2","|move|p2a: Venusaur|Giga Drain|p1a: Gliscor","|-damage|p1a: Gliscor|249/352 tox","|-heal|p2a: Venusaur|329/359 brn|[from] drain|[of] p1a: Gliscor","|","|-heal|p1a: Gliscor|293/352 tox|[from] ability: Poison Heal","|-damage|p2a: Venusaur|285/359 brn|[from] brn","|turn|29","|","|move|p1a: Gliscor|Knock Off|p2a: Venusaur","|-damage|p2a: Venusaur|163/359 brn","|move|p2a: Venusaur|Giga Drain|p1a: Gliscor","|-damage|p1a: Gliscor|176/352 tox","|-heal|p2a: Venusaur|222/359 brn|[from] drain|[of] p1a: Gliscor","|","|-heal|p1a: Gliscor|220/352 tox|[from] ability: Poison Heal","|-damage|p2a: Venusaur|178/359 brn|[from] brn","|turn|30","|","|move|p1a: Gliscor|Earthquake|p2a: Venusaur","|-damage|p2a: Venusaur|0 fnt","|faint|p2a: Venusaur","|","|-heal|p1a: Gliscor|264/352 tox|[from] ability: Poison Heal","|","|switch|p2a: Thundurus|Thundurus, M|299/299","|-damage|p2a: Thundurus|225/299|[from] Stealth Rock","|turn|31","|","|switch|p1a: Celebi|Celebi|401/403","|-damage|p1a: Celebi|351/403|[from] Stealth Rock","|move|p2a: Thundurus|Hidden Power|p1a: Celebi","|-supereffective|p1a: Celebi","|-damage|p1a: Celebi|179/403","|-damage|p2a: Thundurus|196/299|[from] item: Life Orb","|","|-heal|p1a: Celebi|204/403|[from] item: Leftovers","|turn|32","|","|move|p2a: Thundurus|Thunderbolt|p1a: Celebi","|-resisted|p1a: Celebi","|-damage|p1a: Celebi|99/403","|-status|p1a: Celebi|par","|-damage|p2a: Thundurus|167/299|[from] item: Life Orb","|move|p1a: Celebi|Recover|p1a: Celebi","|-heal|p1a: Celebi|301/403 par","|","|-heal|p1a: Celebi|326/403 par|[from] item: Leftovers","|turn|33","|","|move|p2a: Thundurus|Hidden Power|p1a: Celebi","|-supereffective|p1a: Celebi","|-damage|p1a: Celebi|149/403 par","|-damage|p2a: Thundurus|138/299|[from] item: Life Orb","|cant|p1a: Celebi|par","|","|-heal|p1a: Celebi|174/403 par|[from] item: Leftovers","|turn|34","|","|move|p2a: Thundurus|Hidden Power|p1a: Celebi","|-supereffective|p1a: Celebi","|-damage|p1a: Celebi|0 fnt","|-damage|p2a: Thundurus|109/299|[from] item: Life Orb","|faint|p1a: Celebi","|","|","|win|Austin"],"p1rating":{"entryid":"540260","serverid":"eos","formatid":"ou","userid":"agrothehorse","username":"agro the horse","w":"9","l":1,"t":"0","gxe":70,"r":"1694.8668142599","rd":"90.209451939084","sigma":"0","rptime":"1440752400","rpr":1664.2601496203,"rprd":88.26574501973,"rpsigma":"0","acre":1166.5958570059,"lacre":1166.5958570059,"oldacre":"1204.8354001142"},"p2rating":{"entryid":585191,"formatid":"ou","userid":"austin","username":"Austin","r":1500,"rd":130,"sigma":0,"rpr":1563.5587116052,"rprd":124.06155081279,"rpsigma":0,"rptime":1440752400,"w":1,"l":0,"t":0,"gxe":57.9,"acre":1061.1832689732,"lacre":1061.1832689732,"oldacre":1000},"endType":"forfeit"}