{"seed":[768,13903,32197,22985],"turns":21,"p1":"Nicolasv13","p2":"daescare","p1team":[{"name":"Masquerain","moves":["roost","airslash","stickyweb","hydropump"],"ability":"Intimidate","evs":{"hp":81,"atk":85,"def":85,"spa":89,"spd":85,"spe":85},"ivs":{"hp":31,"atk":31,"def":31,"spa":31,"spd":31,"spe":31},"item":"Focus Sash","level":83,"shiny":false},{"name":"Accelgor","moves":["encore","yawn","spikes","bugbuzz"],"ability":"Hydration","evs":{"hp":81,"atk":85,"def":85,"spa":89,"spd":85,"spe":85},"ivs":{"hp":31,"atk":31,"def":31,"spa":31,"spd":31,"spe":31},"item":"Leftovers","level":79,"shiny":false},{"name":"Zekrom","moves":["roost","voltswitch","dracometeor","boltstrike"],"ability":"Teravolt","evs":{"hp":85,"atk":85,"def":85,"spa":85,"spd":85,"spe":85},"ivs":{"hp":31,"atk":31,"def":31,"spa":31,"spd":31,"spe":31},"item":"Leftovers","level":73,"shiny":false},{"name":"Gorebyss","moves":["shellsmash","substitute","batonpass","hydropump"],"ability":"Hydration","evs":{"hp":85,"atk":85,"def":85,"spa":85,"spd":85,"spe":85},"ivs":{"hp":31,"atk":31,"def":31,"spa":31,"spd":31,"spe":31},"item":"White Herb","level":81,"shiny":false},{"name":"Nidoqueen","moves":["stealthrock","toxicspikes","icebeam","sludgewave"],"ability":"Sheer Force","evs":{"hp":85,"atk":85,"def":85,"spa":85,"spd":85,"spe":85},"ivs":{"hp":31,"atk":31,"def":31,"spa":31,"spd":31,"spe":31},"item":"Life Orb","level":77,"shiny":false},{"name":"Liepard","moves":["thunderwave","substitute","darkpulse","encore"],"ability":"Prankster","evs":{"hp":85,"atk":85,"def":85,"spa":85,"spd":85,"spe":85},"ivs":{"hp":31,"atk":31,"def":31,"spa":31,"spd":31,"spe":31},"item":"Leftovers","level":81,"shiny":false}],"p2team":[{"name":"Xatu","moves":["reflect","thunderwave","lightscreen","psychic"],"ability":"Magic Bounce","evs":{"hp":85,"atk":85,"def":85,"spa":85,"spd":85,"spe":85},"ivs":{"hp":31,"atk":31,"def":31,"spa":31,"spd":31,"spe":31},"item":"Light Clay","level":81,"shiny":false},{"name":"Typhlosion","moves":["eruption","extrasensory","fireblast","hiddenpowergrass"],"ability":"Flash Fire","evs":{"hp":85,"atk":85,"def":85,"spa":85,"spd":85,"spe":85},"ivs":{"hp":31,"atk":30,"def":31,"spa":30,"spd":31,"spe":31},"item":"Choice Scarf","level":79,"shiny":false},{"name":"Hitmonlee","moves":["poisonjab","machpunch","fakeout","stoneedge"],"ability":"Unburden","evs":{"hp":85,"atk":85,"def":85,"spa":85,"spd":85,"spe":85},"ivs":{"hp":31,"atk":31,"def":31,"spa":31,"spd":31,"spe":31},"item":"Normal Gem","level":79,"shiny":false},{"name":"Beedrill","moves":["knockoff","xscissor","poisonjab","drillrun"],"ability":"Swarm","evs":{"hp":85,"atk":85,"def":85,"spa":85,"spd":85,"spe":85},"ivs":{"hp":31,"atk":31,"def":31,"spa":31,"spd":31,"spe":31},"item":"Beedrillite","level":77,"shiny":false},{"name":"Honchkrow","moves":["substitute","suckerpunch","superpower","bravebird"],"ability":"Moxie","evs":{"hp":85,"atk":85,"def":85,"spa":85,"spd":85,"spe":85},"ivs":{"hp":31,"atk":31,"def":31,"spa":31,"spd":31,"spe":31},"item":"Leftovers","level":77,"shiny":false},{"name":"Kyogre","moves":["originpulse","sleeptalk","rest","calmmind"],"ability":"Drizzle","evs":{"hp":85,"atk":85,"def":85,"spa":85,"spd":85,"spe":85},"ivs":{"hp":31,"atk":31,"def":31,"spa":31,"spd":31,"spe":31},"item":"Blue Orb","level":73,"shiny":false}],"log":["|player|p1|Nicolasv13|1","|player|p2|daescare|102","|gametype|singles","|gen|6","|tier|Random Battle","|rated","|rule|Pokemon of the Day: off","|rule|Sleep Clause Mod: Limit one foe put to sleep","|rule|HP Percentage Mod: HP is shown in percentages","|","|start","|switch|p1a: Masquerain|Masquerain, L83, F|251/251","|switch|p2a: Xatu|Xatu, L81, F|238/238","|-ability|p1a: Masquerain|Intimidate","|-unboost|p2a: Xatu|atk|1","|turn|1","|","|move|p2a: Xatu|Thunder Wave|p1a: Masquerain","|-status|p1a: Masquerain|par","|move|p1a: Masquerain|Sticky Web|p2a: Xatu","|move|p2a: Xatu|Sticky Web|p1a: Masquerain|[from]Magic Bounce","|-sidestart|p1: Nicolasv13|move: Sticky Web","|","|turn|2","|","|move|p2a: Xatu|Psychic|p1a: Masquerain","|-damage|p1a: Masquerain|152/251 par","|-unboost|p1a: Masquerain|spd|1","|move|p1a: Masquerain|Air Slash|p2a: Xatu","|-damage|p2a: Xatu|162/238","|","|turn|3","|","|move|p2a: Xatu|Psychic|p1a: Masquerain","|-damage|p1a: Masquerain|7/251 par","|move|p1a: Masquerain|Hydro Pump|p2a: Xatu","|-damage|p2a: Xatu|75/238","|","|turn|4","|","|move|p2a: Xatu|Psychic|p1a: Masquerain","|-damage|p1a: Masquerain|0 fnt","|faint|p1a: Masquerain","|","|","|switch|p1a: Zekrom|Zekrom, L73|266/266","|-activate|p1a: Zekrom|move: Sticky Web","|-unboost|p1a: Zekrom|spe|1","|-ability|p1a: Zekrom|Teravolt","|turn|5","|","|move|p2a: Xatu|Thunder Wave|p1a: Zekrom","|-immune|p1a: Zekrom|[msg]","|move|p1a: Zekrom|Volt Switch|p2a: Xatu","|-supereffective|p2a: Xatu","|-damage|p2a: Xatu|0 fnt","|faint|p2a: Xatu","|","|switch|p1a: Nidoqueen|Nidoqueen, L77, F|265/265","|-activate|p1a: Nidoqueen|move: Sticky Web","|-unboost|p1a: Nidoqueen|spe|1","|","|","|switch|p2a: Typhlosion|Typhlosion, L79, M|253/253","|turn|6","|","|move|p2a: Typhlosion|Eruption|p1a: Nidoqueen","|-damage|p1a: Nidoqueen|97/265","|move|p1a: Nidoqueen|Stealth Rock|p2a: Typhlosion","|-sidestart|p2: daescare|move: Stealth Rock","|","|turn|7","|","|switch|p1a: Gorebyss|Gorebyss, L81, M|222/222","|-activate|p1a: Gorebyss|move: Sticky Web","|-unboost|p1a: Gorebyss|spe|1","|-enditem|p1a: Gorebyss|White Herb","|-restoreboost|p1a: Gorebyss|[silent]","|move|p2a: Typhlosion|Eruption|p1a: Gorebyss","|-resisted|p1a: Gorebyss","|-damage|p1a: Gorebyss|128/222","|","|turn|8","|","|switch|p2a: Kyogre|Kyogre, L73|266/266","|-damage|p2a: Kyogre|233/266|[from] Stealth Rock","|detailschange|p2a: Kyogre|Kyogre-Primal, L73","|message|Kyogre's Primal Reversion! It reverted to its primal form!","|-weather|PrimordialSea","|move|p1a: Gorebyss|Hydro Pump|p2a: Kyogre","|-resisted|p2a: Kyogre","|-damage|p2a: Kyogre|162/266","|","|-weather|PrimordialSea|[upkeep]","|turn|9","|","|switch|p1a: Zekrom|Zekrom, L73|266/266","|-activate|p1a: Zekrom|move: Sticky Web","|-unboost|p1a: Zekrom|spe|1","|-ability|p1a: Zekrom|Teravolt","|move|p2a: Kyogre|Rest|p2a: Kyogre","|-status|p2a: Kyogre|slp","|-heal|p2a: Kyogre|266/266 slp|[silent]","|-status|p2a: Kyogre|slp|[from] move: Rest","|","|-weather|PrimordialSea|[upkeep]","|turn|10","|","|cant|p2a: Kyogre|slp","|move|p1a: Zekrom|Bolt Strike|p2a: Kyogre","|-supereffective|p2a: Kyogre","|-damage|p2a: Kyogre|0 fnt","|faint|p2a: Kyogre","|-weather|none","|","|","|switch|p2a: Honchkrow|Honchkrow, L77, F|281/281","|-damage|p2a: Honchkrow|211/281|[from] Stealth Rock","|turn|11","|","|move|p2a: Honchkrow|Brave Bird|p1a: Zekrom","|-resisted|p1a: Zekrom","|-damage|p1a: Zekrom|212/266","|-damage|p2a: Honchkrow|193/281|[from] recoil|[of] p1a: Zekrom","|move|p1a: Zekrom|Bolt Strike|p2a: Honchkrow","|-supereffective|p2a: Honchkrow","|-damage|p2a: Honchkrow|0 fnt","|faint|p2a: Honchkrow","|","|-heal|p1a: Zekrom|228/266|[from] item: Leftovers","|","|switch|p2a: Beedrill|Beedrill, L77, M|227/227","|-damage|p2a: Beedrill|171/227|[from] Stealth Rock","|turn|12","|","|move|p2a: Beedrill|Poison Jab|p1a: Zekrom","|-damage|p1a: Zekrom|171/266","|move|p1a: Zekrom|Draco Meteor|p2a: Beedrill","|-crit|p2a: Beedrill","|-damage|p2a: Beedrill|0 fnt","|-unboost|p1a: Zekrom|spa|2","|faint|p2a: Beedrill","|","|-heal|p1a: Zekrom|187/266|[from] item: Leftovers","|","|switch|p2a: Typhlosion|Typhlosion, L79, M|253/253","|-damage|p2a: Typhlosion|190/253|[from] Stealth Rock","|turn|13","|","|move|p2a: Typhlosion|Hidden Power|p1a: Zekrom","|-resisted|p1a: Zekrom","|-damage|p1a: Zekrom|167/266","|move|p1a: Zekrom|Draco Meteor|p2a: Typhlosion","|-damage|p2a: Typhlosion|121/253","|-unboost|p1a: Zekrom|spa|2","|","|-heal|p1a: Zekrom|183/266|[from] item: Leftovers","|turn|14","|","|move|p2a: Typhlosion|Hidden Power|p1a: Zekrom","|-resisted|p1a: Zekrom","|-damage|p1a: Zekrom|161/266","|move|p1a: Zekrom|Bolt Strike|p2a: Typhlosion|[miss]","|-miss|p1a: Zekrom|p2a: Typhlosion","|","|-heal|p1a: Zekrom|177/266|[from] item: Leftovers","|turn|15","|","|switch|p2a: Hitmonlee|Hitmonlee, L79, M|209/209","|-damage|p2a: Hitmonlee|196/209|[from] Stealth Rock","|move|p1a: Zekrom|Volt Switch|p2a: Hitmonlee","|-damage|p2a: Hitmonlee|175/209","|","|switch|p1a: Gorebyss|Gorebyss, L81, M|128/222","|-activate|p1a: Gorebyss|move: Sticky Web","|-unboost|p1a: Gorebyss|spe|1","|","|turn|16","|","|move|p2a: Hitmonlee|Stone Edge|p1a: Gorebyss","|-damage|p1a: Gorebyss|63/222","|move|p1a: Gorebyss|Hydro Pump|p2a: Hitmonlee","|-damage|p2a: Hitmonlee|64/209","|","|turn|17","|","|move|p2a: Hitmonlee|Stone Edge|p1a: Gorebyss|[miss]","|-miss|p2a: Hitmonlee|p1a: Gorebyss","|move|p1a: Gorebyss|Substitute|p1a: Gorebyss","|-start|p1a: Gorebyss|Substitute","|-damage|p1a: Gorebyss|8/222","|","|turn|18","|","|switch|p1a: Zekrom|Zekrom, L73|177/266","|-activate|p1a: Zekrom|move: Sticky Web","|-unboost|p1a: Zekrom|spe|1","|-ability|p1a: Zekrom|Teravolt","|move|p2a: Hitmonlee|Poison Jab|p1a: Zekrom","|-damage|p1a: Zekrom|124/266","|","|-heal|p1a: Zekrom|140/266|[from] item: Leftovers","|turn|19","|","|move|p2a: Hitmonlee|Stone Edge|p1a: Zekrom","|-damage|p1a: Zekrom|71/266","|move|p1a: Zekrom|Draco Meteor|p2a: Hitmonlee","|-damage|p2a: Hitmonlee|0 fnt","|-unboost|p1a: Zekrom|spa|2","|faint|p2a: Hitmonlee","|","|-heal|p1a: Zekrom|87/266|[from] item: Leftovers","|","|switch|p2a: Typhlosion|Typhlosion, L79, M|121/253","|-damage|p2a: Typhlosion|58/253|[from] Stealth Rock","|turn|20","|","|move|p2a: Typhlosion|Fire Blast|p1a: Zekrom","|-resisted|p1a: Zekrom","|-damage|p1a: Zekrom|30/266","|move|p1a: Zekrom|Roost|p1a: Zekrom","|-heal|p1a: Zekrom|163/266","|","|-heal|p1a: Zekrom|179/266|[from] item: Leftovers","|turn|21","|","|win|Nicolasv13"],"p1rating":{"entryid":"141114","serverid":"eos","formatid":"randombattle","userid":"nicolasv13","username":"Nicolasv13","w":3,"l":"2","t":"0","gxe":53.6,"r":"1500","rd":"130","sigma":"0","rptime":"1439974800","rpr":1528.1351692769,"rprd":102.83219891053,"rpsigma":"0","acre":1071.8084107321,"lacre":1071.8084107321,"oldacre":"1042.210382185"},"p2rating":{"entryid":143376,"formatid":"randombattle","userid":"daescare","username":"daescare","r":1500,"rd":130,"sigma":0,"rpr":1459.8393856612,"rprd":122.8583080769,"rpsigma":0,"rptime":1439974800,"w":0,"l":1,"t":0,"gxe":45,"acre":1000,"lacre":1000,"oldacre":1000},"endType":"forfeit"}