{"seed":[36903,32544,13137,3107],"turns":24,"p1":"union lazuli - ⓓⓔⓓ","p2":"DJ Gible","p1team":[{"name":"Kabutops","moves":["knockoff","stoneedge","swordsdance","aquajet"],"ability":"Swift Swim","evs":{"hp":85,"atk":85,"def":85,"spa":85,"spd":85,"spe":85},"ivs":{"hp":31,"atk":31,"def":31,"spa":31,"spd":31,"spe":31},"item":"Life Orb","level":81,"shiny":false},{"name":"Flareon","moves":["wish","superpower","toxic","flareblitz"],"ability":"Flash Fire","evs":{"hp":81,"atk":89,"def":85,"spa":85,"spd":85,"spe":85},"ivs":{"hp":31,"atk":31,"def":31,"spa":31,"spd":31,"spe":31},"item":"Leftovers","level":83,"shiny":false},{"name":"Genesect-Shock","moves":["ironhead","technoblast","blazekick","extremespeed"],"ability":"Download","evs":{"hp":85,"atk":85,"def":85,"spa":85,"spd":85,"spe":85},"ivs":{"hp":31,"atk":31,"def":31,"spa":31,"spd":31,"spe":31},"item":"Shock Drive","level":74,"shiny":false},{"name":"Huntail","moves":["waterfall","shellsmash","icebeam","suckerpunch"],"ability":"Water Veil","evs":{"hp":85,"atk":85,"def":85,"spa":85,"spd":85,"spe":85},"ivs":{"hp":31,"atk":31,"def":31,"spa":31,"spd":31,"spe":31},"item":"White Herb","level":83,"shiny":false},{"name":"Thundurus-Therian","moves":["focusblast","hiddenpowerflying","voltswitch","thunderbolt"],"ability":"Volt Absorb","evs":{"hp":81,"atk":85,"def":85,"spa":89,"spd":85,"spe":85},"ivs":{"hp":30,"atk":30,"def":30,"spa":30,"spd":30,"spe":31},"item":"Choice Specs","level":76,"shiny":false},{"name":"Lickilicky","moves":["wish","bodyslam","dragontail","earthquake"],"ability":"Cloud Nine","evs":{"hp":85,"atk":85,"def":85,"spa":85,"spd":85,"spe":85},"ivs":{"hp":31,"atk":31,"def":31,"spa":31,"spd":31,"spe":31},"item":"Leftovers","level":83,"shiny":false}],"p2team":[{"name":"Illumise","moves":["tailwind","uturn","thunderwave","thunderbolt"],"ability":"Prankster","evs":{"hp":81,"atk":85,"def":85,"spa":89,"spd":85,"spe":85},"ivs":{"hp":31,"atk":31,"def":31,"spa":31,"spd":31,"spe":31},"item":"Focus Sash","level":83,"shiny":false},{"name":"Sableye","moves":["darkpulse","willowisp","shadowball","calmmind"],"ability":"Prankster","evs":{"hp":85,"atk":85,"def":85,"spa":85,"spd":85,"spe":85},"ivs":{"hp":31,"atk":31,"def":31,"spa":31,"spd":31,"spe":31},"item":"Sablenite","level":75,"shiny":false},{"name":"Rotom-Fan","moves":["voltswitch","airslash","painsplit","willowisp"],"ability":"Levitate","evs":{"hp":85,"atk":85,"def":85,"spa":85,"spd":85,"spe":85},"ivs":{"hp":31,"atk":31,"def":31,"spa":31,"spd":31,"spe":31},"item":"Air Balloon","level":81,"shiny":false},{"name":"Lickilicky","moves":["powerwhip","healbell","wish","bodyslam"],"ability":"Cloud Nine","evs":{"hp":85,"atk":85,"def":85,"spa":85,"spd":85,"spe":85},"ivs":{"hp":31,"atk":31,"def":31,"spa":31,"spd":31,"spe":31},"item":"Leftovers","level":83,"shiny":false},{"name":"Crawdaunt","moves":["superpower","dragondance","crabhammer","knockoff"],"ability":"Adaptability","evs":{"hp":85,"atk":85,"def":85,"spa":85,"spd":85,"spe":85},"ivs":{"hp":31,"atk":31,"def":31,"spa":31,"spd":31,"spe":31},"item":"Life Orb","level":76,"shiny":false},{"name":"Dusknoir","moves":["earthquake","shadowsneak","substitute","painsplit"],"ability":"Frisk","evs":{"hp":85,"atk":85,"def":85,"spa":85,"spd":85,"spe":85},"ivs":{"hp":31,"atk":31,"def":31,"spa":31,"spd":31,"spe":31},"item":"Leftovers","level":83,"shiny":false}],"log":["|player|p1|union lazuli - ⓓⓔⓓ|52","|player|p2|DJ Gible|198","|gametype|singles","|gen|6","|tier|Random Battle","|rated","|rule|Pokemon of the Day: off","|rule|Sleep Clause Mod: Limit one foe put to sleep","|rule|HP Percentage Mod: HP is shown in percentages","|","|start","|switch|p1a: Kabutops|Kabutops, L81, M|230/230","|switch|p2a: Illumise|Illumise, L83, F|243/243","|turn|1","|","|move|p2a: Illumise|Thunder Wave|p1a: Kabutops","|-status|p1a: Kabutops|par","|move|p1a: Kabutops|Swords Dance|p1a: Kabutops","|-boost|p1a: Kabutops|atk|2","|","|turn|2","|","|move|p2a: Illumise|Tailwind|p2a: Illumise","|-sidestart|p2: DJ Gible|move: Tailwind","|move|p1a: Kabutops|Stone Edge|p2a: Illumise","|-supereffective|p2a: Illumise","|-enditem|p2a: Illumise|Focus Sash","|-damage|p2a: Illumise|1/243","|-damage|p1a: Kabutops|207/230 par|[from] item: Life Orb","|","|turn|3","|","|move|p2a: Illumise|Thunderbolt|p1a: Kabutops","|-supereffective|p1a: Kabutops","|-damage|p1a: Kabutops|77/230 par","|move|p1a: Kabutops|Swords Dance|p1a: Kabutops","|-boost|p1a: Kabutops|atk|2","|","|turn|4","|","|move|p1a: Kabutops|Aqua Jet|p2a: Illumise","|-damage|p2a: Illumise|0 fnt","|-damage|p1a: Kabutops|54/230 par|[from] item: Life Orb","|faint|p2a: Illumise","|","|","|switch|p2a: Dusknoir|Dusknoir, L83, F|210/210","|-item|p1a: Kabutops|Life Orb|[from] ability: Frisk|[of] p2a: Dusknoir|[identify]","|turn|5","|","|move|p2a: Dusknoir|Shadow Sneak|p1a: Kabutops","|-damage|p1a: Kabutops|17/230 par","|move|p1a: Kabutops|Aqua Jet|p2a: Dusknoir","|-damage|p2a: Dusknoir|89/210","|-damage|p1a: Kabutops|0 fnt|[from] item: Life Orb","|faint|p1a: Kabutops","|","|-heal|p2a: Dusknoir|102/210|[from] item: Leftovers","|-sideend|p2: DJ Gible|move: Tailwind","|","|switch|p1a: Flareon|Flareon, L83, F|243/243","|turn|6","|","|move|p1a: Flareon|Toxic|p2a: Dusknoir","|-status|p2a: Dusknoir|tox","|move|p2a: Dusknoir|Pain Split|p1a: Flareon","|-sethp|p1a: Flareon|172/243|p2a: Dusknoir|172/210 tox|[from] move: Pain Split","|","|-heal|p1a: Flareon|187/243|[from] item: Leftovers","|-heal|p2a: Dusknoir|185/210 tox|[from] item: Leftovers","|-damage|p2a: Dusknoir|172/210 tox|[from] psn","|turn|7","|","|move|p1a: Flareon|Flare Blitz|p2a: Dusknoir","|-damage|p2a: Dusknoir|61/210 tox","|-damage|p1a: Flareon|150/243|[from] recoil|[of] p2a: Dusknoir","|move|p2a: Dusknoir|Earthquake|p1a: Flareon","|-supereffective|p1a: Flareon","|-damage|p1a: Flareon|0 fnt","|faint|p1a: Flareon","|","|-heal|p2a: Dusknoir|74/210 tox|[from] item: Leftovers","|-damage|p2a: Dusknoir|48/210 tox|[from] psn","|","|switch|p1a: Thundurus-Therian|Thundurus-Therian, L76, M|244/244","|turn|8","|","|move|p2a: Dusknoir|Shadow Sneak|p1a: Thundurus-Therian","|-damage|p1a: Thundurus-Therian|187/244","|move|p1a: Thundurus-Therian|Volt Switch|p2a: Dusknoir","|-damage|p2a: Dusknoir|0 fnt","|faint|p2a: Dusknoir","|","|switch|p1a: Huntail|Huntail, L83, M|227/227","|","|","|switch|p2a: Rotom-Fan|Rotom-Fan, L81|214/214","|-item|p2a: Rotom-Fan|Air Balloon","|turn|9","|","|move|p2a: Rotom-Fan|Will-O-Wisp|p1a: Huntail","|-immune|p1a: Huntail|[msg]","|move|p1a: Huntail|Ice Beam|p2a: Rotom-Fan","|-supereffective|p2a: Rotom-Fan","|-damage|p2a: Rotom-Fan|98/214","|-enditem|p2a: Rotom-Fan|Air Balloon","|","|turn|10","|","|move|p2a: Rotom-Fan|Volt Switch|p1a: Huntail","|-crit|p1a: Huntail","|-supereffective|p1a: Huntail","|-damage|p1a: Huntail|0 fnt","|faint|p1a: Huntail","|","|switch|p2a: Crawdaunt|Crawdaunt, L76, M|221/221","|","|","|switch|p1a: Thundurus-Therian|Thundurus-Therian, L76, M|187/244","|turn|11","|","|switch|p2a: Rotom-Fan|Rotom-Fan, L81|98/214","|move|p1a: Thundurus-Therian|Volt Switch|p2a: Rotom-Fan","|-damage|p2a: Rotom-Fan|0 fnt","|faint|p2a: Rotom-Fan","|","|switch|p1a: Genesect-Shock|Genesect-Shock, L74|227/227","|","|","|switch|p2a: Sableye|Sableye, L75, M|199/199","|turn|12","|","|move|p2a: Sableye|Calm Mind|p2a: Sableye","|-boost|p2a: Sableye|spa|1","|-boost|p2a: Sableye|spd|1","|move|p1a: Genesect-Shock|Blaze Kick|p2a: Sableye","|-crit|p2a: Sableye","|-damage|p2a: Sableye|97/199","|","|turn|13","|","|detailschange|p2a: Sableye|Sableye-Mega, L75, M","|-mega|p2a: Sableye|Sableye|Sablenite","|move|p1a: Genesect-Shock|Blaze Kick|p2a: Sableye","|-damage|p2a: Sableye|52/199","|move|p2a: Sableye|Shadow Ball|p1a: Genesect-Shock","|-damage|p1a: Genesect-Shock|127/227","|","|turn|14","|","|move|p1a: Genesect-Shock|Iron Head|p2a: Sableye","|-damage|p2a: Sableye|0 fnt","|faint|p2a: Sableye","|","|","|switch|p2a: Lickilicky|Lickilicky, L83, F|318/318","|-ability|p2a: Lickilicky|Cloud Nine","|turn|15","|","|move|p1a: Genesect-Shock|Techno Blast|p2a: Lickilicky","|-damage|p2a: Lickilicky|248/318","|move|p2a: Lickilicky|Wish|p2a: Lickilicky","|","|-heal|p2a: Lickilicky|267/318|[from] item: Leftovers","|turn|16","|","|move|p1a: Genesect-Shock|Blaze Kick|p2a: Lickilicky","|-crit|p2a: Lickilicky","|-damage|p2a: Lickilicky|190/318","|move|p2a: Lickilicky|Body Slam|p1a: Genesect-Shock","|-resisted|p1a: Genesect-Shock","|-damage|p1a: Genesect-Shock|82/227","|-status|p1a: Genesect-Shock|par","|","|-heal|p2a: Lickilicky|318/318|[from] move: Wish|[wisher] Lickilicky","|turn|17","|","|move|p2a: Lickilicky|Body Slam|p1a: Genesect-Shock","|-resisted|p1a: Genesect-Shock","|-damage|p1a: Genesect-Shock|42/227 par","|move|p1a: Genesect-Shock|Iron Head|p2a: Lickilicky","|-damage|p2a: Lickilicky|242/318","|","|-heal|p2a: Lickilicky|261/318|[from] item: Leftovers","|turn|18","|","|move|p2a: Lickilicky|Wish|p2a: Lickilicky","|move|p1a: Genesect-Shock|Iron Head|p2a: Lickilicky","|-damage|p2a: Lickilicky|185/318","|","|-heal|p2a: Lickilicky|204/318|[from] item: Leftovers","|turn|19","|","|move|p2a: Lickilicky|Body Slam|p1a: Genesect-Shock","|-resisted|p1a: Genesect-Shock","|-damage|p1a: Genesect-Shock|1/227 par","|move|p1a: Genesect-Shock|Iron Head|p2a: Lickilicky","|-damage|p2a: Lickilicky|125/318","|","|-heal|p2a: Lickilicky|284/318|[from] move: Wish|[wisher] Lickilicky","|-heal|p2a: Lickilicky|303/318|[from] item: Leftovers","|turn|20","|","|cant|p1a: Genesect-Shock|par","|move|p2a: Lickilicky|Wish|p2a: Lickilicky","|","|-heal|p2a: Lickilicky|318/318|[from] item: Leftovers","|turn|21","|","|move|p1a: Genesect-Shock|Extreme Speed|p2a: Lickilicky","|-damage|p2a: Lickilicky|265/318","|move|p2a: Lickilicky|Body Slam|p1a: Genesect-Shock","|-resisted|p1a: Genesect-Shock","|-damage|p1a: Genesect-Shock|0 fnt","|faint|p1a: Genesect-Shock","|","|-heal|p2a: Lickilicky|318/318|[from] move: Wish|[wisher] Lickilicky","|","|switch|p1a: Thundurus-Therian|Thundurus-Therian, L76, M|187/244","|turn|22","|","|move|p1a: Thundurus-Therian|Focus Blast|p2a: Lickilicky|[miss]","|-miss|p1a: Thundurus-Therian|p2a: Lickilicky","|move|p2a: Lickilicky|Wish|p2a: Lickilicky","|","|turn|23","|","|move|p1a: Thundurus-Therian|Focus Blast|p2a: Lickilicky","|-crit|p2a: Lickilicky","|-supereffective|p2a: Lickilicky","|-damage|p2a: Lickilicky|0 fnt","|faint|p2a: Lickilicky","|","|","|switch|p2a: Crawdaunt|Crawdaunt, L76, M|221/221","|turn|24","|","|move|p1a: Thundurus-Therian|Focus Blast|p2a: Crawdaunt","|-crit|p2a: Crawdaunt","|-supereffective|p2a: Crawdaunt","|-damage|p2a: Crawdaunt|0 fnt","|faint|p2a: Crawdaunt","|","|win|union lazuli - ⓓⓔⓓ"],"p1rating":{"entryid":165602,"formatid":"randombattle","userid":"unionlazuli","username":"union lazuli - ⓓⓔⓓ","r":1500,"rd":130,"sigma":0,"rpr":1540.1606143388,"rprd":122.8583080769,"rpsigma":0,"rptime":1439974800,"w":1,"l":0,"t":0,"gxe":55,"acre":1040,"lacre":1040,"oldacre":1000},"p2rating":{"entryid":165603,"formatid":"randombattle","userid":"djgible","username":"DJ Gible","r":1500,"rd":130,"sigma":0,"rpr":1459.8393856612,"rprd":122.8583080769,"rpsigma":0,"rptime":1439974800,"w":0,"l":1,"t":0,"gxe":45,"acre":1000,"lacre":1000,"oldacre":1000},"endType":"normal"}