{"seed":[34519,49157,19069,6631],"turns":28,"p1":"shaykie","p2":"Doga","p1team":[{"name":"Wobbuffet","moves":["destinybond","safeguard","counter","encore"],"ability":"Shadow Tag","evs":{"hp":85,"atk":85,"def":85,"spa":85,"spd":85,"spe":85},"ivs":{"hp":31,"atk":31,"def":31,"spa":31,"spd":31,"spe":31},"item":"Leftovers","level":79,"shiny":false},{"name":"Slowbro","moves":["psyshock","scald","slackoff","calmmind"],"ability":"Regenerator","evs":{"hp":85,"atk":85,"def":85,"spa":85,"spd":85,"spe":85},"ivs":{"hp":31,"atk":31,"def":31,"spa":31,"spd":31,"spe":31},"item":"Slowbronite","level":75,"shiny":false},{"name":"Slurpuff","moves":["return","drainpunch","substitute","playrough"],"ability":"Unburden","evs":{"hp":85,"atk":85,"def":85,"spa":85,"spd":85,"spe":85},"ivs":{"hp":31,"atk":31,"def":31,"spa":31,"spd":31,"spe":31},"item":"Sitrus Berry","level":77,"shiny":false},{"name":"Drifblim","moves":["willowisp","substitute","destinybond","acrobatics"],"ability":"Unburden","evs":{"hp":85,"atk":85,"def":85,"spa":85,"spd":85,"spe":85},"ivs":{"hp":31,"atk":31,"def":31,"spa":31,"spd":31,"spe":31},"item":"Flying Gem","level":83,"shiny":false},{"name":"Sawk","moves":["knockoff","poisonjab","earthquake","closecombat"],"ability":"Sturdy","evs":{"hp":85,"atk":85,"def":85,"spa":85,"spd":85,"spe":85},"ivs":{"hp":31,"atk":31,"def":31,"spa":31,"spd":31,"spe":31},"item":"Choice Scarf","level":81,"shiny":false},{"name":"Froslass","moves":["spikes","shadowball","taunt","destinybond"],"ability":"Cursed Body","evs":{"hp":85,"atk":85,"def":85,"spa":85,"spd":85,"spe":85},"ivs":{"hp":31,"atk":31,"def":31,"spa":31,"spd":31,"spe":31},"item":"Leftovers","level":78,"shiny":false}],"p2team":[{"name":"Victini","moves":["blueflare","uturn","focusblast","vcreate"],"ability":"Victory Star","evs":{"hp":85,"atk":85,"def":85,"spa":85,"spd":85,"spe":85},"ivs":{"hp":31,"atk":31,"def":31,"spa":31,"spd":31,"spe":31},"item":"Assault Vest","level":76,"shiny":false},{"name":"Masquerain","moves":["quiverdance","roost","hydropump","bugbuzz"],"ability":"Intimidate","evs":{"hp":81,"atk":85,"def":85,"spa":89,"spd":85,"spe":85},"ivs":{"hp":31,"atk":31,"def":31,"spa":31,"spd":31,"spe":31},"item":"Leftovers","level":83,"shiny":false},{"name":"Suicune","moves":["calmmind","hiddenpowergrass","scald","icebeam"],"ability":"Water Absorb","evs":{"hp":85,"atk":85,"def":85,"spa":85,"spd":85,"spe":85},"ivs":{"hp":31,"atk":30,"def":31,"spa":30,"spd":31,"spe":31},"item":"Leftovers","level":77,"shiny":false},{"name":"Reuniclus","moves":["psychic","recover","trickroom","shadowball"],"ability":"Regenerator","evs":{"hp":170,"atk":85,"def":85,"spa":85,"spd":85,"spe":0},"ivs":{"hp":31,"atk":31,"def":31,"spa":31,"spd":31,"spe":0},"item":"Leftovers","level":77,"shiny":false},{"name":"Giratina","moves":["shadowball","dragonpulse","sleeptalk","rest"],"ability":"Pressure","evs":{"hp":85,"atk":85,"def":85,"spa":85,"spd":85,"spe":85},"ivs":{"hp":31,"atk":31,"def":31,"spa":31,"spd":31,"spe":31},"item":"Leftovers","level":73,"shiny":false},{"name":"Heatmor","moves":["focusblast","suckerpunch","fireblast","knockoff"],"ability":"Flash Fire","evs":{"hp":85,"atk":85,"def":85,"spa":85,"spd":85,"spe":85},"ivs":{"hp":31,"atk":31,"def":31,"spa":31,"spd":31,"spe":31},"item":"Life Orb","level":83,"shiny":false}],"log":["|player|p1|shaykie|250","|player|p2|Doga|274","|gametype|singles","|gen|6","|tier|Random Battle","|rated","|rule|Pokemon of the Day: off","|rule|Sleep Clause Mod: Limit one foe put to sleep","|rule|HP Percentage Mod: HP is shown in percentages","|","|start","|switch|p1a: Wobbuffet|Wobbuffet, L79, F|430/430","|switch|p2a: Victini|Victini, L76|277/277","|turn|1","|","|move|p2a: Victini|U-turn|p1a: Wobbuffet","|-supereffective|p1a: Wobbuffet","|-damage|p1a: Wobbuffet|308/430","|","|switch|p2a: Giratina|Giratina, L73|339/339","|-ability|p2a: Giratina|Pressure","|move|p1a: Wobbuffet|Counter|p2a: Giratina","|-immune|p2a: Giratina|[msg]","|","|-heal|p1a: Wobbuffet|334/430|[from] item: Leftovers","|turn|2","|","|switch|p1a: Slurpuff|Slurpuff, L77, M|253/253","|move|p2a: Giratina|Shadow Ball|p1a: Slurpuff","|-damage|p1a: Slurpuff|175/253","|","|turn|3","|","|move|p2a: Giratina|Shadow Ball|p1a: Slurpuff","|-damage|p1a: Slurpuff|87/253","|-enditem|p1a: Slurpuff|Sitrus Berry|[eat]","|-heal|p1a: Slurpuff|150/253|[from] item: Sitrus Berry","|move|p1a: Slurpuff|Play Rough|p2a: Giratina","|-supereffective|p2a: Giratina","|-damage|p2a: Giratina|219/339","|","|-heal|p2a: Giratina|240/339|[from] item: Leftovers","|turn|4","|","|switch|p2a: Heatmor|Heatmor, L83, M|277/277","|move|p1a: Slurpuff|Play Rough|p2a: Heatmor|[miss]","|-miss|p1a: Slurpuff|p2a: Heatmor","|","|turn|5","|","|switch|p1a: Froslass|Froslass, L78, F|237/237","|move|p2a: Heatmor|Knock Off|p1a: Froslass","|-supereffective|p1a: Froslass","|-damage|p1a: Froslass|29/237","|-start|p2a: Heatmor|Disable|Knock Off","|-enditem|p1a: Froslass|Leftovers|[from] move: Knock Off|[of] p2a: Heatmor","|-damage|p2a: Heatmor|250/277|[from] item: Life Orb","|","|turn|6","|","|move|p2a: Heatmor|Sucker Punch|p1a: Froslass","|-fail|p2a: Heatmor","|move|p1a: Froslass|Taunt|p2a: Heatmor","|-start|p2a: Heatmor|move: Taunt","|","|turn|7","|","|switch|p1a: Slowbro|Slowbro, L75, M|266/266","|move|p2a: Heatmor|Sucker Punch|p1a: Slowbro","|-fail|p2a: Heatmor","|","|turn|8","|","|switch|p2a: Giratina|Giratina, L73|240/339","|-ability|p2a: Giratina|Pressure","|move|p1a: Slowbro|Scald|p2a: Giratina","|-resisted|p2a: Giratina","|-damage|p2a: Giratina|211/339","|","|-heal|p2a: Giratina|232/339|[from] item: Leftovers","|turn|9","|","|switch|p1a: Slurpuff|Slurpuff, L77, M|150/253","|move|p2a: Giratina|Shadow Ball|p1a: Slurpuff","|-damage|p1a: Slurpuff|62/253","|","|-heal|p2a: Giratina|253/339|[from] item: Leftovers","|turn|10","|","|move|p2a: Giratina|Rest|p2a: Giratina","|-status|p2a: Giratina|slp","|-heal|p2a: Giratina|339/339 slp|[silent]","|-status|p2a: Giratina|slp|[from] move: Rest","|move|p1a: Slurpuff|Play Rough|p2a: Giratina","|-supereffective|p2a: Giratina","|-damage|p2a: Giratina|219/339 slp","|","|-heal|p2a: Giratina|240/339 slp|[from] item: Leftovers","|turn|11","|","|cant|p2a: Giratina|slp","|move|p2a: Giratina|Sleep Talk|p2a: Giratina","|move|p2a: Giratina|Dragon Pulse|p1a: Slurpuff|[from]Sleep Talk","|-immune|p1a: Slurpuff|[msg]","|move|p1a: Slurpuff|Play Rough|p2a: Giratina","|-supereffective|p2a: Giratina","|-damage|p2a: Giratina|114/339 slp","|","|-heal|p2a: Giratina|135/339 slp|[from] item: Leftovers","|turn|12","|","|cant|p2a: Giratina|slp","|move|p2a: Giratina|Sleep Talk|p2a: Giratina","|move|p2a: Giratina|Dragon Pulse|p1a: Slurpuff|[from]Sleep Talk","|-immune|p1a: Slurpuff|[msg]","|move|p1a: Slurpuff|Play Rough|p2a: Giratina","|-supereffective|p2a: Giratina","|-damage|p2a: Giratina|15/339 slp","|","|-heal|p2a: Giratina|36/339 slp|[from] item: Leftovers","|turn|13","|","|switch|p2a: Heatmor|Heatmor, L83, M|250/277","|move|p1a: Slurpuff|Play Rough|p2a: Heatmor|[miss]","|-miss|p1a: Slurpuff|p2a: Heatmor","|","|turn|14","|","|switch|p1a: Slowbro|Slowbro, L75, M|266/266","|move|p2a: Heatmor|Sucker Punch|p1a: Slowbro","|-fail|p2a: Heatmor","|","|turn|15","|","|move|p2a: Heatmor|Knock Off|p1a: Slowbro","|-supereffective|p1a: Slowbro","|-damage|p1a: Slowbro|159/266","|-damage|p2a: Heatmor|223/277|[from] item: Life Orb","|move|p1a: Slowbro|Scald|p2a: Heatmor","|-supereffective|p2a: Heatmor","|-damage|p2a: Heatmor|37/277","|","|turn|16","|","|switch|p2a: Masquerain|Masquerain, L83, M|251/251","|-ability|p2a: Masquerain|Intimidate","|-unboost|p1a: Slowbro|atk|1","|detailschange|p1a: Slowbro|Slowbro-Mega, L75, M","|-mega|p1a: Slowbro|Slowbro|Slowbronite","|move|p1a: Slowbro|Scald|p2a: Masquerain","|-crit|p2a: Masquerain","|-damage|p2a: Masquerain|116/251","|","|-heal|p2a: Masquerain|131/251|[from] item: Leftovers","|turn|17","|","|move|p2a: Masquerain|Bug Buzz|p1a: Slowbro","|-supereffective|p1a: Slowbro","|-damage|p1a: Slowbro|0 fnt","|faint|p1a: Slowbro","|","|-heal|p2a: Masquerain|146/251|[from] item: Leftovers","|","|switch|p1a: Drifblim|Drifblim, L83, F|385/385","|turn|18","|","|move|p1a: Drifblim|Will-O-Wisp|p2a: Masquerain","|-status|p2a: Masquerain|brn","|move|p2a: Masquerain|Hydro Pump|p1a: Drifblim","|-crit|p1a: Drifblim","|-damage|p1a: Drifblim|250/385","|","|-heal|p2a: Masquerain|161/251 brn|[from] item: Leftovers","|-damage|p2a: Masquerain|130/251 brn|[from] brn","|turn|19","|","|move|p1a: Drifblim|Acrobatics|p2a: Masquerain","|-enditem|p1a: Drifblim|Flying Gem|[from] gem|[move] Acrobatics","|-supereffective|p2a: Masquerain","|-damage|p2a: Masquerain|0 fnt","|faint|p2a: Masquerain","|","|","|switch|p2a: Victini|Victini, L76|277/277","|turn|20","|","|switch|p1a: Sawk|Sawk, L81, M|254/254","|move|p2a: Victini|U-turn|p1a: Sawk","|-resisted|p1a: Sawk","|-damage|p1a: Sawk|228/254","|","|switch|p2a: Reuniclus|Reuniclus, L77, M|312/312","|","|turn|21","|","|move|p1a: Sawk|Close Combat|p2a: Reuniclus","|-resisted|p2a: Reuniclus","|-damage|p2a: Reuniclus|228/312","|-unboost|p1a: Sawk|def|1","|-unboost|p1a: Sawk|spd|1","|move|p2a: Reuniclus|Psychic|p1a: Sawk","|-supereffective|p1a: Sawk","|-damage|p1a: Sawk|0 fnt","|faint|p1a: Sawk","|","|-heal|p2a: Reuniclus|247/312|[from] item: Leftovers","|","|switch|p1a: Slurpuff|Slurpuff, L77, M|62/253","|turn|22","|","|move|p1a: Slurpuff|Play Rough|p2a: Reuniclus","|-damage|p2a: Reuniclus|157/312","|move|p2a: Reuniclus|Shadow Ball|p1a: Slurpuff","|-damage|p1a: Slurpuff|0 fnt","|faint|p1a: Slurpuff","|","|-heal|p2a: Reuniclus|176/312|[from] item: Leftovers","|","|switch|p1a: Drifblim|Drifblim, L83, F|250/385","|turn|23","|","|move|p1a: Drifblim|Acrobatics|p2a: Reuniclus","|-damage|p2a: Reuniclus|58/312","|move|p2a: Reuniclus|Psychic|p1a: Drifblim","|-damage|p1a: Drifblim|109/385","|","|-heal|p2a: Reuniclus|77/312|[from] item: Leftovers","|turn|24","|","|switch|p2a: Victini|Victini, L76|277/277","|move|p1a: Drifblim|Acrobatics|p2a: Victini","|-damage|p2a: Victini|171/277","|","|turn|25","|","|move|p2a: Victini|U-turn|p1a: Drifblim","|-crit|p1a: Drifblim","|-resisted|p1a: Drifblim","|-damage|p1a: Drifblim|84/385","|","|switch|p2a: Heatmor|Heatmor, L83, M|37/277","|move|p1a: Drifblim|Acrobatics|p2a: Heatmor","|-damage|p2a: Heatmor|0 fnt","|faint|p2a: Heatmor","|","|","|switch|p2a: Suicune|Suicune, L77|281/281","|turn|26","|","|move|p1a: Drifblim|Acrobatics|p2a: Suicune","|-damage|p2a: Suicune|194/281","|move|p2a: Suicune|Scald|p1a: Drifblim","|-damage|p1a: Drifblim|0 fnt","|faint|p1a: Drifblim","|","|-heal|p2a: Suicune|211/281|[from] item: Leftovers","|","|switch|p1a: Wobbuffet|Wobbuffet, L79, F|334/430","|turn|27","|","|move|p2a: Suicune|Calm Mind|p2a: Suicune","|-boost|p2a: Suicune|spa|1","|-boost|p2a: Suicune|spd|1","|move|p1a: Wobbuffet|Encore|p2a: Suicune","|-start|p2a: Suicune|Encore","|","|-heal|p2a: Suicune|228/281|[from] item: Leftovers","|-heal|p1a: Wobbuffet|360/430|[from] item: Leftovers","|turn|28","|","|win|Doga"],"p1rating":{"entryid":"135663","serverid":"eos","formatid":"randombattle","userid":"shaykie","username":"Shaykie","w":"1","l":2,"t":"0","gxe":45.6,"r":"1500","rd":"130","sigma":"0","rptime":"1439974800","rpr":1465.5055651336,"rprd":111.03599526679,"rpsigma":"0","acre":1028.156681279,"lacre":1028.156681279,"oldacre":"1040"},"p2rating":{"entryid":"73282","serverid":"eos","formatid":"randombattle","userid":"doga","username":"Doga","w":6,"l":"2","t":"0","gxe":61.5,"r":"1499.5220361665","rd":"106.87621605174","sigma":"0","rptime":"1439974800","rpr":1591.494663443,"rprd":92.902560853397,"rpsigma":"0","acre":1150.8834302157,"lacre":1150.8834302157,"oldacre":"1132.3782447141"},"endType":"forfeit"}