{"seed":[36623,28237,19984,8913],"turns":23,"p1":"daescare","p2":"estebandido888","p1team":[{"name":"Reuniclus","moves":["recover","focusblast","psyshock","trickroom"],"ability":"Regenerator","evs":{"hp":170,"atk":85,"def":85,"spa":85,"spd":85,"spe":0},"ivs":{"hp":31,"atk":31,"def":31,"spa":31,"spd":31,"spe":0},"item":"Leftovers","level":77,"shiny":false},{"name":"Cryogonal","moves":["recover","haze","rapidspin","icebeam"],"ability":"Levitate","evs":{"hp":85,"atk":85,"def":85,"spa":85,"spd":85,"spe":85},"ivs":{"hp":31,"atk":31,"def":31,"spa":31,"spd":31,"spe":31},"item":"Leftovers","level":81,"shiny":false},{"name":"Tyranitar","moves":["crunch","dragondance","earthquake","icepunch"],"ability":"Sand Stream","evs":{"hp":85,"atk":85,"def":85,"spa":85,"spd":85,"spe":85},"ivs":{"hp":31,"atk":31,"def":31,"spa":31,"spd":31,"spe":31},"item":"Tyranitarite","level":75,"shiny":false},{"name":"Mawile","moves":["substitute","suckerpunch","playrough","ironhead"],"ability":"Intimidate","evs":{"hp":85,"atk":85,"def":85,"spa":85,"spd":85,"spe":85},"ivs":{"hp":31,"atk":31,"def":31,"spa":31,"spd":31,"spe":31},"item":"Leftovers","level":81,"shiny":false},{"name":"Breloom","moves":["rocktomb","bulletseed","spore","swordsdance"],"ability":"Technician","evs":{"hp":85,"atk":85,"def":85,"spa":85,"spd":85,"spe":85},"ivs":{"hp":31,"atk":31,"def":31,"spa":31,"spd":31,"spe":31},"item":"Leftovers","level":75,"shiny":false},{"name":"Blissey","moves":["stealthrock","protect","healbell","seismictoss"],"ability":"Natural Cure","evs":{"hp":85,"atk":85,"def":85,"spa":85,"spd":85,"spe":85},"ivs":{"hp":31,"atk":31,"def":31,"spa":31,"spd":31,"spe":31},"item":"Leftovers","level":77,"shiny":false}],"p2team":[{"name":"Espeon","moves":["batonpass","psyshock","substitute","dazzlinggleam"],"ability":"Magic Bounce","evs":{"hp":85,"atk":85,"def":85,"spa":85,"spd":85,"spe":85},"ivs":{"hp":31,"atk":31,"def":31,"spa":31,"spd":31,"spe":31},"item":"Leftovers","level":77,"shiny":false},{"name":"Lickilicky","moves":["swordsdance","healbell","powerwhip","bodyslam"],"ability":"Cloud Nine","evs":{"hp":85,"atk":85,"def":85,"spa":85,"spd":85,"spe":85},"ivs":{"hp":31,"atk":31,"def":31,"spa":31,"spd":31,"spe":31},"item":"Leftovers","level":83,"shiny":false},{"name":"Salamence","moves":["roost","earthquake","return","fireblast"],"ability":"Intimidate","evs":{"hp":85,"atk":85,"def":85,"spa":85,"spd":85,"spe":85},"ivs":{"hp":31,"atk":31,"def":31,"spa":31,"spd":31,"spe":31},"item":"Salamencite","level":73,"shiny":false},{"name":"Ledian","moves":["lightscreen","uturn","encore","toxic"],"ability":"Early Bird","evs":{"hp":85,"atk":85,"def":85,"spa":85,"spd":85,"spe":85},"ivs":{"hp":31,"atk":31,"def":31,"spa":31,"spd":31,"spe":31},"item":"Light Clay","level":83,"shiny":false},{"name":"Donphan","moves":["rapidspin","knockoff","iceshard","earthquake"],"ability":"Sturdy","evs":{"hp":85,"atk":85,"def":85,"spa":85,"spd":85,"spe":85},"ivs":{"hp":31,"atk":31,"def":31,"spa":31,"spd":31,"spe":31},"item":"Assault Vest","level":77,"shiny":false},{"name":"Nidoqueen","moves":["fireblast","earthpower","stealthrock","toxicspikes"],"ability":"Sheer Force","evs":{"hp":85,"atk":85,"def":85,"spa":85,"spd":85,"spe":85},"ivs":{"hp":31,"atk":31,"def":31,"spa":31,"spd":31,"spe":31},"item":"Life Orb","level":77,"shiny":false}],"log":["|player|p1|daescare|102","|player|p2|estebandido888|266","|gametype|singles","|gen|6","|tier|Random Battle","|rated","|rule|Pokemon of the Day: off","|rule|Sleep Clause Mod: Limit one foe put to sleep","|rule|HP Percentage Mod: HP is shown in percentages","|","|start","|switch|p1a: Reuniclus|Reuniclus, L77, M|312/312","|switch|p2a: Espeon|Espeon, L77, F|227/227","|turn|1","|","|move|p2a: Espeon|Psyshock|p1a: Reuniclus","|-resisted|p1a: Reuniclus","|-damage|p1a: Reuniclus|261/312","|move|p1a: Reuniclus|Psyshock|p2a: Espeon","|-resisted|p2a: Espeon","|-damage|p2a: Espeon|167/227","|","|-heal|p2a: Espeon|181/227|[from] item: Leftovers","|-heal|p1a: Reuniclus|280/312|[from] item: Leftovers","|turn|2","|","|move|p2a: Espeon|Dazzling Gleam|p1a: Reuniclus","|-damage|p1a: Reuniclus|209/312","|move|p1a: Reuniclus|Focus Blast|p2a: Espeon","|-resisted|p2a: Espeon","|-damage|p2a: Espeon|136/227","|-unboost|p2a: Espeon|spd|1","|","|-heal|p2a: Espeon|150/227|[from] item: Leftovers","|-heal|p1a: Reuniclus|228/312|[from] item: Leftovers","|turn|3","|","|switch|p2a: Nidoqueen|Nidoqueen, L77, F|265/265","|move|p1a: Reuniclus|Psyshock|p2a: Nidoqueen","|-supereffective|p2a: Nidoqueen","|-damage|p2a: Nidoqueen|73/265","|","|-heal|p1a: Reuniclus|247/312|[from] item: Leftovers","|turn|4","|","|move|p2a: Nidoqueen|Fire Blast|p1a: Reuniclus","|-damage|p1a: Reuniclus|148/312","|move|p1a: Reuniclus|Psyshock|p2a: Nidoqueen","|-supereffective|p2a: Nidoqueen","|-damage|p2a: Nidoqueen|0 fnt","|faint|p2a: Nidoqueen","|","|-heal|p1a: Reuniclus|167/312|[from] item: Leftovers","|","|switch|p2a: Ledian|Ledian, L83, F|227/227","|turn|5","|","|move|p2a: Ledian|U-turn|p1a: Reuniclus","|-supereffective|p1a: Reuniclus","|-damage|p1a: Reuniclus|77/312","|","|switch|p2a: Donphan|Donphan, L77, M|265/265","|move|p1a: Reuniclus|Recover|p1a: Reuniclus","|-heal|p1a: Reuniclus|233/312","|","|-heal|p1a: Reuniclus|252/312|[from] item: Leftovers","|turn|6","|","|move|p2a: Donphan|Knock Off|p1a: Reuniclus","|-supereffective|p1a: Reuniclus","|-damage|p1a: Reuniclus|80/312","|-enditem|p1a: Reuniclus|Leftovers|[from] move: Knock Off|[of] p2a: Donphan","|move|p1a: Reuniclus|Psyshock|p2a: Donphan","|-damage|p2a: Donphan|196/265","|","|turn|7","|","|move|p2a: Donphan|Knock Off|p1a: Reuniclus","|-supereffective|p1a: Reuniclus","|-damage|p1a: Reuniclus|0 fnt","|faint|p1a: Reuniclus","|","|","|switch|p1a: Tyranitar|Tyranitar, L75, M|274/274","|-weather|Sandstorm","|turn|8","|","|move|p1a: Tyranitar|Earthquake|p2a: Donphan","|-damage|p2a: Donphan|127/265","|move|p2a: Donphan|Earthquake|p1a: Tyranitar","|-supereffective|p1a: Tyranitar","|-damage|p1a: Tyranitar|70/274","|","|-weather|Sandstorm|[upkeep]","|turn|9","|","|move|p1a: Tyranitar|Ice Punch|p2a: Donphan","|-supereffective|p2a: Donphan","|-damage|p2a: Donphan|31/265","|move|p2a: Donphan|Earthquake|p1a: Tyranitar","|-crit|p1a: Tyranitar","|-supereffective|p1a: Tyranitar","|-damage|p1a: Tyranitar|0 fnt","|faint|p1a: Tyranitar","|","|-weather|Sandstorm|[upkeep]","|","|switch|p1a: Cryogonal|Cryogonal, L81|246/246","|turn|10","|","|move|p1a: Cryogonal|Ice Beam|p2a: Donphan","|-supereffective|p2a: Donphan","|-damage|p2a: Donphan|0 fnt","|faint|p2a: Donphan","|","|-weather|Sandstorm|[upkeep]","|-damage|p1a: Cryogonal|231/246|[from] sandstorm","|-heal|p1a: Cryogonal|246/246|[from] item: Leftovers","|","|switch|p2a: Salamence|Salamence, L73, M|259/259","|-ability|p2a: Salamence|Intimidate","|-unboost|p1a: Cryogonal|atk|1","|turn|11","|","|move|p1a: Cryogonal|Ice Beam|p2a: Salamence","|-supereffective|p2a: Salamence","|-damage|p2a: Salamence|0 fnt","|faint|p2a: Salamence","|","|-weather|Sandstorm|[upkeep]","|-damage|p1a: Cryogonal|231/246|[from] sandstorm","|-heal|p1a: Cryogonal|246/246|[from] item: Leftovers","|","|switch|p2a: Lickilicky|Lickilicky, L83, F|318/318","|-ability|p2a: Lickilicky|Cloud Nine","|turn|12","|","|move|p1a: Cryogonal|Haze|p1a: Cryogonal","|-clearallboost","|move|p2a: Lickilicky|Body Slam|p1a: Cryogonal","|-damage|p1a: Cryogonal|72/246","|","|-weather|none","|-heal|p1a: Cryogonal|87/246|[from] item: Leftovers","|turn|13","|","|switch|p1a: Blissey|Blissey, L77, F|519/519","|move|p2a: Lickilicky|Body Slam|p1a: Blissey","|-damage|p1a: Blissey|245/519","|","|-heal|p1a: Blissey|277/519|[from] item: Leftovers","|turn|14","|","|move|p2a: Lickilicky|Body Slam|p1a: Blissey","|-damage|p1a: Blissey|37/519","|-status|p1a: Blissey|par","|move|p1a: Blissey|Stealth Rock|p2a: Lickilicky","|-sidestart|p2: estebandido888|move: Stealth Rock","|","|-heal|p1a: Blissey|69/519 par|[from] item: Leftovers","|turn|15","|","|move|p2a: Lickilicky|Body Slam|p1a: Blissey","|-damage|p1a: Blissey|0 fnt","|faint|p1a: Blissey","|","|","|switch|p1a: Mawile|Mawile, L81, M|214/214","|-ability|p1a: Mawile|Intimidate","|-unboost|p2a: Lickilicky|atk|1","|turn|16","|","|move|p2a: Lickilicky|Swords Dance|p2a: Lickilicky","|-boost|p2a: Lickilicky|atk|2","|move|p1a: Mawile|Iron Head|p2a: Lickilicky","|-damage|p2a: Lickilicky|251/318","|","|-heal|p2a: Lickilicky|270/318|[from] item: Leftovers","|turn|17","|","|move|p2a: Lickilicky|Swords Dance|p2a: Lickilicky","|-boost|p2a: Lickilicky|atk|2","|move|p1a: Mawile|Play Rough|p2a: Lickilicky","|-damage|p2a: Lickilicky|189/318","|","|-heal|p2a: Lickilicky|208/318|[from] item: Leftovers","|turn|18","|","|move|p1a: Mawile|Sucker Punch|p2a: Lickilicky","|-crit|p2a: Lickilicky","|-damage|p2a: Lickilicky|141/318","|move|p2a: Lickilicky|Body Slam|p1a: Mawile","|-resisted|p1a: Mawile","|-damage|p1a: Mawile|105/214","|","|-heal|p2a: Lickilicky|160/318|[from] item: Leftovers","|-heal|p1a: Mawile|118/214|[from] item: Leftovers","|turn|19","|","|move|p2a: Lickilicky|Body Slam|p1a: Mawile","|-resisted|p1a: Mawile","|-damage|p1a: Mawile|6/214","|move|p1a: Mawile|Play Rough|p2a: Lickilicky","|-crit|p2a: Lickilicky","|-damage|p2a: Lickilicky|43/318","|","|-heal|p2a: Lickilicky|62/318|[from] item: Leftovers","|-heal|p1a: Mawile|19/214|[from] item: Leftovers","|turn|20","|","|move|p1a: Mawile|Sucker Punch|p2a: Lickilicky","|-damage|p2a: Lickilicky|15/318","|move|p2a: Lickilicky|Body Slam|p1a: Mawile","|-resisted|p1a: Mawile","|-damage|p1a: Mawile|0 fnt","|faint|p1a: Mawile","|","|-heal|p2a: Lickilicky|34/318|[from] item: Leftovers","|","|switch|p1a: Breloom|Breloom, L75, F|214/214","|turn|21","|","|move|p1a: Breloom|Rock Tomb|p2a: Lickilicky","|-damage|p2a: Lickilicky|0 fnt","|faint|p2a: Lickilicky","|","|","|switch|p2a: Espeon|Espeon, L77, F|150/227","|-damage|p2a: Espeon|122/227|[from] Stealth Rock","|turn|22","|","|move|p2a: Espeon|Psyshock|p1a: Breloom","|-supereffective|p1a: Breloom","|-damage|p1a: Breloom|0 fnt","|faint|p1a: Breloom","|","|-heal|p2a: Espeon|136/227|[from] item: Leftovers","|","|switch|p1a: Cryogonal|Cryogonal, L81|87/246","|turn|23","|","|move|p1a: Cryogonal|Ice Beam|p2a: Espeon","|-damage|p2a: Espeon|43/227","|move|p2a: Espeon|Psyshock|p1a: Cryogonal","|-damage|p1a: Cryogonal|0 fnt","|faint|p1a: Cryogonal","|","|win|estebandido888"],"p1rating":{"entryid":"143376","serverid":"eos","formatid":"randombattle","userid":"daescare","username":"daescare","w":"1","l":2,"t":"0","gxe":45.8,"r":"1500","rd":"130","sigma":"0","rptime":"1439974800","rpr":1466.9108216389,"rprd":111.51861011339,"rpsigma":"0","acre":1025.2020771598,"lacre":1025.2020771598,"oldacre":"1040"},"p2rating":{"entryid":"141534","serverid":"eos","formatid":"randombattle","userid":"estebandido888","username":"estebandido888","w":3,"l":"1","t":"0","gxe":57.7,"r":"1500","rd":"130","sigma":"0","rptime":"1439974800","rpr":1560.8234906758,"rprd":106.91164920561,"rpsigma":"0","acre":1093.969551081,"lacre":1093.969551081,"oldacre":"1066.1520531516"},"endType":"normal"}