{"seed":[60006,12299,33414,44075],"turns":23,"p1":"estebandido888","p2":"Nicolasv13","p1team":[{"name":"Darmanitan","moves":["flareblitz","superpower","uturn","earthquake"],"ability":"Sheer Force","evs":{"hp":81,"atk":89,"def":85,"spa":85,"spd":85,"spe":85},"ivs":{"hp":31,"atk":31,"def":31,"spa":31,"spd":31,"spe":31},"item":"Life Orb","level":77,"shiny":false},{"name":"Scrafty","moves":["icepunch","rest","bulkup","drainpunch"],"ability":"Moxie","evs":{"hp":85,"atk":85,"def":85,"spa":85,"spd":85,"spe":85},"ivs":{"hp":31,"atk":31,"def":31,"spa":31,"spd":31,"spe":31},"item":"Chesto Berry","level":79,"shiny":false},{"name":"Hydreigon","moves":["flashcannon","dracometeor","superpower","earthpower"],"ability":"Levitate","evs":{"hp":85,"atk":85,"def":85,"spa":85,"spd":85,"spe":85},"ivs":{"hp":31,"atk":31,"def":31,"spa":31,"spd":31,"spe":31},"item":"Expert Belt","level":77,"shiny":false},{"name":"Manectric","moves":["hiddenpowerice","voltswitch","thunderbolt","overheat"],"ability":"Lightning Rod","evs":{"hp":85,"atk":85,"def":85,"spa":85,"spd":85,"spe":85},"ivs":{"hp":31,"atk":30,"def":30,"spa":31,"spd":31,"spe":31},"item":"Manectite","level":75,"shiny":false},{"name":"Barbaracle","moves":["stoneedge","shellsmash","crosschop","razorshell"],"ability":"Tough Claws","evs":{"hp":85,"atk":85,"def":85,"spa":85,"spd":85,"spe":85},"ivs":{"hp":31,"atk":31,"def":31,"spa":31,"spd":31,"spe":31},"item":"White Herb","level":83,"shiny":false},{"name":"Arbok","moves":["coil","aquatail","rest","gunkshot"],"ability":"Shed Skin","evs":{"hp":85,"atk":85,"def":85,"spa":85,"spd":85,"spe":85},"ivs":{"hp":31,"atk":31,"def":31,"spa":31,"spd":31,"spe":31},"item":"Black Sludge","level":83,"shiny":false}],"p2team":[{"name":"Mesprit","moves":["hiddenpowerfire","icebeam","healingwish","psyshock"],"ability":"Levitate","evs":{"hp":85,"atk":85,"def":85,"spa":85,"spd":85,"spe":85},"ivs":{"hp":31,"atk":30,"def":31,"spa":30,"spd":31,"spe":30},"item":"Leftovers","level":81,"shiny":false},{"name":"Dragalge","moves":["toxicspikes","focusblast","sludgewave","dragonpulse"],"ability":"Adaptability","evs":{"hp":85,"atk":85,"def":85,"spa":85,"spd":85,"spe":85},"ivs":{"hp":31,"atk":31,"def":31,"spa":31,"spd":31,"spe":31},"item":"Life Orb","level":77,"shiny":false},{"name":"Drapion","moves":["swordsdance","earthquake","knockoff","aquatail"],"ability":"Keen Eye","evs":{"hp":85,"atk":85,"def":85,"spa":85,"spd":85,"spe":85},"ivs":{"hp":31,"atk":31,"def":31,"spa":31,"spd":31,"spe":31},"item":"Life Orb","level":79,"shiny":false},{"name":"Unfezant","moves":["pluck","nightslash","hypnosis","return"],"ability":"Super Luck","evs":{"hp":81,"atk":89,"def":85,"spa":85,"spd":85,"spe":85},"ivs":{"hp":31,"atk":31,"def":31,"spa":31,"spd":31,"spe":31},"item":"Scope Lens","level":83,"shiny":false},{"name":"Simipour","moves":["substitute","icebeam","hydropump","focusblast"],"ability":"Torrent","evs":{"hp":85,"atk":85,"def":85,"spa":85,"spd":85,"spe":85},"ivs":{"hp":31,"atk":31,"def":31,"spa":31,"spd":31,"spe":31},"item":"Leftovers","level":83,"shiny":false},{"name":"Tauros","moves":["doubleedge","zenheadbutt","rockslide","earthquake"],"ability":"Sheer Force","evs":{"hp":85,"atk":85,"def":85,"spa":85,"spd":85,"spe":85},"ivs":{"hp":31,"atk":31,"def":31,"spa":31,"spd":31,"spe":31},"item":"Life Orb","level":81,"shiny":false}],"log":["|player|p1|estebandido888|266","|player|p2|Nicolasv13|1","|gametype|singles","|gen|6","|tier|Random Battle","|rated","|rule|Pokemon of the Day: off","|rule|Sleep Clause Mod: Limit one foe put to sleep","|rule|HP Percentage Mod: HP is shown in percentages","|","|start","|switch|p1a: Darmanitan|Darmanitan, L77, M|287/287","|switch|p2a: Mesprit|Mesprit, L81|262/262","|turn|1","|","|move|p1a: Darmanitan|Flare Blitz|p2a: Mesprit","|-damage|p2a: Mesprit|46/262","|-damage|p1a: Darmanitan|216/287|[from] recoil|[of] p2a: Mesprit","|move|p2a: Mesprit|Psyshock|p1a: Darmanitan","|-damage|p1a: Darmanitan|90/287","|","|-heal|p2a: Mesprit|62/262|[from] item: Leftovers","|turn|2","|","|move|p1a: Darmanitan|Flare Blitz|p2a: Mesprit","|-damage|p2a: Mesprit|0 fnt","|-damage|p1a: Darmanitan|70/287|[from] recoil|[of] p2a: Mesprit","|faint|p2a: Mesprit","|","|","|switch|p2a: Drapion|Drapion, L79, F|240/240","|turn|3","|","|move|p2a: Drapion|Aqua Tail|p1a: Darmanitan","|-supereffective|p1a: Darmanitan","|-damage|p1a: Darmanitan|0 fnt","|-damage|p2a: Drapion|216/240|[from] item: Life Orb","|faint|p1a: Darmanitan","|","|","|switch|p1a: Barbaracle|Barbaracle, L83, M|255/255","|turn|4","|","|move|p2a: Drapion|Aqua Tail|p1a: Barbaracle","|-damage|p1a: Barbaracle|198/255","|-damage|p2a: Drapion|192/240|[from] item: Life Orb","|move|p1a: Barbaracle|Stone Edge|p2a: Drapion|[miss]","|-miss|p1a: Barbaracle|p2a: Drapion","|","|turn|5","|","|move|p2a: Drapion|Earthquake|p1a: Barbaracle","|-supereffective|p1a: Barbaracle","|-damage|p1a: Barbaracle|73/255","|-damage|p2a: Drapion|168/240|[from] item: Life Orb","|move|p1a: Barbaracle|Stone Edge|p2a: Drapion","|-damage|p2a: Drapion|65/240","|","|turn|6","|","|move|p2a: Drapion|Earthquake|p1a: Barbaracle","|-supereffective|p1a: Barbaracle","|-damage|p1a: Barbaracle|0 fnt","|-damage|p2a: Drapion|41/240|[from] item: Life Orb","|faint|p1a: Barbaracle","|","|","|switch|p1a: Hydreigon|Hydreigon, L77, F|268/268","|turn|7","|","|move|p2a: Drapion|Aqua Tail|p1a: Hydreigon","|-resisted|p1a: Hydreigon","|-damage|p1a: Hydreigon|232/268","|-damage|p2a: Drapion|17/240|[from] item: Life Orb","|move|p1a: Hydreigon|Earth Power|p2a: Drapion","|-supereffective|p2a: Drapion","|-damage|p2a: Drapion|0 fnt","|faint|p2a: Drapion","|","|","|switch|p2a: Tauros|Tauros, L81, M|254/254","|turn|8","|","|move|p2a: Tauros|Zen Headbutt|p1a: Hydreigon","|-immune|p1a: Hydreigon|[msg]","|move|p1a: Hydreigon|Superpower|p2a: Tauros","|-supereffective|p2a: Tauros","|-damage|p2a: Tauros|69/254","|-unboost|p1a: Hydreigon|atk|1","|-unboost|p1a: Hydreigon|def|1","|","|turn|9","|","|move|p2a: Tauros|Double-Edge|p1a: Hydreigon","|-damage|p1a: Hydreigon|0 fnt","|-damage|p2a: Tauros|0 fnt|[from] recoil|[of] p1a: Hydreigon","|faint|p1a: Hydreigon","|faint|p2a: Tauros","|","|","|switch|p1a: Arbok|Arbok, L83, M|235/235","|switch|p2a: Dragalge|Dragalge, L77, M|227/227","|turn|10","|","|move|p1a: Arbok|Gunk Shot|p2a: Dragalge|[miss]","|-miss|p1a: Arbok|p2a: Dragalge","|move|p2a: Dragalge|Dragon Pulse|p1a: Arbok","|-damage|p1a: Arbok|89/235","|-damage|p2a: Dragalge|205/227|[from] item: Life Orb","|","|-heal|p1a: Arbok|103/235|[from] item: Black Sludge","|turn|11","|","|move|p1a: Arbok|Gunk Shot|p2a: Dragalge","|-resisted|p2a: Dragalge","|-damage|p2a: Dragalge|148/227","|move|p2a: Dragalge|Dragon Pulse|p1a: Arbok","|-damage|p1a: Arbok|0 fnt","|-damage|p2a: Dragalge|126/227|[from] item: Life Orb","|faint|p1a: Arbok","|","|","|switch|p1a: Scrafty|Scrafty, L79, M|232/232","|turn|12","|","|move|p1a: Scrafty|Ice Punch|p2a: Dragalge","|-supereffective|p2a: Dragalge","|-damage|p2a: Dragalge|28/227","|move|p2a: Dragalge|Focus Blast|p1a: Scrafty|[miss]","|-miss|p2a: Dragalge|p1a: Scrafty","|","|turn|13","|","|switch|p2a: Simipour|Simipour, L83, M|260/260","|move|p1a: Scrafty|Ice Punch|p2a: Simipour","|-resisted|p2a: Simipour","|-damage|p2a: Simipour|231/260","|","|-heal|p2a: Simipour|247/260|[from] item: Leftovers","|turn|14","|","|switch|p1a: Manectric|Manectric, L75, M|229/229","|move|p2a: Simipour|Focus Blast|p1a: Manectric|[miss]","|-miss|p2a: Simipour|p1a: Manectric","|","|-heal|p2a: Simipour|260/260|[from] item: Leftovers","|turn|15","|","|move|p2a: Simipour|Substitute|p2a: Simipour","|-start|p2a: Simipour|Substitute","|-damage|p2a: Simipour|195/260","|move|p1a: Manectric|Volt Switch|p2a: Simipour","|-supereffective|p2a: Simipour","|-end|p2a: Simipour|Substitute","|","|switch|p1a: Scrafty|Scrafty, L79, M|232/232","|","|-heal|p2a: Simipour|211/260|[from] item: Leftovers","|turn|16","|","|switch|p1a: Manectric|Manectric, L75, M|229/229","|move|p2a: Simipour|Ice Beam|p1a: Manectric","|-damage|p1a: Manectric|129/229","|","|-heal|p2a: Simipour|227/260|[from] item: Leftovers","|turn|17","|","|move|p2a: Simipour|Ice Beam|p1a: Manectric","|-damage|p1a: Manectric|44/229","|move|p1a: Manectric|Thunderbolt|p2a: Simipour","|-supereffective|p2a: Simipour","|-damage|p2a: Simipour|11/260","|","|-heal|p2a: Simipour|27/260|[from] item: Leftovers","|turn|18","|","|move|p2a: Simipour|Ice Beam|p1a: Manectric","|-damage|p1a: Manectric|0 fnt","|faint|p1a: Manectric","|","|-heal|p2a: Simipour|43/260|[from] item: Leftovers","|","|switch|p1a: Scrafty|Scrafty, L79, M|232/232","|turn|19","|","|switch|p2a: Unfezant|Unfezant, L83, M|268/268","|move|p1a: Scrafty|Drain Punch|p2a: Unfezant","|-damage|p2a: Unfezant|193/268","|","|turn|20","|","|move|p2a: Unfezant|Hypnosis|p1a: Scrafty|[miss]","|-miss|p2a: Unfezant|p1a: Scrafty","|move|p1a: Scrafty|Ice Punch|p2a: Unfezant","|-supereffective|p2a: Unfezant","|-damage|p2a: Unfezant|91/268","|-status|p2a: Unfezant|frz","|","|turn|21","|","|cant|p2a: Unfezant|frz","|move|p1a: Scrafty|Ice Punch|p2a: Unfezant","|-supereffective|p2a: Unfezant","|-damage|p2a: Unfezant|0 fnt","|faint|p2a: Unfezant","|-boost|p1a: Scrafty|atk|1|[from] ability: Moxie","|","|","|switch|p2a: Dragalge|Dragalge, L77, M|28/227","|turn|22","|","|move|p1a: Scrafty|Ice Punch|p2a: Dragalge","|-supereffective|p2a: Dragalge","|-damage|p2a: Dragalge|0 fnt","|faint|p2a: Dragalge","|-boost|p1a: Scrafty|atk|1|[from] ability: Moxie","|","|","|switch|p2a: Simipour|Simipour, L83, M|43/260","|turn|23","|","|move|p2a: Simipour|Ice Beam|p1a: Scrafty","|-damage|p1a: Scrafty|181/232","|move|p1a: Scrafty|Ice Punch|p2a: Simipour","|-resisted|p2a: Simipour","|-damage|p2a: Simipour|0 fnt","|faint|p2a: Simipour","|-boost|p1a: Scrafty|atk|1|[from] ability: Moxie","|","|win|estebandido888"],"p1rating":{"entryid":"141534","serverid":"eos","formatid":"randombattle","userid":"estebandido888","username":"estebandido888","w":2,"l":"1","t":"0","gxe":54.2,"r":"1500","rd":"130","sigma":"0","rptime":"1439974800","rpr":1533.0891783611,"rprd":111.51861011339,"rpsigma":"0","acre":1066.1520531516,"lacre":1066.1520531516,"oldacre":"1026.1748522466"},"p2rating":{"entryid":"141114","serverid":"eos","formatid":"randombattle","userid":"nicolasv13","username":"Nicolasv13","w":"2","l":2,"t":"0","gxe":50,"r":"1500","rd":"130","sigma":"0","rptime":"1439974800","rpr":1500,"rprd":106.91164920561,"rpsigma":"0","acre":1042.210382185,"lacre":1042.210382185,"oldacre":"1063.9175265152"},"endType":"normal"}