{"seed":[47342,22117,62165,11723],"turns":16,"p1":"sdtdngsntr","p2":"SkyLord13684","p1team":[{"name":"Gogoat","moves":["hornleech","leechseed","earthquake","substitute"],"ability":"Sap Sipper","evs":{"hp":85,"atk":85,"def":85,"spa":85,"spd":85,"spe":85},"ivs":{"hp":31,"atk":31,"def":31,"spa":31,"spd":31,"spe":31},"item":"Leftovers","level":83,"shiny":false},{"name":"Haxorus","moves":["earthquake","taunt","swordsdance","outrage"],"ability":"Mold Breaker","evs":{"hp":85,"atk":85,"def":85,"spa":85,"spd":85,"spe":85},"ivs":{"hp":31,"atk":31,"def":31,"spa":31,"spd":31,"spe":31},"item":"Lum Berry","level":77,"shiny":false},{"name":"Gorebyss","moves":["shellsmash","icebeam","hydropump","substitute"],"ability":"Hydration","evs":{"hp":85,"atk":85,"def":85,"spa":85,"spd":85,"spe":85},"ivs":{"hp":31,"atk":31,"def":31,"spa":31,"spd":31,"spe":31},"item":"White Herb","level":81,"shiny":false},{"name":"Aerodactyl","moves":["aerialace","honeclaws","firefang","aquatail"],"ability":"Unnerve","evs":{"hp":85,"atk":85,"def":85,"spa":85,"spd":85,"spe":85},"ivs":{"hp":31,"atk":31,"def":31,"spa":31,"spd":31,"spe":31},"item":"Aerodactylite","level":77,"shiny":false},{"name":"Aggron","moves":["heavyslam","earthquake","lowkick","autotomize"],"ability":"Sturdy","evs":{"hp":85,"atk":85,"def":85,"spa":85,"spd":85,"spe":85},"ivs":{"hp":31,"atk":31,"def":31,"spa":31,"spd":31,"spe":31},"item":"Air Balloon","level":79,"shiny":false},{"name":"Dialga","moves":["dracometeor","flashcannon","thunderbolt","toxic"],"ability":"Pressure","evs":{"hp":85,"atk":85,"def":85,"spa":85,"spd":85,"spe":85},"ivs":{"hp":31,"atk":31,"def":31,"spa":31,"spd":31,"spe":31},"item":"Leftovers","level":73,"shiny":false}],"p2team":[{"name":"Golduck","moves":["scald","substitute","calmmind","signalbeam"],"ability":"Cloud Nine","evs":{"hp":85,"atk":85,"def":85,"spa":85,"spd":85,"spe":85},"ivs":{"hp":31,"atk":31,"def":31,"spa":31,"spd":31,"spe":31},"item":"Leftovers","level":83,"shiny":false},{"name":"Arbok","moves":["suckerpunch","gunkshot","earthquake","aquatail"],"ability":"Intimidate","evs":{"hp":85,"atk":85,"def":85,"spa":85,"spd":85,"spe":85},"ivs":{"hp":31,"atk":31,"def":31,"spa":31,"spd":31,"spe":31},"item":"Life Orb","level":83,"shiny":false},{"name":"Kyurem-White","moves":["icebeam","fusionflare","substitute","earthpower"],"ability":"Turboblaze","evs":{"hp":85,"atk":85,"def":85,"spa":85,"spd":85,"spe":85},"ivs":{"hp":31,"atk":31,"def":31,"spa":31,"spd":31,"spe":31},"item":"Leftovers","level":73,"shiny":false},{"name":"Virizion","moves":["gigadrain","focusblast","calmmind","substitute"],"ability":"Justified","evs":{"hp":85,"atk":85,"def":85,"spa":85,"spd":85,"spe":85},"ivs":{"hp":31,"atk":31,"def":31,"spa":31,"spd":31,"spe":31},"item":"Leftovers","level":79,"shiny":false},{"name":"Exploud","moves":["fireblast","icebeam","focusblast","boomburst"],"ability":"Scrappy","evs":{"hp":85,"atk":85,"def":85,"spa":85,"spd":85,"spe":85},"ivs":{"hp":31,"atk":31,"def":31,"spa":31,"spd":31,"spe":31},"item":"Choice Specs","level":79,"shiny":false},{"name":"Yanmega","moves":["protect","ancientpower","bugbuzz","uturn"],"ability":"Speed Boost","evs":{"hp":81,"atk":85,"def":85,"spa":89,"spd":85,"spe":85},"ivs":{"hp":31,"atk":31,"def":31,"spa":31,"spd":31,"spe":31},"item":"Life Orb","level":78,"shiny":false}],"log":["|player|p1|sdtdngsntr|7","|player|p2|SkyLord13684|1","|gametype|singles","|gen|6","|tier|Random Battle","|rated","|rule|Pokemon of the Day: off","|rule|Sleep Clause Mod: Limit one foe put to sleep","|rule|HP Percentage Mod: HP is shown in percentages","|","|start","|switch|p1a: Gogoat|Gogoat, L83, F|340/340","|switch|p2a: Golduck|Golduck, L83, M|268/268","|-ability|p2a: Golduck|Cloud Nine","|turn|1","|","|move|p2a: Golduck|Signal Beam|p1a: Gogoat","|-supereffective|p1a: Gogoat","|-damage|p1a: Gogoat|224/340","|move|p1a: Gogoat|Leech Seed|p2a: Golduck","|-start|p2a: Golduck|move: Leech Seed","|","|-heal|p1a: Gogoat|245/340|[from] item: Leftovers","|-damage|p2a: Golduck|235/268|[from] Leech Seed|[of] p1a: Gogoat","|-heal|p1a: Gogoat|278/340|[silent]","|turn|2","|","|move|p2a: Golduck|Signal Beam|p1a: Gogoat","|-supereffective|p1a: Gogoat","|-damage|p1a: Gogoat|166/340","|move|p1a: Gogoat|Horn Leech|p2a: Golduck","|-supereffective|p2a: Golduck","|-damage|p2a: Golduck|67/268","|-heal|p1a: Gogoat|250/340|[from] drain|[of] p2a: Golduck","|","|-heal|p2a: Golduck|83/268|[from] item: Leftovers","|-heal|p1a: Gogoat|271/340|[from] item: Leftovers","|-damage|p2a: Golduck|50/268|[from] Leech Seed|[of] p1a: Gogoat","|-heal|p1a: Gogoat|304/340|[silent]","|turn|3","|","|move|p2a: Golduck|Signal Beam|p1a: Gogoat","|-supereffective|p1a: Gogoat","|-damage|p1a: Gogoat|198/340","|move|p1a: Gogoat|Horn Leech|p2a: Golduck","|-supereffective|p2a: Golduck","|-damage|p2a: Golduck|0 fnt","|-heal|p1a: Gogoat|223/340|[from] drain|[of] p2a: Golduck","|faint|p2a: Golduck","|","|-heal|p1a: Gogoat|244/340|[from] item: Leftovers","|","|switch|p2a: Yanmega|Yanmega, L78, M|261/261","|turn|4","|","|move|p2a: Yanmega|U-turn|p1a: Gogoat","|-supereffective|p1a: Gogoat","|-damage|p1a: Gogoat|57/340","|-damage|p2a: Yanmega|235/261|[from] item: Life Orb","|","|switch|p2a: Arbok|Arbok, L83, M|235/235","|-ability|p2a: Arbok|Intimidate","|-unboost|p1a: Gogoat|atk|1","|move|p1a: Gogoat|Leech Seed|p2a: Arbok","|-start|p2a: Arbok|move: Leech Seed","|","|-heal|p1a: Gogoat|78/340|[from] item: Leftovers","|-damage|p2a: Arbok|206/235|[from] Leech Seed|[of] p1a: Gogoat","|-heal|p1a: Gogoat|107/340|[silent]","|turn|5","|","|move|p2a: Arbok|Earthquake|p1a: Gogoat","|-resisted|p1a: Gogoat","|-damage|p1a: Gogoat|58/340","|-damage|p2a: Arbok|183/235|[from] item: Life Orb","|move|p1a: Gogoat|Horn Leech|p2a: Arbok","|-resisted|p2a: Arbok","|-damage|p2a: Arbok|150/235","|-heal|p1a: Gogoat|75/340|[from] drain|[of] p2a: Arbok","|","|-heal|p1a: Gogoat|96/340|[from] item: Leftovers","|-damage|p2a: Arbok|121/235|[from] Leech Seed|[of] p1a: Gogoat","|-heal|p1a: Gogoat|125/340|[silent]","|turn|6","|","|move|p2a: Arbok|Gunk Shot|p1a: Gogoat","|-supereffective|p1a: Gogoat","|-damage|p1a: Gogoat|0 fnt","|-damage|p2a: Arbok|98/235|[from] item: Life Orb","|faint|p1a: Gogoat","|","|","|switch|p1a: Aggron|Aggron, L79, F|240/240","|-item|p1a: Aggron|Air Balloon","|turn|7","|","|move|p2a: Arbok|Earthquake|p1a: Aggron","|-immune|p1a: Aggron|[msg]","|move|p1a: Aggron|Low Kick|p2a: Arbok","|-resisted|p2a: Arbok","|-damage|p2a: Arbok|67/235","|","|-damage|p2a: Arbok|38/235|[from] Leech Seed|[of] p1a: Aggron","|turn|8","|","|move|p2a: Arbok|Earthquake|p1a: Aggron","|-immune|p1a: Aggron|[msg]","|move|p1a: Aggron|Earthquake|p2a: Arbok","|-supereffective|p2a: Arbok","|-damage|p2a: Arbok|0 fnt","|faint|p2a: Arbok","|","|","|switch|p2a: Yanmega|Yanmega, L78, M|235/261","|turn|9","|","|move|p2a: Yanmega|Protect|p2a: Yanmega","|-singleturn|p2a: Yanmega|Protect","|move|p1a: Aggron|Heavy Slam|p2a: Yanmega","|-activate|p2a: Yanmega|Protect","|","|-boost|p2a: Yanmega|spe|1|[from] ability: Speed Boost","|turn|10","|","|move|p2a: Yanmega|Bug Buzz|p1a: Aggron","|-resisted|p1a: Aggron","|-damage|p1a: Aggron|158/240","|-enditem|p1a: Aggron|Air Balloon","|-unboost|p1a: Aggron|spd|1","|-damage|p2a: Yanmega|209/261|[from] item: Life Orb","|move|p1a: Aggron|Heavy Slam|p2a: Yanmega","|-crit|p2a: Yanmega","|-damage|p2a: Yanmega|20/261","|","|-boost|p2a: Yanmega|spe|1|[from] ability: Speed Boost","|turn|11","|","|move|p2a: Yanmega|Ancient Power|p1a: Aggron","|-resisted|p1a: Aggron","|-damage|p1a: Aggron|100/240","|-damage|p2a: Yanmega|0 fnt|[from] item: Life Orb","|faint|p2a: Yanmega","|move|p1a: Aggron|Heavy Slam|p2: Yanmega|[notarget]","|-notarget","|","|","|switch|p2a: Exploud|Exploud, L79, M|294/294","|turn|12","|","|move|p2a: Exploud|Focus Blast|p1a: Aggron","|-supereffective|p1a: Aggron","|-damage|p1a: Aggron|0 fnt","|faint|p1a: Aggron","|","|","|switch|p1a: Haxorus|Haxorus, L77, M|244/244","|-ability|p1a: Haxorus|Mold Breaker","|turn|13","|","|move|p1a: Haxorus|Swords Dance|p1a: Haxorus","|-boost|p1a: Haxorus|atk|2","|move|p2a: Exploud|Focus Blast|p1a: Haxorus","|-damage|p1a: Haxorus|118/244","|","|turn|14","|","|move|p1a: Haxorus|Outrage|p2a: Exploud","|-crit|p2a: Exploud","|-damage|p2a: Exploud|0 fnt","|faint|p2a: Exploud","|","|","|switch|p2a: Kyurem-White|Kyurem-White, L73|303/303","|-ability|p2a: Kyurem-White|Turboblaze","|turn|15","|","|move|p1a: Haxorus|Outrage|p2a: Kyurem-White|[from]lockedmove","|-supereffective|p2a: Kyurem-White","|-damage|p2a: Kyurem-White|0 fnt","|-start|p1a: Haxorus|confusion|[fatigue]","|faint|p2a: Kyurem-White","|-enditem|p1a: Haxorus|Lum Berry|[eat]","|-end|p1a: Haxorus|confusion","|","|","|switch|p2a: Virizion|Virizion, L79|273/273","|turn|16","|","|move|p2a: Virizion|Focus Blast|p1a: Haxorus|[miss]","|-miss|p2a: Virizion|p1a: Haxorus","|move|p1a: Haxorus|Outrage|p2a: Virizion","|-damage|p2a: Virizion|0 fnt","|faint|p2a: Virizion","|","|win|sdtdngsntr"],"p1rating":{"entryid":160471,"formatid":"randombattle","userid":"sdtdngsntr","username":"sdtdngsntr","r":1500,"rd":130,"sigma":0,"rpr":1540.1606143388,"rprd":122.8583080769,"rpsigma":0,"rptime":1439974800,"w":1,"l":0,"t":0,"gxe":55,"acre":1044.584930701,"lacre":1044.584930701,"oldacre":1000},"p2rating":{"entryid":"160188","serverid":"eos","formatid":"randombattle","userid":"skylord13684","username":"SkyLord13684","w":"1","l":1,"t":"0","gxe":50,"r":"1500","rd":"130","sigma":"0","rptime":"1439974800","rpr":1500,"rprd":116.77753930647,"rpsigma":"0","acre":1022.1660277196,"lacre":1022.1660277196,"oldacre":"1040"},"endType":"normal"}