{"seed":[61899,10770,12861,65496],"turns":28,"p1":"SL Kj","p2":"Nicolasv13","p1team":[{"name":"Durant","moves":["batonpass","superpower","honeclaws","ironhead"],"ability":"Hustle","evs":{"hp":85,"atk":85,"def":85,"spa":85,"spd":85,"spe":85},"ivs":{"hp":31,"atk":31,"def":31,"spa":31,"spd":31,"spe":31},"item":"Focus Sash","level":79,"shiny":false},{"name":"Primeape","moves":["closecombat","encore","gunkshot","uturn"],"ability":"Anger Point","evs":{"hp":85,"atk":85,"def":85,"spa":85,"spd":85,"spe":85},"ivs":{"hp":31,"atk":31,"def":31,"spa":31,"spd":31,"spe":31},"item":"Life Orb","level":81,"shiny":false},{"name":"Carbink","moves":["explosion","powergem","moonblast","stealthrock"],"ability":"Sturdy","evs":{"hp":85,"atk":85,"def":85,"spa":85,"spd":85,"spe":85},"ivs":{"hp":31,"atk":31,"def":31,"spa":31,"spd":31,"spe":31},"item":"Custap Berry","level":83,"shiny":false},{"name":"Wormadam","moves":["toxic","protect","gigadrain","synthesis"],"ability":"Overcoat","evs":{"hp":85,"atk":85,"def":85,"spa":85,"spd":85,"spe":85},"ivs":{"hp":31,"atk":31,"def":31,"spa":31,"spd":31,"spe":31},"item":"Leftovers","level":83,"shiny":false},{"name":"Zekrom","moves":["outrage","boltstrike","roost","honeclaws"],"ability":"Teravolt","evs":{"hp":85,"atk":85,"def":85,"spa":85,"spd":85,"spe":85},"ivs":{"hp":31,"atk":31,"def":31,"spa":31,"spd":31,"spe":31},"item":"Lum Berry","level":73,"shiny":false},{"name":"Dugtrio","moves":["earthquake","suckerpunch","stoneedge","reversal"],"ability":"Arena Trap","evs":{"hp":85,"atk":85,"def":85,"spa":85,"spd":85,"spe":85},"ivs":{"hp":31,"atk":31,"def":31,"spa":31,"spd":31,"spe":31},"item":"Focus Sash","level":79,"shiny":false}],"p2team":[{"name":"Seismitoad","moves":["earthquake","sludgewave","stealthrock","raindance"],"ability":"Swift Swim","evs":{"hp":85,"atk":85,"def":85,"spa":85,"spd":85,"spe":85},"ivs":{"hp":31,"atk":31,"def":31,"spa":31,"spd":31,"spe":31},"item":"Damp Rock","level":79,"shiny":false},{"name":"Staraptor","moves":["roost","doubleedge","quickattack","uturn"],"ability":"Reckless","evs":{"hp":85,"atk":85,"def":85,"spa":85,"spd":85,"spe":85},"ivs":{"hp":31,"atk":31,"def":31,"spa":31,"spd":31,"spe":31},"item":"Life Orb","level":76,"shiny":false},{"name":"Meowstic","moves":["healbell","yawn","psychic","reflect"],"ability":"Prankster","evs":{"hp":85,"atk":85,"def":85,"spa":85,"spd":85,"spe":85},"ivs":{"hp":31,"atk":31,"def":31,"spa":31,"spd":31,"spe":31},"item":"Light Clay","level":83,"shiny":false},{"name":"Walrein","moves":["protect","icebeam","surf","roar"],"ability":"Thick Fat","evs":{"hp":85,"atk":85,"def":85,"spa":85,"spd":85,"spe":85},"ivs":{"hp":31,"atk":31,"def":31,"spa":31,"spd":31,"spe":31},"item":"Leftovers","level":83,"shiny":false},{"name":"Talonflame","moves":["swordsdance","bravebird","roost","flareblitz"],"ability":"Gale Wings","evs":{"hp":85,"atk":85,"def":85,"spa":85,"spd":85,"spe":85},"ivs":{"hp":31,"atk":31,"def":31,"spa":31,"spd":31,"spe":31},"item":"Leftovers","level":75,"shiny":false},{"name":"Hoopa-Unbound","moves":["drainpunch","gunkshot","psychic","trick"],"ability":"Magician","evs":{"hp":85,"atk":85,"def":85,"spa":85,"spd":85,"spe":85},"ivs":{"hp":31,"atk":31,"def":31,"spa":31,"spd":31,"spe":31},"item":"Choice Scarf","level":75,"shiny":false}],"log":["|player|p1|SL Kj|68","|player|p2|Nicolasv13|1","|gametype|singles","|gen|6","|tier|Random Battle","|rated","|rule|Pokemon of the Day: off","|rule|Sleep Clause Mod: Limit one foe put to sleep","|rule|HP Percentage Mod: HP is shown in percentages","|","|start","|switch|p1a: Durant|Durant, L79, F|221/221","|switch|p2a: Seismitoad|Seismitoad, L79, F|295/295","|turn|1","|","|switch|p1a: Wormadam|Wormadam, L83, F|235/235","|switch|p2a: Talonflame|Talonflame, L75, F|241/241","|","|turn|2","|","|switch|p1a: Carbink|Carbink, L83|219/219","|move|p2a: Talonflame|Flare Blitz|p1a: Carbink","|-resisted|p1a: Carbink","|-damage|p1a: Carbink|188/219","|-damage|p2a: Talonflame|231/241|[from] recoil|[of] p1a: Carbink","|","|-heal|p2a: Talonflame|241/241|[from] item: Leftovers","|turn|3","|","|move|p2a: Talonflame|Brave Bird|p1a: Carbink","|-resisted|p1a: Carbink","|-damage|p1a: Carbink|156/219","|-damage|p2a: Talonflame|230/241|[from] recoil|[of] p1a: Carbink","|move|p1a: Carbink|Power Gem|p2a: Talonflame","|-crit|p2a: Talonflame","|-supereffective|p2a: Talonflame","|-damage|p2a: Talonflame|0 fnt","|faint|p2a: Talonflame","|","|","|switch|p2a: Seismitoad|Seismitoad, L79, F|295/295","|turn|4","|","|switch|p1a: Wormadam|Wormadam, L83, F|235/235","|move|p2a: Seismitoad|Earthquake|p1a: Wormadam","|-resisted|p1a: Wormadam","|-damage|p1a: Wormadam|213/235","|","|-heal|p1a: Wormadam|227/235|[from] item: Leftovers","|turn|5","|","|switch|p2a: Walrein|Walrein, L83, M|318/318","|move|p1a: Wormadam|Giga Drain|p2a: Walrein","|-supereffective|p2a: Walrein","|-damage|p2a: Walrein|190/318","|-heal|p1a: Wormadam|235/235|[from] drain|[of] p2a: Walrein","|","|-heal|p2a: Walrein|209/318|[from] item: Leftovers","|turn|6","|","|move|p2a: Walrein|Ice Beam|p1a: Wormadam","|-supereffective|p1a: Wormadam","|-damage|p1a: Wormadam|65/235","|move|p1a: Wormadam|Toxic|p2a: Walrein|[miss]","|-miss|p1a: Wormadam|p2a: Walrein","|","|-heal|p2a: Walrein|228/318|[from] item: Leftovers","|-heal|p1a: Wormadam|79/235|[from] item: Leftovers","|turn|7","|","|switch|p1a: Durant|Durant, L79, F|221/221","|move|p2a: Walrein|Ice Beam|p1a: Durant","|-resisted|p1a: Durant","|-damage|p1a: Durant|146/221","|","|-heal|p2a: Walrein|247/318|[from] item: Leftovers","|turn|8","|","|move|p1a: Durant|Iron Head|p2a: Walrein","|-damage|p2a: Walrein|130/318","|move|p2a: Walrein|Roar|p1a: Durant","|drag|p1a: Wormadam|Wormadam, L83, F|79/235","|","|-heal|p2a: Walrein|149/318|[from] item: Leftovers","|-heal|p1a: Wormadam|93/235|[from] item: Leftovers","|turn|9","|","|move|p1a: Wormadam|Protect|p1a: Wormadam","|-singleturn|p1a: Wormadam|Protect","|move|p2a: Walrein|Ice Beam|p1a: Wormadam","|-activate|p1a: Wormadam|Protect","|","|-heal|p2a: Walrein|168/318|[from] item: Leftovers","|-heal|p1a: Wormadam|107/235|[from] item: Leftovers","|turn|10","|","|switch|p1a: Primeape|Primeape, L81, F|238/238","|move|p2a: Walrein|Ice Beam|p1a: Primeape","|-damage|p1a: Primeape|121/238","|","|-heal|p2a: Walrein|187/318|[from] item: Leftovers","|turn|11","|","|move|p2a: Walrein|Protect|p2a: Walrein","|-singleturn|p2a: Walrein|Protect","|move|p1a: Primeape|Close Combat|p2a: Walrein","|-activate|p2a: Walrein|Protect","|","|-heal|p2a: Walrein|206/318|[from] item: Leftovers","|turn|12","|","|move|p1a: Primeape|Close Combat|p2a: Walrein","|-supereffective|p2a: Walrein","|-damage|p2a: Walrein|0 fnt","|-unboost|p1a: Primeape|def|1","|-unboost|p1a: Primeape|spd|1","|-damage|p1a: Primeape|98/238|[from] item: Life Orb","|faint|p2a: Walrein","|","|","|switch|p2a: Staraptor|Staraptor, L76, M|254/254","|turn|13","|","|switch|p1a: Carbink|Carbink, L83|156/219","|move|p2a: Staraptor|U-turn|p1a: Carbink","|-resisted|p1a: Carbink","|-damage|p1a: Carbink|137/219","|-damage|p2a: Staraptor|229/254|[from] item: Life Orb","|","|switch|p2a: Hoopa-Unbound|Hoopa-Unbound, L75|244/244","|","|turn|14","|","|move|p2a: Hoopa-Unbound|Drain Punch|p1a: Carbink","|-damage|p1a: Carbink|91/219","|move|p1a: Carbink|Explosion|p2a: Hoopa-Unbound","|-damage|p2a: Hoopa-Unbound|96/244","|faint|p1a: Carbink","|","|","|switch|p1a: Dugtrio|Dugtrio, L79, M|185/185","|turn|15","|","|move|p2a: Hoopa-Unbound|Drain Punch|p1a: Dugtrio","|-damage|p1a: Dugtrio|81/185","|-heal|p2a: Hoopa-Unbound|148/244|[from] drain|[of] p1a: Dugtrio","|move|p1a: Dugtrio|Earthquake|p2a: Hoopa-Unbound","|-damage|p2a: Hoopa-Unbound|36/244","|","|turn|16","|","|move|p1a: Dugtrio|Sucker Punch|p2a: Hoopa-Unbound","|-damage|p2a: Hoopa-Unbound|0 fnt","|faint|p2a: Hoopa-Unbound","|","|","|switch|p2a: Seismitoad|Seismitoad, L79, F|295/295","|turn|17","|","|move|p1a: Dugtrio|Earthquake|p2a: Seismitoad","|-damage|p2a: Seismitoad|202/295","|move|p2a: Seismitoad|Earthquake|p1a: Dugtrio","|-damage|p1a: Dugtrio|0 fnt","|faint|p1a: Dugtrio","|","|","|switch|p1a: Wormadam|Wormadam, L83, F|107/235","|turn|18","|","|move|p2a: Seismitoad|Sludge Wave|p1a: Wormadam","|-supereffective|p1a: Wormadam","|-damage|p1a: Wormadam|15/235","|move|p1a: Wormadam|Giga Drain|p2a: Seismitoad","|-supereffective|p2a: Seismitoad","|-damage|p2a: Seismitoad|0 fnt","|-heal|p1a: Wormadam|116/235|[from] drain|[of] p2a: Seismitoad","|faint|p2a: Seismitoad","|","|-heal|p1a: Wormadam|130/235|[from] item: Leftovers","|","|switch|p2a: Meowstic|Meowstic, L83, M|259/259","|turn|19","|","|move|p2a: Meowstic|Yawn|p1a: Wormadam","|-start|p1a: Wormadam|move: Yawn|[of] p2a: Meowstic","|move|p1a: Wormadam|Toxic|p2a: Meowstic","|-status|p2a: Meowstic|tox","|","|-heal|p1a: Wormadam|144/235|[from] item: Leftovers","|-damage|p2a: Meowstic|243/259 tox|[from] psn","|turn|20","|","|switch|p1a: Primeape|Primeape, L81, F|98/238","|move|p2a: Meowstic|Psychic|p1a: Primeape","|-supereffective|p1a: Primeape","|-damage|p1a: Primeape|0 fnt","|faint|p1a: Primeape","|","|-damage|p2a: Meowstic|211/259 tox|[from] psn","|","|switch|p1a: Durant|Durant, L79, F|146/221","|turn|21","|","|move|p2a: Meowstic|Heal Bell|p2a: Meowstic","|-cureteam|p2a: Meowstic|[from] move: HealBell","|move|p1a: Durant|Hone Claws|p1a: Durant","|-boost|p1a: Durant|atk|1","|-boost|p1a: Durant|accuracy|1","|","|turn|22","|","|move|p2a: Meowstic|Reflect|p2a: Meowstic","|-sidestart|p2: Nicolasv13|Reflect","|move|p1a: Durant|Hone Claws|p1a: Durant","|-boost|p1a: Durant|atk|1","|-boost|p1a: Durant|accuracy|1","|","|turn|23","|","|move|p2a: Meowstic|Yawn|p1a: Durant","|-start|p1a: Durant|move: Yawn|[of] p2a: Meowstic","|move|p1a: Durant|Baton Pass|p1a: Durant","|","|switch|p1a: Zekrom|Zekrom, L73|266/266","|-ability|p1a: Zekrom|Teravolt","|","|turn|24","|","|move|p2a: Meowstic|Yawn|p1a: Zekrom","|-start|p1a: Zekrom|move: Yawn|[of] p2a: Meowstic","|move|p1a: Zekrom|Bolt Strike|p2a: Meowstic","|-damage|p2a: Meowstic|31/259","|","|turn|25","|","|switch|p1a: Wormadam|Wormadam, L83, F|144/235","|move|p2a: Meowstic|Psychic|p1a: Wormadam","|-damage|p1a: Wormadam|74/235","|","|-heal|p1a: Wormadam|88/235|[from] item: Leftovers","|turn|26","|","|move|p2a: Meowstic|Psychic|p1a: Wormadam","|-damage|p1a: Wormadam|12/235","|move|p1a: Wormadam|Toxic|p2a: Meowstic","|-status|p2a: Meowstic|tox","|","|-heal|p1a: Wormadam|26/235|[from] item: Leftovers","|-damage|p2a: Meowstic|15/259 tox|[from] psn","|turn|27","|","|move|p1a: Wormadam|Protect|p1a: Wormadam","|-singleturn|p1a: Wormadam|Protect","|move|p2a: Meowstic|Psychic|p1a: Wormadam","|-activate|p1a: Wormadam|Protect","|","|-heal|p1a: Wormadam|40/235|[from] item: Leftovers","|-damage|p2a: Meowstic|0 fnt|[from] psn","|faint|p2a: Meowstic","|","|switch|p2a: Staraptor|Staraptor, L76, M|229/254","|turn|28","|","|move|p2a: Staraptor|U-turn|p1a: Wormadam","|-supereffective|p1a: Wormadam","|-damage|p1a: Wormadam|0 fnt","|-damage|p2a: Staraptor|204/254|[from] item: Life Orb","|faint|p1a: Wormadam","|","|","|win|Nicolasv13"],"p1rating":{"entryid":"140350","serverid":"eos","formatid":"randombattle","userid":"slkj","username":"SL Kj","w":"1","l":1,"t":"0","gxe":50,"r":"1500","rd":"130","sigma":"0","rptime":"1439974800","rpr":1500,"rprd":116.77753930647,"rpsigma":"0","acre":1022.1660277196,"lacre":1022.1660277196,"oldacre":"1040"},"p2rating":{"entryid":141114,"formatid":"randombattle","userid":"nicolasv13","username":"Nicolasv13","r":1500,"rd":130,"sigma":0,"rpr":1540.1606143388,"rprd":122.8583080769,"rpsigma":0,"rptime":1439974800,"w":1,"l":0,"t":0,"gxe":55,"acre":1044.584930701,"lacre":1044.584930701,"oldacre":1000},"endType":"forfeit"}