{"seed":[22925,8836,51452,5403],"turns":21,"p1":"estebandido888","p2":"PsychoWolfie","p1team":[{"name":"Vileplume","moves":["sludgebomb","synthesis","gigadrain","aromatherapy"],"ability":"Effect Spore","evs":{"hp":85,"atk":85,"def":85,"spa":85,"spd":85,"spe":85},"ivs":{"hp":31,"atk":31,"def":31,"spa":31,"spd":31,"spe":31},"item":"Focus Sash","level":81,"shiny":false},{"name":"Tentacruel","moves":["protect","sludgebomb","rapidspin","knockoff"],"ability":"Clear Body","evs":{"hp":85,"atk":85,"def":85,"spa":85,"spd":85,"spe":85},"ivs":{"hp":31,"atk":31,"def":31,"spa":31,"spd":31,"spe":31},"item":"Black Sludge","level":77,"shiny":false},{"name":"Steelix","moves":["earthquake","toxic","roar","stealthrock"],"ability":"Rock Head","evs":{"hp":85,"atk":85,"def":85,"spa":85,"spd":85,"spe":85},"ivs":{"hp":31,"atk":31,"def":31,"spa":31,"spd":31,"spe":31},"item":"Steelixite","level":79,"shiny":false},{"name":"Deoxys-Attack","moves":["superpower","psychoboost","icebeam","stealthrock"],"ability":"Pressure","evs":{"hp":85,"atk":85,"def":85,"spa":85,"spd":85,"spe":85},"ivs":{"hp":31,"atk":31,"def":31,"spa":31,"spd":31,"spe":31},"item":"Life Orb","level":73,"shiny":false},{"name":"Stoutland","moves":["return","wildcharge","superpower","icefang"],"ability":"Intimidate","evs":{"hp":85,"atk":85,"def":85,"spa":85,"spd":85,"spe":85},"ivs":{"hp":31,"atk":31,"def":31,"spa":31,"spd":31,"spe":31},"item":"Choice Band","level":83,"shiny":false},{"name":"Gigalith","moves":["superpower","stoneedge","earthquake","explosion"],"ability":"Sturdy","evs":{"hp":85,"atk":85,"def":85,"spa":85,"spd":85,"spe":85},"ivs":{"hp":31,"atk":31,"def":31,"spa":31,"spd":31,"spe":31},"item":"Choice Band","level":83,"shiny":false}],"p2team":[{"name":"Kyurem","moves":["earthpower","outrage","dracometeor","icebeam"],"ability":"Pressure","evs":{"hp":85,"atk":85,"def":85,"spa":85,"spd":85,"spe":85},"ivs":{"hp":31,"atk":31,"def":31,"spa":31,"spd":31,"spe":31},"item":"Expert Belt","level":78,"shiny":false},{"name":"Heatmor","moves":["suckerpunch","knockoff","focusblast","fireblast"],"ability":"Flash Fire","evs":{"hp":85,"atk":85,"def":85,"spa":85,"spd":85,"spe":85},"ivs":{"hp":31,"atk":31,"def":31,"spa":31,"spd":31,"spe":31},"item":"Life Orb","level":83,"shiny":false},{"name":"Delcatty","moves":["thunderwave","fakeout","doubleedge","healbell"],"ability":"Wonder Skin","evs":{"hp":85,"atk":85,"def":85,"spa":85,"spd":85,"spe":85},"ivs":{"hp":31,"atk":31,"def":31,"spa":31,"spd":31,"spe":31},"item":"Leftovers","level":83,"shiny":false},{"name":"Mew","moves":["psyshock","earthpower","nastyplot","willowisp"],"ability":"Synchronize","evs":{"hp":85,"atk":85,"def":85,"spa":85,"spd":85,"spe":85},"ivs":{"hp":31,"atk":31,"def":31,"spa":31,"spd":31,"spe":31},"item":"Leftovers","level":75,"shiny":false},{"name":"Sharpedo","moves":["zenheadbutt","protect","earthquake","waterfall"],"ability":"Speed Boost","evs":{"hp":85,"atk":85,"def":85,"spa":85,"spd":85,"spe":85},"ivs":{"hp":31,"atk":31,"def":31,"spa":31,"spd":31,"spe":31},"item":"Sharpedonite","level":77,"shiny":false},{"name":"Machamp","moves":["knockoff","substitute","dynamicpunch","bulletpunch"],"ability":"No Guard","evs":{"hp":85,"atk":85,"def":85,"spa":85,"spd":85,"spe":85},"ivs":{"hp":31,"atk":31,"def":31,"spa":31,"spd":31,"spe":31},"item":"Leftovers","level":77,"shiny":false}],"log":["|player|p1|estebandido888|266","|player|p2|PsychoWolfie|169","|gametype|singles","|gen|6","|tier|Random Battle","|rated","|rule|Pokemon of the Day: off","|rule|Sleep Clause Mod: Limit one foe put to sleep","|rule|HP Percentage Mod: HP is shown in percentages","|","|start","|switch|p1a: Vileplume|Vileplume, L81, F|254/254","|switch|p2a: Kyurem|Kyurem, L78|323/323","|-ability|p2a: Kyurem|Pressure","|turn|1","|","|move|p2a: Kyurem|Ice Beam|p1a: Vileplume","|-supereffective|p1a: Vileplume","|-damage|p1a: Vileplume|14/254","|move|p1a: Vileplume|Sludge Bomb|p2a: Kyurem","|-damage|p2a: Kyurem|215/323","|-status|p2a: Kyurem|psn","|","|-damage|p2a: Kyurem|175/323 psn|[from] psn","|turn|2","|","|move|p2a: Kyurem|Ice Beam|p1a: Vileplume","|-supereffective|p1a: Vileplume","|-damage|p1a: Vileplume|0 fnt","|faint|p1a: Vileplume","|","|-damage|p2a: Kyurem|135/323 psn|[from] psn","|","|switch|p1a: Gigalith|Gigalith, L83, M|277/277","|turn|3","|","|move|p2a: Kyurem|Earth Power|p1a: Gigalith","|-supereffective|p1a: Gigalith","|-damage|p1a: Gigalith|97/277","|move|p1a: Gigalith|Stone Edge|p2a: Kyurem|[miss]","|-miss|p1a: Gigalith|p2a: Kyurem","|","|-damage|p2a: Kyurem|95/323 psn|[from] psn","|turn|4","|","|move|p2a: Kyurem|Earth Power|p1a: Gigalith","|-supereffective|p1a: Gigalith","|-damage|p1a: Gigalith|0 fnt","|faint|p1a: Gigalith","|","|-damage|p2a: Kyurem|55/323 psn|[from] psn","|","|switch|p1a: Steelix|Steelix, L79, M|248/248","|turn|5","|","|move|p2a: Kyurem|Draco Meteor|p1a: Steelix","|-resisted|p1a: Steelix","|-damage|p1a: Steelix|154/248","|-unboost|p2a: Kyurem|spa|2","|move|p1a: Steelix|Earthquake|p2a: Kyurem","|-damage|p2a: Kyurem|0 fnt","|faint|p2a: Kyurem","|","|","|switch|p2a: Heatmor|Heatmor, L83, M|277/277","|turn|6","|","|move|p2a: Heatmor|Fire Blast|p1a: Steelix","|-supereffective|p1a: Steelix","|-damage|p1a: Steelix|0 fnt","|-damage|p2a: Heatmor|250/277|[from] item: Life Orb","|faint|p1a: Steelix","|","|","|switch|p1a: Tentacruel|Tentacruel, L77, M|250/250","|turn|7","|","|switch|p2a: Delcatty|Delcatty, L83, F|252/252","|move|p1a: Tentacruel|Sludge Bomb|p2a: Delcatty","|-damage|p2a: Delcatty|149/252","|","|-heal|p2a: Delcatty|164/252|[from] item: Leftovers","|turn|8","|","|move|p1a: Tentacruel|Knock Off|p2a: Delcatty","|-damage|p2a: Delcatty|106/252","|-enditem|p2a: Delcatty|Leftovers|[from] move: Knock Off|[of] p1a: Tentacruel","|move|p2a: Delcatty|Thunder Wave|p1a: Tentacruel","|-status|p1a: Tentacruel|par","|","|turn|9","|","|move|p2a: Delcatty|Double-Edge|p1a: Tentacruel","|-damage|p1a: Tentacruel|129/250 par","|-damage|p2a: Delcatty|66/252|[from] recoil|[of] p1a: Tentacruel","|move|p1a: Tentacruel|Rapid Spin|p2a: Delcatty","|-damage|p2a: Delcatty|54/252","|","|-heal|p1a: Tentacruel|144/250 par|[from] item: Black Sludge","|turn|10","|","|move|p2a: Delcatty|Double-Edge|p1a: Tentacruel","|-damage|p1a: Tentacruel|20/250 par","|-damage|p2a: Delcatty|13/252|[from] recoil|[of] p1a: Tentacruel","|move|p1a: Tentacruel|Knock Off|p2a: Delcatty","|-damage|p2a: Delcatty|0 fnt","|faint|p2a: Delcatty","|","|-heal|p1a: Tentacruel|35/250 par|[from] item: Black Sludge","|","|switch|p2a: Machamp|Machamp, L77, F|265/265","|turn|11","|","|move|p2a: Machamp|Bullet Punch|p1a: Tentacruel","|-resisted|p1a: Tentacruel","|-damage|p1a: Tentacruel|14/250 par","|cant|p1a: Tentacruel|par","|","|-heal|p1a: Tentacruel|29/250 par|[from] item: Black Sludge","|turn|12","|","|move|p2a: Machamp|Knock Off|p1a: Tentacruel","|-damage|p1a: Tentacruel|0 fnt","|-enditem|p1a: Tentacruel|Black Sludge|[from] move: Knock Off|[of] p2a: Machamp","|faint|p1a: Tentacruel","|","|","|switch|p1a: Deoxys-Attack|Deoxys-Attack, L73|193/193","|-ability|p1a: Deoxys-Attack|Pressure","|turn|13","|","|move|p1a: Deoxys-Attack|Psycho Boost|p2a: Machamp","|-supereffective|p2a: Machamp","|-damage|p2a: Machamp|0 fnt","|-unboost|p1a: Deoxys-Attack|spa|2","|-damage|p1a: Deoxys-Attack|174/193|[from] item: Life Orb","|faint|p2a: Machamp","|","|","|switch|p2a: Heatmor|Heatmor, L83, M|250/277","|turn|14","|","|switch|p1a: Stoutland|Stoutland, L83, M|277/277","|-ability|p1a: Stoutland|Intimidate","|-unboost|p2a: Heatmor|atk|1","|move|p2a: Heatmor|Knock Off|p1a: Stoutland","|-damage|p1a: Stoutland|222/277","|-enditem|p1a: Stoutland|Choice Band|[from] move: Knock Off|[of] p2a: Heatmor","|-damage|p2a: Heatmor|223/277|[from] item: Life Orb","|","|turn|15","|","|switch|p2a: Sharpedo|Sharpedo, L77, F|234/234","|move|p1a: Stoutland|Wild Charge|p2a: Sharpedo","|-supereffective|p2a: Sharpedo","|-damage|p2a: Sharpedo|0 fnt","|-damage|p1a: Stoutland|163/277|[from] recoil|[of] p2a: Sharpedo","|faint|p2a: Sharpedo","|","|","|switch|p2a: Mew|Mew, L75|274/274","|turn|16","|","|move|p2a: Mew|Earth Power|p1a: Stoutland","|-damage|p1a: Stoutland|110/277","|move|p1a: Stoutland|Ice Fang|p2a: Mew","|-crit|p2a: Mew","|-damage|p2a: Mew|192/274","|","|-heal|p2a: Mew|209/274|[from] item: Leftovers","|turn|17","|","|move|p2a: Mew|Psyshock|p1a: Stoutland","|-damage|p1a: Stoutland|32/277","|move|p1a: Stoutland|Ice Fang|p2a: Mew","|-damage|p2a: Mew|163/274","|","|-heal|p2a: Mew|180/274|[from] item: Leftovers","|turn|18","|","|move|p2a: Mew|Psyshock|p1a: Stoutland","|-damage|p1a: Stoutland|0 fnt","|faint|p1a: Stoutland","|","|-heal|p2a: Mew|197/274|[from] item: Leftovers","|","|switch|p1a: Deoxys-Attack|Deoxys-Attack, L73|174/193","|-ability|p1a: Deoxys-Attack|Pressure","|turn|19","|","|move|p1a: Deoxys-Attack|Ice Beam|p2a: Mew","|-damage|p2a: Mew|87/274","|-damage|p1a: Deoxys-Attack|155/193|[from] item: Life Orb","|move|p2a: Mew|Will-O-Wisp|p1a: Deoxys-Attack","|-status|p1a: Deoxys-Attack|brn","|","|-heal|p2a: Mew|104/274|[from] item: Leftovers","|-damage|p1a: Deoxys-Attack|131/193 brn|[from] brn","|turn|20","|","|move|p1a: Deoxys-Attack|Ice Beam|p2a: Mew","|-damage|p2a: Mew|0 fnt","|-damage|p1a: Deoxys-Attack|112/193 brn|[from] item: Life Orb","|faint|p2a: Mew","|","|-damage|p1a: Deoxys-Attack|88/193 brn|[from] brn","|","|switch|p2a: Heatmor|Heatmor, L83, M|223/277","|turn|21","|","|move|p2a: Heatmor|Sucker Punch|p1a: Deoxys-Attack","|-supereffective|p1a: Deoxys-Attack","|-damage|p1a: Deoxys-Attack|0 fnt","|-damage|p2a: Heatmor|196/277|[from] item: Life Orb","|faint|p1a: Deoxys-Attack","|","|win|PsychoWolfie"],"p1rating":{"entryid":"141534","serverid":"eos","formatid":"randombattle","userid":"estebandido888","username":"estebandido888","w":"1","l":1,"t":"0","gxe":50,"r":"1500","rd":"130","sigma":"0","rptime":"1439974800","rpr":1500,"rprd":116.77753930647,"rpsigma":"0","acre":1026.1748522466,"lacre":1026.1748522466,"oldacre":"1045.1050381556"},"p2rating":{"entryid":142051,"formatid":"randombattle","userid":"psychowolfie","username":"PsychoWolfie","r":1500,"rd":130,"sigma":0,"rpr":1540.1606143388,"rprd":122.8583080769,"rpsigma":0,"rptime":1439974800,"w":1,"l":0,"t":0,"gxe":55,"acre":1045.1639311018,"lacre":1045.1639311018,"oldacre":1000},"endType":"normal"}