{"seed":[39945,55622,59655,31035],"turns":22,"p1":"Nicolasv13","p2":"PsychoWolfie","p1team":[{"name":"Emolga","moves":["substitute","encore","thunderbolt","batonpass"],"ability":"Motor Drive","evs":{"hp":85,"atk":85,"def":85,"spa":85,"spd":85,"spe":85},"ivs":{"hp":31,"atk":31,"def":31,"spa":31,"spd":31,"spe":31},"item":"Leftovers","level":83,"shiny":false},{"name":"Druddigon","moves":["earthquake","firepunch","outrage","stealthrock"],"ability":"Mold Breaker","evs":{"hp":85,"atk":85,"def":85,"spa":85,"spd":85,"spe":85},"ivs":{"hp":31,"atk":31,"def":31,"spa":31,"spd":31,"spe":31},"item":"Life Orb","level":79,"shiny":false},{"name":"Spiritomb","moves":["foulplay","painsplit","darkpulse","willowisp"],"ability":"Infiltrator","evs":{"hp":85,"atk":85,"def":85,"spa":85,"spd":85,"spe":85},"ivs":{"hp":31,"atk":31,"def":31,"spa":31,"spd":31,"spe":31},"item":"Leftovers","level":79,"shiny":false},{"name":"Parasect","moves":["knockoff","substitute","leechseed","xscissor"],"ability":"Dry Skin","evs":{"hp":85,"atk":85,"def":85,"spa":85,"spd":85,"spe":85},"ivs":{"hp":31,"atk":31,"def":31,"spa":31,"spd":31,"spe":31},"item":"Leftovers","level":83,"shiny":false},{"name":"Garchomp","moves":["stoneedge","swordsdance","earthquake","outrage"],"ability":"Rough Skin","evs":{"hp":85,"atk":85,"def":85,"spa":85,"spd":85,"spe":85},"ivs":{"hp":31,"atk":31,"def":31,"spa":31,"spd":31,"spe":31},"item":"Garchompite","level":75,"shiny":false},{"name":"Emboar","moves":["suckerpunch","flareblitz","wildcharge","grassknot"],"ability":"Reckless","evs":{"hp":85,"atk":85,"def":85,"spa":85,"spd":85,"spe":85},"ivs":{"hp":31,"atk":31,"def":31,"spa":31,"spd":31,"spe":31},"item":"Life Orb","level":79,"shiny":false}],"p2team":[{"name":"Regigigas","moves":["return","drainpunch","thunderwave","earthquake"],"ability":"Slow Start","evs":{"hp":85,"atk":85,"def":85,"spa":85,"spd":85,"spe":85},"ivs":{"hp":31,"atk":31,"def":31,"spa":31,"spd":31,"spe":31},"item":"Leftovers","level":83,"shiny":false},{"name":"Cloyster","moves":["toxicspikes","hydropump","iceshard","rockblast"],"ability":"Skill Link","evs":{"hp":81,"atk":89,"def":85,"spa":85,"spd":85,"spe":85},"ivs":{"hp":31,"atk":31,"def":31,"spa":31,"spd":31,"spe":31},"item":"Life Orb","level":77,"shiny":false},{"name":"Victini","moves":["grassknot","zenheadbutt","uturn","blueflare"],"ability":"Victory Star","evs":{"hp":85,"atk":85,"def":85,"spa":85,"spd":85,"spe":85},"ivs":{"hp":31,"atk":31,"def":31,"spa":31,"spd":31,"spe":31},"item":"Assault Vest","level":76,"shiny":false},{"name":"Mr. Mime","moves":["shadowball","psyshock","focusblast","healingwish"],"ability":"Filter","evs":{"hp":85,"atk":85,"def":85,"spa":85,"spd":85,"spe":85},"ivs":{"hp":31,"atk":31,"def":31,"spa":31,"spd":31,"spe":31},"item":"Life Orb","level":83,"shiny":false},{"name":"Ninjask","moves":["protect","substitute","xscissor","batonpass"],"ability":"Speed Boost","evs":{"hp":85,"atk":85,"def":85,"spa":85,"spd":85,"spe":85},"ivs":{"hp":31,"atk":31,"def":31,"spa":31,"spd":31,"spe":31},"item":"Leftovers","level":83,"shiny":false},{"name":"Kyogre","moves":["scald","waterspout","icebeam","thunder"],"ability":"Drizzle","evs":{"hp":85,"atk":85,"def":85,"spa":85,"spd":85,"spe":85},"ivs":{"hp":31,"atk":31,"def":31,"spa":31,"spd":31,"spe":31},"item":"Choice Specs","level":73,"shiny":false}],"log":["|player|p1|Nicolasv13|1","|player|p2|PsychoWolfie|169","|gametype|singles","|gen|6","|tier|Random Battle","|rated","|rule|Pokemon of the Day: off","|rule|Sleep Clause Mod: Limit one foe put to sleep","|rule|HP Percentage Mod: HP is shown in percentages","|","|start","|switch|p1a: Emolga|Emolga, L83, F|227/227","|switch|p2a: Regigigas|Regigigas, L83|318/318","|-start|p2a: Regigigas|Slow Start","|turn|1","|","|move|p1a: Emolga|Thunderbolt|p2a: Regigigas","|-damage|p2a: Regigigas|246/318","|move|p2a: Regigigas|Thunder Wave|p1a: Emolga","|-boost|p1a: Emolga|spe|1|[from] ability: Motor Drive","|","|-heal|p2a: Regigigas|265/318|[from] item: Leftovers","|turn|2","|","|move|p1a: Emolga|Thunderbolt|p2a: Regigigas","|-damage|p2a: Regigigas|201/318","|move|p2a: Regigigas|Return|p1a: Emolga","|-damage|p1a: Emolga|118/227","|","|-heal|p1a: Emolga|132/227|[from] item: Leftovers","|-heal|p2a: Regigigas|220/318|[from] item: Leftovers","|turn|3","|","|move|p1a: Emolga|Thunderbolt|p2a: Regigigas","|-damage|p2a: Regigigas|156/318","|-status|p2a: Regigigas|par","|move|p2a: Regigigas|Earthquake|p1a: Emolga","|-immune|p1a: Emolga|[msg]","|","|-heal|p1a: Emolga|146/227|[from] item: Leftovers","|-heal|p2a: Regigigas|175/318 par|[from] item: Leftovers","|turn|4","|","|move|p1a: Emolga|Thunderbolt|p2a: Regigigas","|-crit|p2a: Regigigas","|-damage|p2a: Regigigas|78/318 par","|cant|p2a: Regigigas|par","|","|-heal|p1a: Emolga|160/227|[from] item: Leftovers","|-heal|p2a: Regigigas|97/318 par|[from] item: Leftovers","|turn|5","|","|move|p1a: Emolga|Thunderbolt|p2a: Regigigas","|-damage|p2a: Regigigas|36/318 par","|move|p2a: Regigigas|Drain Punch|p1a: Emolga","|-resisted|p1a: Emolga","|-damage|p1a: Emolga|133/227","|-heal|p2a: Regigigas|50/318 par|[from] drain|[of] p1a: Emolga","|","|-end|p2a: Regigigas|Slow Start","|-heal|p1a: Emolga|147/227|[from] item: Leftovers","|-heal|p2a: Regigigas|69/318 par|[from] item: Leftovers","|turn|6","|","|move|p1a: Emolga|Thunderbolt|p2a: Regigigas","|-damage|p2a: Regigigas|0 fnt","|faint|p2a: Regigigas","|-end|p2a: Regigigas|Slow Start|[silent]","|","|-heal|p1a: Emolga|161/227|[from] item: Leftovers","|","|-end|p2: Regigigas|Slow Start|[silent]","|switch|p2a: Cloyster|Cloyster, L77, M|203/203","|turn|7","|","|move|p1a: Emolga|Thunderbolt|p2a: Cloyster","|-supereffective|p2a: Cloyster","|-damage|p2a: Cloyster|0 fnt","|faint|p2a: Cloyster","|","|-heal|p1a: Emolga|175/227|[from] item: Leftovers","|","|switch|p2a: Victini|Victini, L76|277/277","|turn|8","|","|move|p1a: Emolga|Thunderbolt|p2a: Victini","|-damage|p2a: Victini|228/277","|-status|p2a: Victini|par","|cant|p2a: Victini|par","|","|-heal|p1a: Emolga|189/227|[from] item: Leftovers","|turn|9","|","|move|p1a: Emolga|Thunderbolt|p2a: Victini","|-damage|p2a: Victini|176/277 par","|cant|p2a: Victini|par","|","|-heal|p1a: Emolga|203/227|[from] item: Leftovers","|turn|10","|","|move|p1a: Emolga|Thunderbolt|p2a: Victini","|-damage|p2a: Victini|125/277 par","|cant|p2a: Victini|par","|","|-heal|p1a: Emolga|217/227|[from] item: Leftovers","|turn|11","|","|move|p1a: Emolga|Thunderbolt|p2a: Victini","|-damage|p2a: Victini|73/277 par","|move|p2a: Victini|Blue Flare|p1a: Emolga","|-damage|p1a: Emolga|73/227","|","|-heal|p1a: Emolga|87/227|[from] item: Leftovers","|turn|12","|","|move|p1a: Emolga|Thunderbolt|p2a: Victini","|-damage|p2a: Victini|24/277 par","|move|p2a: Victini|Zen Headbutt|p1a: Emolga","|-damage|p1a: Emolga|0 fnt","|faint|p1a: Emolga","|","|","|switch|p1a: Garchomp|Garchomp, L75, M|286/286","|turn|13","|","|move|p1a: Garchomp|Outrage|p2a: Victini","|-damage|p2a: Victini|0 fnt","|faint|p2a: Victini","|","|","|switch|p2a: Mr. Mime|Mr. Mime, L83, F|202/202","|turn|14","|","|move|p1a: Garchomp|Outrage|p2a: Mr. Mime|[from]lockedmove","|-immune|p2a: Mr. Mime|[msg]","|move|p2a: Mr. Mime|Focus Blast|p1a: Garchomp","|-damage|p1a: Garchomp|161/286","|-damage|p2a: Mr. Mime|182/202|[from] item: Life Orb","|","|turn|15","|","|detailschange|p1a: Garchomp|Garchomp-Mega, L75, M","|-mega|p1a: Garchomp|Garchomp|Garchompite","|move|p1a: Garchomp|Earthquake|p2a: Mr. Mime","|-damage|p2a: Mr. Mime|0 fnt","|faint|p2a: Mr. Mime","|","|","|switch|p2a: Ninjask|Ninjask, L83, F|237/237","|turn|16","|","|move|p2a: Ninjask|Substitute|p2a: Ninjask","|-start|p2a: Ninjask|Substitute","|-damage|p2a: Ninjask|178/237","|move|p1a: Garchomp|Stone Edge|p2a: Ninjask","|-supereffective|p2a: Ninjask","|-end|p2a: Ninjask|Substitute","|","|-heal|p2a: Ninjask|192/237|[from] item: Leftovers","|-boost|p2a: Ninjask|spe|1|[from] ability: Speed Boost","|turn|17","|","|move|p2a: Ninjask|Substitute|p2a: Ninjask","|-start|p2a: Ninjask|Substitute","|-damage|p2a: Ninjask|133/237","|move|p1a: Garchomp|Stone Edge|p2a: Ninjask","|-supereffective|p2a: Ninjask","|-end|p2a: Ninjask|Substitute","|","|-heal|p2a: Ninjask|147/237|[from] item: Leftovers","|-boost|p2a: Ninjask|spe|1|[from] ability: Speed Boost","|turn|18","|","|move|p2a: Ninjask|Substitute|p2a: Ninjask","|-start|p2a: Ninjask|Substitute","|-damage|p2a: Ninjask|88/237","|move|p1a: Garchomp|Stone Edge|p2a: Ninjask","|-crit|p2a: Ninjask","|-supereffective|p2a: Ninjask","|-end|p2a: Ninjask|Substitute","|","|-heal|p2a: Ninjask|102/237|[from] item: Leftovers","|-boost|p2a: Ninjask|spe|1|[from] ability: Speed Boost","|turn|19","|","|move|p2a: Ninjask|Substitute|p2a: Ninjask","|-start|p2a: Ninjask|Substitute","|-damage|p2a: Ninjask|43/237","|move|p1a: Garchomp|Stone Edge|p2a: Ninjask","|-supereffective|p2a: Ninjask","|-end|p2a: Ninjask|Substitute","|","|-heal|p2a: Ninjask|57/237|[from] item: Leftovers","|-boost|p2a: Ninjask|spe|1|[from] ability: Speed Boost","|turn|20","|","|move|p2a: Ninjask|Baton Pass|p2a: Ninjask","|","|switch|p2a: Kyogre|Kyogre, L73|266/266","|-weather|RainDance","|move|p1a: Garchomp|Stone Edge|p2a: Kyogre","|-damage|p2a: Kyogre|162/266","|","|-weather|RainDance|[upkeep]","|turn|21","|","|move|p2a: Kyogre|Thunder|p1a: Garchomp","|-immune|p1a: Garchomp|[msg]","|move|p1a: Garchomp|Outrage|p2a: Kyogre","|-damage|p2a: Kyogre|0 fnt","|faint|p2a: Kyogre","|","|-weather|RainDance|[upkeep]","|","|switch|p2a: Ninjask|Ninjask, L83, F|57/237","|turn|22","|","|move|p2a: Ninjask|X-Scissor|p1a: Garchomp","|-damage|p1a: Garchomp|86/286","|move|p1a: Garchomp|Outrage|p2a: Ninjask|[from]lockedmove","|-damage|p2a: Ninjask|0 fnt","|-start|p1a: Garchomp|confusion|[fatigue]","|faint|p2a: Ninjask","|","|win|Nicolasv13"],"p1rating":{"entryid":"141114","serverid":"eos","formatid":"randombattle","userid":"nicolasv13","username":"Nicolasv13","w":2,"l":"1","t":"0","gxe":54.2,"r":"1500","rd":"130","sigma":"0","rptime":"1439974800","rpr":1533.0891783611,"rprd":111.51861011339,"rpsigma":"0","acre":1063.9175265152,"lacre":1063.9175265152,"oldacre":"1025.7674024105"},"p2rating":{"entryid":"142051","serverid":"eos","formatid":"randombattle","userid":"psychowolfie","username":"PsychoWolfie","w":"1","l":1,"t":"0","gxe":50,"r":"1500","rd":"130","sigma":"0","rptime":"1439974800","rpr":1500,"rprd":116.77753930647,"rpsigma":"0","acre":1027.4538264373,"lacre":1027.4538264373,"oldacre":"1045.1639311018"},"endType":"normal"}