{"seed":[9218,15151,32729,45241],"turns":19,"p1":"estebandido888","p2":"Nicolasv13","p1team":[{"name":"Lickilicky","moves":["healbell","dragontail","bodyslam","wish"],"ability":"Cloud Nine","evs":{"hp":85,"atk":85,"def":85,"spa":85,"spd":85,"spe":85},"ivs":{"hp":31,"atk":31,"def":31,"spa":31,"spd":31,"spe":31},"item":"Leftovers","level":83,"shiny":false},{"name":"Aurorus","moves":["earthpower","thunderwave","ancientpower","hypervoice"],"ability":"Refrigerate","evs":{"hp":81,"atk":85,"def":85,"spa":89,"spd":85,"spe":85},"ivs":{"hp":31,"atk":31,"def":31,"spa":31,"spd":31,"spe":31},"item":"Leftovers","level":81,"shiny":false},{"name":"Shedinja","moves":["shadowsneak","xscissor","willowisp","swordsdance"],"ability":"Wonder Guard","evs":{"hp":0,"atk":255,"def":0,"spa":85,"spd":0,"spe":85},"ivs":{"hp":31,"atk":31,"def":31,"spa":31,"spd":31,"spe":31},"item":"Focus Sash","level":83,"shiny":false},{"name":"Krookodile","moves":["stoneedge","pursuit","knockoff","stealthrock"],"ability":"Moxie","evs":{"hp":85,"atk":85,"def":85,"spa":85,"spd":85,"spe":85},"ivs":{"hp":31,"atk":31,"def":31,"spa":31,"spd":31,"spe":31},"item":"Life Orb","level":77,"shiny":false},{"name":"Aegislash","moves":["shadowclaw","sacredsword","ironhead","hiddenpowerice"],"ability":"Stance Change","evs":{"hp":85,"atk":85,"def":85,"spa":85,"spd":85,"spe":85},"ivs":{"hp":31,"atk":30,"def":30,"spa":31,"spd":31,"spe":31},"item":"Life Orb","level":74,"shiny":false},{"name":"Gligar","moves":["defog","toxic","stealthrock","earthquake"],"ability":"Immunity","evs":{"hp":85,"atk":85,"def":85,"spa":85,"spd":85,"spe":85},"ivs":{"hp":31,"atk":31,"def":31,"spa":31,"spd":31,"spe":31},"item":"Eviolite","level":77,"shiny":false}],"p2team":[{"name":"Dunsparce","moves":["bite","coil","headbutt","bodyslam"],"ability":"Serene Grace","evs":{"hp":85,"atk":85,"def":85,"spa":85,"spd":85,"spe":85},"ivs":{"hp":31,"atk":31,"def":31,"spa":31,"spd":31,"spe":31},"item":"Life Orb","level":83,"shiny":false},{"name":"Giratina","moves":["willowisp","dragontail","sleeptalk","rest"],"ability":"Pressure","evs":{"hp":85,"atk":85,"def":85,"spa":85,"spd":85,"spe":85},"ivs":{"hp":31,"atk":31,"def":31,"spa":31,"spd":31,"spe":31},"item":"Leftovers","level":73,"shiny":false},{"name":"Aegislash","moves":["ironhead","shadowclaw","sacredsword","hiddenpowerice"],"ability":"Stance Change","evs":{"hp":85,"atk":85,"def":85,"spa":85,"spd":85,"spe":85},"ivs":{"hp":31,"atk":30,"def":30,"spa":31,"spd":31,"spe":31},"item":"Life Orb","level":74,"shiny":false},{"name":"Diancie","moves":["calmmind","moonblast","psyshock","earthpower"],"ability":"Clear Body","evs":{"hp":85,"atk":85,"def":85,"spa":85,"spd":85,"spe":85},"ivs":{"hp":31,"atk":31,"def":31,"spa":31,"spd":31,"spe":31},"item":"Diancite","level":75,"shiny":false},{"name":"Lilligant","moves":["hiddenpowerfire","quiverdance","gigadrain","sleeppowder"],"ability":"Chlorophyll","evs":{"hp":85,"atk":85,"def":85,"spa":85,"spd":85,"spe":85},"ivs":{"hp":31,"atk":30,"def":31,"spa":30,"spd":31,"spe":30},"item":"Leftovers","level":81,"shiny":false},{"name":"Kyurem-Black","moves":["earthpower","outrage","substitute","roost"],"ability":"Teravolt","evs":{"hp":85,"atk":85,"def":85,"spa":85,"spd":85,"spe":85},"ivs":{"hp":31,"atk":31,"def":31,"spa":31,"spd":31,"spe":31},"item":"Leftovers","level":75,"shiny":false}],"log":["|player|p1|estebandido888|266","|player|p2|Nicolasv13|1","|gametype|singles","|gen|6","|tier|Random Battle","|rated","|rule|Pokemon of the Day: off","|rule|Sleep Clause Mod: Limit one foe put to sleep","|rule|HP Percentage Mod: HP is shown in percentages","|","|start","|switch|p1a: Lickilicky|Lickilicky, L83, M|318/318","|switch|p2a: Dunsparce|Dunsparce, L83, F|302/302","|-ability|p1a: Lickilicky|Cloud Nine","|turn|1","|","|move|p1a: Lickilicky|Body Slam|p2a: Dunsparce","|-damage|p2a: Dunsparce|209/302","|-status|p2a: Dunsparce|par","|move|p2a: Dunsparce|Coil|p2a: Dunsparce","|-boost|p2a: Dunsparce|atk|1","|-boost|p2a: Dunsparce|def|1","|-boost|p2a: Dunsparce|accuracy|1","|","|turn|2","|","|move|p1a: Lickilicky|Body Slam|p2a: Dunsparce","|-damage|p2a: Dunsparce|145/302 par","|move|p2a: Dunsparce|Headbutt|p1a: Lickilicky","|-crit|p1a: Lickilicky","|-damage|p1a: Lickilicky|170/318","|-damage|p2a: Dunsparce|115/302 par|[from] item: Life Orb","|","|-heal|p1a: Lickilicky|189/318|[from] item: Leftovers","|turn|3","|","|move|p1a: Lickilicky|Body Slam|p2a: Dunsparce","|-damage|p2a: Dunsparce|49/302 par","|move|p2a: Dunsparce|Body Slam|p1a: Lickilicky","|-damage|p1a: Lickilicky|63/318","|-status|p1a: Lickilicky|par","|-damage|p2a: Dunsparce|19/302 par|[from] item: Life Orb","|","|-heal|p1a: Lickilicky|82/318 par|[from] item: Leftovers","|turn|4","|","|move|p1a: Lickilicky|Body Slam|p2a: Dunsparce","|-damage|p2a: Dunsparce|0 fnt","|faint|p2a: Dunsparce","|","|-heal|p1a: Lickilicky|101/318 par|[from] item: Leftovers","|","|switch|p2a: Aegislash|Aegislash, L74, F|211/211","|turn|5","|","|-formechange|p2a: Aegislash|Aegislash-Blade","|move|p2a: Aegislash|Sacred Sword|p1a: Lickilicky","|-supereffective|p1a: Lickilicky","|-damage|p1a: Lickilicky|0 fnt","|-damage|p2a: Aegislash|190/211|[from] item: Life Orb","|faint|p1a: Lickilicky","|","|","|switch|p1a: Aegislash|Aegislash, L74, F|211/211","|turn|6","|","|-formechange|p1a: Aegislash|Aegislash-Blade","|move|p1a: Aegislash|Sacred Sword|p2a: Aegislash","|-immune|p2a: Aegislash|[msg]","|move|p2a: Aegislash|Hidden Power|p1a: Aegislash","|-resisted|p1a: Aegislash","|-damage|p1a: Aegislash|163/211","|-damage|p2a: Aegislash|169/211|[from] item: Life Orb","|","|turn|7","|","|move|p2a: Aegislash|Shadow Claw|p1a: Aegislash","|-supereffective|p1a: Aegislash","|-damage|p1a: Aegislash|0 fnt","|-damage|p2a: Aegislash|148/211|[from] item: Life Orb","|faint|p1a: Aegislash","|","|","|switch|p1a: Krookodile|Krookodile, L77, F|273/273","|turn|8","|","|move|p1a: Krookodile|Knock Off|p2a: Aegislash","|-crit|p2a: Aegislash","|-supereffective|p2a: Aegislash","|-damage|p2a: Aegislash|0 fnt","|-enditem|p2a: Aegislash|Life Orb|[from] move: Knock Off|[of] p1a: Krookodile","|-damage|p1a: Krookodile|246/273|[from] item: Life Orb","|faint|p2a: Aegislash","|-boost|p1a: Krookodile|atk|1|[from] ability: Moxie","|","|","|switch|p2a: Kyurem-Black|Kyurem-Black, L75|311/311","|-ability|p2a: Kyurem-Black|Teravolt","|turn|9","|","|move|p1a: Krookodile|Knock Off|p2a: Kyurem-Black","|-damage|p2a: Kyurem-Black|103/311","|-enditem|p2a: Kyurem-Black|Leftovers|[from] move: Knock Off|[of] p1a: Krookodile","|-damage|p1a: Krookodile|219/273|[from] item: Life Orb","|move|p2a: Kyurem-Black|Outrage|p1a: Krookodile","|-damage|p1a: Krookodile|23/273","|","|turn|10","|","|move|p1a: Krookodile|Knock Off|p2a: Kyurem-Black","|-damage|p2a: Kyurem-Black|0 fnt","|-damage|p1a: Krookodile|0 fnt|[from] item: Life Orb","|faint|p2a: Kyurem-Black","|faint|p1a: Krookodile","|","|","|switch|p2a: Giratina|Giratina, L73|339/339","|switch|p1a: Aurorus|Aurorus, L81, F|331/331","|-ability|p2a: Giratina|Pressure","|turn|11","|","|move|p2a: Giratina|Sleep Talk|p2a: Giratina","|-fail|p2a: Giratina","|move|p1a: Aurorus|Earth Power|p2a: Giratina","|-damage|p2a: Giratina|282/339","|","|-heal|p2a: Giratina|303/339|[from] item: Leftovers","|turn|12","|","|move|p2a: Giratina|Will-O-Wisp|p1a: Aurorus","|-status|p1a: Aurorus|brn","|move|p1a: Aurorus|Ancient Power|p2a: Giratina","|-damage|p2a: Giratina|248/339","|","|-heal|p2a: Giratina|269/339|[from] item: Leftovers","|-damage|p1a: Aurorus|290/331 brn|[from] brn","|turn|13","|","|move|p2a: Giratina|Sleep Talk|p2a: Giratina","|-fail|p2a: Giratina","|move|p1a: Aurorus|Hyper Voice|p2a: Giratina","|-supereffective|p2a: Giratina","|-damage|p2a: Giratina|57/339","|","|-heal|p2a: Giratina|78/339|[from] item: Leftovers","|-heal|p1a: Aurorus|310/331 brn|[from] item: Leftovers","|-damage|p1a: Aurorus|269/331 brn|[from] brn","|turn|14","|","|move|p2a: Giratina|Rest|p2a: Giratina","|-status|p2a: Giratina|slp","|-heal|p2a: Giratina|339/339 slp|[silent]","|-status|p2a: Giratina|slp|[from] move: Rest","|move|p1a: Aurorus|Hyper Voice|p2a: Giratina","|-supereffective|p2a: Giratina","|-damage|p2a: Giratina|121/339 slp","|","|-heal|p2a: Giratina|142/339 slp|[from] item: Leftovers","|-heal|p1a: Aurorus|289/331 brn|[from] item: Leftovers","|-damage|p1a: Aurorus|248/331 brn|[from] brn","|turn|15","|","|move|p1a: Aurorus|Hyper Voice|p2a: Giratina","|-supereffective|p2a: Giratina","|-damage|p2a: Giratina|0 fnt","|faint|p2a: Giratina","|","|-heal|p1a: Aurorus|268/331 brn|[from] item: Leftovers","|-damage|p1a: Aurorus|227/331 brn|[from] brn","|","|switch|p2a: Lilligant|Lilligant, L81, F|246/246","|turn|16","|","|move|p2a: Lilligant|Giga Drain|p1a: Aurorus","|-supereffective|p1a: Aurorus","|-damage|p1a: Aurorus|75/331 brn","|move|p1a: Aurorus|Hyper Voice|p2a: Lilligant","|-supereffective|p2a: Lilligant","|-damage|p2a: Lilligant|0 fnt","|faint|p2a: Lilligant","|","|-heal|p1a: Aurorus|95/331 brn|[from] item: Leftovers","|-damage|p1a: Aurorus|54/331 brn|[from] brn","|","|switch|p2a: Diancie|Diancie, L75|199/199","|turn|17","|","|move|p1a: Aurorus|Hyper Voice|p2a: Diancie","|-damage|p2a: Diancie|118/199","|move|p2a: Diancie|Earth Power|p1a: Aurorus","|-supereffective|p1a: Aurorus","|-damage|p1a: Aurorus|0 fnt","|faint|p1a: Aurorus","|","|","|switch|p1a: Gligar|Gligar, L77, F|227/227","|turn|18","|","|move|p1a: Gligar|Earthquake|p2a: Diancie","|-supereffective|p2a: Diancie","|-damage|p2a: Diancie|4/199","|move|p2a: Diancie|Psyshock|p1a: Gligar","|-damage|p1a: Gligar|198/227","|","|turn|19","|","|move|p1a: Gligar|Earthquake|p2a: Diancie","|-supereffective|p2a: Diancie","|-damage|p2a: Diancie|0 fnt","|faint|p2a: Diancie","|","|win|estebandido888"],"p1rating":{"entryid":141534,"formatid":"randombattle","userid":"estebandido888","username":"estebandido888","r":1500,"rd":130,"sigma":0,"rpr":1540.1606143388,"rprd":122.8583080769,"rpsigma":0,"rptime":1439974800,"w":1,"l":0,"t":0,"gxe":55,"acre":1045.1050381556,"lacre":1045.1050381556,"oldacre":1000},"p2rating":{"entryid":"141114","serverid":"eos","formatid":"randombattle","userid":"nicolasv13","username":"Nicolasv13","w":"1","l":1,"t":"0","gxe":50,"r":"1500","rd":"130","sigma":"0","rptime":"1439974800","rpr":1500,"rprd":116.77753930647,"rpsigma":"0","acre":1025.7674024105,"lacre":1025.7674024105,"oldacre":"1044.584930701"},"endType":"normal"}