{"seed":[15916,60264,7101,12096],"turns":23,"p1":"Doga","p2":"estebandido888","p1team":[{"name":"Machamp","moves":["icepunch","substitute","knockoff","dynamicpunch"],"ability":"No Guard","evs":{"hp":85,"atk":85,"def":85,"spa":85,"spd":85,"spe":85},"ivs":{"hp":31,"atk":31,"def":31,"spa":31,"spd":31,"spe":31},"item":"Leftovers","level":77,"shiny":false},{"name":"Noctowl","moves":["defog","toxic","nightshade","airslash"],"ability":"Tinted Lens","evs":{"hp":85,"atk":85,"def":85,"spa":85,"spd":85,"spe":85},"ivs":{"hp":31,"atk":31,"def":31,"spa":31,"spd":31,"spe":31},"item":"Leftovers","level":83,"shiny":false},{"name":"Walrein","moves":["substitute","protect","roar","icebeam"],"ability":"Thick Fat","evs":{"hp":85,"atk":85,"def":85,"spa":85,"spd":85,"spe":85},"ivs":{"hp":31,"atk":31,"def":31,"spa":31,"spd":31,"spe":31},"item":"Leftovers","level":83,"shiny":false},{"name":"Swampert","moves":["superpower","raindance","icepunch","waterfall"],"ability":"Torrent","evs":{"hp":85,"atk":85,"def":85,"spa":85,"spd":85,"spe":85},"ivs":{"hp":31,"atk":31,"def":31,"spa":31,"spd":31,"spe":31},"item":"Swampertite","level":77,"shiny":false},{"name":"Kecleon","moves":["fakeout","recover","suckerpunch","shadowsneak"],"ability":"Protean","evs":{"hp":85,"atk":85,"def":85,"spa":85,"spd":85,"spe":85},"ivs":{"hp":31,"atk":31,"def":31,"spa":31,"spd":31,"spe":31},"item":"Life Orb","level":81,"shiny":false},{"name":"Tornadus","moves":["taunt","acrobatics","knockoff","uturn"],"ability":"Prankster","evs":{"hp":85,"atk":85,"def":85,"spa":85,"spd":85,"spe":85},"ivs":{"hp":31,"atk":31,"def":31,"spa":31,"spd":31,"spe":31},"item":"Flying Gem","level":78,"shiny":false}],"p2team":[{"name":"Emboar","moves":["grassknot","wildcharge","flareblitz","superpower"],"ability":"Reckless","evs":{"hp":85,"atk":85,"def":85,"spa":85,"spd":85,"spe":85},"ivs":{"hp":31,"atk":31,"def":31,"spa":31,"spd":31,"spe":31},"item":"Expert Belt","level":79,"shiny":false},{"name":"Eelektross","moves":["gigadrain","flamethrower","superpower","thunderbolt"],"ability":"Levitate","evs":{"hp":85,"atk":85,"def":85,"spa":85,"spd":85,"spe":85},"ivs":{"hp":31,"atk":31,"def":31,"spa":31,"spd":31,"spe":31},"item":"Expert Belt","level":79,"shiny":false},{"name":"Meloetta","moves":["shadowball","hypervoice","calmmind","psyshock"],"ability":"Serene Grace","evs":{"hp":85,"atk":85,"def":85,"spa":85,"spd":85,"spe":85},"ivs":{"hp":31,"atk":31,"def":31,"spa":31,"spd":31,"spe":31},"item":"Leftovers","level":79,"shiny":false},{"name":"Tauros","moves":["earthquake","doubleedge","rockslide","zenheadbutt"],"ability":"Sheer Force","evs":{"hp":85,"atk":85,"def":85,"spa":85,"spd":85,"spe":85},"ivs":{"hp":31,"atk":31,"def":31,"spa":31,"spd":31,"spe":31},"item":"Life Orb","level":81,"shiny":false},{"name":"Kabutops","moves":["swordsdance","knockoff","aquajet","stoneedge"],"ability":"Swift Swim","evs":{"hp":85,"atk":85,"def":85,"spa":85,"spd":85,"spe":85},"ivs":{"hp":31,"atk":31,"def":31,"spa":31,"spd":31,"spe":31},"item":"Life Orb","level":81,"shiny":false},{"name":"Dialga","moves":["dracometeor","stealthrock","toxic","flashcannon"],"ability":"Pressure","evs":{"hp":85,"atk":85,"def":85,"spa":85,"spd":85,"spe":85},"ivs":{"hp":31,"atk":31,"def":31,"spa":31,"spd":31,"spe":31},"item":"Air Balloon","level":73,"shiny":false}],"log":["|player|p1|Doga|274","|player|p2|estebandido888|266","|gametype|singles","|gen|6","|tier|Random Battle","|rated","|rule|Pokemon of the Day: off","|rule|Sleep Clause Mod: Limit one foe put to sleep","|rule|HP Percentage Mod: HP is shown in percentages","|","|start","|switch|p1a: Machamp|Machamp, L77, F|265/265","|switch|p2a: Emboar|Emboar, L79, F|303/303","|turn|1","|","|switch|p2a: Meloetta|Meloetta, L79|288/288","|switch|p1a: Swampert|Swampert, L77, F|281/281","|","|turn|2","|","|switch|p2a: Eelektross|Eelektross, L79, M|264/264","|detailschange|p1a: Swampert|Swampert-Mega, L77, F","|-mega|p1a: Swampert|Swampert|Swampertite","|move|p1a: Swampert|Superpower|p2a: Eelektross","|-damage|p2a: Eelektross|153/264","|-unboost|p1a: Swampert|atk|1","|-unboost|p1a: Swampert|def|1","|","|turn|3","|","|switch|p1a: Noctowl|Noctowl, L83, M|302/302","|move|p2a: Eelektross|Thunderbolt|p1a: Noctowl","|-supereffective|p1a: Noctowl","|-damage|p1a: Noctowl|91/302","|","|-heal|p1a: Noctowl|109/302|[from] item: Leftovers","|turn|4","|","|switch|p1a: Kecleon|Kecleon, L81, M|230/230","|move|p2a: Eelektross|Thunderbolt|p1a: Kecleon","|-damage|p1a: Kecleon|163/230","|","|turn|5","|","|move|p1a: Kecleon|Fake Out|p2a: Eelektross","|-damage|p2a: Eelektross|93/264","|-damage|p1a: Kecleon|140/230|[from] item: Life Orb","|cant|p2a: Eelektross|flinch","|","|turn|6","|","|move|p1a: Kecleon|Sucker Punch|p2a: Eelektross","|-start|p1a: Kecleon|typechange|Dark|[from] Protean","|-damage|p2a: Eelektross|0 fnt","|-damage|p1a: Kecleon|117/230|[from] item: Life Orb","|faint|p2a: Eelektross","|","|","|switch|p2a: Emboar|Emboar, L79, F|303/303","|turn|7","|","|move|p1a: Kecleon|Fake Out|p2a: Emboar","|-start|p1a: Kecleon|typechange|Normal|[from] Protean","|-fail|p1a: Kecleon","|-hint|Fake Out only works on your first turn out.","|move|p2a: Emboar|Superpower|p1a: Kecleon","|-supereffective|p1a: Kecleon","|-damage|p1a: Kecleon|0 fnt","|-unboost|p2a: Emboar|atk|1","|-unboost|p2a: Emboar|def|1","|faint|p1a: Kecleon","|","|","|switch|p1a: Walrein|Walrein, L83, F|318/318","|turn|8","|","|move|p1a: Walrein|Ice Beam|p2a: Emboar","|-resisted|p2a: Emboar","|-damage|p2a: Emboar|246/303","|move|p2a: Emboar|Grass Knot|p1a: Walrein","|-supereffective|p1a: Walrein","|-damage|p1a: Walrein|172/318","|","|-heal|p1a: Walrein|191/318|[from] item: Leftovers","|turn|9","|","|move|p2a: Emboar|Grass Knot|p1a: Walrein","|-supereffective|p1a: Walrein","|-damage|p1a: Walrein|33/318","|move|p1a: Walrein|Roar|p2a: Emboar","|drag|p2a: Meloetta|Meloetta, L79|288/288","|","|-heal|p1a: Walrein|52/318|[from] item: Leftovers","|turn|10","|","|move|p2a: Meloetta|Psyshock|p1a: Walrein","|-damage|p1a: Walrein|0 fnt","|faint|p1a: Walrein","|","|","|switch|p1a: Tornadus|Tornadus, L78, M|251/251","|turn|11","|","|move|p1a: Tornadus|Knock Off|p2a: Meloetta","|-supereffective|p2a: Meloetta","|-damage|p2a: Meloetta|122/288","|-enditem|p2a: Meloetta|Leftovers|[from] move: Knock Off|[of] p1a: Tornadus","|move|p2a: Meloetta|Hyper Voice|p1a: Tornadus","|-damage|p1a: Tornadus|125/251","|","|turn|12","|","|move|p1a: Tornadus|Knock Off|p2a: Meloetta","|-supereffective|p2a: Meloetta","|-damage|p2a: Meloetta|20/288","|move|p2a: Meloetta|Hyper Voice|p1a: Tornadus","|-damage|p1a: Tornadus|0 fnt","|faint|p1a: Tornadus","|","|","|switch|p1a: Noctowl|Noctowl, L83, M|109/302","|turn|13","|","|move|p2a: Meloetta|Hyper Voice|p1a: Noctowl","|-damage|p1a: Noctowl|16/302","|move|p1a: Noctowl|Night Shade|p2a: Meloetta","|-immune|p2a: Meloetta|[msg]","|","|-heal|p1a: Noctowl|34/302|[from] item: Leftovers","|turn|14","|","|move|p2a: Meloetta|Hyper Voice|p1a: Noctowl","|-damage|p1a: Noctowl|0 fnt","|faint|p1a: Noctowl","|","|","|switch|p1a: Swampert|Swampert-Mega, L77, F|281/281","|turn|15","|","|move|p2a: Meloetta|Hyper Voice|p1a: Swampert","|-damage|p1a: Swampert|191/281","|move|p1a: Swampert|Rain Dance|p1a: Swampert","|-weather|RainDance","|","|-weather|RainDance|[upkeep]","|turn|16","|","|move|p1a: Swampert|Waterfall|p2a: Meloetta","|-damage|p2a: Meloetta|0 fnt","|faint|p2a: Meloetta","|","|-weather|RainDance|[upkeep]","|","|switch|p2a: Kabutops|Kabutops, L81, F|230/230","|turn|17","|","|move|p2a: Kabutops|Stone Edge|p1a: Swampert|[miss]","|-miss|p2a: Kabutops|p1a: Swampert","|move|p1a: Swampert|Ice Punch|p2a: Kabutops","|-resisted|p2a: Kabutops","|-damage|p2a: Kabutops|202/230","|","|-weather|RainDance|[upkeep]","|turn|18","|","|move|p2a: Kabutops|Stone Edge|p1a: Swampert","|-resisted|p1a: Swampert","|-damage|p1a: Swampert|129/281","|-damage|p2a: Kabutops|179/230|[from] item: Life Orb","|move|p1a: Swampert|Waterfall|p2a: Kabutops","|-damage|p2a: Kabutops|50/230","|","|-weather|RainDance|[upkeep]","|turn|19","|","|move|p2a: Kabutops|Knock Off|p1a: Swampert","|-damage|p1a: Swampert|69/281","|-damage|p2a: Kabutops|27/230|[from] item: Life Orb","|move|p1a: Swampert|Waterfall|p2a: Kabutops","|-damage|p2a: Kabutops|0 fnt","|faint|p2a: Kabutops","|","|-weather|none","|","|switch|p2a: Tauros|Tauros, L81, M|254/254","|turn|20","|","|move|p2a: Tauros|Zen Headbutt|p1a: Swampert|[miss]","|-miss|p2a: Tauros|p1a: Swampert","|move|p1a: Swampert|Superpower|p2a: Tauros","|-supereffective|p2a: Tauros","|-damage|p2a: Tauros|68/254","|-unboost|p1a: Swampert|atk|1","|-unboost|p1a: Swampert|def|1","|","|turn|21","|","|move|p2a: Tauros|Zen Headbutt|p1a: Swampert","|-damage|p1a: Swampert|0 fnt","|faint|p1a: Swampert","|","|","|switch|p1a: Machamp|Machamp, L77, F|265/265","|turn|22","|","|move|p2a: Tauros|Zen Headbutt|p1a: Machamp","|-supereffective|p1a: Machamp","|-damage|p1a: Machamp|54/265","|move|p1a: Machamp|Knock Off|p2a: Tauros","|-damage|p2a: Tauros|0 fnt","|-enditem|p2a: Tauros|Life Orb|[from] move: Knock Off|[of] p1a: Machamp","|faint|p2a: Tauros","|","|-heal|p1a: Machamp|70/265|[from] item: Leftovers","|","|switch|p2a: Dialga|Dialga, L73|266/266","|-ability|p2a: Dialga|Pressure","|-item|p2a: Dialga|Air Balloon","|turn|23","|","|move|p2a: Dialga|Flash Cannon|p1a: Machamp","|-damage|p1a: Machamp|0 fnt","|faint|p1a: Machamp","|","|win|estebandido888"],"p1rating":{"entryid":"73282","serverid":"eos","formatid":"randombattle","userid":"doga","username":"Doga","w":"8","l":3,"t":"0","gxe":62.2,"r":"1499.5220361665","rd":"106.87621605174","sigma":"0","rptime":"1439974800","rpr":1596.7284534506,"rprd":85.404461854227,"rpsigma":"0","acre":1148.5313254434,"lacre":1148.5313254434,"oldacre":"1179.5690303291"},"p2rating":{"entryid":"141534","serverid":"eos","formatid":"randombattle","userid":"estebandido888","username":"estebandido888","w":4,"l":"1","t":"0","gxe":60.6,"r":"1500","rd":"130","sigma":"0","rptime":"1439974800","rpr":1584.741736767,"rprd":102.64229320419,"rpsigma":"0","acre":1126.13028373,"lacre":1126.13028373,"oldacre":"1093.969551081"},"endType":"normal"}