{"seed":[55513,28807,20637,13789],"turns":27,"p1":"Silver - D'Vorah","p2":"AuremJesus","p1team":[{"name":"Wigglytuff","moves":["hypervoice","stealthrock","fireblast","wish"],"ability":"Competitive","evs":{"hp":85,"atk":85,"def":85,"spa":85,"spd":85,"spe":85},"ivs":{"hp":31,"atk":31,"def":31,"spa":31,"spd":31,"spe":31},"item":"Focus Sash","level":83,"shiny":false},{"name":"Heracross","moves":["closecombat","pinmissile","bulletseed","substitute"],"ability":"Moxie","evs":{"hp":85,"atk":85,"def":85,"spa":85,"spd":85,"spe":85},"ivs":{"hp":31,"atk":31,"def":31,"spa":31,"spd":31,"spe":31},"item":"Heracronite","level":76,"shiny":false},{"name":"Reuniclus","moves":["calmmind","focusblast","psychic","shadowball"],"ability":"Regenerator","evs":{"hp":85,"atk":85,"def":85,"spa":85,"spd":85,"spe":85},"ivs":{"hp":31,"atk":31,"def":31,"spa":31,"spd":31,"spe":31},"item":"Life Orb","level":77,"shiny":false},{"name":"Yanmega","moves":["protect","gigadrain","airslash","uturn"],"ability":"Speed Boost","evs":{"hp":81,"atk":85,"def":85,"spa":89,"spd":85,"spe":85},"ivs":{"hp":31,"atk":31,"def":31,"spa":31,"spd":31,"spe":31},"item":"Life Orb","level":78,"shiny":false},{"name":"Mamoswine","moves":["iceshard","stealthrock","earthquake","superpower"],"ability":"Thick Fat","evs":{"hp":85,"atk":85,"def":85,"spa":85,"spd":85,"spe":85},"ivs":{"hp":31,"atk":31,"def":31,"spa":31,"spd":31,"spe":31},"item":"Life Orb","level":77,"shiny":false},{"name":"Linoone","moves":["seedbomb","extremespeed","shadowclaw","bellydrum"],"ability":"Quick Feet","evs":{"hp":81,"atk":89,"def":85,"spa":85,"spd":85,"spe":85},"ivs":{"hp":31,"atk":31,"def":31,"spa":31,"spd":31,"spe":31},"item":"Sitrus Berry","level":83,"shiny":false}],"p2team":[{"name":"Bellossom","moves":["synthesis","hiddenpowerfire","sleeppowder","gigadrain"],"ability":"Chlorophyll","evs":{"hp":85,"atk":85,"def":85,"spa":85,"spd":85,"spe":85},"ivs":{"hp":31,"atk":30,"def":31,"spa":30,"spd":31,"spe":30},"item":"Focus Sash","level":83,"shiny":false},{"name":"Granbull","moves":["playrough","thunderwave","healbell","earthquake"],"ability":"Intimidate","evs":{"hp":85,"atk":85,"def":85,"spa":85,"spd":85,"spe":85},"ivs":{"hp":31,"atk":31,"def":31,"spa":31,"spd":31,"spe":31},"item":"Leftovers","level":81,"shiny":false},{"name":"Fearow","moves":["drillrun","drillpeck","pursuit","return"],"ability":"Sniper","evs":{"hp":81,"atk":89,"def":85,"spa":85,"spd":85,"spe":85},"ivs":{"hp":31,"atk":31,"def":31,"spa":31,"spd":31,"spe":31},"item":"Choice Band","level":83,"shiny":false},{"name":"Nidoqueen","moves":["sludgewave","earthpower","fireblast","stealthrock"],"ability":"Sheer Force","evs":{"hp":85,"atk":85,"def":85,"spa":85,"spd":85,"spe":85},"ivs":{"hp":31,"atk":31,"def":31,"spa":31,"spd":31,"spe":31},"item":"Life Orb","level":77,"shiny":false},{"name":"Deoxys-Attack","moves":["extremespeed","knockoff","icebeam","psychoboost"],"ability":"Pressure","evs":{"hp":85,"atk":85,"def":85,"spa":85,"spd":85,"spe":85},"ivs":{"hp":31,"atk":31,"def":31,"spa":31,"spd":31,"spe":31},"item":"Life Orb","level":73,"shiny":false},{"name":"Sigilyph","moves":["psychoshift","cosmicpower","roost","storedpower"],"ability":"Magic Guard","evs":{"hp":85,"atk":85,"def":85,"spa":85,"spd":85,"spe":85},"ivs":{"hp":31,"atk":31,"def":31,"spa":31,"spd":31,"spe":31},"item":"Flame Orb","level":79,"shiny":false}],"log":["|player|p1|Silver - D'Vorah|silverdvorah.gif","|player|p2|AuremJesus|170","|gametype|singles","|gen|6","|tier|Random Battle","|rated","|rule|Pokemon of the Day: off","|rule|Sleep Clause Mod: Limit one foe put to sleep","|rule|HP Percentage Mod: HP is shown in percentages","|","|start","|switch|p1a: Wigglytuff|Wigglytuff, L83, F|368/368","|switch|p2a: Bellossom|Bellossom, L83, M|260/260","|turn|1","|","|move|p2a: Bellossom|Sleep Powder|p1a: Wigglytuff","|-status|p1a: Wigglytuff|slp","|cant|p1a: Wigglytuff|slp","|","|turn|2","|","|switch|p2a: Nidoqueen|Nidoqueen, L77, F|265/265","|switch|p1a: Heracross|Heracross, L76, F|247/247","|","|turn|3","|","|switch|p2a: Fearow|Fearow, L83, F|243/243","|detailschange|p1a: Heracross|Heracross-Mega, L76, F","|-mega|p1a: Heracross|Heracross|Heracronite","|move|p1a: Heracross|Substitute|p1a: Heracross","|-start|p1a: Heracross|Substitute","|-damage|p1a: Heracross|186/247","|","|turn|4","|","|move|p2a: Fearow|Drill Peck|p1a: Heracross","|-supereffective|p1a: Heracross","|-end|p1a: Heracross|Substitute","|move|p1a: Heracross|Close Combat|p2a: Fearow","|-damage|p2a: Fearow|14/243","|-unboost|p1a: Heracross|def|1","|-unboost|p1a: Heracross|spd|1","|","|turn|5","|","|switch|p1a: Mamoswine|Mamoswine, L77, F|296/296","|move|p2a: Fearow|Drill Peck|p1a: Mamoswine","|-damage|p1a: Mamoswine|158/296","|","|turn|6","|","|switch|p2a: Granbull|Granbull, L81, F|278/278","|-ability|p2a: Granbull|Intimidate","|-unboost|p1a: Mamoswine|atk|1","|move|p1a: Mamoswine|Ice Shard|p2a: Granbull","|-crit|p2a: Granbull","|-damage|p2a: Granbull|171/278","|-damage|p1a: Mamoswine|129/296|[from] item: Life Orb","|","|-heal|p2a: Granbull|188/278|[from] item: Leftovers","|turn|7","|","|switch|p1a: Yanmega|Yanmega, L78, F|261/261","|move|p2a: Granbull|Play Rough|p1a: Yanmega","|-damage|p1a: Yanmega|155/261","|","|-heal|p2a: Granbull|205/278|[from] item: Leftovers","|turn|8","|","|move|p1a: Yanmega|Protect|p1a: Yanmega","|-singleturn|p1a: Yanmega|Protect","|move|p2a: Granbull|Thunder Wave|p1a: Yanmega","|-activate|p1a: Yanmega|Protect","|","|-heal|p2a: Granbull|222/278|[from] item: Leftovers","|-boost|p1a: Yanmega|spe|1|[from] ability: Speed Boost","|turn|9","|","|move|p1a: Yanmega|Air Slash|p2a: Granbull","|-damage|p2a: Granbull|89/278","|-damage|p1a: Yanmega|129/261|[from] item: Life Orb","|move|p2a: Granbull|Thunder Wave|p1a: Yanmega","|-status|p1a: Yanmega|par","|","|-heal|p2a: Granbull|106/278|[from] item: Leftovers","|-boost|p1a: Yanmega|spe|1|[from] ability: Speed Boost","|turn|10","|","|move|p2a: Granbull|Play Rough|p1a: Yanmega","|-damage|p1a: Yanmega|23/261 par","|move|p1a: Yanmega|Giga Drain|p2a: Granbull","|-damage|p2a: Granbull|3/278","|-heal|p1a: Yanmega|75/261 par|[from] drain|[of] p2a: Granbull","|-damage|p1a: Yanmega|49/261 par|[from] item: Life Orb","|","|-heal|p2a: Granbull|20/278|[from] item: Leftovers","|-boost|p1a: Yanmega|spe|1|[from] ability: Speed Boost","|turn|11","|","|move|p1a: Yanmega|Air Slash|p2a: Granbull","|-damage|p2a: Granbull|0 fnt","|-damage|p1a: Yanmega|23/261 par|[from] item: Life Orb","|faint|p2a: Granbull","|","|-boost|p1a: Yanmega|spe|1|[from] ability: Speed Boost","|","|switch|p2a: Fearow|Fearow, L83, F|14/243","|turn|12","|","|move|p2a: Fearow|Drill Peck|p1a: Yanmega","|-supereffective|p1a: Yanmega","|-damage|p1a: Yanmega|0 fnt","|faint|p1a: Yanmega","|","|","|switch|p1a: Linoone|Linoone, L83, M|264/264","|turn|13","|","|move|p2a: Fearow|Drill Peck|p1a: Linoone","|-damage|p1a: Linoone|114/264","|-enditem|p1a: Linoone|Sitrus Berry|[eat]","|-heal|p1a: Linoone|180/264|[from] item: Sitrus Berry","|move|p1a: Linoone|Belly Drum|p1a: Linoone","|-damage|p1a: Linoone|48/264","|-setboost|p1a: Linoone|atk|6|[from] move: Belly Drum","|","|turn|14","|","|move|p1a: Linoone|Extreme Speed|p2a: Fearow","|-damage|p2a: Fearow|0 fnt","|faint|p2a: Fearow","|","|","|switch|p2a: Deoxys-Attack|Deoxys-Attack, L73|193/193","|-ability|p2a: Deoxys-Attack|Pressure","|turn|15","|","|move|p2a: Deoxys-Attack|Extreme Speed|p1a: Linoone","|-crit|p1a: Linoone","|-damage|p1a: Linoone|0 fnt","|-damage|p2a: Deoxys-Attack|174/193|[from] item: Life Orb","|faint|p1a: Linoone","|","|","|switch|p1a: Mamoswine|Mamoswine, L77, F|129/296","|turn|16","|","|move|p1a: Mamoswine|Ice Shard|p2a: Deoxys-Attack","|-damage|p2a: Deoxys-Attack|18/193","|-damage|p1a: Mamoswine|100/296|[from] item: Life Orb","|move|p2a: Deoxys-Attack|Psycho Boost|p1a: Mamoswine","|-damage|p1a: Mamoswine|0 fnt","|-unboost|p2a: Deoxys-Attack|spa|2","|-damage|p2a: Deoxys-Attack|0 fnt|[from] item: Life Orb","|faint|p1a: Mamoswine","|faint|p2a: Deoxys-Attack","|","|","|switch|p2a: Nidoqueen|Nidoqueen, L77, F|265/265","|switch|p1a: Heracross|Heracross-Mega, L76, F|186/247","|turn|17","|","|move|p2a: Nidoqueen|Sludge Wave|p1a: Heracross","|-damage|p1a: Heracross|79/247","|move|p1a: Heracross|Bullet Seed|p2a: Nidoqueen","|-damage|p2a: Nidoqueen|237/265","|-damage|p2a: Nidoqueen|210/265","|-damage|p2a: Nidoqueen|181/265","|-damage|p2a: Nidoqueen|155/265","|-damage|p2a: Nidoqueen|129/265","|-hitcount|p2a: Nidoqueen|5","|","|turn|18","|","|switch|p1a: Reuniclus|Reuniclus, L77, M|296/296","|move|p2a: Nidoqueen|Sludge Wave|p1a: Reuniclus","|-damage|p1a: Reuniclus|158/296","|","|turn|19","|","|switch|p2a: Sigilyph|Sigilyph, L79, M|243/243","|move|p1a: Reuniclus|Psychic|p2a: Sigilyph","|-resisted|p2a: Sigilyph","|-damage|p2a: Sigilyph|166/243","|-damage|p1a: Reuniclus|129/296|[from] item: Life Orb","|","|-status|p2a: Sigilyph|brn|[from] item: Flame Orb","|turn|20","|","|move|p2a: Sigilyph|Cosmic Power|p2a: Sigilyph","|-boost|p2a: Sigilyph|def|1","|-boost|p2a: Sigilyph|spd|1","|move|p1a: Reuniclus|Calm Mind|p1a: Reuniclus","|-boost|p1a: Reuniclus|spa|1","|-boost|p1a: Reuniclus|spd|1","|","|turn|21","|","|move|p2a: Sigilyph|Cosmic Power|p2a: Sigilyph","|-boost|p2a: Sigilyph|def|1","|-boost|p2a: Sigilyph|spd|1","|move|p1a: Reuniclus|Shadow Ball|p2a: Sigilyph","|-supereffective|p2a: Sigilyph","|-damage|p2a: Sigilyph|33/243 brn","|-damage|p1a: Reuniclus|100/296|[from] item: Life Orb","|","|turn|22","|","|move|p2a: Sigilyph|Stored Power|p1a: Reuniclus","|-resisted|p1a: Reuniclus","|-damage|p1a: Reuniclus|61/296","|move|p1a: Reuniclus|Calm Mind|p1a: Reuniclus","|-boost|p1a: Reuniclus|spa|1","|-boost|p1a: Reuniclus|spd|1","|","|turn|23","|","|move|p2a: Sigilyph|Stored Power|p1a: Reuniclus","|-resisted|p1a: Reuniclus","|-damage|p1a: Reuniclus|33/296","|move|p1a: Reuniclus|Shadow Ball|p2a: Sigilyph","|-supereffective|p2a: Sigilyph","|-damage|p2a: Sigilyph|0 fnt","|-damage|p1a: Reuniclus|4/296|[from] item: Life Orb","|faint|p2a: Sigilyph","|","|","|switch|p2a: Nidoqueen|Nidoqueen, L77, F|129/265","|turn|24","|","|move|p2a: Nidoqueen|Sludge Wave|p1a: Reuniclus","|-damage|p1a: Reuniclus|0 fnt","|faint|p1a: Reuniclus","|","|","|switch|p1a: Wigglytuff|Wigglytuff, L83, F|368/368 slp","|turn|25","|","|move|p2a: Nidoqueen|Sludge Wave|p1a: Wigglytuff","|-supereffective|p1a: Wigglytuff","|-enditem|p1a: Wigglytuff|Focus Sash","|-damage|p1a: Wigglytuff|1/368 slp","|-curestatus|p1a: Wigglytuff|slp","|move|p1a: Wigglytuff|Hyper Voice|p2a: Nidoqueen","|-damage|p2a: Nidoqueen|36/265","|","|turn|26","|","|move|p2a: Nidoqueen|Sludge Wave|p1a: Wigglytuff","|-supereffective|p1a: Wigglytuff","|-damage|p1a: Wigglytuff|0 fnt","|faint|p1a: Wigglytuff","|","|","|switch|p1a: Heracross|Heracross-Mega, L76, F|79/247","|turn|27","|","|move|p2a: Nidoqueen|Sludge Wave|p1a: Heracross","|-damage|p1a: Heracross|0 fnt","|faint|p1a: Heracross","|","|win|AuremJesus"],"p1rating":{"entryid":130082,"formatid":"randombattle","userid":"silverdvorah","username":"Silver - D'Vorah","r":1500,"rd":130,"sigma":0,"rpr":1459.8393856612,"rprd":122.8583080769,"rpsigma":0,"rptime":1439974800,"w":0,"l":1,"t":0,"gxe":45,"acre":1000,"lacre":1000,"oldacre":1000},"p2rating":{"entryid":"117481","serverid":"eos","formatid":"randombattle","userid":"auremjesus","username":"AuremJesus","w":2,"l":"0","t":"0","gxe":59,"r":"1500","rd":"130","sigma":"0","rptime":"1439974800","rpr":1572.5671258289,"rprd":116.77753930647,"rpsigma":"0","acre":1072.232215906,"lacre":1072.232215906,"oldacre":"1042.7587155781"},"endType":"normal"}