{"seed":[21544,8981,13676,15284],"turns":22,"p1":"Doga","p2":"Cratias","p1team":[{"name":"Ho-Oh","moves":["roost","bravebird","sacredfire","flamecharge"],"ability":"Regenerator","evs":{"hp":85,"atk":85,"def":85,"spa":85,"spd":85,"spe":85},"ivs":{"hp":31,"atk":31,"def":31,"spa":31,"spd":31,"spe":31},"item":"Leftovers","level":73,"shiny":false},{"name":"Slurpuff","moves":["surf","calmmind","flamethrower","drainingkiss"],"ability":"Unburden","evs":{"hp":85,"atk":85,"def":85,"spa":85,"spd":85,"spe":85},"ivs":{"hp":31,"atk":31,"def":31,"spa":31,"spd":31,"spe":31},"item":"Sitrus Berry","level":77,"shiny":false},{"name":"Seaking","moves":["knockoff","scald","megahorn","drillrun"],"ability":"Lightning Rod","evs":{"hp":85,"atk":85,"def":85,"spa":85,"spd":85,"spe":85},"ivs":{"hp":31,"atk":31,"def":31,"spa":31,"spd":31,"spe":31},"item":"Expert Belt","level":83,"shiny":false},{"name":"Cradily","moves":["recover","gigadrain","rockslide","stealthrock"],"ability":"Storm Drain","evs":{"hp":85,"atk":85,"def":85,"spa":85,"spd":85,"spe":85},"ivs":{"hp":31,"atk":31,"def":31,"spa":31,"spd":31,"spe":31},"item":"Leftovers","level":81,"shiny":false},{"name":"Garchomp","moves":["dracometeor","earthquake","outrage","fireblast"],"ability":"Rough Skin","evs":{"hp":85,"atk":85,"def":85,"spa":85,"spd":85,"spe":85},"ivs":{"hp":31,"atk":31,"def":31,"spa":31,"spd":31,"spe":31},"item":"Garchompite","level":75,"shiny":false},{"name":"Uxie","moves":["healbell","psychic","thunderwave","knockoff"],"ability":"Levitate","evs":{"hp":85,"atk":85,"def":85,"spa":85,"spd":85,"spe":85},"ivs":{"hp":31,"atk":31,"def":31,"spa":31,"spd":31,"spe":31},"item":"Leftovers","level":79,"shiny":false}],"p2team":[{"name":"Arcanine","moves":["morningsun","roar","closecombat","flareblitz"],"ability":"Flash Fire","evs":{"hp":85,"atk":85,"def":85,"spa":85,"spd":85,"spe":85},"ivs":{"hp":31,"atk":31,"def":31,"spa":31,"spd":31,"spe":31},"item":"Leftovers","level":77,"shiny":false},{"name":"Banette","moves":["knockoff","taunt","shadowclaw","suckerpunch"],"ability":"Cursed Body","evs":{"hp":85,"atk":85,"def":85,"spa":85,"spd":85,"spe":85},"ivs":{"hp":31,"atk":31,"def":31,"spa":31,"spd":31,"spe":31},"item":"Banettite","level":79,"shiny":false},{"name":"Rotom-Mow","moves":["thunderbolt","leafstorm","painsplit","willowisp"],"ability":"Levitate","evs":{"hp":85,"atk":85,"def":85,"spa":85,"spd":85,"spe":85},"ivs":{"hp":31,"atk":31,"def":31,"spa":31,"spd":31,"spe":31},"item":"Leftovers","level":79,"shiny":false},{"name":"Venusaur","moves":["sludgebomb","sleeppowder","substitute","gigadrain"],"ability":"Overgrow","evs":{"hp":85,"atk":85,"def":85,"spa":85,"spd":85,"spe":85},"ivs":{"hp":31,"atk":31,"def":31,"spa":31,"spd":31,"spe":31},"item":"Black Sludge","level":79,"shiny":false},{"name":"Jynx","moves":["icebeam","trick","substitute","psyshock"],"ability":"Dry Skin","evs":{"hp":85,"atk":85,"def":85,"spa":85,"spd":85,"spe":85},"ivs":{"hp":31,"atk":31,"def":31,"spa":31,"spd":31,"spe":31},"item":"Choice Scarf","level":81,"shiny":false},{"name":"Hydreigon","moves":["dracometeor","superpower","roost","flashcannon"],"ability":"Levitate","evs":{"hp":85,"atk":85,"def":85,"spa":85,"spd":85,"spe":85},"ivs":{"hp":31,"atk":31,"def":31,"spa":31,"spd":31,"spe":31},"item":"Life Orb","level":77,"shiny":false}],"log":["|player|p1|Doga|274","|player|p2|Cratias|2","|gametype|singles","|gen|6","|tier|Random Battle","|rated","|rule|Pokemon of the Day: off","|rule|Sleep Clause Mod: Limit one foe put to sleep","|rule|HP Percentage Mod: HP is shown in percentages","|","|start","|switch|p1a: Ho-Oh|Ho-Oh, L73|275/275","|switch|p2a: Arcanine|Arcanine, L77, F|265/265","|turn|1","|","|switch|p2a: Hydreigon|Hydreigon, L77, M|268/268","|move|p1a: Ho-Oh|Brave Bird|p2a: Hydreigon","|-damage|p2a: Hydreigon|145/268","|-damage|p1a: Ho-Oh|234/275|[from] recoil|[of] p2a: Hydreigon","|","|-heal|p1a: Ho-Oh|251/275|[from] item: Leftovers","|turn|2","|","|move|p2a: Hydreigon|Draco Meteor|p1a: Ho-Oh","|-damage|p1a: Ho-Oh|109/275","|-unboost|p2a: Hydreigon|spa|2","|-damage|p2a: Hydreigon|119/268|[from] item: Life Orb","|move|p1a: Ho-Oh|Brave Bird|p2a: Hydreigon","|-damage|p2a: Hydreigon|0 fnt","|-damage|p1a: Ho-Oh|70/275|[from] recoil|[of] p2a: Hydreigon","|faint|p2a: Hydreigon","|","|-heal|p1a: Ho-Oh|87/275|[from] item: Leftovers","|","|switch|p2a: Rotom-Mow|Rotom-Mow, L79|209/209","|turn|3","|","|switch|p1a: Seaking|Seaking, L83, M|268/268","|move|p2a: Rotom-Mow|Thunderbolt|p1a: Seaking","|-boost|p1a: Seaking|spa|1|[from] ability: Lightning Rod","|","|turn|4","|","|move|p2a: Rotom-Mow|Leaf Storm|p1a: Seaking","|-supereffective|p1a: Seaking","|-damage|p1a: Seaking|10/268","|-unboost|p2a: Rotom-Mow|spa|2","|move|p1a: Seaking|Drill Run|p2a: Rotom-Mow","|-immune|p2a: Rotom-Mow|[msg]","|","|turn|5","|","|move|p2a: Rotom-Mow|Will-O-Wisp|p1a: Seaking","|-status|p1a: Seaking|brn","|move|p1a: Seaking|Knock Off|p2a: Rotom-Mow","|-damage|p2a: Rotom-Mow|179/209","|-enditem|p2a: Rotom-Mow|Leftovers|[from] move: Knock Off|[of] p1a: Seaking","|","|-damage|p1a: Seaking|0 fnt|[from] brn","|faint|p1a: Seaking","|","|switch|p1a: Uxie|Uxie, L79|248/248","|turn|6","|","|move|p1a: Uxie|Knock Off|p2a: Rotom-Mow","|-damage|p2a: Rotom-Mow|148/209","|move|p2a: Rotom-Mow|Thunderbolt|p1a: Uxie","|-damage|p1a: Uxie|214/248","|","|-heal|p1a: Uxie|229/248|[from] item: Leftovers","|turn|7","|","|move|p1a: Uxie|Psychic|p2a: Rotom-Mow","|-damage|p2a: Rotom-Mow|82/209","|move|p2a: Rotom-Mow|Will-O-Wisp|p1a: Uxie","|-status|p1a: Uxie|brn","|","|-heal|p1a: Uxie|244/248 brn|[from] item: Leftovers","|-damage|p1a: Uxie|213/248 brn|[from] brn","|turn|8","|","|move|p1a: Uxie|Heal Bell|p1a: Uxie","|-cureteam|p1a: Uxie|[from] move: HealBell","|move|p2a: Rotom-Mow|Pain Split|p1a: Uxie","|-sethp|p1a: Uxie|147/248|p2a: Rotom-Mow|147/209|[from] move: Pain Split","|","|-heal|p1a: Uxie|162/248|[from] item: Leftovers","|turn|9","|","|move|p1a: Uxie|Psychic|p2a: Rotom-Mow","|-damage|p2a: Rotom-Mow|80/209","|move|p2a: Rotom-Mow|Leaf Storm|p1a: Uxie|[miss]","|-miss|p2a: Rotom-Mow|p1a: Uxie","|","|-heal|p1a: Uxie|177/248|[from] item: Leftovers","|turn|10","|","|move|p1a: Uxie|Psychic|p2a: Rotom-Mow","|-damage|p2a: Rotom-Mow|14/209","|move|p2a: Rotom-Mow|Thunderbolt|p1a: Uxie","|-damage|p1a: Uxie|141/248","|","|-heal|p1a: Uxie|156/248|[from] item: Leftovers","|turn|11","|","|move|p1a: Uxie|Psychic|p2a: Rotom-Mow","|-damage|p2a: Rotom-Mow|0 fnt","|faint|p2a: Rotom-Mow","|","|-heal|p1a: Uxie|171/248|[from] item: Leftovers","|","|switch|p2a: Banette|Banette, L79, M|231/231","|turn|12","|","|move|p1a: Uxie|Psychic|p2a: Banette","|-damage|p2a: Banette|143/231","|move|p2a: Banette|Shadow Claw|p1a: Uxie","|-supereffective|p1a: Uxie","|-damage|p1a: Uxie|49/248","|","|-heal|p1a: Uxie|64/248|[from] item: Leftovers","|turn|13","|","|move|p2a: Banette|Sucker Punch|p1a: Uxie","|-fail|p2a: Banette","|move|p1a: Uxie|Thunder Wave|p2a: Banette","|-status|p2a: Banette|par","|","|-heal|p1a: Uxie|79/248|[from] item: Leftovers","|turn|14","|","|move|p1a: Uxie|Knock Off|p2a: Banette","|-supereffective|p2a: Banette","|-damage|p2a: Banette|45/231 par","|cant|p2a: Banette|par","|","|-heal|p1a: Uxie|94/248|[from] item: Leftovers","|turn|15","|","|switch|p2a: Jynx|Jynx, L81, F|238/238","|move|p1a: Uxie|Knock Off|p2a: Jynx","|-supereffective|p2a: Jynx","|-damage|p2a: Jynx|36/238","|-enditem|p2a: Jynx|Choice Scarf|[from] move: Knock Off|[of] p1a: Uxie","|","|-heal|p1a: Uxie|109/248|[from] item: Leftovers","|turn|16","|","|move|p2a: Jynx|Ice Beam|p1a: Uxie","|-damage|p1a: Uxie|22/248","|move|p1a: Uxie|Knock Off|p2a: Jynx","|-supereffective|p2a: Jynx","|-damage|p2a: Jynx|0 fnt","|faint|p2a: Jynx","|","|-heal|p1a: Uxie|37/248|[from] item: Leftovers","|","|switch|p2a: Banette|Banette, L79, M|45/231 par","|turn|17","|","|move|p1a: Uxie|Knock Off|p2a: Banette","|-supereffective|p2a: Banette","|-damage|p2a: Banette|0 fnt","|faint|p2a: Banette","|","|-heal|p1a: Uxie|52/248|[from] item: Leftovers","|","|switch|p2a: Arcanine|Arcanine, L77, F|265/265","|turn|18","|","|move|p1a: Uxie|Thunder Wave|p2a: Arcanine","|-status|p2a: Arcanine|par","|move|p2a: Arcanine|Flare Blitz|p1a: Uxie","|-damage|p1a: Uxie|0 fnt","|-damage|p2a: Arcanine|248/265 par|[from] recoil|[of] p1a: Uxie","|faint|p1a: Uxie","|","|-heal|p2a: Arcanine|264/265 par|[from] item: Leftovers","|","|switch|p1a: Ho-Oh|Ho-Oh, L73|178/275","|turn|19","|","|move|p1a: Ho-Oh|Brave Bird|p2a: Arcanine","|-damage|p2a: Arcanine|117/265 par","|-damage|p1a: Ho-Oh|129/275|[from] recoil|[of] p2a: Arcanine","|move|p2a: Arcanine|Close Combat|p1a: Ho-Oh","|-crit|p1a: Ho-Oh","|-resisted|p1a: Ho-Oh","|-damage|p1a: Ho-Oh|65/275","|-unboost|p2a: Arcanine|def|1","|-unboost|p2a: Arcanine|spd|1","|","|-heal|p1a: Ho-Oh|82/275|[from] item: Leftovers","|-heal|p2a: Arcanine|133/265 par|[from] item: Leftovers","|turn|20","|","|move|p1a: Ho-Oh|Brave Bird|p2a: Arcanine","|-crit|p2a: Arcanine","|-damage|p2a: Arcanine|0 fnt","|-damage|p1a: Ho-Oh|38/275|[from] recoil|[of] p2a: Arcanine","|faint|p2a: Arcanine","|","|-heal|p1a: Ho-Oh|55/275|[from] item: Leftovers","|","|switch|p2a: Venusaur|Venusaur, L79, F|256/256","|turn|21","|","|move|p1a: Ho-Oh|Sacred Fire|p2a: Venusaur","|-supereffective|p2a: Venusaur","|-damage|p2a: Venusaur|22/256","|move|p2a: Venusaur|Sludge Bomb|p1a: Ho-Oh","|-damage|p1a: Ho-Oh|0 fnt","|faint|p1a: Ho-Oh","|","|-heal|p2a: Venusaur|38/256|[from] item: Black Sludge","|","|switch|p1a: Slurpuff|Slurpuff, L77, F|253/253","|turn|22","|","|win|Doga"],"p1rating":{"entryid":"73282","serverid":"eos","formatid":"randombattle","userid":"doga","username":"Doga","w":8,"l":"2","t":"0","gxe":65.3,"r":"1499.5220361665","rd":"106.87621605174","sigma":"0","rptime":"1439974800","rpr":1622.4583025612,"rprd":87.698621977456,"rpsigma":"0","acre":1179.5690303291,"lacre":1179.5690303291,"oldacre":"1165.661185119"},"p2rating":{"entryid":146941,"formatid":"randombattle","userid":"cratias","username":"Cratias","r":1500,"rd":130,"sigma":0,"rpr":1459.0208831452,"rprd":122.53482562939,"rpsigma":0,"rptime":1439974800,"w":0,"l":1,"t":0,"gxe":44.9,"acre":1000,"lacre":1000,"oldacre":1000},"endType":"forfeit"}