{"seed":[26752,11251,10550,41911],"turns":66,"p1":"AdviserSaur","p2":"LunaMari","p1team":[{"name":"Medicham","species":"Medicham","item":"medichamite","ability":"Pure Power","moves":["fakeout","drainpunch","psychocut","icepunch"],"nature":"Jolly","evs":{"hp":0,"atk":252,"def":0,"spa":0,"spd":4,"spe":252},"ivs":{"hp":31,"atk":31,"def":31,"spa":31,"spd":31,"spe":31}},{"name":"Ferrothorn","species":"Ferrothorn","item":"rockyhelmet","ability":"Iron Barbs","moves":["leechseed","gyroball","stealthrock","protect"],"nature":"Relaxed","evs":{"hp":248,"atk":8,"def":252,"spa":0,"spd":0,"spe":0},"ivs":{"hp":31,"atk":31,"def":31,"spa":31,"spd":31,"spe":0}},{"name":"Landorus-Therian","species":"Landorus-Therian","item":"leftovers","ability":"Intimidate","moves":["earthquake","stoneedge","knockoff","stealthrock"],"nature":"Impish","evs":{"hp":252,"atk":0,"def":252,"spa":0,"spd":4,"spe":0},"ivs":{"hp":31,"atk":31,"def":31,"spa":31,"spd":31,"spe":31}},{"name":"Suicune","species":"Suicune","item":"leftovers","ability":"Pressure","moves":["scald","calmmind","rest","sleeptalk"],"nature":"Bold","evs":{"hp":252,"atk":0,"def":252,"spa":0,"spd":4,"spe":0},"ivs":{"hp":31,"atk":31,"def":31,"spa":31,"spd":31,"spe":31}},{"name":"Gengar","species":"Gengar","item":"choicescarf","ability":"Levitate","moves":["sludgewave","focusblast","shadowball","thunderbolt"],"nature":"Timid","evs":{"hp":0,"atk":0,"def":0,"spa":252,"spd":4,"spe":252},"ivs":{"hp":31,"atk":31,"def":31,"spa":31,"spd":31,"spe":31}},{"name":"Zapdos","species":"Zapdos","item":"leftovers","ability":"Pressure","moves":["defog","roost","heatwave","discharge"],"nature":"Bold","evs":{"hp":252,"atk":0,"def":252,"spa":0,"spd":4,"spe":0},"ivs":{"hp":31,"atk":31,"def":31,"spa":31,"spd":31,"spe":31}}],"p2team":[{"name":"Sableye","species":"Sableye","item":"sablenite","ability":"Prankster","moves":["confuseray","willowisp","recover","knockoff"],"nature":"Careful","evs":{"hp":248,"atk":8,"def":0,"spa":0,"spd":252,"spe":0},"ivs":{"hp":31,"atk":31,"def":31,"spa":31,"spd":31,"spe":31}},{"name":"Whimsicott","species":"Whimsicott","item":"leftovers","ability":"Prankster","moves":["leechseed","protect","substitute","stunspore"],"nature":"Bold","evs":{"hp":248,"atk":0,"def":252,"spa":0,"spd":8,"spe":0},"ivs":{"hp":31,"atk":31,"def":31,"spa":31,"spd":31,"spe":31}},{"name":"Klefki","species":"Klefki","item":"laggingtail","ability":"Prankster","moves":["foulplay","thunderwave","spikes","switcheroo"],"nature":"Bold","evs":{"hp":248,"atk":0,"def":252,"spa":0,"spd":8,"spe":0},"ivs":{"hp":31,"atk":31,"def":31,"spa":31,"spd":31,"spe":31}},{"name":"Meowstic","species":"Meowstic","item":"leftovers","ability":"Prankster","moves":["lightscreen","reflect","magiccoat","psyshock"],"nature":"Calm","evs":{"hp":248,"atk":0,"def":0,"spa":8,"spd":252,"spe":0},"ivs":{"hp":31,"atk":31,"def":31,"spa":31,"spd":31,"spe":31}},{"name":"Thundurus","species":"Thundurus","item":"zapplate","ability":"Prankster","moves":["thunderwave","thunderbolt","nastyplot","focusblast"],"nature":"Timid","evs":{"hp":0,"atk":0,"def":0,"spa":252,"spd":4,"spe":252},"ivs":{"hp":31,"atk":31,"def":31,"spa":31,"spd":31,"spe":31}},{"name":"Tornadus","species":"Tornadus","item":"sitrusberry","ability":"Prankster","moves":["bulkup","acrobatics","superpower","knockoff"],"nature":"Jolly","evs":{"hp":0,"atk":252,"def":0,"spa":0,"spd":4,"spe":252},"ivs":{"hp":31,"atk":31,"def":31,"spa":31,"spd":31,"spe":31}}],"log":["|player|p1|AdviserSaur|sarii.png","|player|p2|LunaMari|96","|gametype|singles","|gen|6","|tier|OU","|rated","|clearpoke","|poke|p1|Medicham, F","|poke|p1|Ferrothorn, F","|poke|p1|Landorus-Therian, M","|poke|p1|Suicune","|poke|p1|Gengar, M","|poke|p1|Zapdos","|poke|p2|Sableye, M","|poke|p2|Whimsicott, F","|poke|p2|Klefki, F","|poke|p2|Meowstic, M","|poke|p2|Thundurus, M","|poke|p2|Tornadus, M","|rule|Swagger Clause: Swagger is banned","|rule|Baton Pass Clause: Limit one Baton Passer, can't pass Spe and other stats simultaneously","|rule|Sleep Clause Mod: Limit one foe put to sleep","|rule|Species Clause: Limit one of each Pokémon","|rule|OHKO Clause: OHKO moves are banned","|rule|Moody Clause: Moody is banned","|rule|Evasion Moves Clause: Evasion moves are banned","|rule|Endless Battle Clause: Forcing endless battles is banned","|rule|HP Percentage Mod: HP is shown in percentages","|teampreview","|","|start","|switch|p1a: Medicham|Medicham, F|261/261","|switch|p2a: Sableye|Sableye, M|303/303","|turn|1","|","|switch|p1a: Suicune|Suicune|404/404","|-ability|p1a: Suicune|Pressure","|move|p2a: Sableye|Will-O-Wisp|p1a: Suicune","|-status|p1a: Suicune|brn","|","|-damage|p1a: Suicune|354/404 brn|[from] brn","|turn|2","|","|move|p2a: Sableye|Confuse Ray|p1a: Suicune","|-start|p1a: Suicune|confusion","|-activate|p1a: Suicune|confusion","|-damage|p1a: Suicune|347/404 brn|[from] confusion","|","|-heal|p1a: Suicune|372/404 brn|[from] item: Leftovers","|-damage|p1a: Suicune|322/404 brn|[from] brn","|turn|3","|","|-end|p1a: Suicune|confusion","|move|p1a: Suicune|Calm Mind|p1a: Suicune","|-boost|p1a: Suicune|spa|1","|-boost|p1a: Suicune|spd|1","|move|p2a: Sableye|Knock Off|p1a: Suicune","|-damage|p1a: Suicune|258/404 brn","|-enditem|p1a: Suicune|Leftovers|[from] move: Knock Off|[of] p2a: Sableye","|","|-damage|p1a: Suicune|208/404 brn|[from] brn","|turn|4","|","|switch|p2a: Whimsicott|Whimsicott, F|323/323","|move|p1a: Suicune|Rest|p1a: Suicune","|-status|p1a: Suicune|slp","|-heal|p1a: Suicune|404/404 slp|[silent]","|-status|p1a: Suicune|slp|[from] move: Rest","|","|turn|5","|","|switch|p1a: Ferrothorn|Ferrothorn, F|351/351","|move|p2a: Whimsicott|Leech Seed|p1a: Ferrothorn","|-immune|p1a: Ferrothorn|[msg]","|","|turn|6","|","|switch|p2a: Meowstic|Meowstic, M|351/351","|move|p1a: Ferrothorn|Stealth Rock|p2a: Meowstic","|-sidestart|p2: LunaMari|move: Stealth Rock","|","|turn|7","|","|move|p2a: Meowstic|Magic Coat|p2a: Meowstic","|-singleturn|p2a: Meowstic|move: Magic Coat","|move|p1a: Ferrothorn|Leech Seed|p2a: Meowstic","|move|p2a: Meowstic|Leech Seed|p1a: Ferrothorn|[from]Magic Coat","|-immune|p1a: Ferrothorn|[msg]","|","|turn|8","|","|move|p2a: Meowstic|Reflect|p2a: Meowstic","|-sidestart|p2: LunaMari|Reflect","|move|p1a: Ferrothorn|Gyro Ball|p2a: Meowstic","|-crit|p2a: Meowstic","|-damage|p2a: Meowstic|39/351","|","|-heal|p2a: Meowstic|60/351|[from] item: Leftovers","|turn|9","|","|switch|p2a: Klefki|Klefki, F|317/317","|-damage|p2a: Klefki|298/317|[from] Stealth Rock","|move|p1a: Ferrothorn|Leech Seed|p2a: Klefki","|-start|p2a: Klefki|move: Leech Seed","|","|-damage|p2a: Klefki|259/317|[from] Leech Seed|[of] p1a: Ferrothorn","|turn|10","|","|move|p2a: Klefki|Spikes|p1a: Ferrothorn","|-sidestart|p1: AdviserSaur|Spikes","|move|p1a: Ferrothorn|Gyro Ball|p2a: Klefki","|-damage|p2a: Klefki|211/317","|","|-damage|p2a: Klefki|172/317|[from] Leech Seed|[of] p1a: Ferrothorn","|turn|11","|","|switch|p1a: Landorus-Therian|Landorus-Therian, M|382/382","|-ability|p1a: Landorus-Therian|Intimidate","|-unboost|p2a: Klefki|atk|1","|move|p2a: Klefki|Spikes|p1a: Landorus-Therian","|-sidestart|p1: AdviserSaur|Spikes","|","|-damage|p2a: Klefki|133/317|[from] Leech Seed|[of] p1a: Landorus-Therian","|turn|12","|","|move|p2a: Klefki|Switcheroo|p1a: Landorus-Therian","|-activate|p2a: Klefki|move: Trick|[of] p1a: Landorus-Therian","|-item|p1a: Landorus-Therian|Lagging Tail|[from] Trick","|-item|p2a: Klefki|Leftovers|[from] Trick","|move|p1a: Landorus-Therian|Stone Edge|p2a: Klefki","|-resisted|p2a: Klefki","|-damage|p2a: Klefki|113/317","|","|-heal|p2a: Klefki|132/317|[from] item: Leftovers","|-damage|p2a: Klefki|93/317|[from] Leech Seed|[of] p1a: Landorus-Therian","|-sideend|p2: LunaMari|Reflect","|turn|13","|","|switch|p2a: Whimsicott|Whimsicott, F|323/323","|-damage|p2a: Whimsicott|283/323|[from] Stealth Rock","|move|p1a: Landorus-Therian|Earthquake|p2a: Whimsicott","|-resisted|p2a: Whimsicott","|-damage|p2a: Whimsicott|216/323","|","|-heal|p2a: Whimsicott|236/323|[from] item: Leftovers","|turn|14","|","|switch|p1a: Ferrothorn|Ferrothorn, F|351/351","|-damage|p1a: Ferrothorn|293/351|[from] Spikes","|move|p2a: Whimsicott|Substitute|p2a: Whimsicott","|-start|p2a: Whimsicott|Substitute","|-damage|p2a: Whimsicott|156/323","|","|-heal|p2a: Whimsicott|176/323|[from] item: Leftovers","|turn|15","|","|move|p2a: Whimsicott|Protect|p2a: Whimsicott","|-singleturn|p2a: Whimsicott|Protect","|move|p1a: Ferrothorn|Gyro Ball|p2a: Whimsicott","|-activate|p2a: Whimsicott|Protect","|","|-heal|p2a: Whimsicott|196/323|[from] item: Leftovers","|turn|16","|","|move|p2a: Whimsicott|Protect|p2a: Whimsicott","|-fail|p2a: Whimsicott","|move|p1a: Ferrothorn|Gyro Ball|p2a: Whimsicott","|-supereffective|p2a: Whimsicott","|-end|p2a: Whimsicott|Substitute","|","|-heal|p2a: Whimsicott|216/323|[from] item: Leftovers","|turn|17","|","|move|p2a: Whimsicott|Protect|p2a: Whimsicott","|-singleturn|p2a: Whimsicott|Protect","|move|p1a: Ferrothorn|Stealth Rock|p2a: Whimsicott","|-fail|p2a: Whimsicott","|","|-heal|p2a: Whimsicott|236/323|[from] item: Leftovers","|turn|18","|","|switch|p1a: Zapdos|Zapdos|384/384","|-ability|p1a: Zapdos|Pressure","|move|p2a: Whimsicott|Substitute|p2a: Whimsicott","|-start|p2a: Whimsicott|Substitute","|-damage|p2a: Whimsicott|156/323","|","|-heal|p2a: Whimsicott|176/323|[from] item: Leftovers","|turn|19","|","|move|p2a: Whimsicott|Leech Seed|p1a: Zapdos","|-start|p1a: Zapdos|move: Leech Seed","|move|p1a: Zapdos|Heat Wave|p2a: Whimsicott","|-supereffective|p2a: Whimsicott","|-end|p2a: Whimsicott|Substitute","|","|-heal|p2a: Whimsicott|196/323|[from] item: Leftovers","|-damage|p1a: Zapdos|336/384|[from] Leech Seed|[of] p2a: Whimsicott","|-heal|p2a: Whimsicott|244/323|[silent]","|turn|20","|","|move|p2a: Whimsicott|Substitute|p2a: Whimsicott","|-start|p2a: Whimsicott|Substitute","|-damage|p2a: Whimsicott|164/323","|move|p1a: Zapdos|Heat Wave|p2a: Whimsicott","|-supereffective|p2a: Whimsicott","|-end|p2a: Whimsicott|Substitute","|","|-heal|p2a: Whimsicott|184/323|[from] item: Leftovers","|-heal|p1a: Zapdos|360/384|[from] item: Leftovers","|-damage|p1a: Zapdos|312/384|[from] Leech Seed|[of] p2a: Whimsicott","|-heal|p2a: Whimsicott|232/323|[silent]","|turn|21","|","|move|p2a: Whimsicott|Substitute|p2a: Whimsicott","|-start|p2a: Whimsicott|Substitute","|-damage|p2a: Whimsicott|152/323","|move|p1a: Zapdos|Heat Wave|p2a: Whimsicott","|-supereffective|p2a: Whimsicott","|-end|p2a: Whimsicott|Substitute","|","|-heal|p2a: Whimsicott|172/323|[from] item: Leftovers","|-heal|p1a: Zapdos|336/384|[from] item: Leftovers","|-damage|p1a: Zapdos|288/384|[from] Leech Seed|[of] p2a: Whimsicott","|-heal|p2a: Whimsicott|220/323|[silent]","|turn|22","|","|move|p2a: Whimsicott|Protect|p2a: Whimsicott","|-singleturn|p2a: Whimsicott|Protect","|move|p1a: Zapdos|Heat Wave|p2a: Whimsicott","|-activate|p2a: Whimsicott|Protect","|","|-heal|p2a: Whimsicott|240/323|[from] item: Leftovers","|-heal|p1a: Zapdos|312/384|[from] item: Leftovers","|-damage|p1a: Zapdos|264/384|[from] Leech Seed|[of] p2a: Whimsicott","|-heal|p2a: Whimsicott|288/323|[silent]","|turn|23","|","|move|p2a: Whimsicott|Substitute|p2a: Whimsicott","|-start|p2a: Whimsicott|Substitute","|-damage|p2a: Whimsicott|208/323","|move|p1a: Zapdos|Heat Wave|p2a: Whimsicott","|-miss|p1a: Zapdos|p2a: Whimsicott","|","|-heal|p2a: Whimsicott|228/323|[from] item: Leftovers","|-heal|p1a: Zapdos|288/384|[from] item: Leftovers","|-damage|p1a: Zapdos|240/384|[from] Leech Seed|[of] p2a: Whimsicott","|-heal|p2a: Whimsicott|276/323|[silent]","|turn|24","|","|move|p2a: Whimsicott|Leech Seed|p1a: Zapdos","|-fail|p1a: Zapdos","|move|p1a: Zapdos|Heat Wave|p2a: Whimsicott","|-supereffective|p2a: Whimsicott","|-end|p2a: Whimsicott|Substitute","|","|-heal|p2a: Whimsicott|296/323|[from] item: Leftovers","|-heal|p1a: Zapdos|264/384|[from] item: Leftovers","|-damage|p1a: Zapdos|216/384|[from] Leech Seed|[of] p2a: Whimsicott","|-heal|p2a: Whimsicott|323/323|[silent]","|turn|25","|","|move|p2a: Whimsicott|Substitute|p2a: Whimsicott","|-start|p2a: Whimsicott|Substitute","|-damage|p2a: Whimsicott|243/323","|move|p1a: Zapdos|Heat Wave|p2a: Whimsicott","|-supereffective|p2a: Whimsicott","|-end|p2a: Whimsicott|Substitute","|","|-heal|p2a: Whimsicott|263/323|[from] item: Leftovers","|-heal|p1a: Zapdos|240/384|[from] item: Leftovers","|-damage|p1a: Zapdos|192/384|[from] Leech Seed|[of] p2a: Whimsicott","|-heal|p2a: Whimsicott|311/323|[silent]","|turn|26","|","|move|p2a: Whimsicott|Protect|p2a: Whimsicott","|-singleturn|p2a: Whimsicott|Protect","|move|p1a: Zapdos|Roost|p1a: Zapdos","|-heal|p1a: Zapdos|384/384","|","|-heal|p2a: Whimsicott|323/323|[from] item: Leftovers","|-damage|p1a: Zapdos|336/384|[from] Leech Seed|[of] p2a: Whimsicott","|turn|27","|","|switch|p2a: Sableye|Sableye, M|303/303","|-damage|p2a: Sableye|266/303|[from] Stealth Rock","|move|p1a: Zapdos|Heat Wave|p2a: Sableye","|-damage|p2a: Sableye|177/303","|-status|p2a: Sableye|brn","|","|-heal|p1a: Zapdos|360/384|[from] item: Leftovers","|-damage|p1a: Zapdos|312/384|[from] Leech Seed|[of] p2a: Sableye","|-heal|p2a: Sableye|225/303 brn|[silent]","|-damage|p2a: Sableye|188/303 brn|[from] brn","|turn|28","|","|switch|p1a: Suicune|Suicune|404/404 slp","|-damage|p1a: Suicune|337/404 slp|[from] Spikes","|-ability|p1a: Suicune|Pressure","|move|p2a: Sableye|Confuse Ray|p1a: Suicune","|-start|p1a: Suicune|confusion","|","|-damage|p2a: Sableye|151/303 brn|[from] brn","|turn|29","|","|move|p2a: Sableye|Recover|p2a: Sableye","|-heal|p2a: Sableye|303/303 brn","|cant|p1a: Suicune|slp","|-activate|p1a: Suicune|confusion","|move|p1a: Suicune|Sleep Talk|p1a: Suicune","|move|p1a: Suicune|Calm Mind|p1a: Suicune|[from]Sleep Talk","|-boost|p1a: Suicune|spa|1","|-boost|p1a: Suicune|spd|1","|","|-damage|p2a: Sableye|266/303 brn|[from] brn","|turn|30","|","|switch|p2a: Whimsicott|Whimsicott, F|323/323","|-damage|p2a: Whimsicott|283/323|[from] Stealth Rock","|cant|p1a: Suicune|slp","|-activate|p1a: Suicune|confusion","|-damage|p1a: Suicune|321/404 slp|[from] confusion","|","|-heal|p2a: Whimsicott|303/323|[from] item: Leftovers","|turn|31","|","|move|p2a: Whimsicott|Leech Seed|p1a: Suicune","|-start|p1a: Suicune|move: Leech Seed","|-curestatus|p1a: Suicune|slp","|-activate|p1a: Suicune|confusion","|move|p1a: Suicune|Scald|p2a: Whimsicott","|-resisted|p2a: Whimsicott","|-damage|p2a: Whimsicott|219/323","|","|-heal|p2a: Whimsicott|239/323|[from] item: Leftovers","|-damage|p1a: Suicune|271/404|[from] Leech Seed|[of] p2a: Whimsicott","|-heal|p2a: Whimsicott|289/323|[silent]","|turn|32","|","|switch|p1a: Gengar|Gengar, M|261/261","|move|p2a: Whimsicott|Stun Spore|p1a: Gengar","|-status|p1a: Gengar|par","|","|-heal|p2a: Whimsicott|309/323|[from] item: Leftovers","|turn|33","|","|switch|p2a: Klefki|Klefki, F|93/317","|-damage|p2a: Klefki|74/317|[from] Stealth Rock","|move|p1a: Gengar|Sludge Wave|p2a: Klefki","|-immune|p2a: Klefki|[msg]","|","|-heal|p2a: Klefki|93/317|[from] item: Leftovers","|turn|34","|","|move|p2a: Klefki|Foul Play|p1a: Gengar","|-supereffective|p1a: Gengar","|-damage|p1a: Gengar|113/261 par","|move|p1a: Gengar|Sludge Wave|p2a: Klefki","|-immune|p2a: Klefki|[msg]","|","|-heal|p2a: Klefki|112/317|[from] item: Leftovers","|turn|35","|","|switch|p1a: Ferrothorn|Ferrothorn, F|293/351","|-damage|p1a: Ferrothorn|235/351|[from] Spikes","|move|p2a: Klefki|Spikes|p1a: Ferrothorn","|-sidestart|p1: AdviserSaur|Spikes","|","|-heal|p2a: Klefki|131/317|[from] item: Leftovers","|turn|36","|","|switch|p2a: Sableye|Sableye, M|266/303 brn","|-damage|p2a: Sableye|229/303 brn|[from] Stealth Rock","|move|p1a: Ferrothorn|Leech Seed|p2a: Sableye","|-start|p2a: Sableye|move: Leech Seed","|","|-damage|p2a: Sableye|192/303 brn|[from] Leech Seed|[of] p1a: Ferrothorn","|-heal|p1a: Ferrothorn|272/351|[silent]","|-damage|p2a: Sableye|155/303 brn|[from] brn","|turn|37","|","|switch|p1a: Landorus-Therian|Landorus-Therian, M|382/382","|-ability|p1a: Landorus-Therian|Intimidate","|-unboost|p2a: Sableye|atk|1","|move|p2a: Sableye|Will-O-Wisp|p1a: Landorus-Therian","|-status|p1a: Landorus-Therian|brn","|","|-damage|p2a: Sableye|118/303 brn|[from] Leech Seed|[of] p1a: Landorus-Therian","|-damage|p1a: Landorus-Therian|335/382 brn|[from] brn","|-damage|p2a: Sableye|81/303 brn|[from] brn","|turn|38","|","|switch|p2a: Tornadus|Tornadus, M|299/299","|-damage|p2a: Tornadus|225/299|[from] Stealth Rock","|move|p1a: Landorus-Therian|Stone Edge|p2a: Tornadus|[miss]","|-miss|p1a: Landorus-Therian|p2a: Tornadus","|","|-damage|p1a: Landorus-Therian|288/382 brn|[from] brn","|turn|39","|","|move|p2a: Tornadus|Bulk Up|p2a: Tornadus","|-boost|p2a: Tornadus|atk|1","|-boost|p2a: Tornadus|def|1","|move|p1a: Landorus-Therian|Stone Edge|p2a: Tornadus","|-supereffective|p2a: Tornadus","|-damage|p2a: Tornadus|133/299","|-enditem|p2a: Tornadus|Sitrus Berry|[eat]","|-heal|p2a: Tornadus|207/299|[from] item: Sitrus Berry","|","|-damage|p1a: Landorus-Therian|241/382 brn|[from] brn","|turn|40","|","|move|p2a: Tornadus|Bulk Up|p2a: Tornadus","|-boost|p2a: Tornadus|atk|1","|-boost|p2a: Tornadus|def|1","|move|p1a: Landorus-Therian|Stone Edge|p2a: Tornadus|[miss]","|-miss|p1a: Landorus-Therian|p2a: Tornadus","|","|-damage|p1a: Landorus-Therian|194/382 brn|[from] brn","|turn|41","|","|switch|p1a: Zapdos|Zapdos|312/384","|-ability|p1a: Zapdos|Pressure","|move|p2a: Tornadus|Acrobatics|p1a: Zapdos","|-resisted|p1a: Zapdos","|-damage|p1a: Zapdos|179/384","|","|-heal|p1a: Zapdos|203/384|[from] item: Leftovers","|turn|42","|","|move|p2a: Tornadus|Knock Off|p1a: Zapdos","|-damage|p1a: Zapdos|31/384","|-enditem|p1a: Zapdos|Leftovers|[from] move: Knock Off|[of] p2a: Tornadus","|move|p1a: Zapdos|Roost|p1a: Zapdos","|-heal|p1a: Zapdos|223/384","|","|turn|43","|","|move|p2a: Tornadus|Acrobatics|p1a: Zapdos","|-resisted|p1a: Zapdos","|-damage|p1a: Zapdos|82/384","|move|p1a: Zapdos|Roost|p1a: Zapdos","|-heal|p1a: Zapdos|274/384","|","|turn|44","|","|move|p2a: Tornadus|Acrobatics|p1a: Zapdos","|-resisted|p1a: Zapdos","|-damage|p1a: Zapdos|122/384","|move|p1a: Zapdos|Roost|p1a: Zapdos","|-heal|p1a: Zapdos|314/384","|","|turn|45","|","|switch|p2a: Whimsicott|Whimsicott, F|309/323","|-damage|p2a: Whimsicott|269/323|[from] Stealth Rock","|move|p1a: Zapdos|Discharge|p2a: Whimsicott","|-resisted|p2a: Whimsicott","|-damage|p2a: Whimsicott|197/323","|","|-heal|p2a: Whimsicott|217/323|[from] item: Leftovers","|turn|46","|","|move|p2a: Whimsicott|Protect|p2a: Whimsicott","|-singleturn|p2a: Whimsicott|Protect","|move|p1a: Zapdos|Heat Wave|p2a: Whimsicott","|-activate|p2a: Whimsicott|Protect","|","|-heal|p2a: Whimsicott|237/323|[from] item: Leftovers","|turn|47","|","|move|p2a: Whimsicott|Leech Seed|p1a: Zapdos","|-start|p1a: Zapdos|move: Leech Seed","|move|p1a: Zapdos|Heat Wave|p2a: Whimsicott","|-supereffective|p2a: Whimsicott","|-damage|p2a: Whimsicott|23/323","|","|-heal|p2a: Whimsicott|43/323|[from] item: Leftovers","|-damage|p1a: Zapdos|266/384|[from] Leech Seed|[of] p2a: Whimsicott","|-heal|p2a: Whimsicott|91/323|[silent]","|turn|48","|","|switch|p1a: Medicham|Medicham, F|261/261","|-damage|p1a: Medicham|196/261|[from] Spikes","|move|p2a: Whimsicott|Substitute|p2a: Whimsicott","|-start|p2a: Whimsicott|Substitute","|-damage|p2a: Whimsicott|11/323","|","|-heal|p2a: Whimsicott|31/323|[from] item: Leftovers","|turn|49","|","|detailschange|p1a: Medicham|Medicham-Mega, F","|-mega|p1a: Medicham|Medicham|Medichamite","|move|p1a: Medicham|Fake Out|p2a: Whimsicott","|-activate|p2a: Whimsicott|Substitute|[damage]","|move|p2a: Whimsicott|Leech Seed|p1a: Medicham","|-start|p1a: Medicham|move: Leech Seed","|","|-heal|p2a: Whimsicott|51/323|[from] item: Leftovers","|-damage|p1a: Medicham|164/261|[from] Leech Seed|[of] p2a: Whimsicott","|-heal|p2a: Whimsicott|83/323|[silent]","|turn|50","|","|switch|p1a: Ferrothorn|Ferrothorn, F|272/351","|-damage|p1a: Ferrothorn|185/351|[from] Spikes","|move|p2a: Whimsicott|Stun Spore|p1a: Ferrothorn","|-immune|p1a: Ferrothorn|[msg]","|","|-heal|p2a: Whimsicott|103/323|[from] item: Leftovers","|turn|51","|","|switch|p1a: Landorus-Therian|Landorus-Therian, M|194/382 brn","|-ability|p1a: Landorus-Therian|Intimidate","|-activate|p2a: Whimsicott|Substitute|ability: Intimidate|[of] p1a: Landorus-Therian","|move|p2a: Whimsicott|Protect|p2a: Whimsicott","|-fail|p2a: Whimsicott","|","|-heal|p2a: Whimsicott|123/323|[from] item: Leftovers","|-damage|p1a: Landorus-Therian|147/382 brn|[from] brn","|turn|52","|","|move|p2a: Whimsicott|Leech Seed|p1a: Landorus-Therian","|-start|p1a: Landorus-Therian|move: Leech Seed","|move|p1a: Landorus-Therian|Earthquake|p2a: Whimsicott","|-resisted|p2a: Whimsicott","|-end|p2a: Whimsicott|Substitute","|","|-heal|p2a: Whimsicott|143/323|[from] item: Leftovers","|-damage|p1a: Landorus-Therian|100/382 brn|[from] Leech Seed|[of] p2a: Whimsicott","|-heal|p2a: Whimsicott|190/323|[silent]","|-damage|p1a: Landorus-Therian|53/382 brn|[from] brn","|turn|53","|","|move|p2a: Whimsicott|Substitute|p2a: Whimsicott","|-start|p2a: Whimsicott|Substitute","|-damage|p2a: Whimsicott|110/323","|move|p1a: Landorus-Therian|Stone Edge|p2a: Whimsicott","|-activate|p2a: Whimsicott|Substitute|[damage]","|","|-heal|p2a: Whimsicott|130/323|[from] item: Leftovers","|-damage|p1a: Landorus-Therian|6/382 brn|[from] Leech Seed|[of] p2a: Whimsicott","|-heal|p2a: Whimsicott|177/323|[silent]","|-damage|p1a: Landorus-Therian|0 fnt|[from] brn","|faint|p1a: Landorus-Therian","|","|switch|p1a: Zapdos|Zapdos|266/384","|-ability|p1a: Zapdos|Pressure","|turn|54","|","|move|p2a: Whimsicott|Leech Seed|p1a: Zapdos","|-start|p1a: Zapdos|move: Leech Seed","|move|p1a: Zapdos|Discharge|p2a: Whimsicott","|-resisted|p2a: Whimsicott","|-end|p2a: Whimsicott|Substitute","|","|-heal|p2a: Whimsicott|197/323|[from] item: Leftovers","|-damage|p1a: Zapdos|218/384|[from] Leech Seed|[of] p2a: Whimsicott","|-heal|p2a: Whimsicott|245/323|[silent]","|turn|55","|","|move|p2a: Whimsicott|Substitute|p2a: Whimsicott","|-start|p2a: Whimsicott|Substitute","|-damage|p2a: Whimsicott|165/323","|move|p1a: Zapdos|Heat Wave|p2a: Whimsicott","|-miss|p1a: Zapdos|p2a: Whimsicott","|","|-heal|p2a: Whimsicott|185/323|[from] item: Leftovers","|-damage|p1a: Zapdos|170/384|[from] Leech Seed|[of] p2a: Whimsicott","|-heal|p2a: Whimsicott|233/323|[silent]","|turn|56","|","|switch|p2a: Meowstic|Meowstic, M|60/351","|-damage|p2a: Meowstic|17/351|[from] Stealth Rock","|move|p1a: Zapdos|Roost|p1a: Zapdos","|-heal|p1a: Zapdos|362/384","|","|-heal|p2a: Meowstic|38/351|[from] item: Leftovers","|-damage|p1a: Zapdos|314/384|[from] Leech Seed|[of] p2a: Meowstic","|-heal|p2a: Meowstic|86/351|[silent]","|turn|57","|","|switch|p1a: Gengar|Gengar, M|113/261 par","|move|p2a: Meowstic|Light Screen|p2a: Meowstic","|-sidestart|p2: LunaMari|move: Light Screen","|","|-heal|p2a: Meowstic|107/351|[from] item: Leftovers","|turn|58","|","|move|p2a: Meowstic|Psyshock|p1a: Gengar","|-supereffective|p1a: Gengar","|-damage|p1a: Gengar|0 fnt","|faint|p1a: Gengar","|","|-heal|p2a: Meowstic|128/351|[from] item: Leftovers","|","|switch|p1a: Medicham|Medicham-Mega, F|164/261","|-damage|p1a: Medicham|99/261|[from] Spikes","|turn|59","|","|move|p1a: Medicham|Fake Out|p2a: Meowstic","|-damage|p2a: Meowstic|29/351","|cant|p2a: Meowstic|flinch","|","|-heal|p2a: Meowstic|50/351|[from] item: Leftovers","|turn|60","|","|move|p2a: Meowstic|Reflect|p2a: Meowstic","|-sidestart|p2: LunaMari|Reflect","|move|p1a: Medicham|Ice Punch|p2a: Meowstic","|-damage|p2a: Meowstic|0 fnt","|faint|p2a: Meowstic","|","|","|switch|p2a: Tornadus|Tornadus, M|207/299","|-damage|p2a: Tornadus|133/299|[from] Stealth Rock","|turn|61","|","|move|p2a: Tornadus|Acrobatics|p1a: Medicham","|-supereffective|p1a: Medicham","|-damage|p1a: Medicham|0 fnt","|faint|p1a: Medicham","|","|-sideend|p2: LunaMari|move: Light Screen","|","|switch|p1a: Zapdos|Zapdos|314/384","|-ability|p1a: Zapdos|Pressure","|turn|62","|","|move|p2a: Tornadus|Knock Off|p1a: Zapdos","|-crit|p1a: Zapdos","|-damage|p1a: Zapdos|229/384","|move|p1a: Zapdos|Discharge|p2a: Tornadus","|-supereffective|p2a: Tornadus","|-damage|p2a: Tornadus|0 fnt","|faint|p2a: Tornadus","|","|","|switch|p2a: Thundurus|Thundurus, M|299/299","|-damage|p2a: Thundurus|225/299|[from] Stealth Rock","|turn|63","|","|move|p2a: Thundurus|Thunderbolt|p1a: Zapdos","|-damage|p1a: Zapdos|12/384","|move|p1a: Zapdos|Discharge|p2a: Thundurus","|-damage|p2a: Thundurus|96/299","|","|turn|64","|","|switch|p1a: Suicune|Suicune|271/404","|-damage|p1a: Suicune|170/404|[from] Spikes","|-ability|p1a: Suicune|Pressure","|move|p2a: Thundurus|Thunderbolt|p1a: Suicune","|-supereffective|p1a: Suicune","|-damage|p1a: Suicune|0 fnt","|faint|p1a: Suicune","|","|-sideend|p2: LunaMari|Reflect","|","|switch|p1a: Ferrothorn|Ferrothorn, F|185/351","|-damage|p1a: Ferrothorn|98/351|[from] Spikes","|turn|65","|","|move|p2a: Thundurus|Focus Blast|p1a: Ferrothorn","|-supereffective|p1a: Ferrothorn","|-damage|p1a: Ferrothorn|0 fnt","|faint|p1a: Ferrothorn","|","|","|switch|p1a: Zapdos|Zapdos|12/384","|-ability|p1a: Zapdos|Pressure","|turn|66","|","|move|p2a: Thundurus|Thunderbolt|p1a: Zapdos","|-damage|p1a: Zapdos|0 fnt","|faint|p1a: Zapdos","|","|win|LunaMari"],"p1rating":{"entryid":7519167,"formatid":"ou","userid":"advisersaur","username":"AdviserSaur","r":1500,"rd":130,"sigma":0,"rpr":1459.8393856612,"rprd":122.8583080769,"rpsigma":0,"rptime":1439110800,"w":0,"l":1,"t":0,"gxe":45,"acre":1000,"lacre":1000,"oldacre":1000},"p2rating":{"entryid":"7518959","serverid":"eos","formatid":"ou","userid":"lunamari","username":"LunaMari","w":3,"l":"0","t":"0","gxe":62.3,"r":"1500","rd":"130","sigma":"0","rptime":"1439110800","rpr":1599.2675350834,"rprd":111.51861011339,"rpsigma":"0","acre":1096.5519450244,"lacre":1096.5519450244,"oldacre":"1073.6456820867"},"endType":"normal"}