{"seed":[50495,14628,55715,48049],"turns":32,"p1":"rubensd","p2":"Temsone","p1team":[{"name":"Benn","species":"emboar","item":"leftovers","ability":"Reckless","moves":["flareblitz","headsmash","wildcharge","superpower"],"nature":"Adamant","evs":{"hp":4,"atk":252,"def":0,"spa":0,"spd":0,"spe":252},"gender":"M","ivs":{"hp":31,"atk":31,"def":31,"spa":31,"spd":31,"spe":31}},{"name":"PoisnZ","species":"scolipede","item":"blacksludge","ability":"Speed Boost","moves":["megahorn","batonpass","protect","substitute"],"nature":"Jolly","evs":{"hp":248,"atk":8,"def":0,"spa":0,"spd":0,"spe":252},"gender":"M","ivs":{"hp":31,"atk":31,"def":31,"spa":31,"spd":31,"spe":31}},{"name":"Mimi","species":"swoobat","item":"keeberry","ability":"Simple","moves":["psychic","calmmind","airslash","gigadrain"],"nature":"Timid","evs":{"hp":0,"atk":0,"def":0,"spa":252,"spd":4,"spe":252},"gender":"F","ivs":{"hp":31,"atk":31,"def":31,"spa":31,"spd":31,"spe":31}},{"name":"Bolt","species":"zebstrika","item":"leftovers","ability":"Sap Sipper","moves":["wildcharge","bounce","flamecharge","lightscreen"],"nature":"","gender":"M","evs":{"hp":0,"atk":0,"def":0,"spa":0,"spd":0,"spe":0},"ivs":{"hp":31,"atk":31,"def":31,"spa":31,"spd":31,"spe":31}},{"name":"Poiso","species":"seismitoad","item":"leftovers","ability":"Poison Touch","moves":["hydropump","drainpunch","earthquake","sludgewave"],"nature":"Lonely","evs":{"hp":252,"atk":252,"def":0,"spa":4,"spd":0,"spe":0},"gender":"M","ivs":{"hp":31,"atk":31,"def":31,"spa":31,"spd":31,"spe":31}},{"name":"Queen","species":"lilligant","item":"leftovers","ability":"Own Tempo","moves":["petaldance","quiverdance","sleeppowder","aromatherapy"],"nature":"Modest","evs":{"hp":0,"atk":0,"def":0,"spa":252,"spd":4,"spe":252},"shiny":true,"ivs":{"hp":31,"atk":31,"def":31,"spa":31,"spd":31,"spe":31}}],"p2team":[{"name":"Clefable","species":"Clefable","item":"choicespecs","ability":"Unaware","moves":["moonblast","psychic","flamethrower","trick"],"nature":"Modest","evs":{"hp":248,"atk":0,"def":0,"spa":252,"spd":8,"spe":0},"ivs":{"hp":31,"atk":0,"def":31,"spa":31,"spd":31,"spe":31},"shiny":true},{"name":"Heatran","species":"Heatran","item":"choicescarf","ability":"Flash Fire","moves":["flamethrower","darkpulse","earthpower","ancientpower"],"nature":"Timid","evs":{"hp":0,"atk":0,"def":0,"spa":252,"spd":4,"spe":252},"ivs":{"hp":31,"atk":0,"def":31,"spa":31,"spd":31,"spe":31},"shiny":true},{"name":"Rotom-Wash","species":"Rotom-Wash","item":"leftovers","ability":"Levitate","moves":["willowisp","hydropump","voltswitch","painsplit"],"nature":"Modest","evs":{"hp":128,"atk":0,"def":0,"spa":252,"spd":0,"spe":128},"ivs":{"hp":31,"atk":0,"def":31,"spa":31,"spd":31,"spe":31},"shiny":true},{"name":"You lose","species":"medicham","item":"medichamite","ability":"Pure Power","moves":["fakeout","highjumpkick","icepunch","zenheadbutt"],"nature":"Adamant","evs":{"hp":0,"atk":252,"def":0,"spa":0,"spd":4,"spe":252},"shiny":true,"ivs":{"hp":31,"atk":31,"def":31,"spa":31,"spd":31,"spe":31}},{"name":"Bisharp","species":"Bisharp","item":"focussash","ability":"Defiant","moves":["suckerpunch","ironhead","swordsdance","knockoff"],"nature":"Jolly","evs":{"hp":0,"atk":252,"def":0,"spa":0,"spd":4,"spe":252},"shiny":true,"ivs":{"hp":31,"atk":31,"def":31,"spa":31,"spd":31,"spe":31}},{"name":"Gengar","species":"Gengar","item":"blacksludge","ability":"Levitate","moves":["substitute","shadowball","energyball","icywind"],"nature":"Timid","evs":{"hp":0,"atk":0,"def":0,"spa":252,"spd":4,"spe":252},"ivs":{"hp":31,"atk":30,"def":30,"spa":31,"spd":31,"spe":31},"shiny":true}],"log":["|player|p1|rubensd|144","|player|p2|Temsone|220","|gametype|singles","|gen|6","|tier|OU","|rated","|clearpoke","|poke|p1|Emboar, M","|poke|p1|Scolipede, M","|poke|p1|Swoobat, F","|poke|p1|Zebstrika, M","|poke|p1|Seismitoad, M","|poke|p1|Lilligant, F, shiny","|poke|p2|Clefable, M, shiny","|poke|p2|Heatran, M, shiny","|poke|p2|Rotom-Wash, shiny","|poke|p2|Medicham, F, shiny","|poke|p2|Bisharp, M, shiny","|poke|p2|Gengar, F, shiny","|rule|Swagger Clause: Swagger is banned","|rule|Baton Pass Clause: Limit one Baton Passer, can't pass Spe and other stats simultaneously","|rule|Sleep Clause Mod: Limit one foe put to sleep","|rule|Species Clause: Limit one of each Pokémon","|rule|OHKO Clause: OHKO moves are banned","|rule|Moody Clause: Moody is banned","|rule|Evasion Moves Clause: Evasion moves are banned","|rule|Endless Battle Clause: Forcing endless battles is banned","|rule|HP Percentage Mod: HP is shown in percentages","|teampreview","|","|start","|switch|p1a: Mimi|Swoobat, F|275/275","|switch|p2a: You lose|Medicham, F, shiny|261/261","|turn|1","|","|detailschange|p2a: You lose|Medicham-Mega, F, shiny","|-mega|p2a: You lose|Medicham|Medichamite","|move|p2a: You lose|Fake Out|p1a: Mimi","|-damage|p1a: Mimi|137/275","|-enditem|p1a: Mimi|Kee Berry|[eat]","|-boost|p1a: Mimi|def|2|[from] item: Kee Berry","|cant|p1a: Mimi|flinch","|","|turn|2","|","|move|p1a: Mimi|Air Slash|p2a: You lose","|-supereffective|p2a: You lose","|-damage|p2a: You lose|25/261","|cant|p2a: You lose|flinch","|","|turn|3","|","|switch|p2a: Rotom-Wash|Rotom-Wash, shiny|273/273","|move|p1a: Mimi|Giga Drain|p2a: Rotom-Wash","|-supereffective|p2a: Rotom-Wash","|-damage|p2a: Rotom-Wash|157/273","|-heal|p1a: Mimi|195/275|[from] drain|[of] p2a: Rotom-Wash","|","|-heal|p2a: Rotom-Wash|174/273|[from] item: Leftovers","|turn|4","|","|move|p1a: Mimi|Calm Mind|p1a: Mimi","|-boost|p1a: Mimi|spa|2","|-boost|p1a: Mimi|spd|2","|move|p2a: Rotom-Wash|Will-O-Wisp|p1a: Mimi","|-status|p1a: Mimi|brn","|","|-heal|p2a: Rotom-Wash|191/273|[from] item: Leftovers","|-damage|p1a: Mimi|161/275 brn|[from] brn","|turn|5","|","|switch|p2a: Heatran|Heatran, M, shiny|323/323","|move|p1a: Mimi|Giga Drain|p2a: Heatran","|-crit|p2a: Heatran","|-resisted|p2a: Heatran","|-damage|p2a: Heatran|282/323","|-heal|p1a: Mimi|182/275 brn|[from] drain|[of] p2a: Heatran","|","|-damage|p1a: Mimi|148/275 brn|[from] brn","|turn|6","|","|move|p2a: Heatran|Dark Pulse|p1a: Mimi","|-supereffective|p1a: Mimi","|-damage|p1a: Mimi|0 fnt","|faint|p1a: Mimi","|","|","|switch|p1a: Poiso|Seismitoad, M|414/414","|turn|7","|","|switch|p2a: Rotom-Wash|Rotom-Wash, shiny|191/273","|move|p1a: Poiso|Earthquake|p2a: Rotom-Wash","|-immune|p2a: Rotom-Wash|[msg]","|","|-heal|p2a: Rotom-Wash|208/273|[from] item: Leftovers","|turn|8","|","|move|p2a: Rotom-Wash|Will-O-Wisp|p1a: Poiso","|-status|p1a: Poiso|brn","|move|p1a: Poiso|Sludge Wave|p2a: Rotom-Wash","|-damage|p2a: Rotom-Wash|144/273","|","|-heal|p2a: Rotom-Wash|161/273|[from] item: Leftovers","|-damage|p1a: Poiso|363/414 brn|[from] brn","|turn|9","|","|move|p2a: Rotom-Wash|Pain Split|p1a: Poiso","|-sethp|p1a: Poiso|262/414 brn|p2a: Rotom-Wash|262/273|[from] move: Pain Split","|move|p1a: Poiso|Sludge Wave|p2a: Rotom-Wash","|-damage|p2a: Rotom-Wash|197/273","|-status|p2a: Rotom-Wash|psn","|","|-heal|p2a: Rotom-Wash|214/273 psn|[from] item: Leftovers","|-heal|p1a: Poiso|287/414 brn|[from] item: Leftovers","|-damage|p2a: Rotom-Wash|180/273 psn|[from] psn","|-damage|p1a: Poiso|236/414 brn|[from] brn","|turn|10","|","|switch|p1a: Queen|Lilligant, F, shiny|281/281","|move|p2a: Rotom-Wash|Volt Switch|p1a: Queen","|-resisted|p1a: Queen","|-damage|p1a: Queen|208/281","|","|switch|p2a: Heatran|Heatran, M, shiny|282/323","|","|-heal|p1a: Queen|225/281|[from] item: Leftovers","|turn|11","|","|move|p2a: Heatran|Flamethrower|p1a: Queen","|-supereffective|p1a: Queen","|-damage|p1a: Queen|0 fnt","|faint|p1a: Queen","|","|","|switch|p1a: Benn|Emboar, M|362/362","|turn|12","|","|switch|p2a: Gengar|Gengar, F, shiny|261/261","|move|p1a: Benn|Superpower|p2a: Gengar","|-immune|p2a: Gengar|[msg]","|","|turn|13","|","|move|p2a: Gengar|Substitute|p2a: Gengar","|-start|p2a: Gengar|Substitute","|-damage|p2a: Gengar|196/261","|move|p1a: Benn|Flare Blitz|p2a: Gengar","|-end|p2a: Gengar|Substitute","|-damage|p1a: Benn|341/362|[from] recoil|[of] p2a: Gengar","|","|-heal|p2a: Gengar|212/261|[from] item: Black Sludge","|-heal|p1a: Benn|362/362|[from] item: Leftovers","|turn|14","|","|move|p2a: Gengar|Substitute|p2a: Gengar","|-start|p2a: Gengar|Substitute","|-damage|p2a: Gengar|147/261","|move|p1a: Benn|Flare Blitz|p2a: Gengar","|-end|p2a: Gengar|Substitute","|-damage|p1a: Benn|341/362|[from] recoil|[of] p2a: Gengar","|","|-heal|p2a: Gengar|163/261|[from] item: Black Sludge","|-heal|p1a: Benn|362/362|[from] item: Leftovers","|turn|15","|","|switch|p2a: Heatran|Heatran, M, shiny|282/323","|move|p1a: Benn|Flare Blitz|p2a: Heatran","|-start|p2a: Heatran|ability: Flash Fire","|","|turn|16","|","|move|p2a: Heatran|Earth Power|p1a: Benn","|-supereffective|p1a: Benn","|-damage|p1a: Benn|76/362","|move|p1a: Benn|Superpower|p2a: Heatran","|-supereffective|p2a: Heatran","|-damage|p2a: Heatran|0 fnt","|-unboost|p1a: Benn|atk|1","|-unboost|p1a: Benn|def|1","|faint|p2a: Heatran","|","|-heal|p1a: Benn|98/362|[from] item: Leftovers","|","|switch|p2a: You lose|Medicham-Mega, F, shiny|25/261","|turn|17","|","|move|p2a: You lose|Fake Out|p1a: Benn","|-damage|p1a: Benn|0 fnt","|faint|p1a: Benn","|","|","|switch|p1a: Bolt|Zebstrika, M|291/291","|turn|18","|","|switch|p2a: Rotom-Wash|Rotom-Wash, shiny|180/273 psn","|move|p1a: Bolt|Flame Charge|p2a: Rotom-Wash","|-resisted|p2a: Rotom-Wash","|-damage|p2a: Rotom-Wash|161/273 psn","|-boost|p1a: Bolt|spe|1","|","|-heal|p2a: Rotom-Wash|178/273 psn|[from] item: Leftovers","|-damage|p2a: Rotom-Wash|144/273 psn|[from] psn","|turn|19","|","|move|p1a: Bolt|Wild Charge|p2a: Rotom-Wash","|-damage|p2a: Rotom-Wash|41/273 psn","|-damage|p1a: Bolt|265/291|[from] recoil|[of] p2a: Rotom-Wash","|move|p2a: Rotom-Wash|Pain Split|p1a: Bolt","|-sethp|p1a: Bolt|153/291|p2a: Rotom-Wash|153/273 psn|[from] move: Pain Split","|","|-heal|p1a: Bolt|171/291|[from] item: Leftovers","|-heal|p2a: Rotom-Wash|170/273 psn|[from] item: Leftovers","|-damage|p2a: Rotom-Wash|136/273 psn|[from] psn","|turn|20","|","|move|p1a: Bolt|Bounce|p2a: Rotom-Wash|[still]","|-prepare|p1a: Bolt|Bounce|p2a: Rotom-Wash","|move|p2a: Rotom-Wash|Hydro Pump|p1a: Bolt|[miss]","|-miss|p2a: Rotom-Wash|p1a: Bolt","|","|-heal|p1a: Bolt|189/291|[from] item: Leftovers","|-heal|p2a: Rotom-Wash|153/273 psn|[from] item: Leftovers","|-damage|p2a: Rotom-Wash|119/273 psn|[from] psn","|turn|21","|","|move|p1a: Bolt|Bounce|p2a: Rotom-Wash|[from]lockedmove","|-resisted|p2a: Rotom-Wash","|-damage|p2a: Rotom-Wash|90/273 psn","|move|p2a: Rotom-Wash|Pain Split|p1a: Bolt","|-sethp|p1a: Bolt|139/291|p2a: Rotom-Wash|139/273 psn|[from] move: Pain Split","|","|-heal|p1a: Bolt|157/291|[from] item: Leftovers","|-heal|p2a: Rotom-Wash|156/273 psn|[from] item: Leftovers","|-damage|p2a: Rotom-Wash|122/273 psn|[from] psn","|turn|22","|","|move|p1a: Bolt|Light Screen|p1a: Bolt","|-sidestart|p1: rubensd|move: Light Screen","|move|p2a: Rotom-Wash|Hydro Pump|p1a: Bolt|[miss]","|-miss|p2a: Rotom-Wash|p1a: Bolt","|","|-heal|p1a: Bolt|175/291|[from] item: Leftovers","|-heal|p2a: Rotom-Wash|139/273 psn|[from] item: Leftovers","|-damage|p2a: Rotom-Wash|105/273 psn|[from] psn","|turn|23","|","|move|p1a: Bolt|Wild Charge|p2a: Rotom-Wash","|-damage|p2a: Rotom-Wash|0 fnt","|-damage|p1a: Bolt|149/291|[from] recoil|[of] p2a: Rotom-Wash","|faint|p2a: Rotom-Wash","|","|-heal|p1a: Bolt|167/291|[from] item: Leftovers","|","|switch|p2a: You lose|Medicham-Mega, F, shiny|25/261","|turn|24","|","|move|p2a: You lose|Fake Out|p1a: Bolt","|-damage|p1a: Bolt|43/291","|cant|p1a: Bolt|flinch","|","|-heal|p1a: Bolt|61/291|[from] item: Leftovers","|turn|25","|","|switch|p2a: Gengar|Gengar, F, shiny|163/261","|move|p1a: Bolt|Flame Charge|p2a: Gengar","|-damage|p2a: Gengar|100/261","|-boost|p1a: Bolt|spe|1","|","|-heal|p1a: Bolt|79/291|[from] item: Leftovers","|-heal|p2a: Gengar|116/261|[from] item: Black Sludge","|turn|26","|","|move|p1a: Bolt|Wild Charge|p2a: Gengar","|-damage|p2a: Gengar|0 fnt","|-damage|p1a: Bolt|50/291|[from] recoil|[of] p2a: Gengar","|faint|p2a: Gengar","|","|-heal|p1a: Bolt|68/291|[from] item: Leftovers","|-sideend|p1: rubensd|move: Light Screen","|","|switch|p2a: You lose|Medicham-Mega, F, shiny|25/261","|turn|27","|","|switch|p1a: Poiso|Seismitoad, M|236/414 brn","|move|p2a: You lose|Fake Out|p1a: Poiso","|-damage|p1a: Poiso|114/414 brn","|","|-heal|p1a: Poiso|139/414 brn|[from] item: Leftovers","|-damage|p1a: Poiso|88/414 brn|[from] brn","|turn|28","|","|move|p2a: You lose|Zen Headbutt|p1a: Poiso","|-damage|p1a: Poiso|0 fnt","|faint|p1a: Poiso","|","|","|switch|p1a: PoisnZ|Scolipede, M|323/323","|turn|29","|","|move|p1a: PoisnZ|Megahorn|p2a: You lose","|-damage|p2a: You lose|0 fnt","|faint|p2a: You lose","|","|-boost|p1a: PoisnZ|spe|1|[from] ability: Speed Boost","|","|switch|p2a: Clefable|Clefable, M, shiny|393/393","|turn|30","|","|move|p1a: PoisnZ|Protect|p1a: PoisnZ","|-singleturn|p1a: PoisnZ|Protect","|move|p2a: Clefable|Psychic|p1a: PoisnZ","|-activate|p1a: PoisnZ|Protect","|","|-boost|p1a: PoisnZ|spe|1|[from] ability: Speed Boost","|turn|31","|","|move|p1a: PoisnZ|Megahorn|p2a: Clefable","|-resisted|p2a: Clefable","|-damage|p2a: Clefable|294/393","|move|p2a: Clefable|Psychic|p1a: PoisnZ","|-supereffective|p1a: PoisnZ","|-damage|p1a: PoisnZ|0 fnt","|faint|p1a: PoisnZ","|","|","|switch|p1a: Bolt|Zebstrika, M|68/291","|turn|32","|","|move|p1a: Bolt|Wild Charge|p2a: Clefable","|-damage|p2a: Clefable|152/393","|-damage|p1a: Bolt|32/291|[from] recoil|[of] p2a: Clefable","|move|p2a: Clefable|Psychic|p1a: Bolt","|-crit|p1a: Bolt","|-damage|p1a: Bolt|0 fnt","|faint|p1a: Bolt","|","|win|Temsone"],"p1rating":{"entryid":"6070249","serverid":"eos","formatid":"ou","userid":"rubensd","username":"rubensd","w":"4","l":9,"t":"0","gxe":41.9,"r":"1455.2014052993","rd":"91.900126231182","sigma":"0","rptime":"1439110800","rpr":1436.4986250139,"rprd":89.305676705956,"rpsigma":"0","acre":1047.3452232912,"lacre":1047.3452232912,"oldacre":"1072.518517191"},"p2rating":{"entryid":7509986,"formatid":"ou","userid":"temsone","username":"Temsone","r":1500,"rd":130,"sigma":0,"rpr":1536.3292066372,"rprd":122.45255885865,"rpsigma":0,"rptime":1439110800,"w":1,"l":0,"t":0,"gxe":54.5,"acre":1048.2298344351,"lacre":1048.2298344351,"oldacre":1000},"endType":"normal"}