{"seed":[29905,27035,8525,5791],"turns":30,"p1":"LunaMari","p2":"Roface","p1team":[{"name":"Sableye","species":"Sableye","item":"sablenite","ability":"Prankster","moves":["confuseray","willowisp","recover","knockoff"],"nature":"Careful","evs":{"hp":248,"atk":8,"def":0,"spa":0,"spd":252,"spe":0},"ivs":{"hp":31,"atk":31,"def":31,"spa":31,"spd":31,"spe":31}},{"name":"Whimsicott","species":"Whimsicott","item":"leftovers","ability":"Prankster","moves":["leechseed","protect","substitute","stunspore"],"nature":"Bold","evs":{"hp":248,"atk":0,"def":252,"spa":0,"spd":8,"spe":0},"ivs":{"hp":31,"atk":31,"def":31,"spa":31,"spd":31,"spe":31}},{"name":"Klefki","species":"Klefki","item":"laggingtail","ability":"Prankster","moves":["foulplay","thunderwave","spikes","switcheroo"],"nature":"Bold","evs":{"hp":248,"atk":0,"def":252,"spa":0,"spd":8,"spe":0},"ivs":{"hp":31,"atk":31,"def":31,"spa":31,"spd":31,"spe":31}},{"name":"Meowstic","species":"Meowstic","item":"leftovers","ability":"Prankster","moves":["lightscreen","reflect","magiccoat","psyshock"],"nature":"Calm","evs":{"hp":248,"atk":0,"def":0,"spa":8,"spd":252,"spe":0},"ivs":{"hp":31,"atk":31,"def":31,"spa":31,"spd":31,"spe":31}},{"name":"Thundurus","species":"Thundurus","item":"zapplate","ability":"Prankster","moves":["thunderwave","thunderbolt","nastyplot","focusblast"],"nature":"Timid","evs":{"hp":0,"atk":0,"def":0,"spa":252,"spd":4,"spe":252},"ivs":{"hp":31,"atk":31,"def":31,"spa":31,"spd":31,"spe":31}},{"name":"Tornadus","species":"Tornadus","item":"sitrusberry","ability":"Prankster","moves":["bulkup","acrobatics","superpower","knockoff"],"nature":"Jolly","evs":{"hp":0,"atk":252,"def":0,"spa":0,"spd":4,"spe":252},"ivs":{"hp":31,"atk":31,"def":31,"spa":31,"spd":31,"spe":31}}],"p2team":[{"name":"Beedrill","species":"Beedrill","item":"beedrillite","ability":"Swarm","moves":["xscissor","poisonjab","knockoff","protect"],"nature":"Jolly","evs":{"hp":4,"atk":252,"def":0,"spa":0,"spd":0,"spe":252},"ivs":{"hp":31,"atk":31,"def":31,"spa":31,"spd":31,"spe":31}},{"name":"Cloyster","species":"Cloyster","item":"focussash","ability":"Skill Link","moves":["iciclespear","rockblast","shellsmash","rapidspin"],"nature":"Adamant","evs":{"hp":0,"atk":252,"def":0,"spa":0,"spd":4,"spe":252},"ivs":{"hp":31,"atk":31,"def":31,"spa":31,"spd":31,"spe":31}},{"name":"Breloom","species":"Breloom","item":"toxicorb","ability":"Poison Heal","moves":["spore","substitute","bulkup","bulletseed"],"nature":"Careful","evs":{"hp":248,"atk":8,"def":0,"spa":0,"spd":252,"spe":0},"ivs":{"hp":31,"atk":31,"def":31,"spa":31,"spd":31,"spe":31}},{"name":"Keldeo","species":"Keldeo","item":"expertbelt","ability":"Justified","moves":["scald","icywind","secretsword","hiddenpowerfire"],"nature":"Timid","evs":{"hp":0,"atk":0,"def":0,"spa":252,"spd":4,"spe":252},"ivs":{"hp":31,"atk":30,"def":31,"spa":30,"spd":31,"spe":30}},{"name":"Porygon2","species":"Porygon2","item":"eviolite","ability":"Trace","moves":["recover","triattack","discharge","hiddenpowerground"],"nature":"Modest","evs":{"hp":248,"atk":0,"def":0,"spa":252,"spd":8,"spe":0},"ivs":{"hp":31,"atk":31,"def":31,"spa":30,"spd":30,"spe":31}},{"name":"Ambipom","species":"Ambipom","item":"choiceband","ability":"Technician","moves":["fakeout","uturn","doublehit","aerialace"],"nature":"Jolly","evs":{"hp":0,"atk":252,"def":0,"spa":0,"spd":4,"spe":252},"ivs":{"hp":31,"atk":31,"def":31,"spa":31,"spd":31,"spe":31}}],"log":["|player|p1|LunaMari|96","|player|p2|Roface|169","|gametype|singles","|gen|6","|tier|OU","|rated","|clearpoke","|poke|p1|Sableye, F","|poke|p1|Whimsicott, M","|poke|p1|Klefki, F","|poke|p1|Meowstic, M","|poke|p1|Thundurus, M","|poke|p1|Tornadus, M","|poke|p2|Beedrill, F","|poke|p2|Cloyster, F","|poke|p2|Breloom, F","|poke|p2|Keldeo","|poke|p2|Porygon2","|poke|p2|Ambipom, M","|rule|Swagger Clause: Swagger is banned","|rule|Baton Pass Clause: Limit one Baton Passer, can't pass Spe and other stats simultaneously","|rule|Sleep Clause Mod: Limit one foe put to sleep","|rule|Species Clause: Limit one of each Pokémon","|rule|OHKO Clause: OHKO moves are banned","|rule|Moody Clause: Moody is banned","|rule|Evasion Moves Clause: Evasion moves are banned","|rule|Endless Battle Clause: Forcing endless battles is banned","|rule|HP Percentage Mod: HP is shown in percentages","|teampreview","|","|start","|switch|p1a: Sableye|Sableye, F|303/303","|switch|p2a: Porygon2|Porygon2|373/373","|-ability|p2a: Porygon2|Prankster|[from] ability: Trace|[of] p1a: Sableye","|turn|1","|","|detailschange|p1a: Sableye|Sableye-Mega, F","|-mega|p1a: Sableye|Sableye|Sablenite","|move|p2a: Porygon2|Discharge|p1a: Sableye","|-damage|p1a: Sableye|245/303","|move|p1a: Sableye|Knock Off|p2a: Porygon2","|-damage|p2a: Porygon2|306/373","|-enditem|p2a: Porygon2|Eviolite|[from] move: Knock Off|[of] p1a: Sableye","|","|turn|2","|","|switch|p2a: Keldeo|Keldeo|323/323","|move|p1a: Sableye|Will-O-Wisp|p2a: Keldeo|[miss]","|-miss|p1a: Sableye|p2a: Keldeo","|","|turn|3","|","|switch|p1a: Whimsicott|Whimsicott, M|323/323","|move|p2a: Keldeo|Scald|p1a: Whimsicott","|-resisted|p1a: Whimsicott","|-damage|p1a: Whimsicott|234/323","|","|-heal|p1a: Whimsicott|254/323|[from] item: Leftovers","|turn|4","|","|switch|p2a: Beedrill|Beedrill, F|272/272","|move|p1a: Whimsicott|Stun Spore|p2a: Beedrill","|-status|p2a: Beedrill|par","|","|-heal|p1a: Whimsicott|274/323|[from] item: Leftovers","|turn|5","|","|detailschange|p2a: Beedrill|Beedrill-Mega, F","|-mega|p2a: Beedrill|Beedrill|Beedrillite","|move|p1a: Whimsicott|Substitute|p1a: Whimsicott","|-start|p1a: Whimsicott|Substitute","|-damage|p1a: Whimsicott|194/323","|move|p2a: Beedrill|Knock Off|p1a: Whimsicott","|-resisted|p1a: Whimsicott","|-activate|p1a: Whimsicott|Substitute|[damage]","|","|-heal|p1a: Whimsicott|214/323|[from] item: Leftovers","|turn|6","|","|move|p1a: Whimsicott|Leech Seed|p2a: Beedrill","|-start|p2a: Beedrill|move: Leech Seed","|move|p2a: Beedrill|Poison Jab|p1a: Whimsicott","|-supereffective|p1a: Whimsicott","|-end|p1a: Whimsicott|Substitute","|","|-heal|p1a: Whimsicott|234/323|[from] item: Leftovers","|-damage|p2a: Beedrill|238/272 par|[from] Leech Seed|[of] p1a: Whimsicott","|-heal|p1a: Whimsicott|268/323|[silent]","|turn|7","|","|switch|p2a: Ambipom|Ambipom, M|291/291","|move|p1a: Whimsicott|Substitute|p1a: Whimsicott","|-start|p1a: Whimsicott|Substitute","|-damage|p1a: Whimsicott|188/323","|","|-heal|p1a: Whimsicott|208/323|[from] item: Leftovers","|turn|8","|","|move|p1a: Whimsicott|Stun Spore|p2a: Ambipom","|-status|p2a: Ambipom|par","|move|p2a: Ambipom|Double Hit|p1a: Whimsicott","|-end|p1a: Whimsicott|Substitute","|-damage|p1a: Whimsicott|120/323","|-hitcount|p1a: Whimsicott|2","|","|-heal|p1a: Whimsicott|140/323|[from] item: Leftovers","|turn|9","|","|switch|p2a: Keldeo|Keldeo|323/323","|move|p1a: Whimsicott|Protect|p1a: Whimsicott","|-fail|p1a: Whimsicott","|","|-heal|p1a: Whimsicott|160/323|[from] item: Leftovers","|turn|10","|","|move|p1a: Whimsicott|Leech Seed|p2a: Keldeo","|-start|p2a: Keldeo|move: Leech Seed","|move|p2a: Keldeo|Icy Wind|p1a: Whimsicott","|-crit|p1a: Whimsicott","|-supereffective|p1a: Whimsicott","|-damage|p1a: Whimsicott|0 fnt","|faint|p1a: Whimsicott","|","|","|switch|p1a: Meowstic|Meowstic, M|351/351","|turn|11","|","|switch|p2a: Ambipom|Ambipom, M|291/291 par","|move|p1a: Meowstic|Reflect|p1a: Meowstic","|-sidestart|p1: LunaMari|Reflect","|","|turn|12","|","|switch|p1a: Sableye|Sableye-Mega, F|245/303","|move|p2a: Ambipom|Double Hit|p1a: Sableye","|-immune|p1a: Sableye|[msg]","|","|turn|13","|","|switch|p2a: Cloyster|Cloyster, F|241/241","|move|p1a: Sableye|Knock Off|p2a: Cloyster","|-damage|p2a: Cloyster|184/241","|-enditem|p2a: Cloyster|Focus Sash|[from] move: Knock Off|[of] p1a: Sableye","|","|turn|14","|","|move|p2a: Cloyster|Shell Smash|p2a: Cloyster","|-unboost|p2a: Cloyster|def|1","|-unboost|p2a: Cloyster|spd|1","|-boost|p2a: Cloyster|atk|2","|-boost|p2a: Cloyster|spa|2","|-boost|p2a: Cloyster|spe|2","|move|p1a: Sableye|Will-O-Wisp|p2a: Cloyster","|-status|p2a: Cloyster|brn","|","|-damage|p2a: Cloyster|154/241 brn|[from] brn","|turn|15","|","|switch|p1a: Klefki|Klefki, F|317/317","|move|p2a: Cloyster|Icicle Spear|p1a: Klefki","|-resisted|p1a: Klefki","|-damage|p1a: Klefki|310/317","|-resisted|p1a: Klefki","|-damage|p1a: Klefki|303/317","|-resisted|p1a: Klefki","|-damage|p1a: Klefki|296/317","|-resisted|p1a: Klefki","|-damage|p1a: Klefki|289/317","|-resisted|p1a: Klefki","|-damage|p1a: Klefki|282/317","|-hitcount|p1a: Klefki|5","|","|-damage|p2a: Cloyster|124/241 brn|[from] brn","|-sideend|p1: LunaMari|Reflect","|turn|16","|","|move|p1a: Klefki|Spikes|p2a: Cloyster","|-sidestart|p2: Roface|Spikes","|move|p2a: Cloyster|Icicle Spear|p1a: Klefki","|-resisted|p1a: Klefki","|-damage|p1a: Klefki|268/317","|-resisted|p1a: Klefki","|-damage|p1a: Klefki|253/317","|-resisted|p1a: Klefki","|-damage|p1a: Klefki|239/317","|-resisted|p1a: Klefki","|-damage|p1a: Klefki|223/317","|-resisted|p1a: Klefki","|-damage|p1a: Klefki|208/317","|-hitcount|p1a: Klefki|5","|","|-damage|p2a: Cloyster|94/241 brn|[from] brn","|turn|17","|","|move|p2a: Cloyster|Shell Smash|p2a: Cloyster","|-unboost|p2a: Cloyster|def|1","|-unboost|p2a: Cloyster|spd|1","|-boost|p2a: Cloyster|atk|2","|-boost|p2a: Cloyster|spa|2","|-boost|p2a: Cloyster|spe|2","|move|p1a: Klefki|Foul Play|p2a: Cloyster","|-damage|p2a: Cloyster|0 fnt","|faint|p2a: Cloyster","|","|","|switch|p2a: Keldeo|Keldeo|323/323","|-damage|p2a: Keldeo|283/323|[from] Spikes","|turn|18","|","|move|p1a: Klefki|Thunder Wave|p2a: Keldeo","|-status|p2a: Keldeo|par","|move|p2a: Keldeo|Scald|p1a: Klefki","|-damage|p1a: Klefki|64/317","|","|turn|19","|","|switch|p1a: Meowstic|Meowstic, M|351/351","|move|p2a: Keldeo|Icy Wind|p1a: Meowstic","|-damage|p1a: Meowstic|298/351","|-unboost|p1a: Meowstic|spe|1","|","|-heal|p1a: Meowstic|319/351|[from] item: Leftovers","|turn|20","|","|switch|p2a: Beedrill|Beedrill-Mega, F|238/272 par","|-damage|p2a: Beedrill|204/272 par|[from] Spikes","|move|p1a: Meowstic|Psyshock|p2a: Beedrill","|-supereffective|p2a: Beedrill","|-damage|p2a: Beedrill|0 fnt","|faint|p2a: Beedrill","|","|-heal|p1a: Meowstic|340/351|[from] item: Leftovers","|","|switch|p2a: Ambipom|Ambipom, M|291/291 par","|-damage|p2a: Ambipom|255/291 par|[from] Spikes","|turn|21","|","|move|p1a: Meowstic|Reflect|p1a: Meowstic","|-sidestart|p1: LunaMari|Reflect","|move|p2a: Ambipom|U-turn|p1a: Meowstic","|-supereffective|p1a: Meowstic","|-damage|p1a: Meowstic|220/351","|","|switch|p2a: Porygon2|Porygon2|306/373","|-damage|p2a: Porygon2|260/373|[from] Spikes","|-ability|p2a: Porygon2|Prankster|[from] ability: Trace|[of] p1a: Meowstic","|","|-heal|p1a: Meowstic|241/351|[from] item: Leftovers","|turn|22","|","|move|p1a: Meowstic|Magic Coat|p1a: Meowstic","|-singleturn|p1a: Meowstic|move: Magic Coat","|move|p2a: Porygon2|Tri Attack|p1a: Meowstic","|-crit|p1a: Meowstic","|-damage|p1a: Meowstic|75/351","|","|-heal|p1a: Meowstic|96/351|[from] item: Leftovers","|turn|23","|","|move|p1a: Meowstic|Light Screen|p1a: Meowstic","|-sidestart|p1: LunaMari|move: Light Screen","|move|p2a: Porygon2|Discharge|p1a: Meowstic","|-damage|p1a: Meowstic|58/351","|","|-heal|p1a: Meowstic|79/351|[from] item: Leftovers","|turn|24","|","|switch|p1a: Sableye|Sableye-Mega, F|245/303","|move|p2a: Porygon2|Tri Attack|p1a: Sableye","|-immune|p1a: Sableye|[msg]","|","|turn|25","|","|switch|p2a: Keldeo|Keldeo|283/323 par","|-damage|p2a: Keldeo|243/323 par|[from] Spikes","|move|p1a: Sableye|Confuse Ray|p2a: Keldeo","|-start|p2a: Keldeo|confusion","|","|-sideend|p1: LunaMari|Reflect","|turn|26","|","|-activate|p2a: Keldeo|confusion","|-damage|p2a: Keldeo|220/323 par|[from] confusion","|move|p1a: Sableye|Knock Off|p2a: Keldeo","|-resisted|p2a: Keldeo","|-damage|p2a: Keldeo|169/323 par","|-boost|p2a: Keldeo|atk|1|[from] ability: Justified","|-enditem|p2a: Keldeo|Expert Belt|[from] move: Knock Off|[of] p1a: Sableye","|","|turn|27","|","|switch|p1a: Tornadus|Tornadus, M|299/299","|-activate|p2a: Keldeo|confusion","|move|p2a: Keldeo|Scald|p1a: Tornadus","|-damage|p1a: Tornadus|211/299","|","|-sideend|p1: LunaMari|move: Light Screen","|turn|28","|","|switch|p2a: Ambipom|Ambipom, M|255/291 par","|-damage|p2a: Ambipom|219/291 par|[from] Spikes","|move|p1a: Tornadus|Acrobatics|p2a: Ambipom","|-damage|p2a: Ambipom|83/291 par","|","|turn|29","|","|cant|p2a: Ambipom|par","|move|p1a: Tornadus|Bulk Up|p1a: Tornadus","|-boost|p1a: Tornadus|atk|1","|-boost|p1a: Tornadus|def|1","|","|turn|30","|","|win|LunaMari"],"p1rating":{"entryid":"7518959","serverid":"eos","formatid":"ou","userid":"lunamari","username":"LunaMari","w":2,"l":"0","t":"0","gxe":59,"r":"1500","rd":"130","sigma":"0","rptime":"1439110800","rpr":1572.5671258289,"rprd":116.77753930647,"rpsigma":"0","acre":1073.6456820867,"lacre":1073.6456820867,"oldacre":"1044.584930701"},"p2rating":{"entryid":7518979,"formatid":"ou","userid":"roface","username":"Roface","r":1500,"rd":130,"sigma":0,"rpr":1459.8393856612,"rprd":122.8583080769,"rpsigma":0,"rptime":1439110800,"w":0,"l":1,"t":0,"gxe":45,"acre":1000,"lacre":1000,"oldacre":1000},"endType":"forfeit"}