{"seed":[11168,63221,37374,2073],"turns":27,"p1":"TrueYnnhoj","p2":"HeyItsWill","p1team":[{"name":"Iblis","species":"hoopaunbound","item":"lifeorb","ability":"Magician","moves":["hyperspacefury","drainpunch","icepunch","substitute"],"nature":"Jolly","evs":{"hp":0,"atk":252,"def":0,"spa":0,"spd":4,"spe":252},"ivs":{"hp":31,"atk":31,"def":31,"spa":31,"spd":31,"spe":31}},{"name":"Shark Bait","species":"garchomp","item":"rockyhelmet","ability":"Rough Skin","moves":["stealthrock","earthquake","dragontail","fireblast"],"nature":"Impish","evs":{"hp":252,"atk":0,"def":164,"spa":0,"spd":76,"spe":16},"gender":"F","shiny":true,"ivs":{"hp":31,"atk":31,"def":31,"spa":31,"spd":31,"spe":31}},{"name":"NutKracker","species":"ferrothorn","item":"leftovers","ability":"Iron Barbs","moves":["knockoff","leechseed","gyroball","powerwhip"],"nature":"Relaxed","evs":{"hp":252,"atk":0,"def":88,"spa":0,"spd":168,"spe":0},"gender":"F","shiny":true,"ivs":{"hp":31,"atk":31,"def":31,"spa":31,"spd":31,"spe":31}},{"name":"Swirlies","species":"rotomwash","item":"leftovers","ability":"Levitate","moves":["voltswitch","hydropump","willowisp","painsplit"],"nature":"Bold","evs":{"hp":248,"atk":0,"def":252,"spa":0,"spd":0,"spe":8},"ivs":{"hp":31,"atk":31,"def":31,"spa":31,"spd":31,"spe":31}},{"name":"Machs","species":"latios","item":"lifeorb","ability":"Levitate","moves":["dracometeor","psyshock","roost","defog"],"nature":"Timid","evs":{"hp":0,"atk":0,"def":4,"spa":252,"spd":0,"spe":252},"shiny":true,"ivs":{"hp":31,"atk":31,"def":31,"spa":31,"spd":31,"spe":31}},{"name":"Ned","species":"venusaur","item":"venusaurite","ability":"Chlorophyll","moves":["gigadrain","sludgebomb","hiddenpowerfire","synthesis"],"nature":"Modest","evs":{"hp":232,"atk":0,"def":0,"spa":252,"spd":4,"spe":20},"gender":"M","ivs":{"hp":31,"atk":30,"def":31,"spa":30,"spd":31,"spe":30}}],"p2team":[{"name":"Slowbro","species":"Slowbro","item":"slowbronite","ability":"Regenerator","moves":["scald","psyshock","slackoff","thunderwave"],"nature":"Bold","evs":{"hp":252,"atk":0,"def":232,"spa":24,"spd":0,"spe":0},"ivs":{"hp":31,"atk":31,"def":31,"spa":31,"spd":31,"spe":31}},{"name":"Nidoking","species":"Nidoking","item":"lifeorb","ability":"Sheer Force","moves":["sludgewave","focusblast","stealthrock","earthpower"],"nature":"Timid","evs":{"hp":0,"atk":0,"def":4,"spa":252,"spd":0,"spe":252},"ivs":{"hp":31,"atk":31,"def":31,"spa":31,"spd":31,"spe":31}},{"name":"Lopunny","species":"Lopunny","item":"choicescarf","ability":"Klutz","moves":["drainpunch","return","thunderwave","icepunch"],"nature":"Jolly","evs":{"hp":0,"atk":252,"def":4,"spa":0,"spd":0,"spe":252},"ivs":{"hp":31,"atk":31,"def":31,"spa":31,"spd":31,"spe":31}},{"name":"Thundurus","species":"Thundurus","item":"leftovers","ability":"Prankster","moves":["nastyplot","thunderbolt","taunt","focusblast"],"nature":"Calm","evs":{"hp":244,"atk":0,"def":108,"spa":64,"spd":72,"spe":20},"ivs":{"hp":31,"atk":31,"def":31,"spa":31,"spd":31,"spe":31}},{"name":"Chandelure","species":"Chandelure","item":"choicescarf","ability":"Flash Fire","moves":["trick","shadowball","fireblast","confuseray"],"nature":"Timid","evs":{"hp":0,"atk":0,"def":0,"spa":252,"spd":4,"spe":252},"ivs":{"hp":31,"atk":31,"def":31,"spa":31,"spd":31,"spe":31}},{"name":"Bisharp","species":"Bisharp","item":"assaultvest","ability":"Defiant","moves":["knockoff","suckerpunch","ironhead","lowkick"],"nature":"Adamant","evs":{"hp":4,"atk":252,"def":0,"spa":0,"spd":0,"spe":252},"ivs":{"hp":31,"atk":31,"def":31,"spa":31,"spd":31,"spe":31}}],"log":["|player|p1|TrueYnnhoj|59","|player|p2|HeyItsWill|2","|gametype|singles","|gen|6","|tier|OU","|rated","|clearpoke","|poke|p1|Hoopa-Unbound","|poke|p1|Garchomp, F, shiny","|poke|p1|Ferrothorn, F, shiny","|poke|p1|Rotom-Wash","|poke|p1|Latios, M, shiny","|poke|p1|Venusaur, M","|poke|p2|Slowbro, M","|poke|p2|Nidoking, M","|poke|p2|Lopunny, M","|poke|p2|Thundurus, M","|poke|p2|Chandelure, F","|poke|p2|Bisharp, M","|rule|Swagger Clause: Swagger is banned","|rule|Baton Pass Clause: Limit one Baton Passer, can't pass Spe and other stats simultaneously","|rule|Sleep Clause Mod: Limit one foe put to sleep","|rule|Species Clause: Limit one of each Pokémon","|rule|OHKO Clause: OHKO moves are banned","|rule|Moody Clause: Moody is banned","|rule|Evasion Moves Clause: Evasion moves are banned","|rule|Endless Battle Clause: Forcing endless battles is banned","|rule|HP Percentage Mod: HP is shown in percentages","|teampreview","|","|start","|switch|p1a: Shark Bait|Garchomp, F, shiny|420/420","|switch|p2a: Chandelure|Chandelure, F|261/261","|turn|1","|","|switch|p2a: Lopunny|Lopunny, M|271/271","|move|p1a: Shark Bait|Stealth Rock|p2a: Lopunny","|-sidestart|p2: HeyItsWill|move: Stealth Rock","|","|turn|2","|","|switch|p1a: NutKracker|Ferrothorn, F, shiny|352/352","|move|p2a: Lopunny|Ice Punch|p1a: NutKracker","|-damage|p1a: NutKracker|313/352","|-damage|p2a: Lopunny|238/271|[from] ability: Iron Barbs|[of] p1a: NutKracker","|","|-heal|p1a: NutKracker|335/352|[from] item: Leftovers","|turn|3","|","|switch|p1a: Machs|Latios, M, shiny|301/301","|move|p2a: Lopunny|Thunder Wave|p1a: Machs","|-status|p1a: Machs|par","|","|turn|4","|","|move|p2a: Lopunny|Ice Punch|p1a: Machs","|-supereffective|p1a: Machs","|-damage|p1a: Machs|137/301 par","|cant|p1a: Machs|par","|","|turn|5","|","|switch|p1a: NutKracker|Ferrothorn, F, shiny|335/352","|move|p2a: Lopunny|Return|p1a: NutKracker","|-resisted|p1a: NutKracker","|-damage|p1a: NutKracker|288/352","|-damage|p2a: Lopunny|205/271|[from] ability: Iron Barbs|[of] p1a: NutKracker","|","|-heal|p1a: NutKracker|310/352|[from] item: Leftovers","|turn|6","|","|switch|p1a: Swirlies|Rotom-Wash|303/303","|move|p2a: Lopunny|Drain Punch|p1a: Swirlies","|-crit|p1a: Swirlies","|-damage|p1a: Swirlies|241/303","|-heal|p2a: Lopunny|236/271|[from] drain|[of] p1a: Swirlies","|","|-heal|p1a: Swirlies|259/303|[from] item: Leftovers","|turn|7","|","|move|p2a: Lopunny|Thunder Wave|p1a: Swirlies","|-immune|p1a: Swirlies|[msg]","|move|p1a: Swirlies|Will-O-Wisp|p2a: Lopunny|[miss]","|-miss|p1a: Swirlies|p2a: Lopunny","|","|-heal|p1a: Swirlies|277/303|[from] item: Leftovers","|turn|8","|","|move|p2a: Lopunny|Return|p1a: Swirlies","|-damage|p1a: Swirlies|189/303","|move|p1a: Swirlies|Will-O-Wisp|p2a: Lopunny","|-status|p2a: Lopunny|brn","|","|-heal|p1a: Swirlies|207/303|[from] item: Leftovers","|-damage|p2a: Lopunny|203/271 brn|[from] brn","|turn|9","|","|move|p2a: Lopunny|Return|p1a: Swirlies","|-damage|p1a: Swirlies|162/303","|move|p1a: Swirlies|Volt Switch|p2a: Lopunny","|-damage|p2a: Lopunny|115/271 brn","|","|switch|p1a: NutKracker|Ferrothorn, F, shiny|310/352","|","|-heal|p1a: NutKracker|332/352|[from] item: Leftovers","|-damage|p2a: Lopunny|82/271 brn|[from] brn","|turn|10","|","|move|p2a: Lopunny|Drain Punch|p1a: NutKracker","|-supereffective|p1a: NutKracker","|-damage|p1a: NutKracker|287/352","|-heal|p2a: Lopunny|105/271 brn|[from] drain|[of] p1a: NutKracker","|-damage|p2a: Lopunny|72/271 brn|[from] ability: Iron Barbs|[of] p1a: NutKracker","|move|p1a: NutKracker|Gyro Ball|p2a: Lopunny","|-damage|p2a: Lopunny|0 fnt","|faint|p2a: Lopunny","|","|-heal|p1a: NutKracker|309/352|[from] item: Leftovers","|","|switch|p2a: Chandelure|Chandelure, F|261/261","|-damage|p2a: Chandelure|196/261|[from] Stealth Rock","|turn|11","|","|switch|p1a: Shark Bait|Garchomp, F, shiny|420/420","|move|p2a: Chandelure|Fire Blast|p1a: Shark Bait","|-crit|p1a: Shark Bait","|-resisted|p1a: Shark Bait","|-damage|p1a: Shark Bait|267/420","|","|turn|12","|","|switch|p2a: Thundurus|Thundurus, M|360/360","|-damage|p2a: Thundurus|270/360|[from] Stealth Rock","|move|p1a: Shark Bait|Earthquake|p2a: Thundurus","|-immune|p2a: Thundurus|[msg]","|","|-heal|p2a: Thundurus|292/360|[from] item: Leftovers","|turn|13","|","|switch|p1a: Machs|Latios, M, shiny|137/301 par","|move|p2a: Thundurus|Nasty Plot|p2a: Thundurus","|-boost|p2a: Thundurus|spa|2","|","|-heal|p2a: Thundurus|314/360|[from] item: Leftovers","|turn|14","|","|move|p2a: Thundurus|Thunderbolt|p1a: Machs","|-resisted|p1a: Machs","|-damage|p1a: Machs|20/301 par","|move|p1a: Machs|Psyshock|p2a: Thundurus","|-damage|p2a: Thundurus|115/360","|-damage|p1a: Machs|0 fnt|[from] item: Life Orb","|faint|p1a: Machs","|","|-heal|p2a: Thundurus|137/360|[from] item: Leftovers","|","|switch|p1a: NutKracker|Ferrothorn, F, shiny|309/352","|turn|15","|","|move|p2a: Thundurus|Focus Blast|p1a: NutKracker|[miss]","|-miss|p2a: Thundurus|p1a: NutKracker","|move|p1a: NutKracker|Knock Off|p2a: Thundurus","|-damage|p2a: Thundurus|46/360","|-enditem|p2a: Thundurus|Leftovers|[from] move: Knock Off|[of] p1a: NutKracker","|","|-heal|p1a: NutKracker|331/352|[from] item: Leftovers","|turn|16","|","|switch|p1a: Ned|Venusaur, M|359/359","|move|p2a: Thundurus|Focus Blast|p1a: Ned","|-resisted|p1a: Ned","|-damage|p1a: Ned|237/359","|","|turn|17","|","|detailschange|p1a: Ned|Venusaur-Mega, M","|-mega|p1a: Ned|Venusaur|Venusaurite","|move|p2a: Thundurus|Thunderbolt|p1a: Ned","|-resisted|p1a: Ned","|-damage|p1a: Ned|128/359","|move|p1a: Ned|Giga Drain|p2a: Thundurus","|-resisted|p2a: Thundurus","|-damage|p2a: Thundurus|0 fnt","|-heal|p1a: Ned|151/359|[from] drain|[of] p2a: Thundurus","|faint|p2a: Thundurus","|","|","|switch|p2a: Chandelure|Chandelure, F|196/261","|-damage|p2a: Chandelure|131/261|[from] Stealth Rock","|turn|18","|","|switch|p1a: Swirlies|Rotom-Wash|162/303","|move|p2a: Chandelure|Trick|p1a: Swirlies","|-activate|p2a: Chandelure|move: Trick|[of] p1a: Swirlies","|-item|p1a: Swirlies|Choice Scarf|[from] move: Trick","|-item|p2a: Chandelure|Leftovers|[from] move: Trick","|","|-heal|p2a: Chandelure|147/261|[from] item: Leftovers","|turn|19","|","|move|p1a: Swirlies|Hydro Pump|p2a: Chandelure","|-supereffective|p2a: Chandelure","|-damage|p2a: Chandelure|0 fnt","|faint|p2a: Chandelure","|","|","|switch|p2a: Nidoking|Nidoking, M|303/303","|-damage|p2a: Nidoking|285/303|[from] Stealth Rock","|turn|20","|","|move|p1a: Swirlies|Hydro Pump|p2a: Nidoking","|-supereffective|p2a: Nidoking","|-damage|p2a: Nidoking|0 fnt","|faint|p2a: Nidoking","|","|","|switch|p2a: Slowbro|Slowbro, M|394/394","|-damage|p2a: Slowbro|345/394|[from] Stealth Rock","|turn|21","|","|switch|p1a: NutKracker|Ferrothorn, F, shiny|331/352","|detailschange|p2a: Slowbro|Slowbro-Mega, M","|-mega|p2a: Slowbro|Slowbro|Slowbronite","|move|p2a: Slowbro|Psyshock|p1a: NutKracker","|-resisted|p1a: NutKracker","|-damage|p1a: NutKracker|292/352","|","|-heal|p1a: NutKracker|314/352|[from] item: Leftovers","|turn|22","|","|move|p2a: Slowbro|Thunder Wave|p1a: NutKracker","|-status|p1a: NutKracker|par","|move|p1a: NutKracker|Leech Seed|p2a: Slowbro","|-start|p2a: Slowbro|move: Leech Seed","|","|-heal|p1a: NutKracker|336/352 par|[from] item: Leftovers","|-damage|p2a: Slowbro|296/394|[from] Leech Seed|[of] p1a: NutKracker","|-heal|p1a: NutKracker|352/352 par|[silent]","|turn|23","|","|move|p2a: Slowbro|Scald|p1a: NutKracker","|-resisted|p1a: NutKracker","|-damage|p1a: NutKracker|307/352 par","|cant|p1a: NutKracker|par","|","|-heal|p1a: NutKracker|329/352 par|[from] item: Leftovers","|-damage|p2a: Slowbro|247/394|[from] Leech Seed|[of] p1a: NutKracker","|-heal|p1a: NutKracker|352/352 par|[silent]","|turn|24","|","|move|p2a: Slowbro|Scald|p1a: NutKracker","|-resisted|p1a: NutKracker","|-damage|p1a: NutKracker|303/352 par","|move|p1a: NutKracker|Power Whip|p2a: Slowbro","|-supereffective|p2a: Slowbro","|-damage|p2a: Slowbro|115/394","|","|-heal|p1a: NutKracker|325/352 par|[from] item: Leftovers","|-damage|p2a: Slowbro|66/394|[from] Leech Seed|[of] p1a: NutKracker","|-heal|p1a: NutKracker|352/352 par|[silent]","|turn|25","|","|move|p2a: Slowbro|Scald|p1a: NutKracker","|-crit|p1a: NutKracker","|-resisted|p1a: NutKracker","|-damage|p1a: NutKracker|286/352 par","|move|p1a: NutKracker|Power Whip|p2a: Slowbro","|-supereffective|p2a: Slowbro","|-damage|p2a: Slowbro|0 fnt","|faint|p2a: Slowbro","|","|-heal|p1a: NutKracker|308/352 par|[from] item: Leftovers","|","|switch|p2a: Bisharp|Bisharp, M|272/272","|-damage|p2a: Bisharp|255/272|[from] Stealth Rock","|turn|26","|","|move|p2a: Bisharp|Iron Head|p1a: NutKracker","|-resisted|p1a: NutKracker","|-damage|p1a: NutKracker|260/352 par","|-damage|p2a: Bisharp|221/272|[from] ability: Iron Barbs|[of] p1a: NutKracker","|move|p1a: NutKracker|Leech Seed|p2a: Bisharp","|-start|p2a: Bisharp|move: Leech Seed","|","|-heal|p1a: NutKracker|282/352 par|[from] item: Leftovers","|-damage|p2a: Bisharp|187/272|[from] Leech Seed|[of] p1a: NutKracker","|-heal|p1a: NutKracker|316/352 par|[silent]","|turn|27","|","|win|TrueYnnhoj"],"p1rating":{"entryid":7514842,"formatid":"ou","userid":"trueynnhoj","username":"TrueYnnhoj","r":1500,"rd":130,"sigma":0,"rpr":1540.1606143388,"rprd":122.8583080769,"rpsigma":0,"rptime":1439110800,"w":1,"l":0,"t":0,"gxe":55,"acre":1040,"lacre":1040,"oldacre":1000},"p2rating":{"entryid":7514843,"formatid":"ou","userid":"heyitswill","username":"HeyItsWill","r":1500,"rd":130,"sigma":0,"rpr":1459.8393856612,"rprd":122.8583080769,"rpsigma":0,"rptime":1439110800,"w":0,"l":1,"t":0,"gxe":45,"acre":1000,"lacre":1000,"oldacre":1000},"endType":"forfeit"}