{"seed":[5847,34057,60871,28286],"turns":31,"p1":"Guard Wulf","p2":"LunaMari","p1team":[{"name":"Gallade","species":"Gallade","item":"galladite","ability":"Justified","moves":["swordsdance","closecombat","icepunch","psychocut"],"nature":"Jolly","evs":{"hp":4,"atk":252,"def":0,"spa":0,"spd":0,"spe":252},"ivs":{"hp":31,"atk":31,"def":31,"spa":31,"spd":31,"spe":31}},{"name":"Bisharp","species":"Bisharp","item":"blackglasses","ability":"Defiant","moves":["ironhead","swordsdance","suckerpunch","knockoff"],"nature":"Serious","evs":{"hp":0,"atk":252,"def":4,"spa":0,"spd":0,"spe":252},"ivs":{"hp":31,"atk":31,"def":31,"spa":31,"spd":31,"spe":31}},{"name":"Slowbro","species":"Slowbro","item":"leftovers","ability":"Regenerator","moves":["thunderwave","scald","slackoff","icebeam"],"nature":"Bold","evs":{"hp":252,"atk":0,"def":252,"spa":4,"spd":0,"spe":0},"ivs":{"hp":31,"atk":31,"def":31,"spa":31,"spd":31,"spe":31}},{"name":"Chansey","species":"Chansey","item":"eviolite","ability":"Natural Cure","moves":["stealthrock","softboiled","healbell","seismictoss"],"nature":"Impish","evs":{"hp":36,"atk":0,"def":252,"spa":0,"spd":220,"spe":0},"ivs":{"hp":31,"atk":31,"def":31,"spa":31,"spd":31,"spe":31}},{"name":"Thundurus","species":"Thundurus","item":"lifeorb","ability":"Prankster","moves":["taunt","hiddenpowerice","voltswitch","discharge"],"nature":"Timid","evs":{"hp":0,"atk":0,"def":0,"spa":252,"spd":4,"spe":252},"ivs":{"hp":31,"atk":30,"def":30,"spa":31,"spd":31,"spe":31}},{"name":"Garchomp","species":"Garchomp","item":"choicescarf","ability":"Rough Skin","moves":["outrage","stoneedge","fireblast","earthquake"],"nature":"Naive","evs":{"hp":0,"atk":200,"def":0,"spa":56,"spd":0,"spe":252},"ivs":{"hp":31,"atk":31,"def":31,"spa":31,"spd":31,"spe":31}}],"p2team":[{"name":"Sableye","species":"Sableye","item":"sablenite","ability":"Prankster","moves":["confuseray","willowisp","recover","knockoff"],"nature":"Careful","evs":{"hp":248,"atk":8,"def":0,"spa":0,"spd":252,"spe":0},"ivs":{"hp":31,"atk":31,"def":31,"spa":31,"spd":31,"spe":31}},{"name":"Whimsicott","species":"Whimsicott","item":"leftovers","ability":"Prankster","moves":["leechseed","protect","substitute","stunspore"],"nature":"Bold","evs":{"hp":248,"atk":0,"def":252,"spa":0,"spd":8,"spe":0},"ivs":{"hp":31,"atk":31,"def":31,"spa":31,"spd":31,"spe":31}},{"name":"Klefki","species":"Klefki","item":"laggingtail","ability":"Prankster","moves":["foulplay","thunderwave","spikes","switcheroo"],"nature":"Bold","evs":{"hp":248,"atk":0,"def":252,"spa":0,"spd":8,"spe":0},"ivs":{"hp":31,"atk":31,"def":31,"spa":31,"spd":31,"spe":31}},{"name":"Meowstic","species":"Meowstic","item":"leftovers","ability":"Prankster","moves":["lightscreen","reflect","magiccoat","psyshock"],"nature":"Calm","evs":{"hp":248,"atk":0,"def":0,"spa":8,"spd":252,"spe":0},"ivs":{"hp":31,"atk":31,"def":31,"spa":31,"spd":31,"spe":31}},{"name":"Thundurus","species":"Thundurus","item":"zapplate","ability":"Prankster","moves":["thunderwave","thunderbolt","nastyplot","focusblast"],"nature":"Timid","evs":{"hp":0,"atk":0,"def":0,"spa":252,"spd":4,"spe":252},"ivs":{"hp":31,"atk":31,"def":31,"spa":31,"spd":31,"spe":31}},{"name":"Tornadus","species":"Tornadus","item":"sitrusberry","ability":"Prankster","moves":["bulkup","acrobatics","superpower","knockoff"],"nature":"Jolly","evs":{"hp":0,"atk":252,"def":0,"spa":0,"spd":4,"spe":252},"ivs":{"hp":31,"atk":31,"def":31,"spa":31,"spd":31,"spe":31}}],"log":["|player|p1|Guard Wulf|143","|player|p2|LunaMari|96","|gametype|singles","|gen|6","|tier|OU","|rated","|clearpoke","|poke|p1|Gallade, M","|poke|p1|Bisharp, M","|poke|p1|Slowbro, F","|poke|p1|Chansey, F","|poke|p1|Thundurus, M","|poke|p1|Garchomp, M","|poke|p2|Sableye, M","|poke|p2|Whimsicott, F","|poke|p2|Klefki, M","|poke|p2|Meowstic, M","|poke|p2|Thundurus, M","|poke|p2|Tornadus, M","|rule|Swagger Clause: Swagger is banned","|rule|Baton Pass Clause: Limit one Baton Passer, can't pass Spe and other stats simultaneously","|rule|Sleep Clause Mod: Limit one foe put to sleep","|rule|Species Clause: Limit one of each Pokémon","|rule|OHKO Clause: OHKO moves are banned","|rule|Moody Clause: Moody is banned","|rule|Evasion Moves Clause: Evasion moves are banned","|rule|Endless Battle Clause: Forcing endless battles is banned","|rule|HP Percentage Mod: HP is shown in percentages","|teampreview","|","|start","|switch|p1a: Thundurus|Thundurus, M|299/299","|switch|p2a: Sableye|Sableye, M|303/303","|turn|1","|","|move|p2a: Sableye|Confuse Ray|p1a: Thundurus","|-start|p1a: Thundurus|confusion","|-activate|p1a: Thundurus|confusion","|-damage|p1a: Thundurus|244/299|[from] confusion","|","|turn|2","|","|switch|p1a: Chansey|Chansey, F|650/650","|move|p2a: Sableye|Will-O-Wisp|p1a: Chansey|[miss]","|-miss|p2a: Sableye|p1a: Chansey","|","|turn|3","|","|detailschange|p2a: Sableye|Sableye-Mega, M","|-mega|p2a: Sableye|Sableye|Sablenite","|move|p2a: Sableye|Knock Off|p1a: Chansey","|-damage|p1a: Chansey|523/650","|-enditem|p1a: Chansey|Eviolite|[from] move: Knock Off|[of] p2a: Sableye","|move|p1a: Chansey|Stealth Rock|p2a: Sableye","|move|p2a: Sableye|Stealth Rock|p1a: Chansey|[from]Magic Bounce","|-sidestart|p1: Guard Wulf|move: Stealth Rock","|","|turn|4","|","|switch|p1a: Thundurus|Thundurus, M|244/299","|-damage|p1a: Thundurus|170/299|[from] Stealth Rock","|move|p2a: Sableye|Will-O-Wisp|p1a: Thundurus|[miss]","|-miss|p2a: Sableye|p1a: Thundurus","|","|turn|5","|","|move|p1a: Thundurus|Discharge|p2a: Sableye","|-damage|p2a: Sableye|181/303","|-damage|p1a: Thundurus|141/299|[from] item: Life Orb","|move|p2a: Sableye|Confuse Ray|p1a: Thundurus","|-start|p1a: Thundurus|confusion","|","|turn|6","|","|-activate|p1a: Thundurus|confusion","|move|p1a: Thundurus|Discharge|p2a: Sableye","|-damage|p2a: Sableye|60/303","|-damage|p1a: Thundurus|112/299|[from] item: Life Orb","|move|p2a: Sableye|Recover|p2a: Sableye","|-heal|p2a: Sableye|212/303","|","|turn|7","|","|-activate|p1a: Thundurus|confusion","|-damage|p1a: Thundurus|55/299|[from] confusion","|move|p2a: Sableye|Recover|p2a: Sableye","|-heal|p2a: Sableye|303/303","|","|turn|8","|","|switch|p2a: Whimsicott|Whimsicott, F|323/323","|-activate|p1a: Thundurus|confusion","|move|p1a: Thundurus|Discharge|p2a: Whimsicott","|-resisted|p2a: Whimsicott","|-damage|p2a: Whimsicott|211/323","|-damage|p1a: Thundurus|26/299|[from] item: Life Orb","|","|-heal|p2a: Whimsicott|231/323|[from] item: Leftovers","|turn|9","|","|-activate|p1a: Thundurus|confusion","|move|p1a: Thundurus|Taunt|p2a: Whimsicott","|-start|p2a: Whimsicott|move: Taunt","|cant|p2a: Whimsicott|move: Taunt|Substitute","|","|-heal|p2a: Whimsicott|251/323|[from] item: Leftovers","|turn|10","|","|-end|p1a: Thundurus|confusion","|move|p1a: Thundurus|Hidden Power|p2a: Whimsicott","|-supereffective|p2a: Whimsicott","|-damage|p2a: Whimsicott|30/323","|-damage|p1a: Thundurus|0 fnt|[from] item: Life Orb","|faint|p1a: Thundurus","|-activate|p2a: Whimsicott|move: Struggle","|move|p2a: Whimsicott|Struggle|p1: Thundurus|[notarget]","|-notarget","|","|-heal|p2a: Whimsicott|50/323|[from] item: Leftovers","|","|switch|p1a: Bisharp|Bisharp, M|271/271","|-damage|p1a: Bisharp|255/271|[from] Stealth Rock","|turn|11","|","|-activate|p2a: Whimsicott|move: Struggle","|move|p2a: Whimsicott|Struggle|p1a: Bisharp","|-damage|p1a: Bisharp|228/271","|-damage|p2a: Whimsicott|0 fnt|[from] recoil","|faint|p2a: Whimsicott","|move|p1a: Bisharp|Swords Dance|p1a: Bisharp","|-boost|p1a: Bisharp|atk|2","|","|","|switch|p2a: Meowstic|Meowstic, M|351/351","|turn|12","|","|move|p2a: Meowstic|Reflect|p2a: Meowstic","|-sidestart|p2: LunaMari|Reflect","|move|p1a: Bisharp|Knock Off|p2a: Meowstic","|-supereffective|p2a: Meowstic","|-damage|p2a: Meowstic|0 fnt","|-enditem|p2a: Meowstic|Leftovers|[from] move: Knock Off|[of] p1a: Bisharp","|faint|p2a: Meowstic","|","|","|switch|p2a: Sableye|Sableye-Mega, M|303/303","|turn|13","|","|move|p1a: Bisharp|Iron Head|p2a: Sableye","|-crit|p2a: Sableye","|-damage|p2a: Sableye|0 fnt","|faint|p2a: Sableye","|","|","|switch|p2a: Tornadus|Tornadus, M|299/299","|turn|14","|","|move|p2a: Tornadus|Bulk Up|p2a: Tornadus","|-boost|p2a: Tornadus|atk|1","|-boost|p2a: Tornadus|def|1","|move|p1a: Bisharp|Sucker Punch|p2a: Tornadus","|-fail|p1a: Bisharp","|","|turn|15","|","|move|p1a: Bisharp|Sucker Punch|p2a: Tornadus","|-damage|p2a: Tornadus|143/299","|-enditem|p2a: Tornadus|Sitrus Berry|[eat]","|-heal|p2a: Tornadus|217/299|[from] item: Sitrus Berry","|move|p2a: Tornadus|Superpower|p1a: Bisharp","|-supereffective|p1a: Bisharp","|-damage|p1a: Bisharp|0 fnt","|-unboost|p2a: Tornadus|atk|1","|-unboost|p2a: Tornadus|def|1","|faint|p1a: Bisharp","|","|","|switch|p1a: Slowbro|Slowbro, F|394/394","|-damage|p1a: Slowbro|345/394|[from] Stealth Rock","|turn|16","|","|switch|p2a: Klefki|Klefki, M|317/317","|move|p1a: Slowbro|Thunder Wave|p2a: Klefki","|-status|p2a: Klefki|par","|","|-heal|p1a: Slowbro|369/394|[from] item: Leftovers","|-sideend|p2: LunaMari|Reflect","|turn|17","|","|switch|p1a: Garchomp|Garchomp, M|357/357","|-damage|p1a: Garchomp|335/357|[from] Stealth Rock","|move|p2a: Klefki|Thunder Wave|p1a: Garchomp","|-immune|p1a: Garchomp|[msg]","|","|turn|18","|","|move|p2a: Klefki|Switcheroo|p1a: Garchomp","|-activate|p2a: Klefki|move: Trick|[of] p1a: Garchomp","|-item|p1a: Garchomp|Lagging Tail|[from] Trick","|-item|p2a: Klefki|Choice Scarf|[from] Trick","|move|p1a: Garchomp|Fire Blast|p2a: Klefki","|-supereffective|p2a: Klefki","|-damage|p2a: Klefki|159/317 par","|","|turn|19","|","|switch|p2a: Thundurus|Thundurus, M|299/299","|move|p1a: Garchomp|Earthquake|p2a: Thundurus","|-immune|p2a: Thundurus|[msg]","|","|turn|20","|","|switch|p1a: Chansey|Chansey, F|523/650","|-damage|p1a: Chansey|442/650|[from] Stealth Rock","|move|p2a: Thundurus|Nasty Plot|p2a: Thundurus","|-boost|p2a: Thundurus|spa|2","|","|turn|21","|","|move|p2a: Thundurus|Focus Blast|p1a: Chansey","|-supereffective|p1a: Chansey","|-damage|p1a: Chansey|44/650","|move|p1a: Chansey|Soft-Boiled|p1a: Chansey","|-heal|p1a: Chansey|369/650","|","|turn|22","|","|move|p2a: Thundurus|Focus Blast|p1a: Chansey","|-crit|p1a: Chansey","|-supereffective|p1a: Chansey","|-damage|p1a: Chansey|0 fnt","|faint|p1a: Chansey","|","|","|switch|p1a: Garchomp|Garchomp, M|335/357","|-damage|p1a: Garchomp|313/357|[from] Stealth Rock","|turn|23","|","|move|p2a: Thundurus|Focus Blast|p1a: Garchomp|[miss]","|-miss|p2a: Thundurus|p1a: Garchomp","|move|p1a: Garchomp|Outrage|p2a: Thundurus","|-damage|p2a: Thundurus|41/299","|","|turn|24","|","|move|p2a: Thundurus|Focus Blast|p1a: Garchomp","|-damage|p1a: Garchomp|0 fnt","|faint|p1a: Garchomp","|","|","|switch|p1a: Gallade|Gallade, M|278/278","|-damage|p1a: Gallade|261/278|[from] Stealth Rock","|turn|25","|","|switch|p2a: Klefki|Klefki, M|159/317 par","|detailschange|p1a: Gallade|Gallade-Mega, M","|-mega|p1a: Gallade|Gallade|Galladite","|move|p1a: Gallade|Ice Punch|p2a: Klefki","|-resisted|p2a: Klefki","|-damage|p2a: Klefki|117/317 par","|","|turn|26","|","|cant|p2a: Klefki|par","|move|p1a: Gallade|Close Combat|p2a: Klefki","|-damage|p2a: Klefki|0 fnt","|-unboost|p1a: Gallade|def|1","|-unboost|p1a: Gallade|spd|1","|faint|p2a: Klefki","|","|","|switch|p2a: Tornadus|Tornadus, M|217/299","|turn|27","|","|move|p2a: Tornadus|Acrobatics|p1a: Gallade","|-supereffective|p1a: Gallade","|-damage|p1a: Gallade|0 fnt","|faint|p1a: Gallade","|","|","|switch|p1a: Slowbro|Slowbro, F|394/394","|-damage|p1a: Slowbro|345/394|[from] Stealth Rock","|turn|28","|","|move|p2a: Tornadus|Knock Off|p1a: Slowbro","|-supereffective|p1a: Slowbro","|-damage|p1a: Slowbro|205/394","|-enditem|p1a: Slowbro|Leftovers|[from] move: Knock Off|[of] p2a: Tornadus","|move|p1a: Slowbro|Ice Beam|p2a: Tornadus","|-supereffective|p2a: Tornadus","|-damage|p2a: Tornadus|45/299","|-status|p2a: Tornadus|frz","|","|turn|29","|","|cant|p2a: Tornadus|frz","|move|p1a: Slowbro|Slack Off|p1a: Slowbro","|-heal|p1a: Slowbro|394/394","|","|turn|30","|","|-curestatus|p2a: Tornadus|frz","|move|p2a: Tornadus|Knock Off|p1a: Slowbro","|-supereffective|p1a: Slowbro","|-damage|p1a: Slowbro|292/394","|move|p1a: Slowbro|Ice Beam|p2a: Tornadus","|-supereffective|p2a: Tornadus","|-damage|p2a: Tornadus|0 fnt","|faint|p2a: Tornadus","|","|","|switch|p2a: Thundurus|Thundurus, M|41/299","|turn|31","|","|move|p2a: Thundurus|Thunderbolt|p1a: Slowbro","|-crit|p1a: Slowbro","|-supereffective|p1a: Slowbro","|-damage|p1a: Slowbro|0 fnt","|faint|p1a: Slowbro","|","|win|LunaMari"],"p1rating":{"entryid":"7518057","serverid":"eos","formatid":"ou","userid":"guardwulf","username":"Guard Wulf","w":"1","l":1,"t":"0","gxe":50,"r":"1500","rd":"130","sigma":"0","rptime":"1439110800","rpr":1500,"rprd":116.77753930647,"rpsigma":"0","acre":1022.1660277196,"lacre":1022.1660277196,"oldacre":"1040"},"p2rating":{"entryid":7518959,"formatid":"ou","userid":"lunamari","username":"LunaMari","r":1500,"rd":130,"sigma":0,"rpr":1540.1606143388,"rprd":122.8583080769,"rpsigma":0,"rptime":1439110800,"w":1,"l":0,"t":0,"gxe":55,"acre":1044.584930701,"lacre":1044.584930701,"oldacre":1000},"endType":"normal"}