{"seed":[62015,32076,53591,38374],"turns":28,"p1":"SWL HB","p2":"Guard Wulf","p1team":[{"name":"Venusaur","species":"Venusaur","item":"venusaurite","ability":"Overgrow","moves":["synthesis","gigadrain","sludgebomb","leechseed"],"nature":"Modest","evs":{"hp":248,"atk":0,"def":0,"spa":252,"spd":8,"spe":0},"ivs":{"hp":31,"atk":30,"def":31,"spa":30,"spd":31,"spe":30}},{"name":"Magnezone","species":"Magnezone","item":"choicespecs","ability":"Magnet Pull","moves":["voltswitch","flashcannon","discharge","hiddenpowerfire"],"nature":"Modest","evs":{"hp":248,"atk":0,"def":0,"spa":252,"spd":8,"spe":0},"ivs":{"hp":31,"atk":30,"def":31,"spa":30,"spd":31,"spe":30}},{"name":"Alakazam","species":"Alakazam","item":"lifeorb","ability":"Magic Guard","moves":["dazzlinggleam","psychic","substitute","shadowball"],"nature":"Timid","evs":{"hp":0,"atk":0,"def":0,"spa":252,"spd":4,"spe":252},"ivs":{"hp":31,"atk":31,"def":31,"spa":31,"spd":31,"spe":31}},{"name":"Azumarill","species":"Azumarill","item":"choiceband","ability":"Huge Power","moves":["playrough","waterfall","aquajet","superpower"],"nature":"Adamant","evs":{"hp":248,"atk":252,"def":0,"spa":0,"spd":8,"spe":0},"ivs":{"hp":31,"atk":31,"def":31,"spa":31,"spd":31,"spe":31}},{"name":"Conkeldurr","species":"Conkeldurr","item":"assaultvest","ability":"Iron Fist","moves":["drainpunch","icepunch","earthquake","machpunch"],"nature":"Adamant","evs":{"hp":248,"atk":252,"def":0,"spa":0,"spd":8,"spe":0},"ivs":{"hp":31,"atk":31,"def":31,"spa":31,"spd":31,"spe":31}},{"name":"Garchomp","species":"Garchomp","item":"leftovers","ability":"Rough Skin","moves":["stealthrock","dragonclaw","earthquake","fireblast"],"nature":"Naive","evs":{"hp":0,"atk":252,"def":0,"spa":4,"spd":0,"spe":252},"ivs":{"hp":31,"atk":31,"def":31,"spa":31,"spd":31,"spe":31}}],"p2team":[{"name":"Gallade","species":"Gallade","item":"galladite","ability":"Justified","moves":["swordsdance","closecombat","icepunch","zenheadbutt"],"nature":"Jolly","evs":{"hp":4,"atk":252,"def":0,"spa":0,"spd":0,"spe":252},"ivs":{"hp":31,"atk":31,"def":31,"spa":31,"spd":31,"spe":31}},{"name":"Bisharp","species":"Bisharp","item":"blackglasses","ability":"Defiant","moves":["ironhead","swordsdance","suckerpunch","knockoff"],"nature":"Serious","evs":{"hp":0,"atk":252,"def":4,"spa":0,"spd":0,"spe":252},"ivs":{"hp":31,"atk":31,"def":31,"spa":31,"spd":31,"spe":31}},{"name":"Slowbro","species":"Slowbro","item":"leftovers","ability":"Regenerator","moves":["thunderwave","scald","slackoff","icebeam"],"nature":"Bold","evs":{"hp":252,"atk":0,"def":252,"spa":4,"spd":0,"spe":0},"ivs":{"hp":31,"atk":31,"def":31,"spa":31,"spd":31,"spe":31}},{"name":"Chansey","species":"Chansey","item":"eviolite","ability":"Natural Cure","moves":["stealthrock","softboiled","healbell","seismictoss"],"nature":"Impish","evs":{"hp":36,"atk":0,"def":252,"spa":0,"spd":220,"spe":0},"ivs":{"hp":31,"atk":31,"def":31,"spa":31,"spd":31,"spe":31}},{"name":"Thundurus","species":"Thundurus","item":"lifeorb","ability":"Prankster","moves":["taunt","hiddenpowerice","voltswitch","discharge"],"nature":"Timid","evs":{"hp":0,"atk":0,"def":0,"spa":252,"spd":4,"spe":252},"ivs":{"hp":31,"atk":30,"def":30,"spa":31,"spd":31,"spe":31}},{"name":"Garchomp","species":"Garchomp","item":"choicescarf","ability":"Rough Skin","moves":["outrage","stoneedge","fireblast","earthquake"],"nature":"Naive","evs":{"hp":0,"atk":200,"def":0,"spa":56,"spd":0,"spe":252},"ivs":{"hp":31,"atk":31,"def":31,"spa":31,"spd":31,"spe":31}}],"log":["|player|p1|SWL HB|swlhb.gif","|player|p2|Guard Wulf|143","|gametype|singles","|gen|6","|tier|OU","|rated","|clearpoke","|poke|p1|Venusaur, F","|poke|p1|Magnezone","|poke|p1|Alakazam, F","|poke|p1|Azumarill, M","|poke|p1|Conkeldurr, M","|poke|p1|Garchomp, M","|poke|p2|Gallade, M","|poke|p2|Bisharp, M","|poke|p2|Slowbro, F","|poke|p2|Chansey, F","|poke|p2|Thundurus, M","|poke|p2|Garchomp, F","|rule|Swagger Clause: Swagger is banned","|rule|Baton Pass Clause: Limit one Baton Passer, can't pass Spe and other stats simultaneously","|rule|Sleep Clause Mod: Limit one foe put to sleep","|rule|Species Clause: Limit one of each Pokémon","|rule|OHKO Clause: OHKO moves are banned","|rule|Moody Clause: Moody is banned","|rule|Evasion Moves Clause: Evasion moves are banned","|rule|Endless Battle Clause: Forcing endless battles is banned","|rule|HP Percentage Mod: HP is shown in percentages","|teampreview","|","|start","|switch|p1a: Alakazam|Alakazam, F|251/251","|switch|p2a: Thundurus|Thundurus, M|299/299","|turn|1","|","|switch|p1a: Venusaur|Venusaur, F|363/363","|switch|p2a: Chansey|Chansey, F|650/650","|","|turn|2","|","|detailschange|p1a: Venusaur|Venusaur-Mega, F","|-mega|p1a: Venusaur|Venusaur|Venusaurite","|move|p1a: Venusaur|Leech Seed|p2a: Chansey","|-start|p2a: Chansey|move: Leech Seed","|move|p2a: Chansey|Stealth Rock|p1a: Venusaur","|-sidestart|p1: SWL HB|move: Stealth Rock","|","|-damage|p2a: Chansey|569/650|[from] Leech Seed|[of] p1a: Venusaur","|turn|3","|","|switch|p1a: Garchomp|Garchomp, M|357/357","|-damage|p1a: Garchomp|335/357|[from] Stealth Rock","|switch|p2a: Gallade|Gallade, M|278/278","|","|-heal|p1a: Garchomp|357/357|[from] item: Leftovers","|turn|4","|","|detailschange|p2a: Gallade|Gallade-Mega, M","|-mega|p2a: Gallade|Gallade|Galladite","|move|p1a: Garchomp|Stealth Rock|p2a: Gallade","|-sidestart|p2: Guard Wulf|move: Stealth Rock","|move|p2a: Gallade|Ice Punch|p1a: Garchomp","|-supereffective|p1a: Garchomp","|-damage|p1a: Garchomp|0 fnt","|-damage|p2a: Gallade|244/278|[from] ability: Rough Skin|[of] p1a: Garchomp","|faint|p1a: Garchomp","|","|","|switch|p1a: Azumarill|Azumarill, M|403/403","|-damage|p1a: Azumarill|353/403|[from] Stealth Rock","|turn|5","|","|switch|p2a: Slowbro|Slowbro, F|394/394","|-damage|p2a: Slowbro|345/394|[from] Stealth Rock","|move|p1a: Azumarill|Play Rough|p2a: Slowbro|[miss]","|-miss|p1a: Azumarill|p2a: Slowbro","|","|-heal|p2a: Slowbro|369/394|[from] item: Leftovers","|turn|6","|","|switch|p1a: Magnezone|Magnezone|343/343","|-damage|p1a: Magnezone|322/343|[from] Stealth Rock","|move|p2a: Slowbro|Thunder Wave|p1a: Magnezone","|-immune|p1a: Magnezone|[msg]","|","|-heal|p2a: Slowbro|393/394|[from] item: Leftovers","|turn|7","|","|switch|p2a: Chansey|Chansey, F|569/650","|-damage|p2a: Chansey|488/650|[from] Stealth Rock","|move|p1a: Magnezone|Flash Cannon|p2a: Chansey","|-damage|p2a: Chansey|370/650","|","|turn|8","|","|switch|p1a: Conkeldurr|Conkeldurr, M|413/413","|-damage|p1a: Conkeldurr|388/413|[from] Stealth Rock","|move|p2a: Chansey|Soft-Boiled|p2a: Chansey","|-heal|p2a: Chansey|650/650","|","|turn|9","|","|switch|p2a: Garchomp|Garchomp, F|357/357","|-damage|p2a: Garchomp|335/357|[from] Stealth Rock","|switch|p1a: Venusaur|Venusaur-Mega, F|363/363","|-damage|p1a: Venusaur|318/363|[from] Stealth Rock","|","|turn|10","|","|move|p2a: Garchomp|Earthquake|p1a: Venusaur","|-damage|p1a: Venusaur|167/363","|move|p1a: Venusaur|Leech Seed|p2a: Garchomp|[miss]","|-miss|p1a: Venusaur|p2a: Garchomp","|","|turn|11","|","|move|p2a: Garchomp|Earthquake|p1a: Venusaur","|-damage|p1a: Venusaur|13/363","|move|p1a: Venusaur|Synthesis|p1a: Venusaur","|-heal|p1a: Venusaur|194/363","|","|turn|12","|","|move|p2a: Garchomp|Earthquake|p1a: Venusaur","|-crit|p1a: Venusaur","|-damage|p1a: Venusaur|0 fnt","|faint|p1a: Venusaur","|","|","|switch|p1a: Conkeldurr|Conkeldurr, M|388/413","|-damage|p1a: Conkeldurr|363/413|[from] Stealth Rock","|turn|13","|","|move|p2a: Garchomp|Earthquake|p1a: Conkeldurr","|-damage|p1a: Conkeldurr|174/413","|move|p1a: Conkeldurr|Ice Punch|p2a: Garchomp","|-supereffective|p2a: Garchomp","|-damage|p2a: Garchomp|0 fnt","|-damage|p1a: Conkeldurr|123/413|[from] ability: Rough Skin|[of] p2a: Garchomp","|faint|p2a: Garchomp","|","|","|switch|p2a: Gallade|Gallade-Mega, M|244/278","|-damage|p2a: Gallade|227/278|[from] Stealth Rock","|turn|14","|","|move|p1a: Conkeldurr|Mach Punch|p2a: Gallade","|-resisted|p2a: Gallade","|-damage|p2a: Gallade|173/278","|move|p2a: Gallade|Zen Headbutt|p1a: Conkeldurr","|-supereffective|p1a: Conkeldurr","|-damage|p1a: Conkeldurr|0 fnt","|faint|p1a: Conkeldurr","|","|","|switch|p1a: Azumarill|Azumarill, M|353/403","|-damage|p1a: Azumarill|303/403|[from] Stealth Rock","|turn|15","|","|switch|p2a: Slowbro|Slowbro, F|394/394","|-damage|p2a: Slowbro|345/394|[from] Stealth Rock","|move|p1a: Azumarill|Play Rough|p2a: Slowbro","|-damage|p2a: Slowbro|150/394","|","|-heal|p2a: Slowbro|174/394|[from] item: Leftovers","|turn|16","|","|move|p1a: Azumarill|Play Rough|p2a: Slowbro","|-damage|p2a: Slowbro|0 fnt","|faint|p2a: Slowbro","|","|","|switch|p2a: Thundurus|Thundurus, M|299/299","|-damage|p2a: Thundurus|225/299|[from] Stealth Rock","|turn|17","|","|switch|p1a: Magnezone|Magnezone|322/343","|-damage|p1a: Magnezone|301/343|[from] Stealth Rock","|move|p2a: Thundurus|Volt Switch|p1a: Magnezone","|-resisted|p1a: Magnezone","|-damage|p1a: Magnezone|211/343","|-damage|p2a: Thundurus|196/299|[from] item: Life Orb","|","|switch|p2a: Gallade|Gallade-Mega, M|173/278","|-damage|p2a: Gallade|156/278|[from] Stealth Rock","|","|turn|18","|","|move|p2a: Gallade|Close Combat|p1a: Magnezone","|-supereffective|p1a: Magnezone","|-damage|p1a: Magnezone|0 fnt","|-unboost|p2a: Gallade|def|1","|-unboost|p2a: Gallade|spd|1","|faint|p1a: Magnezone","|","|","|switch|p1a: Alakazam|Alakazam, F|251/251","|turn|19","|","|move|p1a: Alakazam|Psychic|p2a: Gallade","|-damage|p2a: Gallade|0 fnt","|faint|p2a: Gallade","|","|","|switch|p2a: Bisharp|Bisharp, M|271/271","|-damage|p2a: Bisharp|255/271|[from] Stealth Rock","|turn|20","|","|move|p1a: Alakazam|Substitute|p1a: Alakazam","|-start|p1a: Alakazam|Substitute","|-damage|p1a: Alakazam|189/251","|move|p2a: Bisharp|Knock Off|p1a: Alakazam","|-supereffective|p1a: Alakazam","|-end|p1a: Alakazam|Substitute","|","|turn|21","|","|move|p2a: Bisharp|Sucker Punch|p1a: Alakazam","|-fail|p2a: Bisharp","|move|p1a: Alakazam|Substitute|p1a: Alakazam","|-start|p1a: Alakazam|Substitute","|-damage|p1a: Alakazam|127/251","|","|turn|22","|","|switch|p2a: Chansey|Chansey, F|650/650","|-damage|p2a: Chansey|569/650|[from] Stealth Rock","|move|p1a: Alakazam|Dazzling Gleam|p2a: Chansey","|-damage|p2a: Chansey|504/650","|","|turn|23","|","|switch|p1a: Azumarill|Azumarill, M|303/403","|-damage|p1a: Azumarill|253/403|[from] Stealth Rock","|move|p2a: Chansey|Seismic Toss|p1a: Azumarill","|-damage|p1a: Azumarill|153/403","|","|turn|24","|","|move|p2a: Chansey|Seismic Toss|p1a: Azumarill","|-damage|p1a: Azumarill|53/403","|move|p1a: Azumarill|Play Rough|p2a: Chansey","|-damage|p2a: Chansey|107/650","|","|turn|25","|","|move|p1a: Azumarill|Play Rough|p2a: Chansey","|-damage|p2a: Chansey|0 fnt","|faint|p2a: Chansey","|","|","|switch|p2a: Thundurus|Thundurus, M|196/299","|-damage|p2a: Thundurus|122/299|[from] Stealth Rock","|turn|26","|","|switch|p1a: Alakazam|Alakazam, F|127/251","|move|p2a: Thundurus|Discharge|p1a: Alakazam","|-damage|p1a: Alakazam|0 fnt","|-damage|p2a: Thundurus|93/299|[from] item: Life Orb","|faint|p1a: Alakazam","|","|","|switch|p1a: Azumarill|Azumarill, M|53/403","|-damage|p1a: Azumarill|3/403|[from] Stealth Rock","|turn|27","|","|move|p1a: Azumarill|Aqua Jet|p2a: Thundurus","|-damage|p2a: Thundurus|0 fnt","|faint|p2a: Thundurus","|","|","|switch|p2a: Bisharp|Bisharp, M|255/271","|-damage|p2a: Bisharp|239/271|[from] Stealth Rock","|turn|28","|","|move|p2a: Bisharp|Sucker Punch|p1a: Azumarill","|-resisted|p1a: Azumarill","|-damage|p1a: Azumarill|0 fnt","|faint|p1a: Azumarill","|","|win|Guard Wulf"],"p1rating":{"entryid":"7493059","serverid":"eos","formatid":"ou","userid":"swlhb","username":"SWL HB","w":"0","l":2,"t":"0","gxe":41.8,"r":1467.1072966966,"rd":122.92123760266,"sigma":"0","rptime":1439110800,"rpr":1433.935988878,"rprd":116.87461266404,"rpsigma":"0","acre":1000,"lacre":1000,"oldacre":"1000"},"p2rating":{"entryid":7518057,"formatid":"ou","userid":"guardwulf","username":"Guard Wulf","r":1500,"rd":130,"sigma":0,"rpr":1540.1606143388,"rprd":122.8583080769,"rpsigma":0,"rptime":1439110800,"w":1,"l":0,"t":0,"gxe":55,"acre":1040,"lacre":1040,"oldacre":1000},"endType":"normal"}