{"seed":[62002,55814,35277,20087],"turns":18,"p1":"E4 UltraInkay","p2":"EmgSteelString","p1team":[{"name":"Keldeo-Resolute","species":"Keldeo-Resolute","item":"wiseglasses","ability":"Justified","moves":["secretsword","hydropump","hiddenpowerice","calmmind"],"nature":"Timid","evs":{"hp":0,"atk":0,"def":0,"spa":252,"spd":4,"spe":252},"ivs":{"hp":31,"atk":30,"def":30,"spa":31,"spd":31,"spe":31}},{"name":"Starmie","species":"Starmie","item":"pixieplate","ability":"Analytic","moves":["flashcannon","dazzlinggleam","hydropump","icebeam"],"nature":"Timid","evs":{"hp":0,"atk":0,"def":0,"spa":252,"spd":4,"spe":252},"ivs":{"hp":31,"atk":31,"def":31,"spa":31,"spd":31,"spe":31}},{"name":"Bisharp","species":"Bisharp","item":"blackglasses","ability":"Defiant","moves":["suckerpunch","brickbreak","nightslash","xscissor"],"nature":"Adamant","evs":{"hp":248,"atk":252,"def":0,"spa":0,"spd":8,"spe":0},"ivs":{"hp":31,"atk":31,"def":31,"spa":31,"spd":31,"spe":31}},{"name":"Ferrothorn","species":"Ferrothorn","item":"rockyhelmet","ability":"Iron Barbs","moves":["leechseed","powerwhip","gyroball","spikes"],"nature":"Relaxed","evs":{"hp":248,"atk":8,"def":252,"spa":0,"spd":0,"spe":0},"ivs":{"hp":31,"atk":31,"def":31,"spa":31,"spd":31,"spe":0}},{"name":"Garchomp","species":"Garchomp","item":"garchompite","ability":"Rough Skin","moves":["dragonrush","aquatail","earthquake","honeclaws"],"nature":"Jolly","evs":{"hp":0,"atk":252,"def":0,"spa":0,"spd":4,"spe":252},"ivs":{"hp":31,"atk":31,"def":31,"spa":31,"spd":31,"spe":31}},{"name":"Sylveon","species":"Sylveon","item":"flameplate","ability":"Pixilate","moves":["hypervoice","hiddenpowerground","magiccoat","calmmind"],"nature":"Modest","evs":{"hp":248,"atk":0,"def":0,"spa":252,"spd":8,"spe":0},"ivs":{"hp":31,"atk":31,"def":31,"spa":30,"spd":30,"spe":31}}],"p2team":[{"name":"Scizor","species":"Scizor","item":"scizorite","ability":"Light Metal","moves":["superpower","bugbite","bulletpunch","swordsdance"],"nature":"Adamant","evs":{"hp":0,"atk":252,"def":0,"spa":0,"spd":0,"spe":252},"ivs":{"hp":31,"atk":31,"def":31,"spa":31,"spd":31,"spe":31}},{"name":"Scolipede","species":"Scolipede","item":"focussash","ability":"Speed Boost","moves":["spikes","endeavor","toxicspikes","megahorn"],"nature":"Jolly","evs":{"hp":248,"atk":0,"def":0,"spa":0,"spd":8,"spe":252},"ivs":{"hp":31,"atk":31,"def":31,"spa":31,"spd":31,"spe":31}},{"name":"Keldeo-Resolute","species":"Keldeo-Resolute","item":"choicespecs","ability":"Justified","moves":["secretsword","icywind","hydropump","scald"],"nature":"Timid","evs":{"hp":0,"atk":0,"def":0,"spa":252,"spd":4,"spe":252},"ivs":{"hp":31,"atk":31,"def":31,"spa":31,"spd":31,"spe":31}},{"name":"Latias","species":"Latias","item":"lifeorb","ability":"Levitate","moves":["healingwish","dracometeor","psychic","defog"],"nature":"Timid","evs":{"hp":0,"atk":0,"def":0,"spa":252,"spd":4,"spe":252},"ivs":{"hp":31,"atk":31,"def":31,"spa":31,"spd":31,"spe":31}},{"name":"Bisharp","species":"Bisharp","item":"lifeorb","ability":"Defiant","moves":["swordsdance","knockoff","suckerpunch","ironhead"],"nature":"Jolly","evs":{"hp":0,"atk":252,"def":0,"spa":0,"spd":4,"spe":252},"ivs":{"hp":31,"atk":31,"def":31,"spa":31,"spd":31,"spe":31}},{"name":"Landorus-Therian","species":"Landorus-Therian","item":"rockyhelmet","ability":"Intimidate","moves":["stealthrock","uturn","earthquake","stoneedge"],"nature":"Adamant","evs":{"hp":0,"atk":252,"def":40,"spa":0,"spd":0,"spe":216},"ivs":{"hp":31,"atk":31,"def":31,"spa":31,"spd":31,"spe":31}}],"log":["|player|p1|E4 UltraInkay|293","|player|p2|EmgSteelString|239","|gametype|singles","|gen|6","|tier|OU","|rated","|clearpoke","|poke|p1|Keldeo-Resolute","|poke|p1|Starmie","|poke|p1|Bisharp, F","|poke|p1|Ferrothorn, M","|poke|p1|Garchomp, M","|poke|p1|Sylveon, M","|poke|p2|Scizor, M","|poke|p2|Scolipede, M","|poke|p2|Keldeo-Resolute","|poke|p2|Latias, F","|poke|p2|Bisharp, M","|poke|p2|Landorus-Therian, M","|rule|Swagger Clause: Swagger is banned","|rule|Baton Pass Clause: Limit one Baton Passer, can't pass Spe and other stats simultaneously","|rule|Sleep Clause Mod: Limit one foe put to sleep","|rule|Species Clause: Limit one of each Pokémon","|rule|OHKO Clause: OHKO moves are banned","|rule|Moody Clause: Moody is banned","|rule|Evasion Moves Clause: Evasion moves are banned","|rule|Endless Battle Clause: Forcing endless battles is banned","|rule|HP Percentage Mod: HP is shown in percentages","|teampreview","|","|start","|switch|p1a: Sylveon|Sylveon, M|393/393","|switch|p2a: Scolipede|Scolipede, M|323/323","|turn|1","|","|move|p2a: Scolipede|Toxic Spikes|p1a: Sylveon","|-sidestart|p1: E4 UltraInkay|move: Toxic Spikes","|move|p1a: Sylveon|Calm Mind|p1a: Sylveon","|-boost|p1a: Sylveon|spa|1","|-boost|p1a: Sylveon|spd|1","|","|-boost|p2a: Scolipede|spe|1|[from] ability: Speed Boost","|turn|2","|","|move|p1a: Sylveon|Magic Coat|p1a: Sylveon","|-singleturn|p1a: Sylveon|move: Magic Coat","|move|p2a: Scolipede|Spikes|p1a: Sylveon","|move|p1a: Sylveon|Spikes|p2a: Scolipede|[from]Magic Coat","|-sidestart|p2: EmgSteelString|Spikes","|","|-boost|p2a: Scolipede|spe|1|[from] ability: Speed Boost","|turn|3","|","|move|p2a: Scolipede|Megahorn|p1a: Sylveon","|-resisted|p1a: Sylveon","|-damage|p1a: Sylveon|287/393","|move|p1a: Sylveon|Hidden Power|p2a: Scolipede","|-damage|p2a: Scolipede|177/323","|","|-boost|p2a: Scolipede|spe|1|[from] ability: Speed Boost","|turn|4","|","|move|p2a: Scolipede|Endeavor|p1a: Sylveon","|-damage|p1a: Sylveon|177/393","|move|p1a: Sylveon|Hyper Voice|p2a: Scolipede","|-resisted|p2a: Scolipede","|-damage|p2a: Scolipede|0 fnt","|faint|p2a: Scolipede","|","|","|switch|p2a: Scizor|Scizor, M|281/281","|-damage|p2a: Scizor|246/281|[from] Spikes","|turn|5","|","|switch|p2a: Keldeo-Resolute|Keldeo-Resolute|323/323","|-damage|p2a: Keldeo-Resolute|283/323|[from] Spikes","|move|p1a: Sylveon|Hidden Power|p2a: Keldeo-Resolute","|-damage|p2a: Keldeo-Resolute|172/323","|","|turn|6","|","|move|p2a: Keldeo-Resolute|Hydro Pump|p1a: Sylveon","|-damage|p1a: Sylveon|18/393","|move|p1a: Sylveon|Hyper Voice|p2a: Keldeo-Resolute","|-supereffective|p2a: Keldeo-Resolute","|-damage|p2a: Keldeo-Resolute|0 fnt","|faint|p2a: Keldeo-Resolute","|","|","|switch|p2a: Latias|Latias, F|301/301","|turn|7","|","|move|p2a: Latias|Psychic|p1a: Sylveon","|-damage|p1a: Sylveon|0 fnt","|-damage|p2a: Latias|271/301|[from] item: Life Orb","|faint|p1a: Sylveon","|","|","|switch|p1a: Bisharp|Bisharp, F|333/333","|turn|8","|","|move|p2a: Latias|Draco Meteor|p1a: Bisharp","|-resisted|p1a: Bisharp","|-damage|p1a: Bisharp|167/333","|-unboost|p2a: Latias|spa|2","|-damage|p2a: Latias|241/301|[from] item: Life Orb","|move|p1a: Bisharp|Night Slash|p2a: Latias","|-supereffective|p2a: Latias","|-damage|p2a: Latias|0 fnt","|faint|p2a: Latias","|","|","|switch|p2a: Scizor|Scizor, M|246/281","|-damage|p2a: Scizor|211/281|[from] Spikes","|turn|9","|","|detailschange|p2a: Scizor|Scizor-Mega, M","|-mega|p2a: Scizor|Scizor|Scizorite","|move|p2a: Scizor|Bug Bite|p1a: Bisharp","|-damage|p1a: Bisharp|0 fnt","|faint|p1a: Bisharp","|","|","|switch|p1a: Starmie|Starmie|261/261","|-status|p1a: Starmie|psn","|turn|10","|","|move|p1a: Starmie|Hydro Pump|p2a: Scizor","|-damage|p2a: Scizor|49/281","|move|p2a: Scizor|Bug Bite|p1a: Starmie","|-supereffective|p1a: Starmie","|-damage|p1a: Starmie|0 fnt","|faint|p1a: Starmie","|","|","|switch|p1a: Ferrothorn|Ferrothorn, M|351/351","|turn|11","|","|move|p2a: Scizor|Bug Bite|p1a: Ferrothorn","|-damage|p1a: Ferrothorn|224/351","|-damage|p2a: Scizor|14/281|[from] ability: Iron Barbs|[of] p1a: Ferrothorn","|-damage|p2a: Scizor|0 fnt|[from] item: Rocky Helmet|[of] p1a: Ferrothorn","|faint|p2a: Scizor","|move|p1a: Ferrothorn|Gyro Ball|p2: Scizor|[notarget]","|-notarget","|","|","|switch|p2a: Bisharp|Bisharp, M|271/271","|-damage|p2a: Bisharp|238/271|[from] Spikes","|turn|12","|","|move|p2a: Bisharp|Swords Dance|p2a: Bisharp","|-boost|p2a: Bisharp|atk|2","|move|p1a: Ferrothorn|Power Whip|p2a: Bisharp|[miss]","|-miss|p1a: Ferrothorn|p2a: Bisharp","|","|turn|13","|","|move|p2a: Bisharp|Swords Dance|p2a: Bisharp","|-boost|p2a: Bisharp|atk|2","|move|p1a: Ferrothorn|Leech Seed|p2a: Bisharp","|-start|p2a: Bisharp|move: Leech Seed","|","|-damage|p2a: Bisharp|205/271|[from] Leech Seed|[of] p1a: Ferrothorn","|-heal|p1a: Ferrothorn|257/351|[silent]","|turn|14","|","|move|p2a: Bisharp|Swords Dance|p2a: Bisharp","|-boost|p2a: Bisharp|atk|2","|move|p1a: Ferrothorn|Leech Seed|p2a: Bisharp","|-fail|p2a: Bisharp","|","|-damage|p2a: Bisharp|172/271|[from] Leech Seed|[of] p1a: Ferrothorn","|-heal|p1a: Ferrothorn|290/351|[silent]","|turn|15","|","|move|p2a: Bisharp|Knock Off|p1a: Ferrothorn","|-damage|p1a: Ferrothorn|0 fnt","|-damage|p2a: Bisharp|139/271|[from] ability: Iron Barbs|[of] p1a: Ferrothorn","|-damage|p2a: Bisharp|94/271|[from] item: Rocky Helmet|[of] p1a: Ferrothorn","|-enditem|p1a: Ferrothorn|Rocky Helmet|[from] move: Knock Off|[of] p2a: Bisharp","|-damage|p2a: Bisharp|67/271|[from] item: Life Orb","|faint|p1a: Ferrothorn","|","|","|switch|p1a: Garchomp|Garchomp, M|357/357","|-status|p1a: Garchomp|psn","|turn|16","|","|detailschange|p1a: Garchomp|Garchomp-Mega, M","|-mega|p1a: Garchomp|Garchomp|Garchompite","|move|p1a: Garchomp|Aqua Tail|p2a: Bisharp","|-damage|p2a: Bisharp|0 fnt","|faint|p2a: Bisharp","|","|-damage|p1a: Garchomp|313/357 psn|[from] psn","|","|switch|p2a: Landorus-Therian|Landorus-Therian, M|319/319","|-ability|p2a: Landorus-Therian|Intimidate","|-unboost|p1a: Garchomp|atk|1","|turn|17","|","|move|p1a: Garchomp|Aqua Tail|p2a: Landorus-Therian","|-supereffective|p2a: Landorus-Therian","|-damage|p2a: Landorus-Therian|127/319","|-damage|p1a: Garchomp|254/357 psn|[from] item: Rocky Helmet|[of] p2a: Landorus-Therian","|move|p2a: Landorus-Therian|Earthquake|p1a: Garchomp","|-damage|p1a: Garchomp|55/357 psn","|","|-damage|p1a: Garchomp|11/357 psn|[from] psn","|turn|18","|","|move|p1a: Garchomp|Aqua Tail|p2a: Landorus-Therian","|-supereffective|p2a: Landorus-Therian","|-damage|p2a: Landorus-Therian|0 fnt","|-damage|p1a: Garchomp|0 fnt|[from] item: Rocky Helmet|[of] p2a: Landorus-Therian","|faint|p1a: Garchomp","|faint|p2a: Landorus-Therian","|","|win|E4 UltraInkay"],"p1rating":{"entryid":"6692556","serverid":"eos","formatid":"ou","userid":"e4ultrainkay","username":"E4 UltraInkay","w":2,"l":"5","t":"0","gxe":43.4,"r":1410.9587276764,"rd":104.68240936509,"sigma":"0","rptime":1439110800,"rpr":1447.9806654111,"rprd":101.12246928326,"rpsigma":"0","acre":1053.1452443359,"lacre":1053.1452443359,"oldacre":"1004.3425547139"},"p2rating":{"entryid":"7496821","serverid":"eos","formatid":"ou","userid":"emgsteelstring","username":"EmgSteelString","w":"3","l":2,"t":"0","gxe":53.7,"r":"1539.1381143301","rd":"111.56566710445","sigma":"0","rptime":"1439110800","rpr":1529.2886790321,"rprd":102.94299436746,"rpsigma":"0","acre":1060.4332001924,"lacre":1060.4332001924,"oldacre":"1089.4832846551"},"endType":"normal"}