{"seed":[2960,31431,47520,55259],"turns":38,"p1":"Guard Wulf","p2":"Roface","p1team":[{"name":"Gallade","species":"Gallade","item":"galladite","ability":"Justified","moves":["swordsdance","closecombat","icepunch","psychocut"],"nature":"Jolly","evs":{"hp":4,"atk":252,"def":0,"spa":0,"spd":0,"spe":252},"ivs":{"hp":31,"atk":31,"def":31,"spa":31,"spd":31,"spe":31}},{"name":"Bisharp","species":"Bisharp","item":"blackglasses","ability":"Defiant","moves":["ironhead","swordsdance","suckerpunch","knockoff"],"nature":"Serious","evs":{"hp":0,"atk":252,"def":4,"spa":0,"spd":0,"spe":252},"ivs":{"hp":31,"atk":31,"def":31,"spa":31,"spd":31,"spe":31}},{"name":"Slowbro","species":"Slowbro","item":"leftovers","ability":"Regenerator","moves":["thunderwave","scald","slackoff","icebeam"],"nature":"Bold","evs":{"hp":252,"atk":0,"def":252,"spa":4,"spd":0,"spe":0},"ivs":{"hp":31,"atk":31,"def":31,"spa":31,"spd":31,"spe":31}},{"name":"Chansey","species":"Chansey","item":"eviolite","ability":"Natural Cure","moves":["stealthrock","softboiled","healbell","seismictoss"],"nature":"Impish","evs":{"hp":36,"atk":0,"def":252,"spa":0,"spd":220,"spe":0},"ivs":{"hp":31,"atk":31,"def":31,"spa":31,"spd":31,"spe":31}},{"name":"Thundurus","species":"Thundurus","item":"lifeorb","ability":"Prankster","moves":["taunt","hiddenpowerice","voltswitch","discharge"],"nature":"Timid","evs":{"hp":0,"atk":0,"def":0,"spa":252,"spd":4,"spe":252},"ivs":{"hp":31,"atk":30,"def":30,"spa":31,"spd":31,"spe":31}},{"name":"Garchomp","species":"Garchomp","item":"choicescarf","ability":"Rough Skin","moves":["outrage","stoneedge","fireblast","earthquake"],"nature":"Naive","evs":{"hp":0,"atk":200,"def":0,"spa":56,"spd":0,"spe":252},"ivs":{"hp":31,"atk":31,"def":31,"spa":31,"spd":31,"spe":31}}],"p2team":[{"name":"Altaria","species":"Altaria","item":"altarianite","ability":"Natural Cure","moves":["hypervoice","dragondance","dragonclaw","earthquake"],"nature":"Naughty","evs":{"hp":0,"atk":252,"def":0,"spa":4,"spd":0,"spe":252},"ivs":{"hp":31,"atk":31,"def":31,"spa":31,"spd":31,"spe":31}},{"name":"Heatran","species":"Heatran","item":"airballoon","ability":"Flash Fire","moves":["earthpower","lavaplume","hiddenpowerice","stealthrock"],"nature":"Modest","evs":{"hp":248,"atk":0,"def":0,"spa":252,"spd":8,"spe":0},"ivs":{"hp":31,"atk":30,"def":30,"spa":31,"spd":31,"spe":31}},{"name":"Starmie","species":"Starmie","item":"lifeorb","ability":"Natural Cure","moves":["recover","thunderbolt","surf","psychic"],"nature":"Timid","evs":{"hp":0,"atk":0,"def":0,"spa":252,"spd":4,"spe":252},"ivs":{"hp":31,"atk":31,"def":31,"spa":31,"spd":31,"spe":31}},{"name":"Excadrill","species":"Excadrill","item":"choicescarf","ability":"Mold Breaker","moves":["earthquake","ironhead","poisonjab","brickbreak"],"nature":"Jolly","evs":{"hp":0,"atk":252,"def":0,"spa":0,"spd":4,"spe":252},"ivs":{"hp":31,"atk":31,"def":31,"spa":31,"spd":31,"spe":31}},{"name":"Gengar","species":"Gengar","item":"toxicorb","ability":"Levitate","moves":["trick","destinybond","darkpulse","shadowball"],"nature":"Timid","evs":{"hp":0,"atk":0,"def":0,"spa":252,"spd":4,"spe":252},"ivs":{"hp":31,"atk":31,"def":31,"spa":31,"spd":31,"spe":31}},{"name":"Talonflame","species":"Talonflame","item":"focussash","ability":"Gale Wings","moves":["bravebird","roost","flareblitz","bulkup"],"nature":"Careful","evs":{"hp":248,"atk":8,"def":0,"spa":0,"spd":252,"spe":0},"ivs":{"hp":31,"atk":31,"def":31,"spa":31,"spd":31,"spe":31}}],"log":["|player|p1|Guard Wulf|143","|player|p2|Roface|169","|gametype|singles","|gen|6","|tier|OU","|rated","|clearpoke","|poke|p1|Gallade, M","|poke|p1|Bisharp, F","|poke|p1|Slowbro, M","|poke|p1|Chansey, F","|poke|p1|Thundurus, M","|poke|p1|Garchomp, F","|poke|p2|Altaria, F","|poke|p2|Heatran, M","|poke|p2|Starmie","|poke|p2|Excadrill, M","|poke|p2|Gengar, F","|poke|p2|Talonflame, F","|rule|Swagger Clause: Swagger is banned","|rule|Baton Pass Clause: Limit one Baton Passer, can't pass Spe and other stats simultaneously","|rule|Sleep Clause Mod: Limit one foe put to sleep","|rule|Species Clause: Limit one of each Pokémon","|rule|OHKO Clause: OHKO moves are banned","|rule|Moody Clause: Moody is banned","|rule|Evasion Moves Clause: Evasion moves are banned","|rule|Endless Battle Clause: Forcing endless battles is banned","|rule|HP Percentage Mod: HP is shown in percentages","|teampreview","|","|start","|switch|p1a: Thundurus|Thundurus, M|299/299","|switch|p2a: Talonflame|Talonflame, F|359/359","|turn|1","|","|switch|p1a: Garchomp|Garchomp, F|357/357","|switch|p2a: Excadrill|Excadrill, M|361/361","|-ability|p2a: Excadrill|Mold Breaker","|","|turn|2","|","|switch|p2a: Gengar|Gengar, F|261/261","|move|p1a: Garchomp|Fire Blast|p2a: Gengar","|-damage|p2a: Gengar|171/261","|-status|p2a: Gengar|brn","|","|-damage|p2a: Gengar|139/261 brn|[from] brn","|turn|3","|","|switch|p1a: Chansey|Chansey, F|650/650","|move|p2a: Gengar|Trick|p1a: Chansey","|-activate|p2a: Gengar|move: Trick|[of] p1a: Chansey","|-item|p1a: Chansey|Toxic Orb|[from] move: Trick","|-item|p2a: Gengar|Eviolite|[from] move: Trick","|","|-damage|p2a: Gengar|107/261 brn|[from] brn","|-status|p1a: Chansey|tox|[from] item: Toxic Orb","|turn|4","|","|move|p2a: Gengar|Destiny Bond|p2a: Gengar","|-singlemove|p2a: Gengar|Destiny Bond","|move|p1a: Chansey|Stealth Rock|p2a: Gengar","|-sidestart|p2: Roface|move: Stealth Rock","|","|-damage|p2a: Gengar|75/261 brn|[from] brn","|-damage|p1a: Chansey|610/650 tox|[from] psn","|turn|5","|","|move|p2a: Gengar|Dark Pulse|p1a: Chansey","|-damage|p1a: Chansey|536/650 tox","|move|p1a: Chansey|Heal Bell|p1a: Chansey","|-cureteam|p1a: Chansey|[from] move: HealBell","|","|-damage|p2a: Gengar|43/261 brn|[from] brn","|-status|p1a: Chansey|tox|[from] item: Toxic Orb","|turn|6","|","|switch|p1a: Thundurus|Thundurus, M|299/299","|move|p2a: Gengar|Dark Pulse|p1a: Thundurus","|-damage|p1a: Thundurus|179/299","|","|-damage|p2a: Gengar|11/261 brn|[from] brn","|turn|7","|","|move|p1a: Thundurus|Volt Switch|p2a: Gengar","|-damage|p2a: Gengar|0 fnt","|-damage|p1a: Thundurus|150/299|[from] item: Life Orb","|faint|p2a: Gengar","|","|switch|p1a: Gallade|Gallade, M|278/278","|","|","|switch|p2a: Talonflame|Talonflame, F|359/359","|-damage|p2a: Talonflame|180/359|[from] Stealth Rock","|turn|8","|","|switch|p1a: Chansey|Chansey, F|536/650","|move|p2a: Talonflame|Brave Bird|p1a: Chansey","|-damage|p1a: Chansey|316/650","|-damage|p2a: Talonflame|107/359|[from] recoil|[of] p1a: Chansey","|","|-status|p1a: Chansey|tox|[from] item: Toxic Orb","|turn|9","|","|move|p2a: Talonflame|Roost|p2a: Talonflame","|-heal|p2a: Talonflame|287/359","|move|p1a: Chansey|Seismic Toss|p2a: Talonflame","|-damage|p2a: Talonflame|187/359","|","|-damage|p1a: Chansey|276/650 tox|[from] psn","|turn|10","|","|move|p2a: Talonflame|Bulk Up|p2a: Talonflame","|-boost|p2a: Talonflame|atk|1","|-boost|p2a: Talonflame|def|1","|move|p1a: Chansey|Soft-Boiled|p1a: Chansey","|-heal|p1a: Chansey|601/650 tox","|","|-damage|p1a: Chansey|521/650 tox|[from] psn","|turn|11","|","|switch|p1a: Slowbro|Slowbro, M|394/394","|move|p2a: Talonflame|Roost|p2a: Talonflame","|-heal|p2a: Talonflame|359/359","|","|turn|12","|","|move|p2a: Talonflame|Brave Bird|p1a: Slowbro","|-damage|p1a: Slowbro|276/394","|-damage|p2a: Talonflame|320/359|[from] recoil|[of] p1a: Slowbro","|move|p1a: Slowbro|Scald|p2a: Talonflame","|-supereffective|p2a: Talonflame","|-damage|p2a: Talonflame|152/359","|","|-heal|p1a: Slowbro|300/394|[from] item: Leftovers","|turn|13","|","|move|p2a: Talonflame|Roost|p2a: Talonflame","|-heal|p2a: Talonflame|332/359","|move|p1a: Slowbro|Scald|p2a: Talonflame","|-supereffective|p2a: Talonflame","|-damage|p2a: Talonflame|170/359","|","|-heal|p1a: Slowbro|324/394|[from] item: Leftovers","|turn|14","|","|move|p2a: Talonflame|Roost|p2a: Talonflame","|-heal|p2a: Talonflame|350/359","|move|p1a: Slowbro|Thunder Wave|p2a: Talonflame","|-status|p2a: Talonflame|par","|","|-heal|p1a: Slowbro|348/394|[from] item: Leftovers","|turn|15","|","|move|p1a: Slowbro|Scald|p2a: Talonflame","|-supereffective|p2a: Talonflame","|-damage|p2a: Talonflame|168/359 par","|cant|p2a: Talonflame|par","|","|-heal|p1a: Slowbro|372/394|[from] item: Leftovers","|turn|16","|","|move|p2a: Talonflame|Roost|p2a: Talonflame","|-heal|p2a: Talonflame|348/359 par","|move|p1a: Slowbro|Scald|p2a: Talonflame","|-supereffective|p2a: Talonflame","|-damage|p2a: Talonflame|190/359 par","|","|-heal|p1a: Slowbro|394/394|[from] item: Leftovers","|turn|17","|","|move|p1a: Slowbro|Scald|p2a: Talonflame","|-supereffective|p2a: Talonflame","|-damage|p2a: Talonflame|8/359 par","|cant|p2a: Talonflame|par","|","|turn|18","|","|move|p2a: Talonflame|Roost|p2a: Talonflame","|-heal|p2a: Talonflame|188/359 par","|move|p1a: Slowbro|Scald|p2a: Talonflame","|-supereffective|p2a: Talonflame","|-damage|p2a: Talonflame|12/359 par","|","|turn|19","|","|move|p2a: Talonflame|Roost|p2a: Talonflame","|-heal|p2a: Talonflame|192/359 par","|move|p1a: Slowbro|Scald|p2a: Talonflame","|-supereffective|p2a: Talonflame","|-damage|p2a: Talonflame|12/359 par","|","|turn|20","|","|move|p2a: Talonflame|Roost|p2a: Talonflame","|-heal|p2a: Talonflame|192/359 par","|move|p1a: Slowbro|Scald|p2a: Talonflame","|-supereffective|p2a: Talonflame","|-damage|p2a: Talonflame|4/359 par","|","|turn|21","|","|cant|p2a: Talonflame|par","|move|p1a: Slowbro|Scald|p2a: Talonflame","|-supereffective|p2a: Talonflame","|-damage|p2a: Talonflame|0 fnt","|faint|p2a: Talonflame","|","|","|switch|p2a: Starmie|Starmie|261/261","|-damage|p2a: Starmie|229/261|[from] Stealth Rock","|turn|22","|","|move|p2a: Starmie|Thunderbolt|p1a: Slowbro","|-supereffective|p1a: Slowbro","|-damage|p1a: Slowbro|124/394","|-status|p1a: Slowbro|par","|-damage|p2a: Starmie|203/261|[from] item: Life Orb","|cant|p1a: Slowbro|par","|","|-heal|p1a: Slowbro|148/394 par|[from] item: Leftovers","|turn|23","|","|move|p2a: Starmie|Psychic|p1a: Slowbro","|-crit|p1a: Slowbro","|-resisted|p1a: Slowbro","|-damage|p1a: Slowbro|4/394 par","|-damage|p2a: Starmie|177/261|[from] item: Life Orb","|cant|p1a: Slowbro|par","|","|-heal|p1a: Slowbro|28/394 par|[from] item: Leftovers","|turn|24","|","|switch|p1a: Chansey|Chansey, F|521/650","|move|p2a: Starmie|Surf|p1a: Chansey","|-damage|p1a: Chansey|388/650","|-damage|p2a: Starmie|151/261|[from] item: Life Orb","|","|-status|p1a: Chansey|tox|[from] item: Toxic Orb","|turn|25","|","|move|p2a: Starmie|Thunderbolt|p1a: Chansey","|-damage|p1a: Chansey|298/650 tox","|-damage|p2a: Starmie|125/261|[from] item: Life Orb","|move|p1a: Chansey|Seismic Toss|p2a: Starmie","|-damage|p2a: Starmie|25/261","|","|-damage|p1a: Chansey|258/650 tox|[from] psn","|turn|26","|","|move|p2a: Starmie|Recover|p2a: Starmie","|-heal|p2a: Starmie|156/261","|move|p1a: Chansey|Seismic Toss|p2a: Starmie","|-damage|p2a: Starmie|56/261","|","|-damage|p1a: Chansey|178/650 tox|[from] psn","|turn|27","|","|move|p2a: Starmie|Recover|p2a: Starmie","|-heal|p2a: Starmie|187/261","|move|p1a: Chansey|Seismic Toss|p2a: Starmie","|-damage|p2a: Starmie|87/261","|","|-damage|p1a: Chansey|58/650 tox|[from] psn","|turn|28","|","|move|p2a: Starmie|Psychic|p1a: Chansey","|-damage|p1a: Chansey|0 fnt","|-damage|p2a: Starmie|61/261|[from] item: Life Orb","|faint|p1a: Chansey","|","|","|switch|p1a: Bisharp|Bisharp, F|271/271","|turn|29","|","|move|p2a: Starmie|Recover|p2a: Starmie","|-heal|p2a: Starmie|192/261","|move|p1a: Bisharp|Knock Off|p2a: Starmie","|-supereffective|p2a: Starmie","|-damage|p2a: Starmie|0 fnt","|-enditem|p2a: Starmie|Life Orb|[from] move: Knock Off|[of] p1a: Bisharp","|faint|p2a: Starmie","|","|","|switch|p2a: Heatran|Heatran, M|385/385","|-damage|p2a: Heatran|337/385|[from] Stealth Rock","|-item|p2a: Heatran|Air Balloon","|turn|30","|","|switch|p1a: Gallade|Gallade, M|278/278","|move|p2a: Heatran|Lava Plume|p1a: Gallade","|-damage|p1a: Gallade|146/278","|","|turn|31","|","|detailschange|p1a: Gallade|Gallade-Mega, M","|-mega|p1a: Gallade|Gallade|Galladite","|move|p1a: Gallade|Close Combat|p2a: Heatran","|-supereffective|p2a: Heatran","|-damage|p2a: Heatran|0 fnt","|-enditem|p2a: Heatran|Air Balloon","|-unboost|p1a: Gallade|def|1","|-unboost|p1a: Gallade|spd|1","|faint|p2a: Heatran","|","|","|switch|p2a: Altaria|Altaria, F|291/291","|-damage|p2a: Altaria|219/291|[from] Stealth Rock","|turn|32","|","|switch|p1a: Garchomp|Garchomp, F|357/357","|detailschange|p2a: Altaria|Altaria-Mega, F","|-mega|p2a: Altaria|Altaria|Altarianite","|move|p2a: Altaria|Dragon Dance|p2a: Altaria","|-boost|p2a: Altaria|atk|1","|-boost|p2a: Altaria|spe|1","|","|turn|33","|","|move|p1a: Garchomp|Earthquake|p2a: Altaria","|-damage|p2a: Altaria|72/291","|move|p2a: Altaria|Dragon Claw|p1a: Garchomp","|-supereffective|p1a: Garchomp","|-damage|p1a: Garchomp|0 fnt","|-damage|p2a: Altaria|36/291|[from] ability: Rough Skin|[of] p1a: Garchomp","|faint|p1a: Garchomp","|","|","|switch|p1a: Bisharp|Bisharp, F|271/271","|turn|34","|","|move|p2a: Altaria|Earthquake|p1a: Bisharp","|-supereffective|p1a: Bisharp","|-damage|p1a: Bisharp|0 fnt","|faint|p1a: Bisharp","|","|","|switch|p1a: Thundurus|Thundurus, M|150/299","|turn|35","|","|move|p1a: Thundurus|Taunt|p2a: Altaria","|-start|p2a: Altaria|move: Taunt","|move|p2a: Altaria|Hyper Voice|p1a: Thundurus","|-damage|p1a: Thundurus|0 fnt","|faint|p1a: Thundurus","|","|","|switch|p1a: Slowbro|Slowbro, M|159/394 par","|turn|36","|","|move|p2a: Altaria|Dragon Claw|p1a: Slowbro","|-damage|p1a: Slowbro|6/394 par","|move|p1a: Slowbro|Ice Beam|p2a: Altaria","|-supereffective|p2a: Altaria","|-damage|p2a: Altaria|0 fnt","|faint|p2a: Altaria","|","|-heal|p1a: Slowbro|30/394 par|[from] item: Leftovers","|","|switch|p2a: Excadrill|Excadrill, M|361/361","|-damage|p2a: Excadrill|350/361|[from] Stealth Rock","|-ability|p2a: Excadrill|Mold Breaker","|turn|37","|","|move|p2a: Excadrill|Earthquake|p1a: Slowbro","|-damage|p1a: Slowbro|0 fnt","|faint|p1a: Slowbro","|","|","|switch|p1a: Gallade|Gallade-Mega, M|146/278","|turn|38","|","|move|p2a: Excadrill|Earthquake|p1a: Gallade","|-damage|p1a: Gallade|0 fnt","|faint|p1a: Gallade","|","|win|Roface"],"p1rating":{"entryid":"7518057","serverid":"eos","formatid":"ou","userid":"guardwulf","username":"Guard Wulf","w":"1","l":2,"t":"0","gxe":45.8,"r":"1500","rd":"130","sigma":"0","rptime":"1439110800","rpr":1466.9108216389,"rprd":111.51861011339,"rpsigma":"0","acre":1007.9921601191,"lacre":1007.9921601191,"oldacre":"1022.1660277196"},"p2rating":{"entryid":"7518979","serverid":"eos","formatid":"ou","userid":"roface","username":"Roface","w":1,"l":"1","t":"0","gxe":50,"r":"1500","rd":"130","sigma":"0","rptime":"1439110800","rpr":1500,"rprd":116.77753930647,"rpsigma":"0","acre":1042.5485014602,"lacre":1042.5485014602,"oldacre":"1000"},"endType":"normal"}