{"seed":[19985,22423,9979,31367],"turns":29,"p1":"Guard Naruto","p2":"nathan00","p1team":[{"name":"Beedrill","species":"Beedrill","item":"beedrillite","ability":"Swarm","moves":["protect","uturn","poisonjab","knockoff"],"nature":"Jolly","evs":{"hp":0,"atk":252,"def":0,"spa":0,"spd":4,"spe":252},"ivs":{"hp":31,"atk":31,"def":31,"spa":31,"spd":31,"spe":31}},{"name":"Gigalith","species":"Gigalith","item":"leftovers","ability":"Sturdy","moves":["stealthrock","stoneedge","earthquake","toxic"],"nature":"Careful","evs":{"hp":248,"atk":0,"def":60,"spa":0,"spd":200,"spe":0},"ivs":{"hp":31,"atk":31,"def":31,"spa":31,"spd":31,"spe":31}},{"name":"Meganium","species":"Meganium","item":"leftovers","ability":"Overgrow","moves":["gigadrain","synthesis","aromatherapy","toxic"],"nature":"Calm","evs":{"hp":248,"atk":0,"def":200,"spa":0,"spd":60,"spe":0},"ivs":{"hp":31,"atk":31,"def":31,"spa":31,"spd":31,"spe":31}},{"name":"Salamence","species":"Salamence","item":"leftovers","ability":"Intimidate","moves":["dragonclaw","earthquake","defog","roost"],"nature":"Bold","evs":{"hp":248,"atk":0,"def":60,"spa":0,"spd":200,"spe":0},"ivs":{"hp":31,"atk":31,"def":31,"spa":31,"spd":31,"spe":31}},{"name":"Rotom-Heat","species":"Rotom-Heat","item":"assaultvest","ability":"Levitate","moves":["voltswitch","thunderbolt","overheat","darkpulse"],"nature":"Bold","evs":{"hp":248,"atk":0,"def":60,"spa":200,"spd":0,"spe":0},"ivs":{"hp":31,"atk":31,"def":31,"spa":31,"spd":31,"spe":31}},{"name":"Drapion","species":"Drapion","item":"leftovers","ability":"Battle Armor","moves":["poisonjab","crunch","knockoff","earthquake"],"nature":"Careful","evs":{"hp":248,"atk":0,"def":60,"spa":0,"spd":200,"spe":0},"ivs":{"hp":31,"atk":31,"def":31,"spa":31,"spd":31,"spe":31}}],"p2team":[{"name":"Donphan","species":"Donphan","item":"leftovers","ability":"Sturdy","moves":["stealthrock","iceshard","earthquake","stoneedge"],"nature":"Adamant","evs":{"hp":252,"atk":252,"def":0,"spa":0,"spd":4,"spe":0},"ivs":{"hp":31,"atk":31,"def":31,"spa":31,"spd":31,"spe":31}},{"name":"Tornadus","species":"Tornadus","item":"expertbelt","ability":"Prankster","moves":["substitute","taunt","bulkup","aerialace"],"nature":"Jolly","evs":{"hp":0,"atk":252,"def":0,"spa":0,"spd":4,"spe":252},"ivs":{"hp":31,"atk":31,"def":31,"spa":31,"spd":31,"spe":31}},{"name":"Kingdra","species":"Kingdra","item":"lifeorb","ability":"Sniper","moves":["dragondance","outrage","waterfall","bodyslam"],"nature":"Adamant","evs":{"hp":0,"atk":252,"def":0,"spa":0,"spd":4,"spe":252},"ivs":{"hp":31,"atk":31,"def":31,"spa":31,"spd":31,"spe":31}},{"name":"Doublade","species":"Doublade","item":"eviolite","ability":"No Guard","moves":["shadowsneak","swordsdance","sacredsword","ironhead"],"nature":"Adamant","evs":{"hp":248,"atk":252,"def":0,"spa":0,"spd":8,"spe":0},"ivs":{"hp":31,"atk":31,"def":31,"spa":31,"spd":31,"spe":31}},{"name":"Ampharos","species":"Ampharos","item":"ampharosite","ability":"Static","moves":["dragonpulse","thunderbolt","signalbeam","cottonguard"],"nature":"Modest","evs":{"hp":248,"atk":0,"def":0,"spa":252,"spd":8,"spe":0},"ivs":{"hp":31,"atk":31,"def":31,"spa":31,"spd":31,"spe":31}},{"name":"Espeon","species":"Espeon","item":"leftovers","ability":"Magic Bounce","moves":["psychic","shadowball","calmmind","dazzlinggleam"],"nature":"Timid","evs":{"hp":0,"atk":0,"def":0,"spa":252,"spd":4,"spe":252},"ivs":{"hp":31,"atk":31,"def":31,"spa":31,"spd":31,"spe":31}}],"log":["|player|p1|Guard Naruto|284","|player|p2|nathan00|168","|gametype|singles","|gen|6","|tier|UU","|rated","|rule|Sleep Clause Mod: Limit one foe put to sleep","|rule|Species Clause: Limit one of each Pokémon","|rule|OHKO Clause: OHKO moves are banned","|rule|Moody Clause: Moody is banned","|rule|Evasion Moves Clause: Evasion moves are banned","|rule|Endless Battle Clause: Forcing endless battles is banned","|rule|HP Percentage Mod: HP is shown in percentages","|clearpoke","|poke|p1|Beedrill, F","|poke|p1|Gigalith, F","|poke|p1|Meganium, F","|poke|p1|Salamence, F","|poke|p1|Rotom-Heat","|poke|p1|Drapion, M","|poke|p2|Donphan, M","|poke|p2|Tornadus, M","|poke|p2|Kingdra, F","|poke|p2|Doublade, M","|poke|p2|Ampharos, F","|poke|p2|Espeon, F","|rule|Swagger Clause: Swagger is banned","|rule|Baton Pass Clause: Limit one Baton Passer, can't pass Spe and other stats simultaneously","|teampreview","|","|start","|switch|p1a: Beedrill|Beedrill, F|271/271","|switch|p2a: Donphan|Donphan, M|384/384","|turn|1","|","|detailschange|p1a: Beedrill|Beedrill-Mega, F","|-mega|p1a: Beedrill|Beedrill|Beedrillite","|move|p1a: Beedrill|U-turn|p2a: Donphan","|-damage|p2a: Donphan|224/384","|","|switch|p1a: Salamence|Salamence, F|393/393","|-ability|p1a: Salamence|Intimidate","|-unboost|p2a: Donphan|atk|1","|move|p2a: Donphan|Stealth Rock|p1a: Salamence","|-sidestart|p1: Guard Naruto|move: Stealth Rock","|","|-heal|p2a: Donphan|248/384|[from] item: Leftovers","|turn|2","|","|switch|p2a: Espeon|Espeon, F|271/271","|move|p1a: Salamence|Defog|p2a: Espeon","|move|p2a: Espeon|Defog|p1a: Salamence|[from]Magic Bounce","|-unboost|p1a: Salamence|evasion|1","|-sideend|p1: Guard Naruto|Stealth Rock|[from] move: Defog|[of] p1a: Salamence","|","|turn|3","|","|switch|p1a: Drapion|Drapion, M|343/343","|move|p2a: Espeon|Dazzling Gleam|p1a: Drapion","|-damage|p1a: Drapion|260/343","|","|-heal|p1a: Drapion|281/343|[from] item: Leftovers","|turn|4","|","|switch|p2a: Donphan|Donphan, M|248/384","|move|p1a: Drapion|Knock Off|p2a: Donphan","|-damage|p2a: Donphan|160/384","|-enditem|p2a: Donphan|Leftovers|[from] move: Knock Off|[of] p1a: Drapion","|","|-heal|p1a: Drapion|302/343|[from] item: Leftovers","|turn|5","|","|switch|p1a: Salamence|Salamence, F|393/393","|-ability|p1a: Salamence|Intimidate","|-unboost|p2a: Donphan|atk|1","|move|p2a: Donphan|Stealth Rock|p1a: Salamence","|-sidestart|p1: Guard Naruto|move: Stealth Rock","|","|turn|6","|","|move|p2a: Donphan|Ice Shard|p1a: Salamence","|-crit|p1a: Salamence","|-supereffective|p1a: Salamence","|-damage|p1a: Salamence|77/393","|move|p1a: Salamence|Defog|p2a: Donphan","|-unboost|p2a: Donphan|evasion|1","|-sideend|p1: Guard Naruto|Stealth Rock|[from] move: Defog|[of] p1a: Salamence","|","|-heal|p1a: Salamence|101/393|[from] item: Leftovers","|turn|7","|","|move|p2a: Donphan|Ice Shard|p1a: Salamence","|-supereffective|p1a: Salamence","|-damage|p1a: Salamence|0 fnt","|faint|p1a: Salamence","|","|","|switch|p1a: Beedrill|Beedrill-Mega, F|271/271","|turn|8","|","|move|p1a: Beedrill|U-turn|p2a: Donphan","|-damage|p2a: Donphan|14/384","|","|switch|p1a: Drapion|Drapion, M|302/343","|move|p2a: Donphan|Stone Edge|p1a: Drapion","|-damage|p1a: Drapion|228/343","|","|-heal|p1a: Drapion|249/343|[from] item: Leftovers","|turn|9","|","|move|p1a: Drapion|Crunch|p2a: Donphan","|-damage|p2a: Donphan|0 fnt","|faint|p2a: Donphan","|","|-heal|p1a: Drapion|270/343|[from] item: Leftovers","|","|switch|p2a: Ampharos|Ampharos, F|383/383","|turn|10","|","|switch|p1a: Meganium|Meganium, F|363/363","|detailschange|p2a: Ampharos|Ampharos-Mega, F","|-mega|p2a: Ampharos|Ampharos|Ampharosite","|-ability|p2a: Ampharos|Mold Breaker","|move|p2a: Ampharos|Cotton Guard|p2a: Ampharos","|-boost|p2a: Ampharos|def|3","|","|turn|11","|","|move|p1a: Meganium|Toxic|p2a: Ampharos","|-status|p2a: Ampharos|tox","|move|p2a: Ampharos|Signal Beam|p1a: Meganium","|-supereffective|p1a: Meganium","|-damage|p1a: Meganium|149/363","|","|-heal|p1a: Meganium|171/363|[from] item: Leftovers","|-damage|p2a: Ampharos|360/383 tox|[from] psn","|turn|12","|","|move|p1a: Meganium|Synthesis|p1a: Meganium","|-heal|p1a: Meganium|352/363","|move|p2a: Ampharos|Signal Beam|p1a: Meganium","|-supereffective|p1a: Meganium","|-damage|p1a: Meganium|150/363","|","|-heal|p1a: Meganium|172/363|[from] item: Leftovers","|-damage|p2a: Ampharos|314/383 tox|[from] psn","|turn|13","|","|move|p1a: Meganium|Synthesis|p1a: Meganium","|-heal|p1a: Meganium|353/363","|move|p2a: Ampharos|Signal Beam|p1a: Meganium","|-supereffective|p1a: Meganium","|-damage|p1a: Meganium|159/363","|","|-heal|p1a: Meganium|181/363|[from] item: Leftovers","|-damage|p2a: Ampharos|245/383 tox|[from] psn","|turn|14","|","|switch|p1a: Rotom-Heat|Rotom-Heat|303/303","|switch|p2a: Tornadus|Tornadus, M|299/299","|","|turn|15","|","|switch|p2a: Doublade|Doublade, M|321/321","|move|p1a: Rotom-Heat|Overheat|p2a: Doublade","|-supereffective|p2a: Doublade","|-damage|p2a: Doublade|0 fnt","|-unboost|p1a: Rotom-Heat|spa|2","|faint|p2a: Doublade","|","|","|switch|p2a: Kingdra|Kingdra, F|291/291","|turn|16","|","|switch|p1a: Meganium|Meganium, F|181/363","|move|p2a: Kingdra|Dragon Dance|p2a: Kingdra","|-boost|p2a: Kingdra|atk|1","|-boost|p2a: Kingdra|spe|1","|","|-heal|p1a: Meganium|203/363|[from] item: Leftovers","|turn|17","|","|move|p2a: Kingdra|Outrage|p1a: Meganium","|-damage|p1a: Meganium|0 fnt","|-damage|p2a: Kingdra|262/291|[from] item: Life Orb","|faint|p1a: Meganium","|","|","|switch|p1a: Gigalith|Gigalith, F|373/373","|turn|18","|","|move|p2a: Kingdra|Outrage|p1a: Gigalith|[from]lockedmove","|-damage|p1a: Gigalith|81/373","|-damage|p2a: Kingdra|233/291|[from] item: Life Orb","|move|p1a: Gigalith|Stone Edge|p2a: Kingdra","|-damage|p2a: Kingdra|77/291","|","|-heal|p1a: Gigalith|104/373|[from] item: Leftovers","|turn|19","|","|move|p2a: Kingdra|Outrage|p1a: Gigalith|[from]lockedmove","|-damage|p1a: Gigalith|0 fnt","|-damage|p2a: Kingdra|48/291|[from] item: Life Orb","|-start|p2a: Kingdra|confusion|[fatigue]","|faint|p1a: Gigalith","|","|","|switch|p1a: Beedrill|Beedrill-Mega, F|271/271","|turn|20","|","|move|p1a: Beedrill|U-turn|p2a: Kingdra","|-damage|p2a: Kingdra|0 fnt","|faint|p2a: Kingdra","|","|switch|p1a: Rotom-Heat|Rotom-Heat|303/303","|","|","|switch|p2a: Ampharos|Ampharos-Mega, F|245/383 tox","|-ability|p2a: Ampharos|Mold Breaker","|turn|21","|","|move|p1a: Rotom-Heat|Dark Pulse|p2a: Ampharos","|-damage|p2a: Ampharos|171/383 tox","|move|p2a: Ampharos|Dragon Pulse|p1a: Rotom-Heat","|-damage|p1a: Rotom-Heat|185/303","|","|-damage|p2a: Ampharos|148/383 tox|[from] psn","|turn|22","|","|move|p1a: Rotom-Heat|Dark Pulse|p2a: Ampharos","|-damage|p2a: Ampharos|73/383 tox","|move|p2a: Ampharos|Dragon Pulse|p1a: Rotom-Heat","|-damage|p1a: Rotom-Heat|56/303","|","|-damage|p2a: Ampharos|27/383 tox|[from] psn","|turn|23","|","|move|p1a: Rotom-Heat|Dark Pulse|p2a: Ampharos","|-damage|p2a: Ampharos|0 fnt","|faint|p2a: Ampharos","|","|","|switch|p2a: Espeon|Espeon, F|271/271","|turn|24","|","|move|p2a: Espeon|Dazzling Gleam|p1a: Rotom-Heat","|-resisted|p1a: Rotom-Heat","|-damage|p1a: Rotom-Heat|27/303","|move|p1a: Rotom-Heat|Dark Pulse|p2a: Espeon","|-supereffective|p2a: Espeon","|-damage|p2a: Espeon|101/271","|","|-heal|p2a: Espeon|117/271|[from] item: Leftovers","|turn|25","|","|move|p2a: Espeon|Psychic|p1a: Rotom-Heat","|-damage|p1a: Rotom-Heat|0 fnt","|faint|p1a: Rotom-Heat","|","|-heal|p2a: Espeon|133/271|[from] item: Leftovers","|","|switch|p1a: Drapion|Drapion, M|270/343","|turn|26","|","|move|p2a: Espeon|Dazzling Gleam|p1a: Drapion","|-damage|p1a: Drapion|177/343","|move|p1a: Drapion|Knock Off|p2a: Espeon","|-supereffective|p2a: Espeon","|-damage|p2a: Espeon|0 fnt","|-enditem|p2a: Espeon|Leftovers|[from] move: Knock Off|[of] p1a: Drapion","|faint|p2a: Espeon","|","|-heal|p1a: Drapion|198/343|[from] item: Leftovers","|","|switch|p2a: Tornadus|Tornadus, M|299/299","|turn|27","|","|move|p2a: Tornadus|Substitute|p2a: Tornadus","|-start|p2a: Tornadus|Substitute","|-damage|p2a: Tornadus|225/299","|move|p1a: Drapion|Knock Off|p2a: Tornadus","|-end|p2a: Tornadus|Substitute","|","|-heal|p1a: Drapion|219/343|[from] item: Leftovers","|turn|28","|","|move|p2a: Tornadus|Aerial Ace|p1a: Drapion","|-damage|p1a: Drapion|138/343","|move|p1a: Drapion|Knock Off|p2a: Tornadus","|-damage|p2a: Tornadus|83/299","|-enditem|p2a: Tornadus|Expert Belt|[from] move: Knock Off|[of] p1a: Drapion","|","|-heal|p1a: Drapion|159/343|[from] item: Leftovers","|turn|29","|","|win|Guard Naruto"],"p1rating":{"entryid":7645608,"formatid":"uu","userid":"guardnaruto","username":"Guard Naruto","r":1500,"rd":130,"sigma":0,"rpr":1540.1606143388,"rprd":122.8583080769,"rpsigma":0,"rptime":1439629200,"w":1,"l":0,"t":0,"gxe":55,"acre":1040,"lacre":1040,"oldacre":1000},"p2rating":{"entryid":7645609,"formatid":"uu","userid":"nathan00","username":"nathan00","r":1500,"rd":130,"sigma":0,"rpr":1459.8393856612,"rprd":122.8583080769,"rpsigma":0,"rptime":1439629200,"w":0,"l":1,"t":0,"gxe":45,"acre":1000,"lacre":1000,"oldacre":1000},"endType":"forfeit"}