{"seed":[54073,5528,37245,53602],"turns":38,"p1":"E4 Terror","p2":"EmgGaifem","p1team":[{"name":"Rotom-Wash","species":"Rotom-Wash","item":"leftovers","ability":"Levitate","moves":["hydropump","voltswitch","willowisp","painsplit"],"nature":"Calm","evs":{"hp":252,"atk":0,"def":0,"spa":4,"spd":252,"spe":0},"ivs":{"hp":31,"atk":31,"def":31,"spa":31,"spd":31,"spe":31}},{"name":"Latios","species":"Latios","item":"choicescarf","ability":"Levitate","moves":["trick","dracometeor","psyshock","hiddenpowerfire"],"nature":"Timid","evs":{"hp":0,"atk":0,"def":0,"spa":252,"spd":4,"spe":252},"ivs":{"hp":31,"atk":30,"def":31,"spa":30,"spd":31,"spe":30}},{"name":"Crawdaunt","species":"Crawdaunt","item":"lifeorb","ability":"Adaptability","moves":["knockoff","crabhammer","superpower","aquajet"],"nature":"Adamant","evs":{"hp":248,"atk":252,"def":0,"spa":0,"spd":8,"spe":0},"ivs":{"hp":31,"atk":31,"def":31,"spa":31,"spd":31,"spe":31}},{"name":"Excadrill","species":"Excadrill","item":"airballoon","ability":"Mold Breaker","moves":["earthquake","ironhead","stealthrock","rapidspin"],"nature":"Jolly","evs":{"hp":0,"atk":252,"def":0,"spa":0,"spd":0,"spe":252},"ivs":{"hp":31,"atk":31,"def":31,"spa":31,"spd":31,"spe":31}},{"name":"Thundurus-Therian","species":"Thundurus-Therian","item":"lifeorb","ability":"Volt Absorb","moves":["nastyplot","thunderbolt","hiddenpowerice","grassknot"],"nature":"Timid","evs":{"hp":0,"atk":0,"def":0,"spa":252,"spd":4,"spe":252},"ivs":{"hp":31,"atk":0,"def":30,"spa":31,"spd":31,"spe":31}},{"name":"Altaria","species":"Altaria","item":"altarianite","ability":"Cloud Nine","moves":["roost","healbell","frustration","dragondance"],"nature":"Adamant","evs":{"hp":252,"atk":252,"def":0,"spa":0,"spd":0,"spe":0},"happiness":0,"ivs":{"hp":31,"atk":31,"def":31,"spa":31,"spd":31,"spe":31}}],"p2team":[{"name":"Heatran","species":"Heatran","item":"assaultvest","ability":"Flash Fire","moves":["lavaplume","earthpower","flashcannon","ancientpower"],"nature":"Calm","evs":{"hp":252,"atk":0,"def":0,"spa":0,"spd":252,"spe":4},"ivs":{"hp":31,"atk":31,"def":31,"spa":31,"spd":31,"spe":31}},{"name":"Skarmory","species":"Skarmory","item":"leftovers","ability":"Sturdy","moves":["bravebird","ironhead","stealthrock","roost"],"nature":"Impish","evs":{"hp":252,"atk":0,"def":232,"spa":0,"spd":0,"spe":24},"ivs":{"hp":31,"atk":31,"def":31,"spa":31,"spd":31,"spe":31}},{"name":"Excadrill","species":"Excadrill","item":"choicescarf","ability":"Mold Breaker","moves":["earthquake","ironhead","rockslide","poisonjab"],"nature":"Jolly","evs":{"hp":0,"atk":252,"def":0,"spa":0,"spd":4,"spe":252},"ivs":{"hp":31,"atk":31,"def":31,"spa":31,"spd":31,"spe":31}},{"name":"Lucario","species":"Lucario","item":"choicespecs","ability":"Justified","moves":["darkpulse","dragonpulse","aurasphere","flashcannon"],"nature":"Timid","evs":{"hp":4,"atk":0,"def":0,"spa":252,"spd":0,"spe":252},"ivs":{"hp":31,"atk":31,"def":31,"spa":31,"spd":31,"spe":31}},{"name":"Jirachi","species":"Jirachi","item":"leftovers","ability":"Serene Grace","moves":["uturn","meteormash","zenheadbutt","wish"],"nature":"Adamant","evs":{"hp":40,"atk":252,"def":0,"spa":0,"spd":184,"spe":32},"ivs":{"hp":31,"atk":31,"def":31,"spa":31,"spd":31,"spe":31}},{"name":"Klefki","species":"Klefki","item":"lightclay","ability":"Prankster","moves":["lightscreen","reflect","thunderwave","substitute"],"nature":"","evs":{"hp":252,"atk":0,"def":252,"spa":0,"spd":0,"spe":4},"ivs":{"hp":31,"atk":31,"def":31,"spa":31,"spd":31,"spe":31}}],"log":["|player|p1|E4 Terror|293","|player|p2|EmgGaifem|153","|gametype|singles","|gen|6","|tier|OU","|rated","|clearpoke","|poke|p1|Rotom-Wash","|poke|p1|Latios, M","|poke|p1|Crawdaunt, F","|poke|p1|Excadrill, M","|poke|p1|Thundurus-Therian, M","|poke|p1|Altaria, F","|poke|p2|Heatran, M","|poke|p2|Skarmory, M","|poke|p2|Excadrill, F","|poke|p2|Lucario, F","|poke|p2|Jirachi","|poke|p2|Klefki, F","|rule|Swagger Clause: Swagger is banned","|rule|Baton Pass Clause: Limit one Baton Passer, can't pass Spe and other stats simultaneously","|rule|Sleep Clause Mod: Limit one foe put to sleep","|rule|Species Clause: Limit one of each Pokémon","|rule|OHKO Clause: OHKO moves are banned","|rule|Moody Clause: Moody is banned","|rule|Evasion Moves Clause: Evasion moves are banned","|rule|Endless Battle Clause: Forcing endless battles is banned","|rule|HP Percentage Mod: HP is shown in percentages","|teampreview","|","|start","|switch|p1a: Excadrill|Excadrill, M|361/361","|switch|p2a: Excadrill|Excadrill, F|361/361","|-ability|p2a: Excadrill|Mold Breaker","|-ability|p1a: Excadrill|Mold Breaker","|-item|p1a: Excadrill|Air Balloon","|turn|1","|","|switch|p2a: Skarmory|Skarmory, M|334/334","|move|p1a: Excadrill|Stealth Rock|p2a: Skarmory","|-sidestart|p2: EmgGaifem|move: Stealth Rock","|","|turn|2","|","|switch|p1a: Thundurus-Therian|Thundurus-Therian, M|299/299","|move|p2a: Skarmory|Stealth Rock|p1a: Thundurus-Therian","|-sidestart|p1: E4 Terror|move: Stealth Rock","|","|turn|3","|","|switch|p2a: Excadrill|Excadrill, F|361/361","|-damage|p2a: Excadrill|350/361|[from] Stealth Rock","|-ability|p2a: Excadrill|Mold Breaker","|move|p1a: Thundurus-Therian|Nasty Plot|p1a: Thundurus-Therian","|-boost|p1a: Thundurus-Therian|spa|2","|","|turn|4","|","|move|p2a: Excadrill|Rock Slide|p1a: Thundurus-Therian","|-supereffective|p1a: Thundurus-Therian","|-damage|p1a: Thundurus-Therian|73/299","|move|p1a: Thundurus-Therian|Grass Knot|p2a: Excadrill","|-damage|p2a: Excadrill|59/361","|-damage|p1a: Thundurus-Therian|44/299|[from] item: Life Orb","|","|turn|5","|","|switch|p1a: Excadrill|Excadrill, M|361/361","|-damage|p1a: Excadrill|350/361|[from] Stealth Rock","|-ability|p1a: Excadrill|Mold Breaker","|-item|p1a: Excadrill|Air Balloon","|move|p2a: Excadrill|Rock Slide|p1a: Excadrill","|-resisted|p1a: Excadrill","|-damage|p1a: Excadrill|316/361","|-enditem|p1a: Excadrill|Air Balloon","|","|turn|6","|","|switch|p2a: Skarmory|Skarmory, M|334/334","|-damage|p2a: Skarmory|293/334|[from] Stealth Rock","|move|p1a: Excadrill|Rapid Spin|p2a: Skarmory","|-resisted|p2a: Skarmory","|-damage|p2a: Skarmory|285/334","|-sideend|p1: E4 Terror|Stealth Rock|[from] move: Rapid Spin|[of] p1a: Excadrill","|","|-heal|p2a: Skarmory|305/334|[from] item: Leftovers","|turn|7","|","|switch|p1a: Thundurus-Therian|Thundurus-Therian, M|44/299","|move|p2a: Skarmory|Stealth Rock|p1a: Thundurus-Therian","|-sidestart|p1: E4 Terror|move: Stealth Rock","|","|-heal|p2a: Skarmory|325/334|[from] item: Leftovers","|turn|8","|","|switch|p2a: Excadrill|Excadrill, F|59/361","|-damage|p2a: Excadrill|48/361|[from] Stealth Rock","|-ability|p2a: Excadrill|Mold Breaker","|move|p1a: Thundurus-Therian|Hidden Power|p2a: Excadrill","|-damage|p2a: Excadrill|0 fnt","|-damage|p1a: Thundurus-Therian|15/299|[from] item: Life Orb","|faint|p2a: Excadrill","|","|","|switch|p2a: Heatran|Heatran, M|386/386","|-damage|p2a: Heatran|338/386|[from] Stealth Rock","|turn|9","|","|move|p1a: Thundurus-Therian|Thunderbolt|p2a: Heatran","|-damage|p2a: Heatran|233/386","|-damage|p1a: Thundurus-Therian|0 fnt|[from] item: Life Orb","|faint|p1a: Thundurus-Therian","|move|p2a: Heatran|Lava Plume|p1: Thundurus-Therian|[notarget]","|-notarget","|","|","|switch|p1a: Rotom-Wash|Rotom-Wash|304/304","|-damage|p1a: Rotom-Wash|266/304|[from] Stealth Rock","|turn|10","|","|switch|p2a: Klefki|Klefki, F|318/318","|-damage|p2a: Klefki|299/318|[from] Stealth Rock","|move|p1a: Rotom-Wash|Hydro Pump|p2a: Klefki","|-damage|p2a: Klefki|140/318","|","|-heal|p1a: Rotom-Wash|285/304|[from] item: Leftovers","|turn|11","|","|move|p2a: Klefki|Light Screen|p2a: Klefki","|-sidestart|p2: EmgGaifem|move: Light Screen","|move|p1a: Rotom-Wash|Hydro Pump|p2a: Klefki","|-damage|p2a: Klefki|59/318","|","|-heal|p1a: Rotom-Wash|304/304|[from] item: Leftovers","|turn|12","|","|move|p2a: Klefki|Reflect|p2a: Klefki","|-sidestart|p2: EmgGaifem|Reflect","|move|p1a: Rotom-Wash|Will-O-Wisp|p2a: Klefki","|-status|p2a: Klefki|brn","|","|-damage|p2a: Klefki|20/318 brn|[from] brn","|turn|13","|","|move|p2a: Klefki|Thunder Wave|p1a: Rotom-Wash","|-immune|p1a: Rotom-Wash|[msg]","|move|p1a: Rotom-Wash|Volt Switch|p2a: Klefki","|-damage|p2a: Klefki|0 fnt","|faint|p2a: Klefki","|","|switch|p1a: Altaria|Altaria, F|354/354","|-damage|p1a: Altaria|266/354|[from] Stealth Rock","|-ability|p1a: Altaria|Cloud Nine","|","|","|switch|p2a: Jirachi|Jirachi|351/351","|-damage|p2a: Jirachi|330/351|[from] Stealth Rock","|turn|14","|","|switch|p1a: Crawdaunt|Crawdaunt, F|329/329","|-damage|p1a: Crawdaunt|288/329|[from] Stealth Rock","|move|p2a: Jirachi|Meteor Mash|p1a: Crawdaunt","|-resisted|p1a: Crawdaunt","|-damage|p1a: Crawdaunt|204/329","|","|-heal|p2a: Jirachi|351/351|[from] item: Leftovers","|turn|15","|","|move|p2a: Jirachi|U-turn|p1a: Crawdaunt","|-supereffective|p1a: Crawdaunt","|-damage|p1a: Crawdaunt|36/329","|","|switch|p2a: Skarmory|Skarmory, M|325/334","|-damage|p2a: Skarmory|284/334|[from] Stealth Rock","|move|p1a: Crawdaunt|Knock Off|p2a: Skarmory","|-damage|p2a: Skarmory|198/334","|-enditem|p2a: Skarmory|Leftovers|[from] move: Knock Off|[of] p1a: Crawdaunt","|-damage|p1a: Crawdaunt|4/329|[from] item: Life Orb","|","|turn|16","|","|move|p2a: Skarmory|Roost|p2a: Skarmory","|-heal|p2a: Skarmory|334/334","|move|p1a: Crawdaunt|Crabhammer|p2a: Skarmory","|-damage|p2a: Skarmory|239/334","|-damage|p1a: Crawdaunt|0 fnt|[from] item: Life Orb","|faint|p1a: Crawdaunt","|","|","|switch|p1a: Rotom-Wash|Rotom-Wash|304/304","|-damage|p1a: Rotom-Wash|266/304|[from] Stealth Rock","|turn|17","|","|move|p1a: Rotom-Wash|Volt Switch|p2a: Skarmory","|-crit|p2a: Skarmory","|-supereffective|p2a: Skarmory","|-damage|p2a: Skarmory|0 fnt","|faint|p2a: Skarmory","|","|switch|p1a: Excadrill|Excadrill, M|316/361","|-damage|p1a: Excadrill|305/361|[from] Stealth Rock","|-ability|p1a: Excadrill|Mold Breaker","|","|","|switch|p2a: Lucario|Lucario, F|282/282","|-damage|p2a: Lucario|274/282|[from] Stealth Rock","|turn|18","|","|move|p2a: Lucario|Aura Sphere|p1a: Excadrill","|-supereffective|p1a: Excadrill","|-damage|p1a: Excadrill|0 fnt","|faint|p1a: Excadrill","|","|-sideend|p2: EmgGaifem|move: Light Screen","|","|switch|p1a: Rotom-Wash|Rotom-Wash|266/304","|-damage|p1a: Rotom-Wash|228/304|[from] Stealth Rock","|turn|19","|","|switch|p2a: Jirachi|Jirachi|351/351","|-damage|p2a: Jirachi|330/351|[from] Stealth Rock","|move|p1a: Rotom-Wash|Pain Split|p2a: Jirachi","|-sethp|p2a: Jirachi|279/351|p1a: Rotom-Wash|279/304|[from] move: Pain Split","|","|-heal|p2a: Jirachi|300/351|[from] item: Leftovers","|-heal|p1a: Rotom-Wash|298/304|[from] item: Leftovers","|-sideend|p2: EmgGaifem|Reflect","|turn|20","|","|move|p2a: Jirachi|Wish|p2a: Jirachi","|move|p1a: Rotom-Wash|Will-O-Wisp|p2a: Jirachi","|-status|p2a: Jirachi|brn","|","|-heal|p2a: Jirachi|321/351 brn|[from] item: Leftovers","|-heal|p1a: Rotom-Wash|304/304|[from] item: Leftovers","|-damage|p2a: Jirachi|278/351 brn|[from] brn","|turn|21","|","|move|p2a: Jirachi|Zen Headbutt|p1a: Rotom-Wash","|-damage|p1a: Rotom-Wash|247/304","|cant|p1a: Rotom-Wash|flinch","|","|-heal|p2a: Jirachi|351/351 brn|[from] move: Wish|[wisher] Jirachi","|-heal|p1a: Rotom-Wash|266/304|[from] item: Leftovers","|-damage|p2a: Jirachi|308/351 brn|[from] brn","|turn|22","|","|move|p2a: Jirachi|Zen Headbutt|p1a: Rotom-Wash","|-damage|p1a: Rotom-Wash|200/304","|cant|p1a: Rotom-Wash|flinch","|","|-heal|p2a: Jirachi|329/351 brn|[from] item: Leftovers","|-heal|p1a: Rotom-Wash|219/304|[from] item: Leftovers","|-damage|p2a: Jirachi|286/351 brn|[from] brn","|turn|23","|","|move|p2a: Jirachi|Zen Headbutt|p1a: Rotom-Wash","|-damage|p1a: Rotom-Wash|156/304","|move|p1a: Rotom-Wash|Volt Switch|p2a: Jirachi","|-damage|p2a: Jirachi|216/351 brn","|","|switch|p1a: Altaria|Altaria, F|266/354","|-damage|p1a: Altaria|178/354|[from] Stealth Rock","|-ability|p1a: Altaria|Cloud Nine","|","|-heal|p2a: Jirachi|237/351 brn|[from] item: Leftovers","|-damage|p2a: Jirachi|194/351 brn|[from] brn","|turn|24","|","|move|p2a: Jirachi|Wish|p2a: Jirachi","|move|p1a: Altaria|Roost|p1a: Altaria","|-heal|p1a: Altaria|354/354","|","|-heal|p2a: Jirachi|215/351 brn|[from] item: Leftovers","|-damage|p2a: Jirachi|172/351 brn|[from] brn","|turn|25","|","|move|p2a: Jirachi|Zen Headbutt|p1a: Altaria","|-damage|p1a: Altaria|279/354","|move|p1a: Altaria|Dragon Dance|p1a: Altaria","|-boost|p1a: Altaria|atk|1","|-boost|p1a: Altaria|spe|1","|","|-heal|p2a: Jirachi|347/351 brn|[from] move: Wish|[wisher] Jirachi","|-heal|p2a: Jirachi|351/351 brn|[from] item: Leftovers","|-damage|p2a: Jirachi|308/351 brn|[from] brn","|turn|26","|","|move|p1a: Altaria|Dragon Dance|p1a: Altaria","|-boost|p1a: Altaria|atk|1","|-boost|p1a: Altaria|spe|1","|move|p2a: Jirachi|Wish|p2a: Jirachi","|","|-heal|p2a: Jirachi|329/351 brn|[from] item: Leftovers","|-damage|p2a: Jirachi|286/351 brn|[from] brn","|turn|27","|","|switch|p2a: Heatran|Heatran, M|233/386","|-damage|p2a: Heatran|185/386|[from] Stealth Rock","|move|p1a: Altaria|Dragon Dance|p1a: Altaria","|-boost|p1a: Altaria|atk|1","|-boost|p1a: Altaria|spe|1","|","|-heal|p2a: Heatran|360/386|[from] move: Wish|[wisher] Jirachi","|turn|28","|","|move|p1a: Altaria|Dragon Dance|p1a: Altaria","|-boost|p1a: Altaria|atk|1","|-boost|p1a: Altaria|spe|1","|move|p2a: Heatran|Ancient Power|p1a: Altaria","|-supereffective|p1a: Altaria","|-damage|p1a: Altaria|173/354","|","|turn|29","|","|move|p1a: Altaria|Roost|p1a: Altaria","|-heal|p1a: Altaria|350/354","|move|p2a: Heatran|Ancient Power|p1a: Altaria","|-damage|p1a: Altaria|289/354","|","|turn|30","|","|move|p1a: Altaria|Frustration|p2a: Heatran","|-resisted|p2a: Heatran","|-damage|p2a: Heatran|239/386","|move|p2a: Heatran|Ancient Power|p1a: Altaria","|-crit|p1a: Altaria","|-supereffective|p1a: Altaria","|-damage|p1a: Altaria|103/354","|","|turn|31","|","|move|p1a: Altaria|Roost|p1a: Altaria","|-heal|p1a: Altaria|280/354","|move|p2a: Heatran|Ancient Power|p1a: Altaria","|-damage|p1a: Altaria|225/354","|","|turn|32","|","|move|p1a: Altaria|Frustration|p2a: Heatran","|-resisted|p2a: Heatran","|-damage|p2a: Heatran|118/386","|move|p2a: Heatran|Ancient Power|p1a: Altaria","|-supereffective|p1a: Altaria","|-damage|p1a: Altaria|121/354","|","|turn|33","|","|move|p1a: Altaria|Frustration|p2a: Heatran","|-resisted|p2a: Heatran","|-damage|p2a: Heatran|0 fnt","|faint|p2a: Heatran","|","|","|switch|p2a: Jirachi|Jirachi|286/351 brn","|-damage|p2a: Jirachi|265/351 brn|[from] Stealth Rock","|turn|34","|","|move|p1a: Altaria|Roost|p1a: Altaria","|-heal|p1a: Altaria|298/354","|move|p2a: Jirachi|Zen Headbutt|p1a: Altaria","|-damage|p1a: Altaria|225/354","|","|-heal|p2a: Jirachi|286/351 brn|[from] item: Leftovers","|-damage|p2a: Jirachi|243/351 brn|[from] brn","|turn|35","|","|move|p1a: Altaria|Roost|p1a: Altaria","|-heal|p1a: Altaria|354/354","|move|p2a: Jirachi|Meteor Mash|p1a: Altaria","|-damage|p1a: Altaria|267/354","|","|-heal|p2a: Jirachi|264/351 brn|[from] item: Leftovers","|-damage|p2a: Jirachi|221/351 brn|[from] brn","|turn|36","|","|move|p1a: Altaria|Dragon Dance|p1a: Altaria","|-boost|p1a: Altaria|atk|1","|-boost|p1a: Altaria|spe|1","|move|p2a: Jirachi|Meteor Mash|p1a: Altaria","|-damage|p1a: Altaria|183/354","|-boost|p2a: Jirachi|atk|1","|","|-heal|p2a: Jirachi|242/351 brn|[from] item: Leftovers","|-damage|p2a: Jirachi|199/351 brn|[from] brn","|turn|37","|","|detailschange|p1a: Altaria|Altaria-Mega, F","|-mega|p1a: Altaria|Altaria|Altarianite","|move|p1a: Altaria|Frustration|p2a: Jirachi","|-resisted|p2a: Jirachi","|-damage|p2a: Jirachi|0 fnt","|faint|p2a: Jirachi","|","|","|switch|p2a: Lucario|Lucario, F|274/282","|-damage|p2a: Lucario|266/282|[from] Stealth Rock","|turn|38","|","|move|p1a: Altaria|Frustration|p2a: Lucario","|-damage|p2a: Lucario|0 fnt","|faint|p2a: Lucario","|","|win|E4 Terror"],"p1rating":{"entryid":829575,"formatid":"ou","userid":"e4terror","username":"E4 Terror","r":1500,"rd":130,"sigma":0,"rpr":1540.1606143388,"rprd":122.8583080769,"rpsigma":0,"rptime":1441357200,"w":1,"l":0,"t":0,"gxe":55,"acre":1040,"lacre":1040,"oldacre":1000},"p2rating":{"entryid":829576,"formatid":"ou","userid":"emggaifem","username":"EmgGaifem","r":1500,"rd":130,"sigma":0,"rpr":1459.8393856612,"rprd":122.8583080769,"rpsigma":0,"rptime":1441357200,"w":0,"l":1,"t":0,"gxe":45,"acre":1000,"lacre":1000,"oldacre":1000},"endType":"normal"}