{"seed":[49186,17005,39903,64260],"turns":22,"p1":"Ynfynyt Scroll","p2":"Doga","p1team":[{"name":"Wigglytuff","moves":["stealthrock","fireblast","dazzlinggleam","protect"],"ability":"Competitive","evs":{"hp":85,"atk":85,"def":85,"spa":85,"spd":85,"spe":85},"ivs":{"hp":31,"atk":31,"def":31,"spa":31,"spd":31,"spe":31},"item":"Leftovers","level":83,"shiny":false},{"name":"Shaymin","moves":["earthpower","substitute","rest","seedflare"],"ability":"Natural Cure","evs":{"hp":85,"atk":85,"def":85,"spa":85,"spd":85,"spe":85},"ivs":{"hp":31,"atk":31,"def":31,"spa":31,"spd":31,"spe":31},"item":"Leftovers","level":77,"shiny":false},{"name":"Emboar","moves":["superpower","wildcharge","stoneedge","flareblitz"],"ability":"Reckless","evs":{"hp":85,"atk":85,"def":85,"spa":85,"spd":85,"spe":85},"ivs":{"hp":31,"atk":31,"def":31,"spa":31,"spd":31,"spe":31},"item":"Choice Band","level":79,"shiny":false},{"name":"Druddigon","moves":["glare","stealthrock","substitute","outrage"],"ability":"Mold Breaker","evs":{"hp":85,"atk":85,"def":85,"spa":85,"spd":85,"spe":85},"ivs":{"hp":31,"atk":31,"def":31,"spa":31,"spd":31,"spe":31},"item":"Leftovers","level":79,"shiny":false},{"name":"Zoroark","moves":["darkpulse","uturn","trick","flamethrower"],"ability":"Illusion","evs":{"hp":85,"atk":85,"def":85,"spa":85,"spd":85,"spe":85},"ivs":{"hp":31,"atk":31,"def":31,"spa":31,"spd":31,"spe":31},"item":"Choice Scarf","level":78,"shiny":false},{"name":"Malamar","moves":["rockslide","psychocut","substitute","knockoff"],"ability":"Infiltrator","evs":{"hp":85,"atk":85,"def":85,"spa":85,"spd":85,"spe":85},"ivs":{"hp":31,"atk":31,"def":31,"spa":31,"spd":31,"spe":31},"item":"Leftovers","level":81,"shiny":false}],"p2team":[{"name":"Zekrom","moves":["dracometeor","outrage","boltstrike","voltswitch"],"ability":"Teravolt","evs":{"hp":85,"atk":85,"def":85,"spa":85,"spd":85,"spe":85},"ivs":{"hp":31,"atk":31,"def":31,"spa":31,"spd":31,"spe":31},"item":"Assault Vest","level":73,"shiny":false},{"name":"Empoleon","moves":["stealthrock","toxic","grassknot","flashcannon"],"ability":"Defiant","evs":{"hp":85,"atk":85,"def":85,"spa":85,"spd":85,"spe":85},"ivs":{"hp":31,"atk":31,"def":31,"spa":31,"spd":31,"spe":31},"item":"Air Balloon","level":77,"shiny":false},{"name":"Electivire","moves":["crosschop","voltswitch","flamethrower","earthquake"],"ability":"Motor Drive","evs":{"hp":85,"atk":85,"def":85,"spa":85,"spd":85,"spe":85},"ivs":{"hp":31,"atk":31,"def":31,"spa":31,"spd":31,"spe":31},"item":"Expert Belt","level":81,"shiny":false},{"name":"Donphan","moves":["earthquake","iceshard","knockoff","rapidspin"],"ability":"Sturdy","evs":{"hp":85,"atk":85,"def":85,"spa":85,"spd":85,"spe":85},"ivs":{"hp":31,"atk":31,"def":31,"spa":31,"spd":31,"spe":31},"item":"Assault Vest","level":77,"shiny":false},{"name":"Zangoose","moves":["facade","quickattack","closecombat","swordsdance"],"ability":"Toxic Boost","evs":{"hp":85,"atk":85,"def":85,"spa":85,"spd":85,"spe":85},"ivs":{"hp":31,"atk":31,"def":31,"spa":31,"spd":31,"spe":31},"item":"Toxic Orb","level":81,"shiny":false},{"name":"Dewgong","moves":["encore","toxic","surf","protect"],"ability":"Thick Fat","evs":{"hp":85,"atk":85,"def":85,"spa":85,"spd":85,"spe":85},"ivs":{"hp":31,"atk":31,"def":31,"spa":31,"spd":31,"spe":31},"item":"Leftovers","level":83,"shiny":false}],"log":["|player|p1|Ynfynyt Scroll|102","|player|p2|Doga|1","|gametype|singles","|gen|6","|tier|Random Battle","|rated","|rule|Sleep Clause Mod: Limit one foe put to sleep","|rule|HP Percentage Mod: HP is shown in percentages","|","|start","|switch|p1a: Wigglytuff|Wigglytuff, L83, M|368/368","|switch|p2a: Zekrom|Zekrom, L73|266/266","|-ability|p2a: Zekrom|Teravolt","|turn|1","|","|move|p2a: Zekrom|Bolt Strike|p1a: Wigglytuff","|-damage|p1a: Wigglytuff|107/368","|-status|p1a: Wigglytuff|par","|move|p1a: Wigglytuff|Stealth Rock|p2a: Zekrom","|-sidestart|p2: Doga|move: Stealth Rock","|","|-heal|p1a: Wigglytuff|130/368 par|[from] item: Leftovers","|turn|2","|","|move|p1a: Wigglytuff|Protect|p1a: Wigglytuff","|-singleturn|p1a: Wigglytuff|Protect","|move|p2a: Zekrom|Volt Switch|p1a: Wigglytuff","|-activate|p1a: Wigglytuff|Protect","|","|-heal|p1a: Wigglytuff|153/368 par|[from] item: Leftovers","|turn|3","|","|move|p2a: Zekrom|Volt Switch|p1a: Wigglytuff","|-damage|p1a: Wigglytuff|57/368 par","|","|switch|p2a: Zangoose|Zangoose, L81, F|251/251","|-damage|p2a: Zangoose|220/251|[from] Stealth Rock","|move|p1a: Wigglytuff|Dazzling Gleam|p2a: Zangoose","|-damage|p2a: Zangoose|115/251","|","|-heal|p1a: Wigglytuff|80/368 par|[from] item: Leftovers","|-status|p2a: Zangoose|tox|[from] item: Toxic Orb","|turn|4","|","|move|p2a: Zangoose|Facade|p1a: Wigglytuff","|-damage|p1a: Wigglytuff|0 fnt","|faint|p1a: Wigglytuff","|","|-damage|p2a: Zangoose|100/251 tox|[from] psn","|","|switch|p1a: Shaymin|Shaymin, L77|281/281","|turn|5","|","|move|p1a: Shaymin|Seed Flare|p2a: Zangoose","|-damage|p2a: Zangoose|0 fnt","|faint|p2a: Zangoose","|","|","|switch|p2a: Donphan|Donphan, L77, F|265/265","|-damage|p2a: Donphan|249/265|[from] Stealth Rock","|turn|6","|","|move|p1a: Shaymin|Seed Flare|p2a: Donphan","|-supereffective|p2a: Donphan","|-damage|p2a: Donphan|21/265","|-unboost|p2a: Donphan|spd|2","|move|p2a: Donphan|Knock Off|p1a: Shaymin","|-damage|p1a: Shaymin|211/281","|-enditem|p1a: Shaymin|Leftovers|[from] move: Knock Off|[of] p2a: Donphan","|","|turn|7","|","|move|p1a: Shaymin|Earth Power|p2a: Donphan","|-damage|p2a: Donphan|0 fnt","|faint|p2a: Donphan","|","|","|switch|p2a: Empoleon|Empoleon, L77, F|256/256","|-damage|p2a: Empoleon|240/256|[from] Stealth Rock","|-item|p2a: Empoleon|Air Balloon","|turn|8","|","|move|p1a: Shaymin|Seed Flare|p2a: Empoleon","|-damage|p2a: Empoleon|129/256","|-enditem|p2a: Empoleon|Air Balloon","|move|p2a: Empoleon|Flash Cannon|p1a: Shaymin","|-crit|p1a: Shaymin","|-damage|p1a: Shaymin|102/281","|","|turn|9","|","|move|p1a: Shaymin|Earth Power|p2a: Empoleon","|-supereffective|p2a: Empoleon","|-damage|p2a: Empoleon|15/256","|move|p2a: Empoleon|Flash Cannon|p1a: Shaymin","|-damage|p1a: Shaymin|21/281","|","|turn|10","|","|move|p1a: Shaymin|Rest|p1a: Shaymin","|-status|p1a: Shaymin|slp","|-heal|p1a: Shaymin|281/281 slp|[silent]","|-status|p1a: Shaymin|slp|[from] move: Rest","|move|p2a: Empoleon|Grass Knot|p1a: Shaymin","|-resisted|p1a: Shaymin","|-damage|p1a: Shaymin|275/281 slp","|","|turn|11","|","|switch|p1a: Emboar|Emboar, L79, M|303/303","|move|p2a: Empoleon|Toxic|p1a: Emboar","|-status|p1a: Emboar|tox","|","|-damage|p1a: Emboar|285/303 tox|[from] psn","|turn|12","|","|move|p1a: Emboar|Flare Blitz|p2a: Empoleon","|-damage|p2a: Empoleon|0 fnt","|-damage|p1a: Emboar|280/303 tox|[from] recoil|[of] p2a: Empoleon","|faint|p2a: Empoleon","|","|-damage|p1a: Emboar|244/303 tox|[from] psn","|","|switch|p2a: Electivire|Electivire, L81, M|254/254","|-damage|p2a: Electivire|223/254|[from] Stealth Rock","|turn|13","|","|move|p2a: Electivire|Earthquake|p1a: Emboar","|-supereffective|p1a: Emboar","|-damage|p1a: Emboar|0 fnt","|faint|p1a: Emboar","|","|","|switch|p1a: Druddigon|Druddigon, L79, F|251/251","|-ability|p1a: Druddigon|Mold Breaker","|turn|14","|","|move|p2a: Electivire|Volt Switch|p1a: Druddigon","|-crit|p1a: Druddigon","|-resisted|p1a: Druddigon","|-damage|p1a: Druddigon|201/251","|","|switch|p2a: Dewgong|Dewgong, L83, M|285/285","|-damage|p2a: Dewgong|214/285|[from] Stealth Rock","|move|p1a: Druddigon|Outrage|p2a: Dewgong","|-damage|p2a: Dewgong|57/285","|","|-heal|p2a: Dewgong|74/285|[from] item: Leftovers","|-heal|p1a: Druddigon|216/251|[from] item: Leftovers","|turn|15","|","|move|p2a: Dewgong|Surf|p1a: Druddigon","|-crit|p1a: Druddigon","|-resisted|p1a: Druddigon","|-damage|p1a: Druddigon|162/251","|move|p1a: Druddigon|Outrage|p2a: Dewgong|[from]lockedmove","|-damage|p2a: Dewgong|0 fnt","|faint|p2a: Dewgong","|","|-heal|p1a: Druddigon|177/251|[from] item: Leftovers","|","|switch|p2a: Zekrom|Zekrom, L73|266/266","|-damage|p2a: Zekrom|233/266|[from] Stealth Rock","|-ability|p2a: Zekrom|Teravolt","|turn|16","|","|move|p2a: Zekrom|Draco Meteor|p1a: Druddigon","|-supereffective|p1a: Druddigon","|-damage|p1a: Druddigon|0 fnt","|-unboost|p2a: Zekrom|spa|2","|faint|p1a: Druddigon","|","|","|switch|p1a: Malamar|Malamar, L81, F|272/272","|turn|17","|","|move|p2a: Zekrom|Draco Meteor|p1a: Malamar","|-damage|p1a: Malamar|199/272","|-unboost|p2a: Zekrom|spa|2","|move|p1a: Malamar|Knock Off|p2a: Zekrom","|-crit|p2a: Zekrom","|-damage|p2a: Zekrom|106/266","|-enditem|p2a: Zekrom|Assault Vest|[from] move: Knock Off|[of] p1a: Malamar","|","|-heal|p1a: Malamar|216/272|[from] item: Leftovers","|turn|18","|","|move|p2a: Zekrom|Bolt Strike|p1a: Malamar","|-damage|p1a: Malamar|69/272","|move|p1a: Malamar|Psycho Cut|p2a: Zekrom","|-damage|p2a: Zekrom|45/266","|","|-heal|p1a: Malamar|86/272|[from] item: Leftovers","|turn|19","|","|move|p2a: Zekrom|Bolt Strike|p1a: Malamar","|-damage|p1a: Malamar|0 fnt","|faint|p1a: Malamar","|","|","|switch|p1a: Zoroark|Zoroark, L78, M|222/222","|turn|20","|","|move|p1a: Zoroark|Dark Pulse|p2a: Zekrom","|-damage|p2a: Zekrom|0 fnt","|faint|p2a: Zekrom","|","|","|switch|p2a: Electivire|Electivire, L81, M|223/254","|-damage|p2a: Electivire|192/254|[from] Stealth Rock","|turn|21","|","|move|p1a: Zoroark|Dark Pulse|p2a: Electivire","|-crit|p2a: Electivire","|-damage|p2a: Electivire|48/254","|move|p2a: Electivire|Flamethrower|p1a: Zoroark","|-damage|p1a: Zoroark|139/222","|","|turn|22","|","|move|p1a: Zoroark|Dark Pulse|p2a: Electivire","|-damage|p2a: Electivire|0 fnt","|faint|p2a: Electivire","|","|win|Ynfynyt Scroll"],"p1rating":{"entryid":"15269","serverid":"eos","formatid":"randombattle","userid":"ynfynytscroll","username":"Ynfynyt Scroll","w":2,"l":"0","t":"0","gxe":59,"r":"1540.1606143388","rd":"122.8583080769","sigma":"0","rptime":"1439888400","rpr":1572.6173197679,"rprd":116.84146468108,"rpsigma":"0","acre":1070.1028089042,"lacre":1070.1028089042,"oldacre":"1040"},"p2rating":{"entryid":73282,"formatid":"randombattle","userid":"doga","username":"Doga","r":1500,"rd":130,"sigma":0,"rpr":1463.8817120122,"rprd":122.83141802352,"rpsigma":0,"rptime":1439888400,"w":0,"l":1,"t":0,"gxe":45.5,"acre":1000,"lacre":1000,"oldacre":1000},"endType":"normal"}