{"seed":[45486,51170,39980,39015],"turns":38,"p1":"CreaturePhil","p2":"Rain ☆ Name","p1team":[{"name":"Suicune","moves":["hydropump","icebeam","calmmind","hiddenpowergrass"],"ability":"Water Absorb","evs":{"hp":85,"atk":85,"def":85,"spa":85,"spd":85,"spe":85},"ivs":{"hp":31,"atk":30,"def":31,"spa":30,"spd":31,"spe":31},"item":"Leftovers","level":77,"shiny":false},{"name":"Rotom","moves":["willowisp","shadowball","painsplit","substitute"],"ability":"Levitate","evs":{"hp":85,"atk":85,"def":85,"spa":85,"spd":85,"spe":85},"ivs":{"hp":31,"atk":31,"def":31,"spa":31,"spd":31,"spe":31},"item":"Leftovers","level":81,"shiny":false},{"name":"Mew","moves":["willowisp","aurasphere","roost","psyshock"],"ability":"Synchronize","evs":{"hp":85,"atk":85,"def":85,"spa":85,"spd":85,"spe":85},"ivs":{"hp":31,"atk":31,"def":31,"spa":31,"spd":31,"spe":31},"item":"Leftovers","level":75,"shiny":false},{"name":"Salamence","moves":["earthquake","dracometeor","dragondance","doubleedge"],"ability":"Intimidate","evs":{"hp":85,"atk":85,"def":85,"spa":85,"spd":85,"spe":85},"ivs":{"hp":31,"atk":31,"def":31,"spa":31,"spd":31,"spe":31},"item":"Salamencite","level":73,"shiny":false},{"name":"Gigalith","moves":["stoneedge","earthquake","stealthrock","explosion"],"ability":"Sturdy","evs":{"hp":85,"atk":85,"def":85,"spa":85,"spd":85,"spe":85},"ivs":{"hp":31,"atk":31,"def":31,"spa":31,"spd":31,"spe":31},"item":"Custap Berry","level":83,"shiny":false},{"name":"Crobat","moves":["defog","toxic","taunt","bravebird"],"ability":"Infiltrator","evs":{"hp":85,"atk":85,"def":85,"spa":85,"spd":85,"spe":85},"ivs":{"hp":31,"atk":31,"def":31,"spa":31,"spd":31,"spe":31},"item":"Black Sludge","level":77,"shiny":false}],"p2team":[{"name":"Mr. Mime","moves":["focusblast","healingwish","psychic","shadowball"],"ability":"Filter","evs":{"hp":85,"atk":85,"def":85,"spa":85,"spd":85,"spe":85},"ivs":{"hp":31,"atk":31,"def":31,"spa":31,"spd":31,"spe":31},"item":"Life Orb","level":83,"shiny":false},{"name":"Kyurem-White","moves":["icebeam","roost","focusblast","toxic"],"ability":"Turboblaze","evs":{"hp":85,"atk":85,"def":85,"spa":85,"spd":85,"spe":85},"ivs":{"hp":31,"atk":31,"def":31,"spa":31,"spd":31,"spe":31},"item":"Leftovers","level":73,"shiny":false},{"name":"Arceus-Water","moves":["recover","thunderbolt","judgment","willowisp"],"ability":"Multitype","evs":{"hp":85,"atk":85,"def":85,"spa":85,"spd":85,"spe":85},"ivs":{"hp":31,"atk":31,"def":31,"spa":31,"spd":31,"spe":31},"item":"Splash Plate","level":73,"shiny":false},{"name":"Tyranitar","moves":["stoneedge","earthquake","crunch","icepunch"],"ability":"Sand Stream","evs":{"hp":85,"atk":85,"def":85,"spa":85,"spd":85,"spe":85},"ivs":{"hp":31,"atk":31,"def":31,"spa":31,"spd":31,"spe":31},"item":"Tyranitarite","level":75,"shiny":false},{"name":"Cobalion","moves":["hiddenpowerice","closecombat","voltswitch","ironhead"],"ability":"Justified","evs":{"hp":85,"atk":85,"def":85,"spa":85,"spd":85,"spe":85},"ivs":{"hp":31,"atk":30,"def":30,"spa":31,"spd":31,"spe":31},"item":"Assault Vest","level":77,"shiny":false},{"name":"Hoopa-Unbound","moves":["zenheadbutt","focusblast","substitute","psychic"],"ability":"Magician","evs":{"hp":85,"atk":85,"def":85,"spa":85,"spd":85,"spe":85},"ivs":{"hp":31,"atk":31,"def":31,"spa":31,"spd":31,"spe":31},"item":"Leftovers","level":75,"shiny":false}],"log":["|player|p1|CreaturePhil|creaturephil.gif","|player|p2|Rain ☆ Name|1","|gametype|singles","|gen|6","|tier|Random Battle","|rated","|rule|Sleep Clause Mod: Limit one foe put to sleep","|rule|HP Percentage Mod: HP is shown in percentages","|","|start","|switch|p1a: Suicune|Suicune, L77|281/281","|switch|p2a: Mr. Mime|Mr. Mime, L83, F|202/202","|turn|1","|","|switch|p2a: Kyurem-White|Kyurem-White, L73|303/303","|-ability|p2a: Kyurem-White|Turboblaze","|move|p1a: Suicune|Hydro Pump|p2a: Kyurem-White","|-resisted|p2a: Kyurem-White","|-damage|p2a: Kyurem-White|256/303","|","|-heal|p2a: Kyurem-White|274/303|[from] item: Leftovers","|turn|2","|","|switch|p1a: Gigalith|Gigalith, L83, M|277/277","|move|p2a: Kyurem-White|Toxic|p1a: Gigalith","|-status|p1a: Gigalith|tox","|","|-heal|p2a: Kyurem-White|292/303|[from] item: Leftovers","|-damage|p1a: Gigalith|260/277 tox|[from] psn","|turn|3","|","|switch|p2a: Arceus-Water|Arceus-Water, L73|296/296","|move|p1a: Gigalith|Stealth Rock|p2a: Arceus-Water","|-sidestart|p2: Rain ☆ Name|move: Stealth Rock","|","|-damage|p1a: Gigalith|226/277 tox|[from] psn","|turn|4","|","|switch|p1a: Suicune|Suicune, L77|281/281","|move|p2a: Arceus-Water|Will-O-Wisp|p1a: Suicune","|-status|p1a: Suicune|brn","|","|-damage|p1a: Suicune|246/281 brn|[from] brn","|turn|5","|","|move|p2a: Arceus-Water|Thunderbolt|p1a: Suicune","|-supereffective|p1a: Suicune","|-damage|p1a: Suicune|138/281 brn","|move|p1a: Suicune|Hidden Power|p2a: Arceus-Water","|-supereffective|p2a: Arceus-Water","|-damage|p2a: Arceus-Water|236/296","|","|-heal|p1a: Suicune|155/281 brn|[from] item: Leftovers","|-damage|p1a: Suicune|120/281 brn|[from] brn","|turn|6","|","|move|p2a: Arceus-Water|Will-O-Wisp|p1a: Suicune","|-fail|p1a: Suicune|brn","|move|p1a: Suicune|Calm Mind|p1a: Suicune","|-boost|p1a: Suicune|spa|1","|-boost|p1a: Suicune|spd|1","|","|-heal|p1a: Suicune|137/281 brn|[from] item: Leftovers","|-damage|p1a: Suicune|102/281 brn|[from] brn","|turn|7","|","|move|p2a: Arceus-Water|Thunderbolt|p1a: Suicune","|-supereffective|p1a: Suicune","|-damage|p1a: Suicune|36/281 brn","|move|p1a: Suicune|Hidden Power|p2a: Arceus-Water","|-supereffective|p2a: Arceus-Water","|-damage|p2a: Arceus-Water|150/296","|","|-heal|p1a: Suicune|53/281 brn|[from] item: Leftovers","|-damage|p1a: Suicune|18/281 brn|[from] brn","|turn|8","|","|move|p2a: Arceus-Water|Recover|p2a: Arceus-Water","|-heal|p2a: Arceus-Water|296/296","|move|p1a: Suicune|Hidden Power|p2a: Arceus-Water","|-supereffective|p2a: Arceus-Water","|-damage|p2a: Arceus-Water|200/296","|","|-heal|p1a: Suicune|35/281 brn|[from] item: Leftovers","|-damage|p1a: Suicune|0 fnt|[from] brn","|faint|p1a: Suicune","|","|switch|p1a: Rotom|Rotom, L81|214/214","|turn|9","|","|switch|p2a: Kyurem-White|Kyurem-White, L73|292/303","|-damage|p2a: Kyurem-White|217/303|[from] Stealth Rock","|-ability|p2a: Kyurem-White|Turboblaze","|move|p1a: Rotom|Will-O-Wisp|p2a: Kyurem-White","|-status|p2a: Kyurem-White|brn","|","|-heal|p2a: Kyurem-White|235/303 brn|[from] item: Leftovers","|-damage|p2a: Kyurem-White|198/303 brn|[from] brn","|turn|10","|","|move|p1a: Rotom|Substitute|p1a: Rotom","|-start|p1a: Rotom|Substitute","|-damage|p1a: Rotom|161/214","|move|p2a: Kyurem-White|Ice Beam|p1a: Rotom","|-end|p1a: Rotom|Substitute","|","|-heal|p1a: Rotom|174/214|[from] item: Leftovers","|-heal|p2a: Kyurem-White|216/303 brn|[from] item: Leftovers","|-damage|p2a: Kyurem-White|179/303 brn|[from] brn","|turn|11","|","|move|p1a: Rotom|Shadow Ball|p2a: Kyurem-White","|-damage|p2a: Kyurem-White|98/303 brn","|move|p2a: Kyurem-White|Ice Beam|p1a: Rotom","|-damage|p1a: Rotom|53/214","|-status|p1a: Rotom|frz","|","|-heal|p1a: Rotom|66/214 frz|[from] item: Leftovers","|-heal|p2a: Kyurem-White|116/303 brn|[from] item: Leftovers","|-damage|p2a: Kyurem-White|79/303 brn|[from] brn","|turn|12","|","|cant|p1a: Rotom|frz","|move|p2a: Kyurem-White|Roost|p2a: Kyurem-White","|-heal|p2a: Kyurem-White|231/303 brn","|","|-heal|p1a: Rotom|79/214 frz|[from] item: Leftovers","|-heal|p2a: Kyurem-White|249/303 brn|[from] item: Leftovers","|-damage|p2a: Kyurem-White|212/303 brn|[from] brn","|turn|13","|","|cant|p1a: Rotom|frz","|move|p2a: Kyurem-White|Ice Beam|p1a: Rotom","|-damage|p1a: Rotom|0 fnt","|faint|p1a: Rotom","|","|-heal|p2a: Kyurem-White|230/303 brn|[from] item: Leftovers","|-damage|p2a: Kyurem-White|193/303 brn|[from] brn","|","|switch|p1a: Salamence|Salamence, L73, M|259/259","|-ability|p1a: Salamence|Intimidate","|-unboost|p2a: Kyurem-White|atk|1","|turn|14","|","|move|p1a: Salamence|Draco Meteor|p2a: Kyurem-White","|-supereffective|p2a: Kyurem-White","|-damage|p2a: Kyurem-White|0 fnt","|-unboost|p1a: Salamence|spa|2","|faint|p2a: Kyurem-White","|","|","|switch|p2a: Cobalion|Cobalion, L77|267/267","|-damage|p2a: Cobalion|259/267|[from] Stealth Rock","|turn|15","|","|detailschange|p1a: Salamence|Salamence-Mega, L73, M","|-mega|p1a: Salamence|Salamence|Salamencite","|move|p2a: Cobalion|Iron Head|p1a: Salamence","|-damage|p1a: Salamence|202/259","|move|p1a: Salamence|Earthquake|p2a: Cobalion","|-supereffective|p2a: Cobalion","|-damage|p2a: Cobalion|143/267","|","|turn|16","|","|move|p1a: Salamence|Earthquake|p2a: Cobalion","|-supereffective|p2a: Cobalion","|-damage|p2a: Cobalion|27/267","|move|p2a: Cobalion|Hidden Power|p1a: Salamence","|-supereffective|p1a: Salamence","|-damage|p1a: Salamence|38/259","|","|turn|17","|","|move|p1a: Salamence|Earthquake|p2a: Cobalion","|-supereffective|p2a: Cobalion","|-damage|p2a: Cobalion|0 fnt","|faint|p2a: Cobalion","|","|","|switch|p2a: Tyranitar|Tyranitar, L75, M|274/274","|-damage|p2a: Tyranitar|240/274|[from] Stealth Rock","|-weather|Sandstorm","|turn|18","|","|detailschange|p2a: Tyranitar|Tyranitar-Mega, L75, M","|-mega|p2a: Tyranitar|Tyranitar|Tyranitarite","|move|p1a: Salamence|Earthquake|p2a: Tyranitar","|-supereffective|p2a: Tyranitar","|-damage|p2a: Tyranitar|128/274","|move|p2a: Tyranitar|Crunch|p1a: Salamence","|-damage|p1a: Salamence|0 fnt","|faint|p1a: Salamence","|","|-weather|Sandstorm|[upkeep]","|","|switch|p1a: Mew|Mew, L75|274/274","|turn|19","|","|switch|p2a: Mr. Mime|Mr. Mime, L83, F|202/202","|-damage|p2a: Mr. Mime|177/202|[from] Stealth Rock","|move|p1a: Mew|Aura Sphere|p2a: Mr. Mime","|-resisted|p2a: Mr. Mime","|-damage|p2a: Mr. Mime|168/202","|","|-weather|Sandstorm|[upkeep]","|-damage|p2a: Mr. Mime|156/202|[from] sandstorm","|-damage|p1a: Mew|257/274|[from] sandstorm","|-heal|p1a: Mew|274/274|[from] item: Leftovers","|turn|20","|","|move|p2a: Mr. Mime|Shadow Ball|p1a: Mew","|-supereffective|p1a: Mew","|-damage|p1a: Mew|121/274","|-damage|p2a: Mr. Mime|136/202|[from] item: Life Orb","|move|p1a: Mew|Will-O-Wisp|p2a: Mr. Mime","|-status|p2a: Mr. Mime|brn","|","|-weather|Sandstorm|[upkeep]","|-damage|p2a: Mr. Mime|124/202 brn|[from] sandstorm","|-damage|p1a: Mew|104/274|[from] sandstorm","|-heal|p1a: Mew|121/274|[from] item: Leftovers","|-damage|p2a: Mr. Mime|99/202 brn|[from] brn","|turn|21","|","|switch|p1a: Gigalith|Gigalith, L83, M|226/277 tox","|move|p2a: Mr. Mime|Shadow Ball|p1a: Gigalith","|-damage|p1a: Gigalith|171/277 tox","|-damage|p2a: Mr. Mime|79/202 brn|[from] item: Life Orb","|","|-weather|Sandstorm|[upkeep]","|-damage|p2a: Mr. Mime|67/202 brn|[from] sandstorm","|-damage|p2a: Mr. Mime|42/202 brn|[from] brn","|-damage|p1a: Gigalith|154/277 tox|[from] psn","|turn|22","|","|move|p2a: Mr. Mime|Focus Blast|p1a: Gigalith","|-supereffective|p1a: Gigalith","|-damage|p1a: Gigalith|0 fnt","|-damage|p2a: Mr. Mime|22/202 brn|[from] item: Life Orb","|faint|p1a: Gigalith","|","|-weather|none","|-damage|p2a: Mr. Mime|0 fnt|[from] brn","|faint|p2a: Mr. Mime","|","|switch|p2a: Arceus-Water|Arceus-Water, L73|200/296","|switch|p1a: Mew|Mew, L75|121/274","|-damage|p2a: Arceus-Water|163/296|[from] Stealth Rock","|turn|23","|","|move|p2a: Arceus-Water|Will-O-Wisp|p1a: Mew|[miss]","|-miss|p2a: Arceus-Water|p1a: Mew","|move|p1a: Mew|Roost|p1a: Mew","|-heal|p1a: Mew|258/274","|","|-heal|p1a: Mew|274/274|[from] item: Leftovers","|turn|24","|","|move|p2a: Arceus-Water|Will-O-Wisp|p1a: Mew","|-status|p1a: Mew|brn","|-status|p2a: Arceus-Water|brn","|move|p1a: Mew|Psyshock|p2a: Arceus-Water","|-damage|p2a: Arceus-Water|94/296 brn","|","|-damage|p2a: Arceus-Water|57/296 brn|[from] brn","|-damage|p1a: Mew|240/274 brn|[from] brn","|turn|25","|","|move|p2a: Arceus-Water|Recover|p2a: Arceus-Water","|-heal|p2a: Arceus-Water|205/296 brn","|move|p1a: Mew|Psyshock|p2a: Arceus-Water","|-damage|p2a: Arceus-Water|139/296 brn","|","|-heal|p1a: Mew|257/274 brn|[from] item: Leftovers","|-damage|p2a: Arceus-Water|102/296 brn|[from] brn","|-damage|p1a: Mew|223/274 brn|[from] brn","|turn|26","|","|move|p2a: Arceus-Water|Recover|p2a: Arceus-Water","|-heal|p2a: Arceus-Water|250/296 brn","|move|p1a: Mew|Psyshock|p2a: Arceus-Water","|-damage|p2a: Arceus-Water|192/296 brn","|","|-heal|p1a: Mew|240/274 brn|[from] item: Leftovers","|-damage|p2a: Arceus-Water|155/296 brn|[from] brn","|-damage|p1a: Mew|206/274 brn|[from] brn","|turn|27","|","|move|p2a: Arceus-Water|Recover|p2a: Arceus-Water","|-heal|p2a: Arceus-Water|296/296 brn","|move|p1a: Mew|Psyshock|p2a: Arceus-Water","|-damage|p2a: Arceus-Water|233/296 brn","|","|-heal|p1a: Mew|223/274 brn|[from] item: Leftovers","|-damage|p2a: Arceus-Water|196/296 brn|[from] brn","|-damage|p1a: Mew|189/274 brn|[from] brn","|turn|28","|","|move|p2a: Arceus-Water|Judgment|p1a: Mew","|-damage|p1a: Mew|71/274 brn","|move|p1a: Mew|Psyshock|p2a: Arceus-Water","|-damage|p2a: Arceus-Water|136/296 brn","|","|-heal|p1a: Mew|88/274 brn|[from] item: Leftovers","|-damage|p2a: Arceus-Water|99/296 brn|[from] brn","|-damage|p1a: Mew|54/274 brn|[from] brn","|turn|29","|","|switch|p1a: Crobat|Crobat, L77, M|257/257","|move|p2a: Arceus-Water|Judgment|p1a: Crobat","|-damage|p1a: Crobat|130/257","|","|-heal|p1a: Crobat|146/257|[from] item: Black Sludge","|-damage|p2a: Arceus-Water|62/296 brn|[from] brn","|turn|30","|","|move|p1a: Crobat|Brave Bird|p2a: Arceus-Water","|-damage|p2a: Arceus-Water|0 fnt","|-damage|p1a: Crobat|126/257|[from] recoil|[of] p2a: Arceus-Water","|faint|p2a: Arceus-Water","|","|-heal|p1a: Crobat|142/257|[from] item: Black Sludge","|","|switch|p2a: Tyranitar|Tyranitar-Mega, L75, M|128/274","|-damage|p2a: Tyranitar|94/274|[from] Stealth Rock","|-weather|Sandstorm","|turn|31","|","|move|p1a: Crobat|Brave Bird|p2a: Tyranitar","|-resisted|p2a: Tyranitar","|-damage|p2a: Tyranitar|57/274","|-damage|p1a: Crobat|130/257|[from] recoil|[of] p2a: Tyranitar","|move|p2a: Tyranitar|Ice Punch|p1a: Crobat","|-supereffective|p1a: Crobat","|-damage|p1a: Crobat|0 fnt","|faint|p1a: Crobat","|","|-weather|Sandstorm|[upkeep]","|","|switch|p1a: Mew|Mew, L75|54/274 brn","|turn|32","|","|move|p1a: Mew|Aura Sphere|p2a: Tyranitar","|-supereffective|p2a: Tyranitar","|-damage|p2a: Tyranitar|0 fnt","|faint|p2a: Tyranitar","|","|-weather|Sandstorm|[upkeep]","|-damage|p1a: Mew|37/274 brn|[from] sandstorm","|-heal|p1a: Mew|54/274 brn|[from] item: Leftovers","|-damage|p1a: Mew|20/274 brn|[from] brn","|","|switch|p2a: Hoopa-Unbound|Hoopa-Unbound, L75|244/244","|-damage|p2a: Hoopa-Unbound|214/244|[from] Stealth Rock","|turn|33","|","|move|p1a: Mew|Roost|p1a: Mew","|-heal|p1a: Mew|157/274 brn","|move|p2a: Hoopa-Unbound|Psychic|p1a: Mew","|-resisted|p1a: Mew","|-damage|p1a: Mew|93/274 brn","|","|-weather|Sandstorm|[upkeep]","|-damage|p1a: Mew|76/274 brn|[from] sandstorm","|-damage|p2a: Hoopa-Unbound|199/244|[from] sandstorm","|-heal|p1a: Mew|93/274 brn|[from] item: Leftovers","|-heal|p2a: Hoopa-Unbound|214/244|[from] item: Leftovers","|-damage|p1a: Mew|59/274 brn|[from] brn","|turn|34","|","|move|p1a: Mew|Roost|p1a: Mew","|-heal|p1a: Mew|196/274 brn","|move|p2a: Hoopa-Unbound|Psychic|p1a: Mew","|-resisted|p1a: Mew","|-damage|p1a: Mew|136/274 brn","|-unboost|p1a: Mew|spd|1","|","|-weather|Sandstorm|[upkeep]","|-damage|p1a: Mew|119/274 brn|[from] sandstorm","|-damage|p2a: Hoopa-Unbound|199/244|[from] sandstorm","|-heal|p1a: Mew|136/274 brn|[from] item: Leftovers","|-heal|p2a: Hoopa-Unbound|214/244|[from] item: Leftovers","|-damage|p1a: Mew|102/274 brn|[from] brn","|turn|35","|","|move|p1a: Mew|Roost|p1a: Mew","|-heal|p1a: Mew|239/274 brn","|move|p2a: Hoopa-Unbound|Psychic|p1a: Mew","|-resisted|p1a: Mew","|-damage|p1a: Mew|140/274 brn","|-unboost|p1a: Mew|spd|1","|","|-weather|none","|-heal|p1a: Mew|157/274 brn|[from] item: Leftovers","|-heal|p2a: Hoopa-Unbound|229/244|[from] item: Leftovers","|-damage|p1a: Mew|123/274 brn|[from] brn","|turn|36","|","|move|p1a: Mew|Roost|p1a: Mew","|-heal|p1a: Mew|260/274 brn","|move|p2a: Hoopa-Unbound|Psychic|p1a: Mew","|-resisted|p1a: Mew","|-damage|p1a: Mew|146/274 brn","|","|-heal|p1a: Mew|163/274 brn|[from] item: Leftovers","|-heal|p2a: Hoopa-Unbound|244/244|[from] item: Leftovers","|-damage|p1a: Mew|129/274 brn|[from] brn","|turn|37","|","|move|p1a: Mew|Roost|p1a: Mew","|-heal|p1a: Mew|266/274 brn","|move|p2a: Hoopa-Unbound|Psychic|p1a: Mew","|-resisted|p1a: Mew","|-damage|p1a: Mew|137/274 brn","|","|-heal|p1a: Mew|154/274 brn|[from] item: Leftovers","|-damage|p1a: Mew|120/274 brn|[from] brn","|turn|38","|","|move|p1a: Mew|Aura Sphere|p2a: Hoopa-Unbound","|-damage|p2a: Hoopa-Unbound|206/244","|move|p2a: Hoopa-Unbound|Psychic|p1a: Mew","|-resisted|p1a: Mew","|-damage|p1a: Mew|6/274 brn","|","|-heal|p1a: Mew|23/274 brn|[from] item: Leftovers","|-heal|p2a: Hoopa-Unbound|221/244|[from] item: Leftovers","|-damage|p1a: Mew|0 fnt|[from] brn","|faint|p1a: Mew","|","|win|Rain ☆ Name"],"p1rating":{"entryid":83362,"formatid":"randombattle","userid":"creaturephil","username":"CreaturePhil","r":1500,"rd":130,"sigma":0,"rpr":1459.8393856612,"rprd":122.8583080769,"rpsigma":0,"rptime":1439888400,"w":0,"l":1,"t":0,"gxe":45,"acre":1000,"lacre":1000,"oldacre":1000},"p2rating":{"entryid":83363,"formatid":"randombattle","userid":"rainname","username":"Rain ☆ Name","r":1500,"rd":130,"sigma":0,"rpr":1540.1606143388,"rprd":122.8583080769,"rpsigma":0,"rptime":1439888400,"w":1,"l":0,"t":0,"gxe":55,"acre":1040,"lacre":1040,"oldacre":1000},"endType":"normal"}