{"seed":[19683,21697,47505,40594],"turns":21,"p1":"WarmerSaferDrier","p2":"Guard Shadow","p1team":[{"name":"Thundurus","moves":["focusblast","knockoff","taunt","thunderbolt"],"ability":"Prankster","evs":{"hp":85,"atk":85,"def":85,"spa":85,"spd":85,"spe":85},"ivs":{"hp":31,"atk":31,"def":31,"spa":31,"spd":31,"spe":31},"item":"Life Orb","level":75,"shiny":false},{"name":"Farfetch'd","moves":["roost","return","swordsdance","bravebird"],"ability":"Defiant","evs":{"hp":85,"atk":85,"def":85,"spa":85,"spd":85,"spe":85},"ivs":{"hp":31,"atk":31,"def":31,"spa":31,"spd":31,"spe":31},"item":"Stick","level":83,"shiny":false},{"name":"Keldeo","moves":["substitute","icywind","hiddenpowerelectric","secretsword"],"ability":"Justified","evs":{"hp":85,"atk":85,"def":85,"spa":85,"spd":85,"spe":85},"ivs":{"hp":31,"atk":31,"def":31,"spa":30,"spd":31,"spe":31},"item":"Leftovers","level":75,"shiny":false},{"name":"Simisear","moves":["fireblast","nastyplot","grassknot","hiddenpowerrock"],"ability":"Blaze","evs":{"hp":81,"atk":85,"def":85,"spa":89,"spd":85,"spe":85},"ivs":{"hp":31,"atk":31,"def":30,"spa":31,"spd":30,"spe":30},"item":"Life Orb","level":83,"shiny":false},{"name":"Nidoking","moves":["fireblast","substitute","superpower","sludgewave"],"ability":"Sheer Force","evs":{"hp":85,"atk":85,"def":85,"spa":85,"spd":85,"spe":85},"ivs":{"hp":31,"atk":31,"def":31,"spa":31,"spd":31,"spe":31},"item":"Life Orb","level":77,"shiny":false},{"name":"Kyurem-White","moves":["roost","dragonpulse","toxic","focusblast"],"ability":"Turboblaze","evs":{"hp":85,"atk":85,"def":85,"spa":85,"spd":85,"spe":85},"ivs":{"hp":31,"atk":31,"def":31,"spa":31,"spd":31,"spe":31},"item":"Leftovers","level":73,"shiny":false}],"p2team":[{"name":"Snorlax","moves":["crunch","firepunch","bodyslam","curse"],"ability":"Thick Fat","evs":{"hp":85,"atk":85,"def":85,"spa":85,"spd":85,"spe":85},"ivs":{"hp":31,"atk":31,"def":31,"spa":31,"spd":31,"spe":31},"item":"Leftovers","level":77,"shiny":false},{"name":"Landorus","moves":["sludgewave","earthpower","calmmind","rockpolish"],"ability":"Sheer Force","evs":{"hp":85,"atk":85,"def":85,"spa":85,"spd":85,"spe":85},"ivs":{"hp":31,"atk":31,"def":31,"spa":31,"spd":31,"spe":31},"item":"Life Orb","level":73,"shiny":false},{"name":"Celebi","moves":["psychic","recover","gigadrain","healbell"],"ability":"Natural Cure","evs":{"hp":85,"atk":85,"def":85,"spa":85,"spd":85,"spe":85},"ivs":{"hp":31,"atk":31,"def":31,"spa":31,"spd":31,"spe":31},"item":"Leftovers","level":75,"shiny":false},{"name":"Regirock","moves":["toxic","drainpunch","rest","rockslide"],"ability":"Sturdy","evs":{"hp":85,"atk":85,"def":85,"spa":85,"spd":85,"spe":85},"ivs":{"hp":31,"atk":31,"def":31,"spa":31,"spd":31,"spe":31},"item":"Chesto Berry","level":81,"shiny":false},{"name":"Magmortar","moves":["earthquake","substitute","thunderbolt","fireblast"],"ability":"Vital Spirit","evs":{"hp":85,"atk":85,"def":85,"spa":85,"spd":85,"spe":85},"ivs":{"hp":31,"atk":31,"def":31,"spa":31,"spd":31,"spe":31},"item":"Leftovers","level":81,"shiny":false},{"name":"Thundurus-Therian","moves":["nastyplot","hiddenpowerflying","focusblast","thunderbolt"],"ability":"Volt Absorb","evs":{"hp":81,"atk":85,"def":85,"spa":89,"spd":85,"spe":85},"ivs":{"hp":30,"atk":30,"def":30,"spa":30,"spd":30,"spe":31},"item":"Life Orb","level":76,"shiny":false}],"log":["|player|p1|WarmerSaferDrier|265","|player|p2|Guard Shadow|274","|gametype|singles","|gen|6","|tier|Random Battle","|rated","|rule|Sleep Clause Mod: Limit one foe put to sleep","|rule|HP Percentage Mod: HP is shown in percentages","|","|start","|switch|p1a: Thundurus|Thundurus, L75, M|242/242","|switch|p2a: Snorlax|Snorlax, L77, M|373/373","|turn|1","|","|move|p1a: Thundurus|Focus Blast|p2a: Snorlax|[miss]","|-miss|p1a: Thundurus|p2a: Snorlax","|move|p2a: Snorlax|Body Slam|p1a: Thundurus","|-crit|p1a: Thundurus","|-damage|p1a: Thundurus|86/242","|","|turn|2","|","|move|p1a: Thundurus|Focus Blast|p2a: Snorlax","|-supereffective|p2a: Snorlax","|-damage|p2a: Snorlax|155/373","|-damage|p1a: Thundurus|62/242|[from] item: Life Orb","|move|p2a: Snorlax|Curse|p2a: Snorlax","|-unboost|p2a: Snorlax|spe|1","|-boost|p2a: Snorlax|atk|1","|-boost|p2a: Snorlax|def|1","|","|-heal|p2a: Snorlax|178/373|[from] item: Leftovers","|turn|3","|","|move|p1a: Thundurus|Focus Blast|p2a: Snorlax|[miss]","|-miss|p1a: Thundurus|p2a: Snorlax","|move|p2a: Snorlax|Body Slam|p1a: Thundurus","|-damage|p1a: Thundurus|0 fnt","|faint|p1a: Thundurus","|","|-heal|p2a: Snorlax|201/373|[from] item: Leftovers","|","|switch|p1a: Keldeo|Keldeo, L75|260/260","|turn|4","|","|move|p1a: Keldeo|Secret Sword|p2a: Snorlax","|-crit|p2a: Snorlax","|-supereffective|p2a: Snorlax","|-damage|p2a: Snorlax|0 fnt","|faint|p2a: Snorlax","|","|","|switch|p2a: Celebi|Celebi, L75|274/274","|turn|5","|","|switch|p1a: Kyurem-White|Kyurem-White, L73|303/303","|-ability|p1a: Kyurem-White|Turboblaze","|move|p2a: Celebi|Psychic|p1a: Kyurem-White","|-damage|p1a: Kyurem-White|224/303","|","|-heal|p1a: Kyurem-White|242/303|[from] item: Leftovers","|turn|6","|","|switch|p2a: Landorus|Landorus, L73, M|250/250","|move|p1a: Kyurem-White|Toxic|p2a: Landorus|[miss]","|-miss|p1a: Kyurem-White|p2a: Landorus","|","|-heal|p1a: Kyurem-White|260/303|[from] item: Leftovers","|turn|7","|","|move|p2a: Landorus|Calm Mind|p2a: Landorus","|-boost|p2a: Landorus|spa|1","|-boost|p2a: Landorus|spd|1","|move|p1a: Kyurem-White|Toxic|p2a: Landorus","|-status|p2a: Landorus|tox","|","|-heal|p1a: Kyurem-White|278/303|[from] item: Leftovers","|-damage|p2a: Landorus|235/250 tox|[from] psn","|turn|8","|","|switch|p1a: Farfetch'd|Farfetch'd, L83, F|222/222","|move|p2a: Landorus|Earth Power|p1a: Farfetch'd","|-immune|p1a: Farfetch'd|[msg]","|","|-damage|p2a: Landorus|205/250 tox|[from] psn","|turn|9","|","|move|p2a: Landorus|Sludge Wave|p1a: Farfetch'd","|-damage|p1a: Farfetch'd|35/222","|move|p1a: Farfetch'd|Return|p2a: Landorus","|-crit|p2a: Landorus","|-damage|p2a: Landorus|63/250 tox","|","|-damage|p2a: Landorus|18/250 tox|[from] psn","|turn|10","|","|move|p2a: Landorus|Sludge Wave|p1a: Farfetch'd","|-damage|p1a: Farfetch'd|0 fnt","|faint|p1a: Farfetch'd","|","|-damage|p2a: Landorus|0 fnt|[from] psn","|faint|p2a: Landorus","|","|switch|p1a: Simisear|Simisear, L83, F|259/259","|switch|p2a: Thundurus-Therian|Thundurus-Therian, L76, M|244/244","|turn|11","|","|move|p1a: Simisear|Nasty Plot|p1a: Simisear","|-boost|p1a: Simisear|spa|2","|move|p2a: Thundurus-Therian|Thunderbolt|p1a: Simisear","|-damage|p1a: Simisear|86/259","|-damage|p2a: Thundurus-Therian|220/244|[from] item: Life Orb","|","|turn|12","|","|move|p1a: Simisear|Fire Blast|p2a: Thundurus-Therian","|-damage|p2a: Thundurus-Therian|0 fnt","|-damage|p1a: Simisear|61/259|[from] item: Life Orb","|faint|p2a: Thundurus-Therian","|","|","|switch|p2a: Celebi|Celebi, L75|274/274","|turn|13","|","|move|p1a: Simisear|Fire Blast|p2a: Celebi","|-supereffective|p2a: Celebi","|-damage|p2a: Celebi|0 fnt","|-damage|p1a: Simisear|36/259|[from] item: Life Orb","|faint|p2a: Celebi","|","|","|switch|p2a: Regirock|Regirock, L81|262/262","|turn|14","|","|move|p1a: Simisear|Grass Knot|p2a: Regirock","|-supereffective|p2a: Regirock","|-ability|p2a: Regirock|Sturdy","|-damage|p2a: Regirock|1/262","|-damage|p1a: Simisear|11/259|[from] item: Life Orb","|move|p2a: Regirock|Rock Slide|p1a: Simisear","|-supereffective|p1a: Simisear","|-damage|p1a: Simisear|0 fnt","|faint|p1a: Simisear","|","|","|switch|p1a: Keldeo|Keldeo, L75|260/260","|turn|15","|","|move|p1a: Keldeo|Substitute|p1a: Keldeo","|-start|p1a: Keldeo|Substitute","|-damage|p1a: Keldeo|195/260","|move|p2a: Regirock|Toxic|p1a: Keldeo","|-fail|p1a: Keldeo","|","|-heal|p1a: Keldeo|211/260|[from] item: Leftovers","|turn|16","|","|move|p1a: Keldeo|Hidden Power|p2a: Regirock","|-damage|p2a: Regirock|0 fnt","|faint|p2a: Regirock","|","|-heal|p1a: Keldeo|227/260|[from] item: Leftovers","|","|switch|p2a: Magmortar|Magmortar, L81, M|254/254","|turn|17","|","|move|p1a: Keldeo|Icy Wind|p2a: Magmortar","|-resisted|p2a: Magmortar","|-damage|p2a: Magmortar|235/254","|-unboost|p2a: Magmortar|spe|1","|move|p2a: Magmortar|Thunderbolt|p1a: Keldeo","|-supereffective|p1a: Keldeo","|-end|p1a: Keldeo|Substitute","|","|-heal|p1a: Keldeo|243/260|[from] item: Leftovers","|-heal|p2a: Magmortar|250/254|[from] item: Leftovers","|turn|18","|","|move|p1a: Keldeo|Icy Wind|p2a: Magmortar","|-resisted|p2a: Magmortar","|-damage|p2a: Magmortar|232/254","|-unboost|p2a: Magmortar|spe|1","|move|p2a: Magmortar|Thunderbolt|p1a: Keldeo","|-supereffective|p1a: Keldeo","|-damage|p1a: Keldeo|71/260","|","|-heal|p1a: Keldeo|87/260|[from] item: Leftovers","|-heal|p2a: Magmortar|247/254|[from] item: Leftovers","|turn|19","|","|move|p1a: Keldeo|Secret Sword|p2a: Magmortar","|-damage|p2a: Magmortar|130/254","|move|p2a: Magmortar|Substitute|p2a: Magmortar","|-start|p2a: Magmortar|Substitute","|-damage|p2a: Magmortar|67/254","|","|-heal|p1a: Keldeo|103/260|[from] item: Leftovers","|-heal|p2a: Magmortar|82/254|[from] item: Leftovers","|turn|20","|","|move|p1a: Keldeo|Secret Sword|p2a: Magmortar","|-end|p2a: Magmortar|Substitute","|move|p2a: Magmortar|Thunderbolt|p1a: Keldeo","|-supereffective|p1a: Keldeo","|-damage|p1a: Keldeo|0 fnt","|faint|p1a: Keldeo","|","|-heal|p2a: Magmortar|97/254|[from] item: Leftovers","|","|switch|p1a: Nidoking|Nidoking, L77, M|251/251","|turn|21","|","|move|p1a: Nidoking|Sludge Wave|p2a: Magmortar","|-damage|p2a: Magmortar|0 fnt","|faint|p2a: Magmortar","|","|win|WarmerSaferDrier"],"p1rating":{"entryid":49425,"formatid":"randombattle","userid":"warmersaferdrier","username":"WarmerSaferDrier","r":1500,"rd":130,"sigma":0,"rpr":1540.1606143388,"rprd":122.8583080769,"rpsigma":0,"rptime":1439888400,"w":1,"l":0,"t":0,"gxe":55,"acre":1040,"lacre":1040,"oldacre":1000},"p2rating":{"entryid":49427,"formatid":"randombattle","userid":"guardshadow","username":"Guard Shadow","r":1500,"rd":130,"sigma":0,"rpr":1459.8393856612,"rprd":122.8583080769,"rpsigma":0,"rptime":1439888400,"w":0,"l":1,"t":0,"gxe":45,"acre":1000,"lacre":1000,"oldacre":1000},"endType":"normal"}