{"seed":[65169,47765,19567,62229],"turns":30,"p1":"TestTeam T.T. 22","p2":"Carnie Bronykins","p1team":[{"name":"Cresselia","moves":["substitute","toxic","moonblast","psyshock"],"ability":"Levitate","evs":{"hp":85,"atk":85,"def":85,"spa":85,"spd":85,"spe":85},"ivs":{"hp":31,"atk":31,"def":31,"spa":31,"spd":31,"spe":31},"item":"Leftovers","level":77,"shiny":false},{"name":"Rotom-Heat","moves":["willowisp","painsplit","overheat","voltswitch"],"ability":"Levitate","evs":{"hp":81,"atk":85,"def":85,"spa":89,"spd":85,"spe":85},"ivs":{"hp":31,"atk":31,"def":31,"spa":31,"spd":31,"spe":31},"item":"Leftovers","level":77,"shiny":false},{"name":"Sylveon","moves":["psyshock","hypervoice","shadowball","wish"],"ability":"Pixilate","evs":{"hp":85,"atk":85,"def":85,"spa":85,"spd":85,"spe":85},"ivs":{"hp":31,"atk":31,"def":31,"spa":31,"spd":31,"spe":31},"item":"Leftovers","level":75,"shiny":false},{"name":"Togekiss","moves":["airslash","aurasphere","thunderwave","roost"],"ability":"Serene Grace","evs":{"hp":85,"atk":85,"def":85,"spa":85,"spd":85,"spe":85},"ivs":{"hp":31,"atk":31,"def":31,"spa":31,"spd":31,"spe":31},"item":"Leftovers","level":76,"shiny":false},{"name":"Vanilluxe","moves":["icebeam","hiddenpowerground","flashcannon","autotomize"],"ability":"Ice Body","evs":{"hp":85,"atk":85,"def":85,"spa":85,"spd":85,"spe":85},"ivs":{"hp":31,"atk":31,"def":31,"spa":30,"spd":30,"spe":31},"item":"Life Orb","level":83,"shiny":false},{"name":"Articuno","moves":["substitute","roost","hurricane","freezedry"],"ability":"Snow Cloak","evs":{"hp":85,"atk":85,"def":85,"spa":85,"spd":85,"spe":85},"ivs":{"hp":31,"atk":31,"def":31,"spa":31,"spd":31,"spe":31},"item":"Leftovers","level":83,"shiny":false}],"p2team":[{"name":"Mewtwo","moves":["zenheadbutt","taunt","icebeam","drainpunch"],"ability":"Pressure","evs":{"hp":85,"atk":85,"def":85,"spa":85,"spd":85,"spe":85},"ivs":{"hp":31,"atk":31,"def":31,"spa":31,"spd":31,"spe":31},"item":"Mewtwonite X","level":73,"shiny":false},{"name":"Slowbro","moves":["slackoff","thunderwave","psyshock","icebeam"],"ability":"Regenerator","evs":{"hp":85,"atk":85,"def":85,"spa":85,"spd":85,"spe":85},"ivs":{"hp":31,"atk":31,"def":31,"spa":31,"spd":31,"spe":31},"item":"Leftovers","level":75,"shiny":false},{"name":"Tangrowth","moves":["rockslide","knockoff","sleeppowder","leafstorm"],"ability":"Regenerator","evs":{"hp":85,"atk":85,"def":85,"spa":85,"spd":85,"spe":85},"ivs":{"hp":31,"atk":31,"def":31,"spa":31,"spd":31,"spe":31},"item":"Life Orb","level":79,"shiny":false},{"name":"Hitmontop","moves":["closecombat","suckerpunch","rapidspin","machpunch"],"ability":"Intimidate","evs":{"hp":85,"atk":85,"def":85,"spa":85,"spd":85,"spe":85},"ivs":{"hp":31,"atk":31,"def":31,"spa":31,"spd":31,"spe":31},"item":"Assault Vest","level":79,"shiny":false},{"name":"Dragalge","moves":["toxicspikes","hiddenpowerfire","focusblast","sludgewave"],"ability":"Adaptability","evs":{"hp":85,"atk":85,"def":85,"spa":85,"spd":85,"spe":85},"ivs":{"hp":31,"atk":30,"def":31,"spa":30,"spd":31,"spe":30},"item":"Life Orb","level":77,"shiny":false},{"name":"Magnezone","moves":["hiddenpowerfire","chargebeam","substitute","flashcannon"],"ability":"Magnet Pull","evs":{"hp":85,"atk":85,"def":85,"spa":85,"spd":85,"spe":85},"ivs":{"hp":31,"atk":30,"def":31,"spa":30,"spd":31,"spe":30},"item":"Air Balloon","level":75,"shiny":false}],"log":["|player|p1|TestTeam T.T. 22|209","|player|p2|Carnie Bronykins|80","|gametype|singles","|gen|6","|tier|Random Battle","|rated","|rule|Sleep Clause Mod: Limit one foe put to sleep","|rule|HP Percentage Mod: HP is shown in percentages","|","|start","|switch|p1a: Cresselia|Cresselia, L77, F|311/311","|switch|p2a: Mewtwo|Mewtwo, L73|275/275","|-ability|p2a: Mewtwo|Pressure","|turn|1","|","|detailschange|p2a: Mewtwo|Mewtwo-Mega-X, L73","|-mega|p2a: Mewtwo|Mewtwo|Mewtwonite X","|move|p2a: Mewtwo|Taunt|p1a: Cresselia","|-start|p1a: Cresselia|move: Taunt","|cant|p1a: Cresselia|move: Taunt|Toxic","|","|turn|2","|","|switch|p1a: Articuno|Articuno, L83|285/285","|move|p2a: Mewtwo|Ice Beam|p1a: Articuno","|-damage|p1a: Articuno|228/285","|","|-heal|p1a: Articuno|245/285|[from] item: Leftovers","|turn|3","|","|move|p2a: Mewtwo|Taunt|p1a: Articuno","|-start|p1a: Articuno|move: Taunt","|move|p1a: Articuno|Hurricane|p2a: Mewtwo|[miss]","|-miss|p1a: Articuno|p2a: Mewtwo","|","|-heal|p1a: Articuno|262/285|[from] item: Leftovers","|turn|4","|","|move|p2a: Mewtwo|Drain Punch|p1a: Articuno","|-damage|p1a: Articuno|156/285","|move|p1a: Articuno|Hurricane|p2a: Mewtwo","|-supereffective|p2a: Mewtwo","|-damage|p2a: Mewtwo|45/275","|-start|p2a: Mewtwo|confusion","|","|-heal|p1a: Articuno|173/285|[from] item: Leftovers","|turn|5","|","|-activate|p2a: Mewtwo|confusion","|move|p2a: Mewtwo|Drain Punch|p1a: Articuno","|-damage|p1a: Articuno|82/285","|-heal|p2a: Mewtwo|91/275|[from] drain|[of] p1a: Articuno","|move|p1a: Articuno|Freeze-Dry|p2a: Mewtwo","|-damage|p2a: Mewtwo|15/275","|","|-heal|p1a: Articuno|99/285|[from] item: Leftovers","|-end|p1a: Articuno|move: Taunt","|turn|6","|","|-end|p2a: Mewtwo|confusion","|move|p2a: Mewtwo|Taunt|p1a: Articuno","|-start|p1a: Articuno|move: Taunt","|cant|p1a: Articuno|move: Taunt|Roost","|","|-heal|p1a: Articuno|116/285|[from] item: Leftovers","|turn|7","|","|switch|p1a: Togekiss|Togekiss, L76, M|254/254","|move|p2a: Mewtwo|Drain Punch|p1a: Togekiss","|-resisted|p1a: Togekiss","|-damage|p1a: Togekiss|226/254","|-heal|p2a: Mewtwo|29/275|[from] drain|[of] p1a: Togekiss","|","|-heal|p1a: Togekiss|241/254|[from] item: Leftovers","|turn|8","|","|move|p2a: Mewtwo|Ice Beam|p1a: Togekiss","|-supereffective|p1a: Togekiss","|-damage|p1a: Togekiss|113/254","|move|p1a: Togekiss|Air Slash|p2a: Mewtwo","|-supereffective|p2a: Mewtwo","|-damage|p2a: Mewtwo|0 fnt","|faint|p2a: Mewtwo","|","|-heal|p1a: Togekiss|128/254|[from] item: Leftovers","|","|switch|p2a: Magnezone|Magnezone, L75|229/229","|-item|p2a: Magnezone|Air Balloon","|turn|9","|","|switch|p1a: Rotom-Heat|Rotom-Heat, L77|203/203","|move|p2a: Magnezone|Substitute|p2a: Magnezone","|-start|p2a: Magnezone|Substitute","|-damage|p2a: Magnezone|172/229","|","|turn|10","|","|switch|p2a: Slowbro|Slowbro, L75, M|266/266","|move|p1a: Rotom-Heat|Volt Switch|p2a: Slowbro","|-supereffective|p2a: Slowbro","|-damage|p2a: Slowbro|110/266","|","|switch|p1a: Cresselia|Cresselia, L77, F|311/311","|","|-heal|p2a: Slowbro|126/266|[from] item: Leftovers","|turn|11","|","|move|p1a: Cresselia|Substitute|p1a: Cresselia","|-start|p1a: Cresselia|Substitute","|-damage|p1a: Cresselia|234/311","|move|p2a: Slowbro|Thunder Wave|p1a: Cresselia","|-fail|p1a: Cresselia","|","|-heal|p1a: Cresselia|253/311|[from] item: Leftovers","|-heal|p2a: Slowbro|142/266|[from] item: Leftovers","|turn|12","|","|move|p1a: Cresselia|Toxic|p2a: Slowbro","|-status|p2a: Slowbro|tox","|move|p2a: Slowbro|Slack Off|p2a: Slowbro","|-heal|p2a: Slowbro|266/266 tox","|","|-heal|p1a: Cresselia|272/311|[from] item: Leftovers","|-damage|p2a: Slowbro|250/266 tox|[from] psn","|turn|13","|","|move|p1a: Cresselia|Moonblast|p2a: Slowbro","|-damage|p2a: Slowbro|192/266 tox","|move|p2a: Slowbro|Ice Beam|p1a: Cresselia","|-activate|p1a: Cresselia|Substitute|[damage]","|","|-heal|p1a: Cresselia|291/311|[from] item: Leftovers","|-heal|p2a: Slowbro|208/266 tox|[from] item: Leftovers","|-damage|p2a: Slowbro|176/266 tox|[from] psn","|turn|14","|","|move|p1a: Cresselia|Moonblast|p2a: Slowbro","|-damage|p2a: Slowbro|118/266 tox","|move|p2a: Slowbro|Ice Beam|p1a: Cresselia","|-end|p1a: Cresselia|Substitute","|","|-heal|p1a: Cresselia|310/311|[from] item: Leftovers","|-heal|p2a: Slowbro|134/266 tox|[from] item: Leftovers","|-damage|p2a: Slowbro|86/266 tox|[from] psn","|turn|15","|","|move|p1a: Cresselia|Moonblast|p2a: Slowbro","|-damage|p2a: Slowbro|31/266 tox","|move|p2a: Slowbro|Ice Beam|p1a: Cresselia","|-damage|p1a: Cresselia|265/311","|","|-heal|p1a: Cresselia|284/311|[from] item: Leftovers","|-heal|p2a: Slowbro|47/266 tox|[from] item: Leftovers","|-damage|p2a: Slowbro|0 fnt|[from] psn","|faint|p2a: Slowbro","|","|switch|p2a: Magnezone|Magnezone, L75|172/229","|-item|p2a: Magnezone|Air Balloon","|turn|16","|","|switch|p1a: Sylveon|Sylveon, L75, M|266/266","|move|p2a: Magnezone|Charge Beam|p1a: Sylveon","|-damage|p1a: Sylveon|223/266","|-boost|p2a: Magnezone|spa|1","|","|-heal|p1a: Sylveon|239/266|[from] item: Leftovers","|turn|17","|","|switch|p1a: Rotom-Heat|Rotom-Heat, L77|203/203","|move|p2a: Magnezone|Flash Cannon|p1a: Rotom-Heat","|-resisted|p1a: Rotom-Heat","|-damage|p1a: Rotom-Heat|174/203","|","|-heal|p1a: Rotom-Heat|186/203|[from] item: Leftovers","|turn|18","|","|move|p1a: Rotom-Heat|Overheat|p2a: Magnezone","|-supereffective|p2a: Magnezone","|-damage|p2a: Magnezone|0 fnt","|-enditem|p2a: Magnezone|Air Balloon","|-unboost|p1a: Rotom-Heat|spa|2","|faint|p2a: Magnezone","|","|-heal|p1a: Rotom-Heat|198/203|[from] item: Leftovers","|","|switch|p2a: Hitmontop|Hitmontop, L79, M|209/209","|-ability|p2a: Hitmontop|Intimidate","|-unboost|p1a: Rotom-Heat|atk|1","|turn|19","|","|switch|p1a: Cresselia|Cresselia, L77, F|284/311","|move|p2a: Hitmontop|Sucker Punch|p1a: Cresselia","|-fail|p2a: Hitmontop","|","|-heal|p1a: Cresselia|303/311|[from] item: Leftovers","|turn|20","|","|move|p2a: Hitmontop|Sucker Punch|p1a: Cresselia","|-fail|p2a: Hitmontop","|move|p1a: Cresselia|Toxic|p2a: Hitmontop|[miss]","|-miss|p1a: Cresselia|p2a: Hitmontop","|","|-heal|p1a: Cresselia|311/311|[from] item: Leftovers","|turn|21","|","|move|p1a: Cresselia|Toxic|p2a: Hitmontop","|-status|p2a: Hitmontop|tox","|move|p2a: Hitmontop|Rapid Spin|p1a: Cresselia","|-damage|p1a: Cresselia|300/311","|","|-heal|p1a: Cresselia|311/311|[from] item: Leftovers","|-damage|p2a: Hitmontop|196/209 tox|[from] psn","|turn|22","|","|move|p2a: Hitmontop|Sucker Punch|p1a: Cresselia","|-fail|p2a: Hitmontop","|move|p1a: Cresselia|Substitute|p1a: Cresselia","|-start|p1a: Cresselia|Substitute","|-damage|p1a: Cresselia|234/311","|","|-heal|p1a: Cresselia|253/311|[from] item: Leftovers","|-damage|p2a: Hitmontop|170/209 tox|[from] psn","|turn|23","|","|switch|p2a: Tangrowth|Tangrowth, L79, M|288/288","|move|p1a: Cresselia|Toxic|p2a: Tangrowth","|-status|p2a: Tangrowth|tox","|","|-heal|p1a: Cresselia|272/311|[from] item: Leftovers","|-damage|p2a: Tangrowth|270/288 tox|[from] psn","|turn|24","|","|move|p1a: Cresselia|Psyshock|p2a: Tangrowth","|-damage|p2a: Tangrowth|219/288 tox","|move|p2a: Tangrowth|Knock Off|p1a: Cresselia","|-supereffective|p1a: Cresselia","|-end|p1a: Cresselia|Substitute","|-damage|p2a: Tangrowth|191/288 tox|[from] item: Life Orb","|","|-heal|p1a: Cresselia|291/311|[from] item: Leftovers","|-damage|p2a: Tangrowth|155/288 tox|[from] psn","|turn|25","|","|move|p1a: Cresselia|Substitute|p1a: Cresselia","|-start|p1a: Cresselia|Substitute","|-damage|p1a: Cresselia|214/311","|move|p2a: Tangrowth|Sleep Powder|p1a: Cresselia","|-fail|p1a: Cresselia","|","|-heal|p1a: Cresselia|233/311|[from] item: Leftovers","|-damage|p2a: Tangrowth|101/288 tox|[from] psn","|turn|26","|","|move|p1a: Cresselia|Moonblast|p2a: Tangrowth","|-damage|p2a: Tangrowth|30/288 tox","|move|p2a: Tangrowth|Knock Off|p1a: Cresselia","|-supereffective|p1a: Cresselia","|-end|p1a: Cresselia|Substitute","|-damage|p2a: Tangrowth|2/288 tox|[from] item: Life Orb","|","|-heal|p1a: Cresselia|252/311|[from] item: Leftovers","|-damage|p2a: Tangrowth|0 fnt|[from] psn","|faint|p2a: Tangrowth","|","|switch|p2a: Dragalge|Dragalge, L77, F|227/227","|turn|27","|","|move|p1a: Cresselia|Psyshock|p2a: Dragalge","|-supereffective|p2a: Dragalge","|-damage|p2a: Dragalge|107/227","|move|p2a: Dragalge|Toxic Spikes|p1a: Cresselia","|-sidestart|p1: TestTeam T.T. 22|move: Toxic Spikes","|","|-heal|p1a: Cresselia|271/311|[from] item: Leftovers","|turn|28","|","|move|p1a: Cresselia|Psyshock|p2a: Dragalge","|-supereffective|p2a: Dragalge","|-damage|p2a: Dragalge|0 fnt","|faint|p2a: Dragalge","|","|-heal|p1a: Cresselia|290/311|[from] item: Leftovers","|","|switch|p2a: Hitmontop|Hitmontop, L79, M|170/209 tox","|-ability|p2a: Hitmontop|Intimidate","|-unboost|p1a: Cresselia|atk|1","|turn|29","|","|move|p1a: Cresselia|Substitute|p1a: Cresselia","|-start|p1a: Cresselia|Substitute","|-damage|p1a: Cresselia|213/311","|move|p2a: Hitmontop|Close Combat|p1a: Cresselia","|-resisted|p1a: Cresselia","|-activate|p1a: Cresselia|Substitute|[damage]","|-unboost|p2a: Hitmontop|def|1","|-unboost|p2a: Hitmontop|spd|1","|","|-heal|p1a: Cresselia|232/311|[from] item: Leftovers","|-damage|p2a: Hitmontop|157/209 tox|[from] psn","|turn|30","|","|move|p2a: Hitmontop|Sucker Punch|p1a: Cresselia","|-supereffective|p1a: Cresselia","|-end|p1a: Cresselia|Substitute","|move|p1a: Cresselia|Psyshock|p2a: Hitmontop","|-crit|p2a: Hitmontop","|-supereffective|p2a: Hitmontop","|-damage|p2a: Hitmontop|0 fnt","|faint|p2a: Hitmontop","|","|win|TestTeam T.T. 22"],"p1rating":{"entryid":47689,"formatid":"randombattle","userid":"testteamtt22","username":"TestTeam T.T. 22","r":1500,"rd":130,"sigma":0,"rpr":1540.1606143388,"rprd":122.8583080769,"rpsigma":0,"rptime":1439888400,"w":1,"l":0,"t":0,"gxe":55,"acre":1040,"lacre":1040,"oldacre":1000},"p2rating":{"entryid":47690,"formatid":"randombattle","userid":"carniebronykins","username":"Carnie Bronykins","r":1500,"rd":130,"sigma":0,"rpr":1459.8393856612,"rprd":122.8583080769,"rpsigma":0,"rptime":1439888400,"w":0,"l":1,"t":0,"gxe":45,"acre":1000,"lacre":1000,"oldacre":1000},"endType":"normal"}