{"seed":[37481,45952,44114,15134],"turns":27,"p1":"GTX♅bookman","p2":"Nechoha","p1team":[{"name":"Gallade","moves":["zenheadbutt","closecombat","swordsdance","substitute"],"ability":"Justified","evs":{"hp":85,"atk":85,"def":85,"spa":85,"spd":85,"spe":85},"ivs":{"hp":31,"atk":31,"def":31,"spa":31,"spd":31,"spe":31},"item":"Galladite","level":76,"shiny":false},{"name":"Altaria","moves":["dragonclaw","earthquake","dracometeor","dragondance"],"ability":"Cloud Nine","evs":{"hp":85,"atk":85,"def":85,"spa":85,"spd":85,"spe":85},"ivs":{"hp":31,"atk":31,"def":31,"spa":31,"spd":31,"spe":31},"item":"Life Orb","level":81,"shiny":false},{"name":"Hawlucha","moves":["highjumpkick","roost","substitute","acrobatics"],"ability":"Unburden","evs":{"hp":85,"atk":85,"def":85,"spa":85,"spd":85,"spe":85},"ivs":{"hp":31,"atk":31,"def":31,"spa":31,"spd":31,"spe":31},"item":"Flying Gem","level":76,"shiny":false},{"name":"Donphan","moves":["stoneedge","earthquake","stealthrock","rapidspin"],"ability":"Sturdy","evs":{"hp":85,"atk":85,"def":85,"spa":85,"spd":85,"spe":85},"ivs":{"hp":31,"atk":31,"def":31,"spa":31,"spd":31,"spe":31},"item":"Leftovers","level":77,"shiny":false},{"name":"Meganium","moves":["aromatherapy","toxic","synthesis","gigadrain"],"ability":"Overgrow","evs":{"hp":85,"atk":85,"def":85,"spa":85,"spd":85,"spe":85},"ivs":{"hp":31,"atk":31,"def":31,"spa":31,"spd":31,"spe":31},"item":"Leftovers","level":83,"shiny":false},{"name":"Luxray","moves":["wildcharge","crunch","facade","icefang"],"ability":"Guts","evs":{"hp":85,"atk":85,"def":85,"spa":85,"spd":85,"spe":85},"ivs":{"hp":31,"atk":31,"def":31,"spa":31,"spd":31,"spe":31},"item":"Toxic Orb","level":83,"shiny":false}],"p2team":[{"name":"Dragonite","moves":["dragondance","earthquake","outrage","extremespeed"],"ability":"Multiscale","evs":{"hp":81,"atk":89,"def":85,"spa":85,"spd":85,"spe":85},"ivs":{"hp":31,"atk":31,"def":31,"spa":31,"spd":31,"spe":31},"item":"Lum Berry","level":75,"shiny":false},{"name":"Swanna","moves":["raindance","scald","defog","airslash"],"ability":"Hydration","evs":{"hp":81,"atk":85,"def":85,"spa":89,"spd":85,"spe":85},"ivs":{"hp":31,"atk":31,"def":31,"spa":31,"spd":31,"spe":31},"item":"Damp Rock","level":83,"shiny":false},{"name":"Wormadam-Trash","moves":["protect","gyroball","toxic","stealthrock"],"ability":"Overcoat","evs":{"hp":85,"atk":170,"def":85,"spa":85,"spd":85,"spe":0},"ivs":{"hp":31,"atk":31,"def":31,"spa":31,"spd":31,"spe":0},"item":"Leftovers","level":83,"shiny":false},{"name":"Cacturne","moves":["substitute","drainpunch","spikes","seedbomb"],"ability":"Water Absorb","evs":{"hp":85,"atk":85,"def":85,"spa":85,"spd":85,"spe":85},"ivs":{"hp":31,"atk":31,"def":31,"spa":31,"spd":31,"spe":31},"item":"Leftovers","level":81,"shiny":false},{"name":"Marowak","moves":["substitute","earthquake","knockoff","stoneedge"],"ability":"Lightning Rod","evs":{"hp":85,"atk":85,"def":85,"spa":85,"spd":85,"spe":85},"ivs":{"hp":31,"atk":31,"def":31,"spa":31,"spd":31,"spe":31},"item":"Thick Club","level":83,"shiny":false},{"name":"Talonflame","moves":["swordsdance","bravebird","flareblitz","willowisp"],"ability":"Gale Wings","evs":{"hp":85,"atk":85,"def":85,"spa":85,"spd":85,"spe":85},"ivs":{"hp":31,"atk":31,"def":31,"spa":31,"spd":31,"spe":31},"item":"Leftovers","level":75,"shiny":false}],"log":["|player|p1|GTX♅bookman|151","|player|p2|Nechoha|170","|gametype|singles","|gen|6","|tier|Random Battle","|rated","|rule|Sleep Clause Mod: Limit one foe put to sleep","|rule|HP Percentage Mod: HP is shown in percentages","|","|start","|switch|p1a: Gallade|Gallade, L76, M|228/228","|switch|p2a: Dragonite|Dragonite, L75, M|259/259","|turn|1","|","|move|p1a: Gallade|Swords Dance|p1a: Gallade","|-boost|p1a: Gallade|atk|2","|move|p2a: Dragonite|Earthquake|p1a: Gallade","|-damage|p1a: Gallade|121/228","|","|turn|2","|","|detailschange|p1a: Gallade|Gallade-Mega, L76, M","|-mega|p1a: Gallade|Gallade|Galladite","|move|p2a: Dragonite|Extreme Speed|p1a: Gallade","|-damage|p1a: Gallade|59/228","|move|p1a: Gallade|Close Combat|p2a: Dragonite","|-resisted|p2a: Dragonite","|-damage|p2a: Dragonite|177/259","|-unboost|p1a: Gallade|def|1","|-unboost|p1a: Gallade|spd|1","|","|turn|3","|","|switch|p2a: Swanna|Swanna, L83, F|259/259","|move|p1a: Gallade|Zen Headbutt|p2a: Swanna","|-damage|p2a: Swanna|0 fnt","|faint|p2a: Swanna","|","|","|switch|p2a: Dragonite|Dragonite, L75, M|177/259","|turn|4","|","|move|p2a: Dragonite|Extreme Speed|p1a: Gallade","|-damage|p1a: Gallade|0 fnt","|faint|p1a: Gallade","|","|","|switch|p1a: Altaria|Altaria, L81, F|254/254","|-ability|p1a: Altaria|Cloud Nine","|turn|5","|","|move|p1a: Altaria|Dragon Dance|p1a: Altaria","|-boost|p1a: Altaria|atk|1","|-boost|p1a: Altaria|spe|1","|move|p2a: Dragonite|Outrage|p1a: Altaria","|-supereffective|p1a: Altaria","|-damage|p1a: Altaria|0 fnt","|faint|p1a: Altaria","|","|","|switch|p1a: Meganium|Meganium, L83, M|268/268","|turn|6","|","|move|p1a: Meganium|Giga Drain|p2a: Dragonite","|-resisted|p2a: Dragonite","|-damage|p2a: Dragonite|159/259","|move|p2a: Dragonite|Outrage|p1a: Meganium|[from]lockedmove","|-damage|p1a: Meganium|145/268","|","|-heal|p1a: Meganium|161/268|[from] item: Leftovers","|turn|7","|","|move|p1a: Meganium|Toxic|p2a: Dragonite","|-status|p2a: Dragonite|tox","|-enditem|p2a: Dragonite|Lum Berry|[eat]","|-curestatus|p2a: Dragonite|tox","|move|p2a: Dragonite|Outrage|p1a: Meganium|[from]lockedmove","|-damage|p1a: Meganium|34/268","|-start|p2a: Dragonite|confusion|[fatigue]","|","|-heal|p1a: Meganium|50/268|[from] item: Leftovers","|turn|8","|","|move|p1a: Meganium|Toxic|p2a: Dragonite|[miss]","|-miss|p1a: Meganium|p2a: Dragonite","|-activate|p2a: Dragonite|confusion","|-damage|p2a: Dragonite|126/259|[from] confusion","|","|-heal|p1a: Meganium|66/268|[from] item: Leftovers","|turn|9","|","|-activate|p2a: Dragonite|confusion","|move|p2a: Dragonite|Extreme Speed|p1a: Meganium","|-damage|p1a: Meganium|14/268","|move|p1a: Meganium|Synthesis|p1a: Meganium","|-heal|p1a: Meganium|148/268","|","|-heal|p1a: Meganium|164/268|[from] item: Leftovers","|turn|10","|","|move|p1a: Meganium|Toxic|p2a: Dragonite","|-status|p2a: Dragonite|tox","|-end|p2a: Dragonite|confusion","|move|p2a: Dragonite|Earthquake|p1a: Meganium","|-resisted|p1a: Meganium","|-damage|p1a: Meganium|128/268","|","|-heal|p1a: Meganium|144/268|[from] item: Leftovers","|-damage|p2a: Dragonite|110/259 tox|[from] psn","|turn|11","|","|move|p1a: Meganium|Synthesis|p1a: Meganium","|-heal|p1a: Meganium|268/268","|move|p2a: Dragonite|Dragon Dance|p2a: Dragonite","|-boost|p2a: Dragonite|atk|1","|-boost|p2a: Dragonite|spe|1","|","|-damage|p2a: Dragonite|78/259 tox|[from] psn","|turn|12","|","|move|p2a: Dragonite|Outrage|p1a: Meganium","|-damage|p1a: Meganium|78/268","|move|p1a: Meganium|Giga Drain|p2a: Dragonite","|-resisted|p2a: Dragonite","|-damage|p2a: Dragonite|54/259 tox","|-heal|p1a: Meganium|90/268|[from] drain|[of] p2a: Dragonite","|","|-heal|p1a: Meganium|106/268|[from] item: Leftovers","|-damage|p2a: Dragonite|6/259 tox|[from] psn","|turn|13","|","|move|p2a: Dragonite|Outrage|p1a: Meganium|[from]lockedmove","|-damage|p1a: Meganium|0 fnt","|-start|p2a: Dragonite|confusion|[fatigue]","|faint|p1a: Meganium","|","|-damage|p2a: Dragonite|0 fnt|[from] psn","|faint|p2a: Dragonite","|","|switch|p1a: Hawlucha|Hawlucha, L76, F|244/244","|switch|p2a: Cacturne|Cacturne, L81, F|246/246","|turn|14","|","|switch|p2a: Talonflame|Talonflame, L75, F|241/241","|move|p1a: Hawlucha|High Jump Kick|p2a: Talonflame","|-resisted|p2a: Talonflame","|-damage|p2a: Talonflame|174/241","|","|-heal|p2a: Talonflame|189/241|[from] item: Leftovers","|turn|15","|","|move|p2a: Talonflame|Swords Dance|p2a: Talonflame","|-boost|p2a: Talonflame|atk|2","|move|p1a: Hawlucha|Acrobatics|p2a: Talonflame","|-enditem|p1a: Hawlucha|Flying Gem|[from] gem|[move] Acrobatics","|-damage|p2a: Talonflame|21/241","|","|-heal|p2a: Talonflame|36/241|[from] item: Leftovers","|turn|16","|","|move|p2a: Talonflame|Brave Bird|p1a: Hawlucha","|-supereffective|p1a: Hawlucha","|-damage|p1a: Hawlucha|0 fnt","|-damage|p2a: Talonflame|0 fnt|[from] recoil|[of] p1a: Hawlucha","|faint|p1a: Hawlucha","|faint|p2a: Talonflame","|","|","|switch|p1a: Luxray|Luxray, L83, F|268/268","|switch|p2a: Wormadam-Trash|Wormadam-Trash, L83, F|235/235","|turn|17","|","|move|p1a: Luxray|Ice Fang|p2a: Wormadam-Trash","|-crit|p2a: Wormadam-Trash","|-resisted|p2a: Wormadam-Trash","|-damage|p2a: Wormadam-Trash|199/235","|move|p2a: Wormadam-Trash|Toxic|p1a: Luxray","|-status|p1a: Luxray|tox","|","|-heal|p2a: Wormadam-Trash|213/235|[from] item: Leftovers","|-damage|p1a: Luxray|252/268 tox|[from] psn","|turn|18","|","|move|p1a: Luxray|Crunch|p2a: Wormadam-Trash","|-damage|p2a: Wormadam-Trash|112/235","|-unboost|p2a: Wormadam-Trash|def|1","|move|p2a: Wormadam-Trash|Stealth Rock|p1a: Luxray","|-sidestart|p1: GTX♅bookman|move: Stealth Rock","|","|-heal|p2a: Wormadam-Trash|126/235|[from] item: Leftovers","|-damage|p1a: Luxray|220/268 tox|[from] psn","|turn|19","|","|move|p2a: Wormadam-Trash|Protect|p2a: Wormadam-Trash","|-singleturn|p2a: Wormadam-Trash|Protect","|move|p1a: Luxray|Crunch|p2a: Wormadam-Trash","|-activate|p2a: Wormadam-Trash|Protect","|","|-heal|p2a: Wormadam-Trash|140/235|[from] item: Leftovers","|-damage|p1a: Luxray|172/268 tox|[from] psn","|turn|20","|","|move|p1a: Luxray|Crunch|p2a: Wormadam-Trash","|-damage|p2a: Wormadam-Trash|8/235","|move|p2a: Wormadam-Trash|Gyro Ball|p1a: Luxray","|-resisted|p1a: Luxray","|-damage|p1a: Luxray|137/268 tox","|","|-heal|p2a: Wormadam-Trash|22/235|[from] item: Leftovers","|-damage|p1a: Luxray|73/268 tox|[from] psn","|turn|21","|","|move|p2a: Wormadam-Trash|Protect|p2a: Wormadam-Trash","|-singleturn|p2a: Wormadam-Trash|Protect","|move|p1a: Luxray|Crunch|p2a: Wormadam-Trash","|-activate|p2a: Wormadam-Trash|Protect","|","|-heal|p2a: Wormadam-Trash|36/235|[from] item: Leftovers","|-damage|p1a: Luxray|0 fnt|[from] psn","|faint|p1a: Luxray","|","|switch|p1a: Donphan|Donphan, L77, M|265/265","|-damage|p1a: Donphan|249/265|[from] Stealth Rock","|turn|22","|","|move|p1a: Donphan|Earthquake|p2a: Wormadam-Trash","|-damage|p2a: Wormadam-Trash|0 fnt","|faint|p2a: Wormadam-Trash","|","|-heal|p1a: Donphan|265/265|[from] item: Leftovers","|","|switch|p2a: Cacturne|Cacturne, L81, F|246/246","|turn|23","|","|move|p2a: Cacturne|Seed Bomb|p1a: Donphan","|-supereffective|p1a: Donphan","|-damage|p1a: Donphan|113/265","|move|p1a: Donphan|Stone Edge|p2a: Cacturne","|-damage|p2a: Cacturne|159/246","|","|-heal|p2a: Cacturne|174/246|[from] item: Leftovers","|-heal|p1a: Donphan|129/265|[from] item: Leftovers","|turn|24","|","|move|p2a: Cacturne|Drain Punch|p1a: Donphan","|-crit|p1a: Donphan","|-damage|p1a: Donphan|61/265","|-heal|p2a: Cacturne|208/246|[from] drain|[of] p1a: Donphan","|move|p1a: Donphan|Earthquake|p2a: Cacturne","|-resisted|p2a: Cacturne","|-damage|p2a: Cacturne|136/246","|","|-heal|p2a: Cacturne|151/246|[from] item: Leftovers","|-heal|p1a: Donphan|77/265|[from] item: Leftovers","|turn|25","|","|move|p2a: Cacturne|Spikes|p1a: Donphan","|-sidestart|p1: GTX♅bookman|Spikes","|move|p1a: Donphan|Rapid Spin|p2a: Cacturne","|-damage|p2a: Cacturne|130/246","|-sideend|p1: GTX♅bookman|Spikes|[from] move: Rapid Spin|[of] p1a: Donphan","|-sideend|p1: GTX♅bookman|Stealth Rock|[from] move: Rapid Spin|[of] p1a: Donphan","|","|-heal|p2a: Cacturne|145/246|[from] item: Leftovers","|-heal|p1a: Donphan|93/265|[from] item: Leftovers","|turn|26","|","|move|p2a: Cacturne|Drain Punch|p1a: Donphan","|-crit|p1a: Donphan","|-damage|p1a: Donphan|26/265","|-heal|p2a: Cacturne|179/246|[from] drain|[of] p1a: Donphan","|move|p1a: Donphan|Stone Edge|p2a: Cacturne","|-damage|p2a: Cacturne|87/246","|","|-heal|p2a: Cacturne|102/246|[from] item: Leftovers","|-heal|p1a: Donphan|42/265|[from] item: Leftovers","|turn|27","|","|move|p2a: Cacturne|Drain Punch|p1a: Donphan","|-damage|p1a: Donphan|0 fnt","|-heal|p2a: Cacturne|123/246|[from] drain|[of] p1a: Donphan","|faint|p1a: Donphan","|","|win|Nechoha"],"p1rating":{"entryid":"65558","serverid":"eos","formatid":"randombattle","userid":"gtxbookman","username":"GTX♅bookman - ⒷⓊⒸⓀ","w":"0","l":2,"t":"0","gxe":41,"r":"1500","rd":"130","sigma":"0","rptime":"1439888400","rpr":1427.4328741711,"rprd":116.77753930647,"rpsigma":"0","acre":1000,"lacre":1000,"oldacre":"1000"},"p2rating":{"entryid":93528,"formatid":"randombattle","userid":"nechoha","username":"Nechoha","r":1500,"rd":130,"sigma":0,"rpr":1540.1606143388,"rprd":122.8583080769,"rpsigma":0,"rptime":1439888400,"w":1,"l":0,"t":0,"gxe":55,"acre":1040,"lacre":1040,"oldacre":1000},"endType":"normal"}