{"seed":[61420,33035,13584,44811],"turns":22,"p1":"Fluffy Poop","p2":"WarmerSaferDrier","p1team":[{"name":"Phione","moves":["raindance","rest","uturn","scald"],"ability":"Hydration","evs":{"hp":85,"atk":85,"def":85,"spa":85,"spd":85,"spe":85},"ivs":{"hp":31,"atk":31,"def":31,"spa":31,"spd":31,"spe":31},"item":"Damp Rock","level":83,"shiny":false},{"name":"Vanilluxe","moves":["autotomize","flashcannon","freezedry","hiddenpowerground"],"ability":"Ice Body","evs":{"hp":85,"atk":85,"def":85,"spa":85,"spd":85,"spe":85},"ivs":{"hp":31,"atk":31,"def":31,"spa":30,"spd":30,"spe":31},"item":"Life Orb","level":83,"shiny":false},{"name":"Aromatisse","moves":["moonblast","wish","reflect","lightscreen"],"ability":"Aroma Veil","evs":{"hp":85,"atk":85,"def":85,"spa":85,"spd":85,"spe":85},"ivs":{"hp":31,"atk":31,"def":31,"spa":31,"spd":31,"spe":31},"item":"Light Clay","level":79,"shiny":false},{"name":"Lilligant","moves":["petaldance","sleeppowder","hiddenpowerfire","healingwish"],"ability":"Own Tempo","evs":{"hp":85,"atk":85,"def":85,"spa":85,"spd":85,"spe":85},"ivs":{"hp":31,"atk":30,"def":31,"spa":30,"spd":31,"spe":30},"item":"Leftovers","level":81,"shiny":false},{"name":"Doublade","moves":["swordsdance","ironhead","sacredsword","shadowsneak"],"ability":"No Guard","evs":{"hp":85,"atk":85,"def":85,"spa":85,"spd":85,"spe":85},"ivs":{"hp":31,"atk":31,"def":31,"spa":31,"spd":31,"spe":31},"item":"Eviolite","level":77,"shiny":false},{"name":"Machamp","moves":["substitute","icepunch","dynamicpunch","stoneedge"],"ability":"No Guard","evs":{"hp":85,"atk":85,"def":85,"spa":85,"spd":85,"spe":85},"ivs":{"hp":31,"atk":31,"def":31,"spa":31,"spd":31,"spe":31},"item":"Leftovers","level":77,"shiny":false}],"p2team":[{"name":"Dialga","moves":["thunderbolt","flashcannon","roar","fireblast"],"ability":"Pressure","evs":{"hp":85,"atk":85,"def":85,"spa":85,"spd":85,"spe":85},"ivs":{"hp":31,"atk":31,"def":31,"spa":31,"spd":31,"spe":31},"item":"Leftovers","level":73,"shiny":false},{"name":"Hydreigon","moves":["flashcannon","dracometeor","uturn","superpower"],"ability":"Levitate","evs":{"hp":85,"atk":85,"def":85,"spa":85,"spd":85,"spe":85},"ivs":{"hp":31,"atk":31,"def":31,"spa":31,"spd":31,"spe":31},"item":"Expert Belt","level":77,"shiny":false},{"name":"Absol","moves":["fireblast","icebeam","superpower","knockoff"],"ability":"Pressure","evs":{"hp":85,"atk":85,"def":85,"spa":85,"spd":85,"spe":85},"ivs":{"hp":31,"atk":31,"def":31,"spa":31,"spd":31,"spe":31},"item":"Absolite","level":77,"shiny":false},{"name":"Wormadam-Trash","moves":["stealthrock","toxic","protect","gyroball"],"ability":"Overcoat","evs":{"hp":85,"atk":170,"def":85,"spa":85,"spd":85,"spe":0},"ivs":{"hp":31,"atk":31,"def":31,"spa":31,"spd":31,"spe":0},"item":"Leftovers","level":83,"shiny":false},{"name":"Hitmonchan","moves":["drainpunch","icepunch","machpunch","rapidspin"],"ability":"Iron Fist","evs":{"hp":85,"atk":85,"def":85,"spa":85,"spd":85,"spe":85},"ivs":{"hp":31,"atk":31,"def":31,"spa":31,"spd":31,"spe":31},"item":"Assault Vest","level":81,"shiny":false},{"name":"Heliolisk","moves":["thunder","surf","raindance","hypervoice"],"ability":"Dry Skin","evs":{"hp":85,"atk":85,"def":85,"spa":85,"spd":85,"spe":85},"ivs":{"hp":31,"atk":31,"def":31,"spa":31,"spd":31,"spe":31},"item":"Damp Rock","level":77,"shiny":false}],"log":["|player|p1|Fluffy Poop|84","|player|p2|WarmerSaferDrier|265","|gametype|singles","|gen|6","|tier|Random Battle","|rated","|rule|Sleep Clause Mod: Limit one foe put to sleep","|rule|HP Percentage Mod: HP is shown in percentages","|","|start","|switch|p1a: Phione|Phione, L83|268/268","|switch|p2a: Dialga|Dialga, L73|266/266","|-ability|p2a: Dialga|Pressure","|turn|1","|","|move|p1a: Phione|U-turn|p2a: Dialga","|-resisted|p2a: Dialga","|-damage|p2a: Dialga|247/266","|","|switch|p1a: Aromatisse|Aromatisse, L79, M|289/289","|move|p2a: Dialga|Thunderbolt|p1a: Aromatisse","|-damage|p1a: Aromatisse|217/289","|","|-heal|p2a: Dialga|263/266|[from] item: Leftovers","|turn|2","|","|move|p2a: Dialga|Flash Cannon|p1a: Aromatisse","|-supereffective|p1a: Aromatisse","|-damage|p1a: Aromatisse|19/289","|move|p1a: Aromatisse|Light Screen|p1a: Aromatisse","|-sidestart|p1: Fluffy Poop|move: Light Screen","|","|-heal|p2a: Dialga|266/266|[from] item: Leftovers","|turn|3","|","|switch|p1a: Lilligant|Lilligant, L81, F|246/246","|move|p2a: Dialga|Flash Cannon|p1a: Lilligant","|-damage|p1a: Lilligant|195/246","|","|-heal|p1a: Lilligant|210/246|[from] item: Leftovers","|turn|4","|","|move|p1a: Lilligant|Sleep Powder|p2a: Dialga","|-status|p2a: Dialga|slp","|cant|p2a: Dialga|slp","|","|-heal|p1a: Lilligant|225/246|[from] item: Leftovers","|turn|5","|","|switch|p1a: Aromatisse|Aromatisse, L79, M|19/289","|switch|p2a: Wormadam-Trash|Wormadam-Trash, L83, F|235/235","|","|turn|6","|","|switch|p1a: Machamp|Machamp, L77, M|265/265","|move|p2a: Wormadam-Trash|Gyro Ball|p1a: Machamp","|-damage|p1a: Machamp|213/265","|","|-heal|p1a: Machamp|229/265|[from] item: Leftovers","|turn|7","|","|move|p1a: Machamp|Dynamic Punch|p2a: Wormadam-Trash","|-damage|p2a: Wormadam-Trash|133/235","|-start|p2a: Wormadam-Trash|confusion","|-activate|p2a: Wormadam-Trash|confusion","|move|p2a: Wormadam-Trash|Toxic|p1a: Machamp","|-status|p1a: Machamp|tox","|","|-heal|p1a: Machamp|245/265 tox|[from] item: Leftovers","|-heal|p2a: Wormadam-Trash|147/235|[from] item: Leftovers","|-damage|p1a: Machamp|229/265 tox|[from] psn","|turn|8","|","|-activate|p2a: Wormadam-Trash|confusion","|move|p2a: Wormadam-Trash|Protect|p2a: Wormadam-Trash","|-singleturn|p2a: Wormadam-Trash|Protect","|move|p1a: Machamp|Dynamic Punch|p2a: Wormadam-Trash","|-activate|p2a: Wormadam-Trash|Protect","|","|-heal|p1a: Machamp|245/265 tox|[from] item: Leftovers","|-heal|p2a: Wormadam-Trash|161/235|[from] item: Leftovers","|-damage|p1a: Machamp|213/265 tox|[from] psn","|turn|9","|","|switch|p1a: Lilligant|Lilligant, L81, F|225/246","|-activate|p2a: Wormadam-Trash|confusion","|-damage|p2a: Wormadam-Trash|139/235|[from] confusion","|","|-heal|p1a: Lilligant|240/246|[from] item: Leftovers","|-heal|p2a: Wormadam-Trash|153/235|[from] item: Leftovers","|-sideend|p1: Fluffy Poop|move: Light Screen","|turn|10","|","|move|p1a: Lilligant|Hidden Power|p2a: Wormadam-Trash","|-supereffective|p2a: Wormadam-Trash","|-damage|p2a: Wormadam-Trash|0 fnt","|faint|p2a: Wormadam-Trash","|","|-heal|p1a: Lilligant|246/246|[from] item: Leftovers","|","|switch|p2a: Hydreigon|Hydreigon, L77, M|268/268","|turn|11","|","|switch|p1a: Aromatisse|Aromatisse, L79, M|19/289","|move|p2a: Hydreigon|U-turn|p1a: Aromatisse","|-resisted|p1a: Aromatisse","|-damage|p1a: Aromatisse|0 fnt","|faint|p1a: Aromatisse","|","|switch|p2a: Hitmonchan|Hitmonchan, L81, M|214/214","|","|","|switch|p1a: Phione|Phione, L83|268/268","|turn|12","|","|move|p1a: Phione|Scald|p2a: Hitmonchan","|-damage|p2a: Hitmonchan|172/214","|-status|p2a: Hitmonchan|brn","|move|p2a: Hitmonchan|Drain Punch|p1a: Phione","|-damage|p1a: Phione|219/268","|-heal|p2a: Hitmonchan|197/214 brn|[from] drain|[of] p1a: Phione","|","|-damage|p2a: Hitmonchan|171/214 brn|[from] brn","|turn|13","|","|switch|p2a: Heliolisk|Heliolisk, L77, M|222/222","|move|p1a: Phione|Rain Dance|p1a: Phione","|-weather|RainDance","|","|-weather|RainDance|[upkeep]","|turn|14","|","|move|p2a: Heliolisk|Thunder|p1a: Phione","|-supereffective|p1a: Phione","|-damage|p1a: Phione|0 fnt","|faint|p1a: Phione","|","|-weather|RainDance|[upkeep]","|","|switch|p1a: Doublade|Doublade, L77, F|217/217","|turn|15","|","|switch|p2a: Hydreigon|Hydreigon, L77, M|268/268","|move|p1a: Doublade|Swords Dance|p1a: Doublade","|-boost|p1a: Doublade|atk|2","|","|-weather|RainDance|[upkeep]","|turn|16","|","|move|p2a: Hydreigon|U-turn|p1a: Doublade","|-resisted|p1a: Doublade","|-damage|p1a: Doublade|212/217","|","|switch|p2a: Hitmonchan|Hitmonchan, L81, M|171/214 brn","|move|p1a: Doublade|Sacred Sword|p2a: Hitmonchan","|-damage|p2a: Hitmonchan|42/214 brn","|","|-weather|RainDance|[upkeep]","|-damage|p2a: Hitmonchan|16/214 brn|[from] brn","|turn|17","|","|move|p1a: Doublade|Shadow Sneak|p2a: Hitmonchan","|-damage|p2a: Hitmonchan|0 fnt","|faint|p2a: Hitmonchan","|","|-weather|RainDance|[upkeep]","|","|switch|p2a: Absol|Absol, L77, F|227/227","|-ability|p2a: Absol|Pressure","|turn|18","|","|detailschange|p2a: Absol|Absol-Mega, L77, F","|-mega|p2a: Absol|Absol|Absolite","|move|p2a: Absol|Knock Off|p1a: Doublade","|-supereffective|p1a: Doublade","|-damage|p1a: Doublade|86/217","|-enditem|p1a: Doublade|Eviolite|[from] move: Knock Off|[of] p2a: Absol","|move|p1a: Doublade|Sacred Sword|p2a: Absol","|-supereffective|p2a: Absol","|-damage|p2a: Absol|0 fnt","|faint|p2a: Absol","|","|-weather|RainDance|[upkeep]","|","|switch|p2a: Heliolisk|Heliolisk, L77, M|222/222","|turn|19","|","|switch|p1a: Lilligant|Lilligant, L81, F|246/246","|move|p2a: Heliolisk|Surf|p1a: Lilligant","|-resisted|p1a: Lilligant","|-damage|p1a: Lilligant|192/246","|","|-weather|RainDance|[upkeep]","|-heal|p1a: Lilligant|207/246|[from] item: Leftovers","|turn|20","|","|move|p2a: Heliolisk|Hyper Voice|p1a: Lilligant","|-damage|p1a: Lilligant|98/246","|move|p1a: Lilligant|Petal Dance|p2a: Heliolisk","|-damage|p2a: Heliolisk|80/222","|","|-weather|none","|-heal|p1a: Lilligant|113/246|[from] item: Leftovers","|turn|21","|","|move|p2a: Heliolisk|Hyper Voice|p1a: Lilligant","|-damage|p1a: Lilligant|14/246","|move|p1a: Lilligant|Petal Dance|p2a: Heliolisk|[from]lockedmove","|-crit|p2a: Heliolisk","|-damage|p2a: Heliolisk|0 fnt","|faint|p2a: Heliolisk","|","|-heal|p1a: Lilligant|29/246|[from] item: Leftovers","|","|switch|p2a: Hydreigon|Hydreigon, L77, M|268/268","|turn|22","|","|move|p2a: Hydreigon|U-turn|p1a: Lilligant","|-supereffective|p1a: Lilligant","|-damage|p1a: Lilligant|0 fnt","|faint|p1a: Lilligant","|","|win|Fluffy Poop"],"p1rating":{"entryid":50252,"formatid":"randombattle","userid":"fluffypoop","username":"Fluffy Poop","r":1500,"rd":130,"sigma":0,"rpr":1540.1606143388,"rprd":122.8583080769,"rpsigma":0,"rptime":1439888400,"w":1,"l":0,"t":0,"gxe":55,"acre":1044.584930701,"lacre":1044.584930701,"oldacre":1000},"p2rating":{"entryid":"49425","serverid":"eos","formatid":"randombattle","userid":"warmersaferdrier","username":"WarmerSaferDrier","w":"1","l":1,"t":"0","gxe":50,"r":"1500","rd":"130","sigma":"0","rptime":"1439888400","rpr":1500,"rprd":116.77753930647,"rpsigma":"0","acre":1022.1660277196,"lacre":1022.1660277196,"oldacre":"1040"},"endType":"forfeit"}