{"seed":[11701,45542,16100,16894],"turns":26,"p1":"Pawnzer","p2":"KenruKage","p1team":[{"name":"Gligar","moves":["toxic","roost","defog","earthquake"],"ability":"Immunity","evs":{"hp":85,"atk":85,"def":85,"spa":85,"spd":85,"spe":85},"ivs":{"hp":31,"atk":31,"def":31,"spa":31,"spd":31,"spe":31},"item":"Eviolite","level":77,"shiny":false},{"name":"Grumpig","moves":["healbell","toxic","lightscreen","psychic"],"ability":"Thick Fat","evs":{"hp":85,"atk":85,"def":85,"spa":85,"spd":85,"spe":85},"ivs":{"hp":31,"atk":31,"def":31,"spa":31,"spd":31,"spe":31},"item":"Light Clay","level":83,"shiny":false},{"name":"Dedenne","moves":["hiddenpowerice","toxic","grassknot","thunderbolt"],"ability":"Cheek Pouch","evs":{"hp":85,"atk":85,"def":85,"spa":85,"spd":85,"spe":85},"ivs":{"hp":31,"atk":30,"def":30,"spa":31,"spd":31,"spe":31},"item":"Petaya Berry","level":83,"shiny":false},{"name":"Kyurem-White","moves":["dragonpulse","icebeam","focusblast","roost"],"ability":"Turboblaze","evs":{"hp":85,"atk":85,"def":85,"spa":85,"spd":85,"spe":85},"ivs":{"hp":31,"atk":31,"def":31,"spa":31,"spd":31,"spe":31},"item":"Leftovers","level":73,"shiny":false},{"name":"Chansey","moves":["thunderwave","protect","healbell","seismictoss"],"ability":"Natural Cure","evs":{"hp":85,"atk":85,"def":85,"spa":85,"spd":85,"spe":85},"ivs":{"hp":31,"atk":31,"def":31,"spa":31,"spd":31,"spe":31},"item":"Eviolite","level":75,"shiny":false},{"name":"Roserade","moves":["synthesis","sleeppowder","leafstorm","toxicspikes"],"ability":"Natural Cure","evs":{"hp":85,"atk":85,"def":85,"spa":85,"spd":85,"spe":85},"ivs":{"hp":31,"atk":31,"def":31,"spa":31,"spd":31,"spe":31},"item":"Black Sludge","level":77,"shiny":false}],"p2team":[{"name":"Plusle","moves":["nastyplot","encore","batonpass","thunderbolt"],"ability":"Lightning Rod","evs":{"hp":85,"atk":85,"def":85,"spa":85,"spd":85,"spe":85},"ivs":{"hp":31,"atk":31,"def":31,"spa":31,"spd":31,"spe":31},"item":"Focus Sash","level":83,"shiny":false},{"name":"Archeops","moves":["stoneedge","pluck","earthquake","uturn"],"ability":"Defeatist","evs":{"hp":85,"atk":85,"def":85,"spa":85,"spd":85,"spe":85},"ivs":{"hp":31,"atk":31,"def":31,"spa":31,"spd":31,"spe":31},"item":"Choice Band","level":81,"shiny":false},{"name":"Miltank","moves":["bodyslam","milkdrink","toxic","healbell"],"ability":"Thick Fat","evs":{"hp":85,"atk":85,"def":85,"spa":85,"spd":85,"spe":85},"ivs":{"hp":31,"atk":31,"def":31,"spa":31,"spd":31,"spe":31},"item":"Leftovers","level":81,"shiny":false},{"name":"Emboar","moves":["wildcharge","fireblast","grassknot","superpower"],"ability":"Reckless","evs":{"hp":85,"atk":85,"def":85,"spa":85,"spd":85,"spe":85},"ivs":{"hp":31,"atk":31,"def":31,"spa":31,"spd":31,"spe":31},"item":"Expert Belt","level":79,"shiny":false},{"name":"Ninjask","moves":["swordsdance","xscissor","batonpass","substitute"],"ability":"Speed Boost","evs":{"hp":85,"atk":85,"def":85,"spa":85,"spd":85,"spe":85},"ivs":{"hp":31,"atk":31,"def":31,"spa":31,"spd":31,"spe":31},"item":"Leftovers","level":83,"shiny":false},{"name":"Umbreon","moves":["batonpass","healbell","wish","foulplay"],"ability":"Synchronize","evs":{"hp":85,"atk":85,"def":85,"spa":85,"spd":85,"spe":85},"ivs":{"hp":31,"atk":31,"def":31,"spa":31,"spd":31,"spe":31},"item":"Leftovers","level":77,"shiny":false}],"log":["|player|p1|Pawnzer|pawnzer.gif","|player|p2|KenruKage|262","|gametype|singles","|gen|6","|tier|Random Battle","|rated","|rule|Sleep Clause Mod: Limit one foe put to sleep","|rule|HP Percentage Mod: HP is shown in percentages","|","|start","|switch|p1a: Gligar|Gligar, L77, F|227/227","|switch|p2a: Plusle|Plusle, L83, M|235/235","|turn|1","|","|move|p2a: Plusle|Nasty Plot|p2a: Plusle","|-boost|p2a: Plusle|spa|2","|move|p1a: Gligar|Earthquake|p2a: Plusle","|-supereffective|p2a: Plusle","|-damage|p2a: Plusle|1/235","|","|turn|2","|","|switch|p1a: Dedenne|Dedenne, L83, F|247/247","|move|p2a: Plusle|Baton Pass|p2a: Plusle","|","|switch|p2a: Archeops|Archeops, L81, M|254/254","|","|turn|3","|","|switch|p1a: Gligar|Gligar, L77, F|227/227","|move|p2a: Archeops|Earthquake|p1a: Gligar","|-immune|p1a: Gligar|[msg]","|","|turn|4","|","|switch|p2a: Emboar|Emboar, L79, F|303/303","|move|p1a: Gligar|Toxic|p2a: Emboar","|-status|p2a: Emboar|tox","|","|-damage|p2a: Emboar|285/303 tox|[from] psn","|turn|5","|","|move|p1a: Gligar|Earthquake|p2a: Emboar","|-supereffective|p2a: Emboar","|-damage|p2a: Emboar|79/303 tox","|move|p2a: Emboar|Superpower|p1a: Gligar","|-resisted|p1a: Gligar","|-damage|p1a: Gligar|181/227","|-unboost|p2a: Emboar|atk|1","|-unboost|p2a: Emboar|def|1","|","|-damage|p2a: Emboar|43/303 tox|[from] psn","|turn|6","|","|move|p1a: Gligar|Roost|p1a: Gligar","|-heal|p1a: Gligar|227/227","|move|p2a: Emboar|Superpower|p1a: Gligar","|-damage|p1a: Gligar|170/227","|-unboost|p2a: Emboar|atk|1","|-unboost|p2a: Emboar|def|1","|","|-damage|p2a: Emboar|0 fnt|[from] psn","|faint|p2a: Emboar","|","|switch|p2a: Miltank|Miltank, L81, F|287/287","|turn|7","|","|move|p2a: Miltank|Toxic|p1a: Gligar","|-immune|p1a: Gligar|[msg]","|move|p1a: Gligar|Toxic|p2a: Miltank","|-status|p2a: Miltank|tox","|","|-damage|p2a: Miltank|270/287 tox|[from] psn","|turn|8","|","|move|p2a: Miltank|Body Slam|p1a: Gligar","|-damage|p1a: Gligar|125/227","|-status|p1a: Gligar|par","|cant|p1a: Gligar|par","|","|-heal|p2a: Miltank|287/287 tox|[from] item: Leftovers","|-damage|p2a: Miltank|253/287 tox|[from] psn","|turn|9","|","|move|p2a: Miltank|Body Slam|p1a: Gligar","|-damage|p1a: Gligar|77/227 par","|cant|p1a: Gligar|par","|","|-heal|p2a: Miltank|270/287 tox|[from] item: Leftovers","|-damage|p2a: Miltank|219/287 tox|[from] psn","|turn|10","|","|move|p2a: Miltank|Body Slam|p1a: Gligar","|-damage|p1a: Gligar|31/227 par","|move|p1a: Gligar|Roost|p1a: Gligar","|-heal|p1a: Gligar|145/227 par","|","|-heal|p2a: Miltank|236/287 tox|[from] item: Leftovers","|-damage|p2a: Miltank|168/287 tox|[from] psn","|turn|11","|","|move|p2a: Miltank|Body Slam|p1a: Gligar","|-damage|p1a: Gligar|94/227 par","|move|p1a: Gligar|Roost|p1a: Gligar","|-heal|p1a: Gligar|208/227 par","|","|-heal|p2a: Miltank|185/287 tox|[from] item: Leftovers","|-damage|p2a: Miltank|100/287 tox|[from] psn","|turn|12","|","|move|p2a: Miltank|Milk Drink|p2a: Miltank","|-heal|p2a: Miltank|244/287 tox","|move|p1a: Gligar|Roost|p1a: Gligar","|-heal|p1a: Gligar|227/227 par","|","|-heal|p2a: Miltank|261/287 tox|[from] item: Leftovers","|-damage|p2a: Miltank|159/287 tox|[from] psn","|turn|13","|","|move|p2a: Miltank|Body Slam|p1a: Gligar","|-damage|p1a: Gligar|181/227 par","|move|p1a: Gligar|Earthquake|p2a: Miltank","|-damage|p2a: Miltank|86/287 tox","|","|-heal|p2a: Miltank|103/287 tox|[from] item: Leftovers","|-damage|p2a: Miltank|0 fnt|[from] psn","|faint|p2a: Miltank","|","|switch|p2a: Ninjask|Ninjask, L83, F|237/237","|turn|14","|","|switch|p1a: Dedenne|Dedenne, L83, F|247/247","|move|p2a: Ninjask|Substitute|p2a: Ninjask","|-start|p2a: Ninjask|Substitute","|-damage|p2a: Ninjask|178/237","|","|-heal|p2a: Ninjask|192/237|[from] item: Leftovers","|-boost|p2a: Ninjask|spe|1|[from] ability: Speed Boost","|turn|15","|","|move|p2a: Ninjask|Swords Dance|p2a: Ninjask","|-boost|p2a: Ninjask|atk|2","|move|p1a: Dedenne|Thunderbolt|p2a: Ninjask","|-supereffective|p2a: Ninjask","|-end|p2a: Ninjask|Substitute","|","|-heal|p2a: Ninjask|206/237|[from] item: Leftovers","|-boost|p2a: Ninjask|spe|1|[from] ability: Speed Boost","|turn|16","|","|move|p2a: Ninjask|Substitute|p2a: Ninjask","|-start|p2a: Ninjask|Substitute","|-damage|p2a: Ninjask|147/237","|move|p1a: Dedenne|Thunderbolt|p2a: Ninjask","|-supereffective|p2a: Ninjask","|-end|p2a: Ninjask|Substitute","|","|-heal|p2a: Ninjask|161/237|[from] item: Leftovers","|-boost|p2a: Ninjask|spe|1|[from] ability: Speed Boost","|turn|17","|","|move|p2a: Ninjask|X-Scissor|p1a: Dedenne","|-resisted|p1a: Dedenne","|-damage|p1a: Dedenne|130/247","|move|p1a: Dedenne|Thunderbolt|p2a: Ninjask","|-supereffective|p2a: Ninjask","|-damage|p2a: Ninjask|0 fnt","|faint|p2a: Ninjask","|","|","|switch|p2a: Plusle|Plusle, L83, M|1/235","|turn|18","|","|move|p1a: Dedenne|Grass Knot|p2a: Plusle","|-damage|p2a: Plusle|0 fnt","|faint|p2a: Plusle","|","|","|switch|p2a: Umbreon|Umbreon, L77, M|273/273","|turn|19","|","|switch|p1a: Gligar|Gligar, L77, F|181/227 par","|move|p2a: Umbreon|Foul Play|p1a: Gligar","|-damage|p1a: Gligar|133/227 par","|","|turn|20","|","|move|p2a: Umbreon|Foul Play|p1a: Gligar","|-damage|p1a: Gligar|85/227 par","|cant|p1a: Gligar|par","|","|turn|21","|","|move|p2a: Umbreon|Foul Play|p1a: Gligar","|-damage|p1a: Gligar|39/227 par","|move|p1a: Gligar|Roost|p1a: Gligar","|-heal|p1a: Gligar|153/227 par","|","|turn|22","|","|move|p2a: Umbreon|Foul Play|p1a: Gligar","|-damage|p1a: Gligar|111/227 par","|move|p1a: Gligar|Toxic|p2a: Umbreon","|-status|p2a: Umbreon|tox","|","|-damage|p2a: Umbreon|256/273 tox|[from] psn","|turn|23","|","|move|p2a: Umbreon|Wish|p2a: Umbreon","|move|p1a: Gligar|Roost|p1a: Gligar","|-heal|p1a: Gligar|225/227 par","|","|-heal|p2a: Umbreon|273/273 tox|[from] item: Leftovers","|-damage|p2a: Umbreon|239/273 tox|[from] psn","|turn|24","|","|switch|p1a: Kyurem-White|Kyurem-White, L73|303/303","|-ability|p1a: Kyurem-White|Turboblaze","|move|p2a: Umbreon|Foul Play|p1a: Kyurem-White","|-damage|p1a: Kyurem-White|195/303","|","|-heal|p2a: Umbreon|273/273 tox|[from] move: Wish|[wisher] Umbreon","|-heal|p1a: Kyurem-White|213/303|[from] item: Leftovers","|-damage|p2a: Umbreon|222/273 tox|[from] psn","|turn|25","|","|move|p1a: Kyurem-White|Focus Blast|p2a: Umbreon","|-supereffective|p2a: Umbreon","|-damage|p2a: Umbreon|44/273 tox","|move|p2a: Umbreon|Wish|p2a: Umbreon","|","|-heal|p1a: Kyurem-White|231/303|[from] item: Leftovers","|-heal|p2a: Umbreon|61/273 tox|[from] item: Leftovers","|-damage|p2a: Umbreon|0 fnt|[from] psn","|faint|p2a: Umbreon","|","|switch|p2a: Archeops|Archeops, L81, M|254/254","|turn|26","|","|move|p2a: Archeops|Earthquake|p1a: Kyurem-White","|-damage|p1a: Kyurem-White|83/303","|move|p1a: Kyurem-White|Ice Beam|p2a: Archeops","|-supereffective|p2a: Archeops","|-damage|p2a: Archeops|0 fnt","|faint|p2a: Archeops","|","|win|Pawnzer"],"p1rating":{"entryid":58995,"formatid":"randombattle","userid":"pawnzer","username":"Pawnzer","r":1500,"rd":130,"sigma":0,"rpr":1540.1606143388,"rprd":122.8583080769,"rpsigma":0,"rptime":1439888400,"w":1,"l":0,"t":0,"gxe":55,"acre":1040,"lacre":1040,"oldacre":1000},"p2rating":{"entryid":58996,"formatid":"randombattle","userid":"kenrukage","username":"KenruKage","r":1500,"rd":130,"sigma":0,"rpr":1459.8393856612,"rprd":122.8583080769,"rpsigma":0,"rptime":1439888400,"w":0,"l":1,"t":0,"gxe":45,"acre":1000,"lacre":1000,"oldacre":1000},"endType":"normal"}