{"seed":[41177,21553,43626,4003],"turns":25,"p1":"Doga","p2":"bhunt99","p1team":[{"name":"Camerupt","moves":["fireblast","stealthrock","willowisp","ancientpower"],"ability":"Solid Rock","evs":{"hp":85,"atk":85,"def":85,"spa":85,"spd":85,"spe":85},"ivs":{"hp":31,"atk":31,"def":31,"spa":31,"spd":31,"spe":31},"item":"Cameruptite","level":79,"shiny":false},{"name":"Huntail","moves":["shellsmash","suckerpunch","batonpass","waterfall"],"ability":"Water Veil","evs":{"hp":85,"atk":85,"def":85,"spa":85,"spd":85,"spe":85},"ivs":{"hp":31,"atk":31,"def":31,"spa":31,"spd":31,"spe":31},"item":"White Herb","level":83,"shiny":false},{"name":"Nidoking","moves":["sludgewave","substitute","superpower","fireblast"],"ability":"Sheer Force","evs":{"hp":85,"atk":85,"def":85,"spa":85,"spd":85,"spe":85},"ivs":{"hp":31,"atk":31,"def":31,"spa":31,"spd":31,"spe":31},"item":"Life Orb","level":77,"shiny":false},{"name":"Cacturne","moves":["swordsdance","suckerpunch","seedbomb","substitute"],"ability":"Water Absorb","evs":{"hp":85,"atk":85,"def":85,"spa":85,"spd":85,"spe":85},"ivs":{"hp":31,"atk":31,"def":31,"spa":31,"spd":31,"spe":31},"item":"Leftovers","level":81,"shiny":false},{"name":"Ferrothorn","moves":["leechseed","powerwhip","protect","gyroball"],"ability":"Iron Barbs","evs":{"hp":85,"atk":170,"def":85,"spa":85,"spd":85,"spe":0},"ivs":{"hp":31,"atk":31,"def":31,"spa":31,"spd":31,"spe":0},"item":"Leftovers","level":75,"shiny":false},{"name":"Forretress","moves":["stealthrock","gyroball","voltswitch","toxic"],"ability":"Overcoat","evs":{"hp":85,"atk":170,"def":85,"spa":85,"spd":85,"spe":0},"ivs":{"hp":31,"atk":31,"def":31,"spa":31,"spd":31,"spe":0},"item":"Leftovers","level":77,"shiny":false}],"p2team":[{"name":"Torterra","moves":["woodhammer","rockpolish","stoneedge","synthesis"],"ability":"Overgrow","evs":{"hp":85,"atk":85,"def":85,"spa":85,"spd":85,"spe":85},"ivs":{"hp":31,"atk":31,"def":31,"spa":31,"spd":31,"spe":31},"item":"Leftovers","level":81,"shiny":false},{"name":"Mightyena","moves":["suckerpunch","crunch","firefang","irontail"],"ability":"Moxie","evs":{"hp":85,"atk":85,"def":85,"spa":85,"spd":85,"spe":85},"ivs":{"hp":31,"atk":31,"def":31,"spa":31,"spd":31,"spe":31},"item":"Expert Belt","level":83,"shiny":false},{"name":"Steelix","moves":["toxic","dragontail","heavyslam","earthquake"],"ability":"Rock Head","evs":{"hp":85,"atk":85,"def":85,"spa":85,"spd":85,"spe":85},"ivs":{"hp":31,"atk":31,"def":31,"spa":31,"spd":31,"spe":31},"item":"Steelixite","level":79,"shiny":false},{"name":"Bibarel","moves":["rest","quickattack","waterfall","return"],"ability":"Simple","evs":{"hp":85,"atk":85,"def":85,"spa":85,"spd":85,"spe":85},"ivs":{"hp":31,"atk":31,"def":31,"spa":31,"spd":31,"spe":31},"item":"Chesto Berry","level":83,"shiny":false},{"name":"Xerneas","moves":["geomancy","hiddenpowerfire","thunderbolt","moonblast"],"ability":"Fairy Aura","evs":{"hp":85,"atk":85,"def":85,"spa":85,"spd":85,"spe":85},"ivs":{"hp":31,"atk":30,"def":31,"spa":30,"spd":31,"spe":30},"item":"Power Herb","level":71,"shiny":false},{"name":"Azumarill","moves":["waterfall","knockoff","playrough","superpower"],"ability":"Huge Power","evs":{"hp":85,"atk":85,"def":85,"spa":85,"spd":85,"spe":85},"ivs":{"hp":31,"atk":31,"def":31,"spa":31,"spd":31,"spe":31},"item":"Choice Band","level":75,"shiny":false}],"log":["|player|p1|Doga|1","|player|p2|bhunt99|15","|gametype|singles","|gen|6","|tier|Random Battle","|rated","|rule|Sleep Clause Mod: Limit one foe put to sleep","|rule|HP Percentage Mod: HP is shown in percentages","|","|start","|switch|p1a: Camerupt|Camerupt, L79, M|240/240","|switch|p2a: Torterra|Torterra, L81, F|287/287","|turn|1","|","|switch|p2a: Azumarill|Azumarill, L75, F|274/274","|move|p1a: Camerupt|Fire Blast|p2a: Azumarill","|-resisted|p2a: Azumarill","|-damage|p2a: Azumarill|211/274","|-status|p2a: Azumarill|brn","|","|-damage|p2a: Azumarill|177/274 brn|[from] brn","|turn|2","|","|move|p2a: Azumarill|Waterfall|p1a: Camerupt","|-supereffective|p1a: Camerupt","|-damage|p1a: Camerupt|0 fnt","|faint|p1a: Camerupt","|","|-damage|p2a: Azumarill|143/274 brn|[from] brn","|","|switch|p1a: Cacturne|Cacturne, L81, F|246/246","|turn|3","|","|switch|p2a: Mightyena|Mightyena, L83, F|252/252","|move|p1a: Cacturne|Substitute|p1a: Cacturne","|-start|p1a: Cacturne|Substitute","|-damage|p1a: Cacturne|185/246","|","|-heal|p1a: Cacturne|200/246|[from] item: Leftovers","|turn|4","|","|move|p2a: Mightyena|Crunch|p1a: Cacturne","|-crit|p1a: Cacturne","|-resisted|p1a: Cacturne","|-end|p1a: Cacturne|Substitute","|move|p1a: Cacturne|Seed Bomb|p2a: Mightyena","|-damage|p2a: Mightyena|146/252","|","|-heal|p1a: Cacturne|215/246|[from] item: Leftovers","|turn|5","|","|move|p2a: Mightyena|Fire Fang|p1a: Cacturne","|-supereffective|p1a: Cacturne","|-damage|p1a: Cacturne|81/246","|move|p1a: Cacturne|Substitute|p1a: Cacturne","|-start|p1a: Cacturne|Substitute","|-damage|p1a: Cacturne|20/246","|","|-heal|p1a: Cacturne|35/246|[from] item: Leftovers","|turn|6","|","|move|p2a: Mightyena|Crunch|p1a: Cacturne","|-resisted|p1a: Cacturne","|-activate|p1a: Cacturne|Substitute|[damage]","|move|p1a: Cacturne|Seed Bomb|p2a: Mightyena","|-crit|p2a: Mightyena","|-damage|p2a: Mightyena|0 fnt","|faint|p2a: Mightyena","|","|-heal|p1a: Cacturne|50/246|[from] item: Leftovers","|","|switch|p2a: Torterra|Torterra, L81, F|287/287","|turn|7","|","|move|p1a: Cacturne|Sucker Punch|p2a: Torterra","|-damage|p2a: Torterra|200/287","|move|p2a: Torterra|Wood Hammer|p1a: Cacturne","|-resisted|p1a: Cacturne","|-end|p1a: Cacturne|Substitute","|-damage|p2a: Torterra|199/287|[from] recoil|[of] p1a: Cacturne","|","|-heal|p2a: Torterra|216/287|[from] item: Leftovers","|-heal|p1a: Cacturne|65/246|[from] item: Leftovers","|turn|8","|","|move|p1a: Cacturne|Sucker Punch|p2a: Torterra","|-damage|p2a: Torterra|131/287","|move|p2a: Torterra|Stone Edge|p1a: Cacturne","|-damage|p1a: Cacturne|0 fnt","|faint|p1a: Cacturne","|","|-heal|p2a: Torterra|148/287|[from] item: Leftovers","|","|switch|p1a: Huntail|Huntail, L83, F|227/227","|turn|9","|","|move|p2a: Torterra|Stone Edge|p1a: Huntail","|-damage|p1a: Huntail|167/227","|move|p1a: Huntail|Waterfall|p2a: Torterra","|-damage|p2a: Torterra|72/287","|","|-heal|p2a: Torterra|89/287|[from] item: Leftovers","|turn|10","|","|move|p1a: Huntail|Sucker Punch|p2a: Torterra","|-damage|p2a: Torterra|40/287","|move|p2a: Torterra|Stone Edge|p1a: Huntail","|-damage|p1a: Huntail|105/227","|","|-heal|p2a: Torterra|57/287|[from] item: Leftovers","|turn|11","|","|move|p2a: Torterra|Stone Edge|p1a: Huntail","|-damage|p1a: Huntail|43/227","|move|p1a: Huntail|Shell Smash|p1a: Huntail","|-unboost|p1a: Huntail|def|1","|-unboost|p1a: Huntail|spd|1","|-boost|p1a: Huntail|atk|2","|-boost|p1a: Huntail|spa|2","|-boost|p1a: Huntail|spe|2","|-enditem|p1a: Huntail|White Herb","|-restoreboost|p1a: Huntail|[silent]","|","|-heal|p2a: Torterra|74/287|[from] item: Leftovers","|turn|12","|","|move|p1a: Huntail|Baton Pass|p1a: Huntail","|","|switch|p1a: Ferrothorn|Ferrothorn, L75, M|235/235","|move|p2a: Torterra|Stone Edge|p1a: Ferrothorn","|-resisted|p1a: Ferrothorn","|-damage|p1a: Ferrothorn|205/235","|","|-heal|p2a: Torterra|91/287|[from] item: Leftovers","|-heal|p1a: Ferrothorn|219/235|[from] item: Leftovers","|turn|13","|","|move|p2a: Torterra|Stone Edge|p1a: Ferrothorn","|-resisted|p1a: Ferrothorn","|-damage|p1a: Ferrothorn|190/235","|move|p1a: Ferrothorn|Gyro Ball|p2a: Torterra","|-damage|p2a: Torterra|15/287","|","|-heal|p2a: Torterra|32/287|[from] item: Leftovers","|-heal|p1a: Ferrothorn|204/235|[from] item: Leftovers","|turn|14","|","|move|p2a: Torterra|Stone Edge|p1a: Ferrothorn","|-resisted|p1a: Ferrothorn","|-damage|p1a: Ferrothorn|176/235","|move|p1a: Ferrothorn|Gyro Ball|p2a: Torterra","|-damage|p2a: Torterra|0 fnt","|faint|p2a: Torterra","|","|-heal|p1a: Ferrothorn|190/235|[from] item: Leftovers","|","|switch|p2a: Xerneas|Xerneas, L71|296/296","|-ability|p2a: Xerneas|Fairy Aura","|turn|15","|","|move|p2a: Xerneas|Hidden Power|p1a: Ferrothorn","|-supereffective|p1a: Ferrothorn","|-damage|p1a: Ferrothorn|54/235","|move|p1a: Ferrothorn|Gyro Ball|p2a: Xerneas","|-supereffective|p2a: Xerneas","|-damage|p2a: Xerneas|48/296","|","|-heal|p1a: Ferrothorn|68/235|[from] item: Leftovers","|turn|16","|","|move|p1a: Ferrothorn|Protect|p1a: Ferrothorn","|-singleturn|p1a: Ferrothorn|Protect","|move|p2a: Xerneas|Hidden Power|p1a: Ferrothorn","|-activate|p1a: Ferrothorn|Protect","|","|-heal|p1a: Ferrothorn|82/235|[from] item: Leftovers","|turn|17","|","|move|p2a: Xerneas|Hidden Power|p1a: Ferrothorn","|-supereffective|p1a: Ferrothorn","|-damage|p1a: Ferrothorn|0 fnt","|faint|p1a: Ferrothorn","|","|","|switch|p1a: Forretress|Forretress, L77, M|242/242","|turn|18","|","|move|p2a: Xerneas|Hidden Power|p1a: Forretress","|-supereffective|p1a: Forretress","|-damage|p1a: Forretress|2/242","|move|p1a: Forretress|Gyro Ball|p2a: Xerneas","|-supereffective|p2a: Xerneas","|-damage|p2a: Xerneas|0 fnt","|faint|p2a: Xerneas","|","|-heal|p1a: Forretress|17/242|[from] item: Leftovers","|","|switch|p2a: Bibarel|Bibarel, L83, F|267/267","|turn|19","|","|move|p2a: Bibarel|Waterfall|p1a: Forretress","|-damage|p1a: Forretress|0 fnt","|faint|p1a: Forretress","|","|","|switch|p1a: Huntail|Huntail, L83, F|43/227","|turn|20","|","|move|p2a: Bibarel|Quick Attack|p1a: Huntail","|-damage|p1a: Huntail|10/227","|move|p1a: Huntail|Sucker Punch|p2a: Bibarel","|-fail|p1a: Huntail","|","|turn|21","|","|move|p2a: Bibarel|Quick Attack|p1a: Huntail","|-damage|p1a: Huntail|0 fnt","|faint|p1a: Huntail","|","|","|switch|p1a: Nidoking|Nidoking, L77, M|251/251","|turn|22","|","|move|p1a: Nidoking|Superpower|p2a: Bibarel","|-supereffective|p2a: Bibarel","|-damage|p2a: Bibarel|0 fnt","|-unboost|p1a: Nidoking|atk|1","|-unboost|p1a: Nidoking|def|1","|-damage|p1a: Nidoking|226/251|[from] item: Life Orb","|faint|p2a: Bibarel","|","|","|switch|p2a: Azumarill|Azumarill, L75, F|143/274 brn","|turn|23","|","|move|p1a: Nidoking|Sludge Wave|p2a: Azumarill","|-supereffective|p2a: Azumarill","|-damage|p2a: Azumarill|0 fnt","|faint|p2a: Azumarill","|","|","|switch|p2a: Steelix|Steelix, L79, F|248/248","|turn|24","|","|move|p1a: Nidoking|Sludge Wave|p2a: Steelix","|-immune|p2a: Steelix|[msg]","|move|p2a: Steelix|Dragon Tail|p1a: Nidoking","|-damage|p1a: Nidoking|163/251","|","|turn|25","|","|move|p1a: Nidoking|Superpower|p2a: Steelix","|-supereffective|p2a: Steelix","|-damage|p2a: Steelix|178/248","|-unboost|p1a: Nidoking|atk|1","|-unboost|p1a: Nidoking|def|1","|-damage|p1a: Nidoking|138/251|[from] item: Life Orb","|move|p2a: Steelix|Earthquake|p1a: Nidoking","|-supereffective|p1a: Nidoking","|-damage|p1a: Nidoking|0 fnt","|faint|p1a: Nidoking","|","|win|bhunt99"],"p1rating":{"entryid":"73282","serverid":"eos","formatid":"randombattle","userid":"doga","username":"Doga","w":"0","l":2,"t":"0","gxe":40.9,"r":"1500","rd":"130","sigma":"0","rptime":"1439888400","rpr":1426.9200707707,"rprd":116.73136812335,"rpsigma":"0","acre":1000,"lacre":1000,"oldacre":"1000"},"p2rating":{"entryid":"7885","serverid":"eos","formatid":"randombattle","userid":"bhunt99","username":"bhunt99","w":1,"l":"1","t":"0","gxe":50,"r":"1459.8393856612","rd":"122.8583080769","sigma":"0","rptime":"1439888400","rpr":1500.029275973,"rprd":116.84146468108,"rpsigma":"0","acre":1040,"lacre":1040,"oldacre":"1000"},"endType":"normal"}