{"seed":[47298,59299,11590,53788],"turns":27,"p1":"bhunt99","p2":"rubensd","p1team":[{"name":"Victreebel","moves":["knockoff","sludgebomb","gigadrain","suckerpunch"],"ability":"Chlorophyll","evs":{"hp":85,"atk":85,"def":85,"spa":85,"spd":85,"spe":85},"ivs":{"hp":31,"atk":31,"def":31,"spa":31,"spd":31,"spe":31},"item":"Life Orb","level":82,"shiny":false},{"name":"Wormadam-Trash","moves":["protect","gyroball","toxic","stealthrock"],"ability":"Overcoat","evs":{"hp":85,"atk":170,"def":85,"spa":85,"spd":85,"spe":0},"ivs":{"hp":31,"atk":31,"def":31,"spa":31,"spd":31,"spe":0},"item":"Leftovers","level":83,"shiny":false},{"name":"Yveltal","moves":["foulplay","darkpulse","roost","oblivionwing"],"ability":"Dark Aura","evs":{"hp":81,"atk":85,"def":85,"spa":89,"spd":85,"spe":85},"ivs":{"hp":31,"atk":31,"def":31,"spa":31,"spd":31,"spe":31},"item":"Leftovers","level":73,"shiny":false},{"name":"Cloyster","moves":["shellsmash","hydropump","iceshard","iciclespear"],"ability":"Skill Link","evs":{"hp":81,"atk":89,"def":85,"spa":85,"spd":85,"spe":85},"ivs":{"hp":31,"atk":31,"def":31,"spa":31,"spd":31,"spe":31},"item":"White Herb","level":77,"shiny":false},{"name":"Rotom-Wash","moves":["willowisp","trick","hydropump","hiddenpowerice"],"ability":"Levitate","evs":{"hp":85,"atk":85,"def":85,"spa":85,"spd":85,"spe":85},"ivs":{"hp":31,"atk":30,"def":30,"spa":31,"spd":31,"spe":31},"item":"Choice Scarf","level":75,"shiny":false},{"name":"Glaceon","moves":["icebeam","wish","shadowball","healbell"],"ability":"Snow Cloak","evs":{"hp":81,"atk":85,"def":85,"spa":89,"spd":85,"spe":85},"ivs":{"hp":31,"atk":31,"def":31,"spa":31,"spd":31,"spe":31},"item":"Leftovers","level":83,"shiny":false}],"p2team":[{"name":"Aegislash","moves":["swordsdance","ironhead","shadowclaw","kingsshield"],"ability":"Stance Change","evs":{"hp":85,"atk":85,"def":85,"spa":85,"spd":85,"spe":85},"ivs":{"hp":31,"atk":31,"def":31,"spa":31,"spd":31,"spe":31},"item":"Air Balloon","level":74,"shiny":false},{"name":"Shedinja","moves":["xscissor","shadowclaw","willowisp","swordsdance"],"ability":"Wonder Guard","evs":{"hp":0,"atk":255,"def":0,"spa":85,"spd":0,"spe":85},"ivs":{"hp":31,"atk":31,"def":31,"spa":31,"spd":31,"spe":31},"item":"Focus Sash","level":83,"shiny":false},{"name":"Sylveon","moves":["wish","shadowball","hypervoice","batonpass"],"ability":"Pixilate","evs":{"hp":85,"atk":85,"def":85,"spa":85,"spd":85,"spe":85},"ivs":{"hp":31,"atk":31,"def":31,"spa":31,"spd":31,"spe":31},"item":"Leftovers","level":75,"shiny":false},{"name":"Linoone","moves":["seedbomb","shadowclaw","bellydrum","extremespeed"],"ability":"Quick Feet","evs":{"hp":81,"atk":89,"def":85,"spa":85,"spd":85,"spe":85},"ivs":{"hp":31,"atk":31,"def":31,"spa":31,"spd":31,"spe":31},"item":"Sitrus Berry","level":83,"shiny":false},{"name":"Torterra","moves":["earthquake","rockpolish","woodhammer","stoneedge"],"ability":"Overgrow","evs":{"hp":85,"atk":85,"def":85,"spa":85,"spd":85,"spe":85},"ivs":{"hp":31,"atk":31,"def":31,"spa":31,"spd":31,"spe":31},"item":"Life Orb","level":81,"shiny":false},{"name":"Aurorus","moves":["stealthrock","hypervoice","earthpower","encore"],"ability":"Refrigerate","evs":{"hp":81,"atk":85,"def":85,"spa":89,"spd":85,"spe":85},"ivs":{"hp":31,"atk":31,"def":31,"spa":31,"spd":31,"spe":31},"item":"Leftovers","level":81,"shiny":false}],"log":["|player|p1|bhunt99|15","|player|p2|rubensd|144","|gametype|singles","|gen|6","|tier|Random Battle","|rated","|rule|Sleep Clause Mod: Limit one foe put to sleep","|rule|HP Percentage Mod: HP is shown in percentages","|","|start","|switch|p1a: Victreebel|Victreebel, L82, M|265/265","|switch|p2a: Aegislash|Aegislash, L74, M|211/211","|-item|p2a: Aegislash|Air Balloon","|turn|1","|","|move|p1a: Victreebel|Sucker Punch|p2a: Aegislash","|-fail|p1a: Victreebel","|move|p2a: Aegislash|Swords Dance|p2a: Aegislash","|-boost|p2a: Aegislash|atk|2","|","|turn|2","|","|move|p1a: Victreebel|Sucker Punch|p2a: Aegislash","|-supereffective|p2a: Aegislash","|-damage|p2a: Aegislash|104/211","|-enditem|p2a: Aegislash|Air Balloon","|-damage|p1a: Victreebel|239/265|[from] item: Life Orb","|-formechange|p2a: Aegislash|Aegislash-Blade","|move|p2a: Aegislash|Shadow Claw|p1a: Victreebel","|-damage|p1a: Victreebel|28/265","|","|turn|3","|","|switch|p2a: Linoone|Linoone, L83, F|264/264","|move|p1a: Victreebel|Sucker Punch|p2a: Linoone","|-fail|p1a: Victreebel","|","|turn|4","|","|move|p2a: Linoone|Belly Drum|p2a: Linoone","|-damage|p2a: Linoone|132/264","|-setboost|p2a: Linoone|atk|6|[from] move: Belly Drum","|-enditem|p2a: Linoone|Sitrus Berry|[eat]","|-heal|p2a: Linoone|198/264|[from] item: Sitrus Berry","|move|p1a: Victreebel|Sludge Bomb|p2a: Linoone","|-damage|p2a: Linoone|49/264","|-damage|p1a: Victreebel|2/265|[from] item: Life Orb","|","|turn|5","|","|move|p2a: Linoone|Extreme Speed|p1a: Victreebel","|-crit|p1a: Victreebel","|-damage|p1a: Victreebel|0 fnt","|faint|p1a: Victreebel","|","|","|switch|p1a: Yveltal|Yveltal, L73|304/304","|-ability|p1a: Yveltal|Dark Aura","|turn|6","|","|move|p2a: Linoone|Extreme Speed|p1a: Yveltal","|-damage|p1a: Yveltal|42/304","|move|p1a: Yveltal|Dark Pulse|p2a: Linoone","|-damage|p2a: Linoone|0 fnt","|faint|p2a: Linoone","|","|-heal|p1a: Yveltal|61/304|[from] item: Leftovers","|","|switch|p2a: Aegislash|Aegislash, L74, M|104/211","|turn|7","|","|move|p1a: Yveltal|Dark Pulse|p2a: Aegislash","|-crit|p2a: Aegislash","|-supereffective|p2a: Aegislash","|-damage|p2a: Aegislash|0 fnt","|faint|p2a: Aegislash","|","|-heal|p1a: Yveltal|80/304|[from] item: Leftovers","|","|switch|p2a: Sylveon|Sylveon, L75, M|266/266","|turn|8","|","|move|p1a: Yveltal|Oblivion Wing|p2a: Sylveon","|-damage|p2a: Sylveon|202/266","|-heal|p1a: Yveltal|128/304|[from] drain|[of] p2a: Sylveon","|move|p2a: Sylveon|Hyper Voice|p1a: Yveltal","|-supereffective|p1a: Yveltal","|-damage|p1a: Yveltal|0 fnt","|faint|p1a: Yveltal","|","|-heal|p2a: Sylveon|218/266|[from] item: Leftovers","|","|switch|p1a: Cloyster|Cloyster, L77, F|203/203","|turn|9","|","|move|p1a: Cloyster|Ice Shard|p2a: Sylveon","|-damage|p2a: Sylveon|173/266","|move|p2a: Sylveon|Hyper Voice|p1a: Cloyster","|-crit|p1a: Cloyster","|-damage|p1a: Cloyster|0 fnt","|faint|p1a: Cloyster","|","|-heal|p2a: Sylveon|189/266|[from] item: Leftovers","|","|switch|p1a: Wormadam-Trash|Wormadam-Trash, L83, F|235/235","|turn|10","|","|move|p2a: Sylveon|Hyper Voice|p1a: Wormadam-Trash","|-resisted|p1a: Wormadam-Trash","|-damage|p1a: Wormadam-Trash|181/235","|move|p1a: Wormadam-Trash|Toxic|p2a: Sylveon","|-status|p2a: Sylveon|tox","|","|-heal|p2a: Sylveon|205/266 tox|[from] item: Leftovers","|-heal|p1a: Wormadam-Trash|195/235|[from] item: Leftovers","|-damage|p2a: Sylveon|189/266 tox|[from] psn","|turn|11","|","|switch|p1a: Glaceon|Glaceon, L83, F|243/243","|move|p2a: Sylveon|Wish|p2a: Sylveon","|","|-heal|p2a: Sylveon|205/266 tox|[from] item: Leftovers","|-damage|p2a: Sylveon|173/266 tox|[from] psn","|turn|12","|","|move|p1a: Glaceon|Shadow Ball|p2a: Sylveon","|-damage|p2a: Sylveon|117/266 tox","|move|p2a: Sylveon|Hyper Voice|p1a: Glaceon","|-damage|p1a: Glaceon|143/243","|","|-heal|p2a: Sylveon|250/266 tox|[from] move: Wish|[wisher] Sylveon","|-heal|p1a: Glaceon|158/243|[from] item: Leftovers","|-heal|p2a: Sylveon|266/266 tox|[from] item: Leftovers","|-damage|p2a: Sylveon|218/266 tox|[from] psn","|turn|13","|","|move|p1a: Glaceon|Ice Beam|p2a: Sylveon","|-damage|p2a: Sylveon|127/266 tox","|move|p2a: Sylveon|Shadow Ball|p1a: Glaceon","|-crit|p1a: Glaceon","|-damage|p1a: Glaceon|89/243","|","|-heal|p1a: Glaceon|104/243|[from] item: Leftovers","|-heal|p2a: Sylveon|143/266 tox|[from] item: Leftovers","|-damage|p2a: Sylveon|79/266 tox|[from] psn","|turn|14","|","|move|p1a: Glaceon|Shadow Ball|p2a: Sylveon","|-damage|p2a: Sylveon|18/266 tox","|move|p2a: Sylveon|Wish|p2a: Sylveon","|","|-heal|p1a: Glaceon|119/243|[from] item: Leftovers","|-heal|p2a: Sylveon|34/266 tox|[from] item: Leftovers","|-damage|p2a: Sylveon|0 fnt|[from] psn","|faint|p2a: Sylveon","|","|switch|p2a: Shedinja|Shedinja, L83|1/1","|turn|15","|","|move|p1a: Glaceon|Shadow Ball|p2a: Shedinja","|-supereffective|p2a: Shedinja","|-enditem|p2a: Shedinja|Focus Sash","|-damage|p2a: Shedinja|1/1","|move|p2a: Shedinja|Swords Dance|p2a: Shedinja","|-boost|p2a: Shedinja|atk|2","|","|-heal|p1a: Glaceon|134/243|[from] item: Leftovers","|turn|16","|","|move|p1a: Glaceon|Shadow Ball|p2a: Shedinja","|-crit|p2a: Shedinja","|-supereffective|p2a: Shedinja","|-damage|p2a: Shedinja|0 fnt","|faint|p2a: Shedinja","|","|-heal|p1a: Glaceon|149/243|[from] item: Leftovers","|","|switch|p2a: Aurorus|Aurorus, L81, F|331/331","|turn|17","|","|move|p1a: Glaceon|Shadow Ball|p2a: Aurorus","|-damage|p2a: Aurorus|255/331","|-unboost|p2a: Aurorus|spd|1","|move|p2a: Aurorus|Earth Power|p1a: Glaceon","|-damage|p1a: Glaceon|86/243","|","|-heal|p1a: Glaceon|101/243|[from] item: Leftovers","|-heal|p2a: Aurorus|275/331|[from] item: Leftovers","|turn|18","|","|move|p1a: Glaceon|Shadow Ball|p2a: Aurorus","|-damage|p2a: Aurorus|175/331","|move|p2a: Aurorus|Hyper Voice|p1a: Glaceon","|-resisted|p1a: Glaceon","|-damage|p1a: Glaceon|40/243","|","|-heal|p1a: Glaceon|55/243|[from] item: Leftovers","|-heal|p2a: Aurorus|195/331|[from] item: Leftovers","|turn|19","|","|move|p1a: Glaceon|Shadow Ball|p2a: Aurorus","|-damage|p2a: Aurorus|92/331","|move|p2a: Aurorus|Hyper Voice|p1a: Glaceon","|-resisted|p1a: Glaceon","|-damage|p1a: Glaceon|1/243","|","|-heal|p1a: Glaceon|16/243|[from] item: Leftovers","|-heal|p2a: Aurorus|112/331|[from] item: Leftovers","|turn|20","|","|move|p1a: Glaceon|Shadow Ball|p2a: Aurorus","|-damage|p2a: Aurorus|10/331","|move|p2a: Aurorus|Hyper Voice|p1a: Glaceon","|-resisted|p1a: Glaceon","|-damage|p1a: Glaceon|0 fnt","|faint|p1a: Glaceon","|","|-heal|p2a: Aurorus|30/331|[from] item: Leftovers","|","|switch|p1a: Wormadam-Trash|Wormadam-Trash, L83, F|195/235","|turn|21","|","|move|p2a: Aurorus|Earth Power|p1a: Wormadam-Trash","|-damage|p1a: Wormadam-Trash|132/235","|move|p1a: Wormadam-Trash|Toxic|p2a: Aurorus","|-status|p2a: Aurorus|tox","|","|-heal|p2a: Aurorus|50/331 tox|[from] item: Leftovers","|-heal|p1a: Wormadam-Trash|146/235|[from] item: Leftovers","|-damage|p2a: Aurorus|30/331 tox|[from] psn","|turn|22","|","|move|p2a: Aurorus|Encore|p1a: Wormadam-Trash","|-start|p1a: Wormadam-Trash|Encore","|move|p1a: Wormadam-Trash|Toxic|p2a: Aurorus","|-fail|p2a: Aurorus|tox","|","|-heal|p2a: Aurorus|50/331 tox|[from] item: Leftovers","|-heal|p1a: Wormadam-Trash|160/235|[from] item: Leftovers","|-damage|p2a: Aurorus|10/331 tox|[from] psn","|turn|23","|","|move|p2a: Aurorus|Stealth Rock|p1a: Wormadam-Trash","|-sidestart|p1: bhunt99|move: Stealth Rock","|move|p1a: Wormadam-Trash|Toxic|p2a: Aurorus","|-fail|p2a: Aurorus|tox","|","|-heal|p2a: Aurorus|30/331 tox|[from] item: Leftovers","|-heal|p1a: Wormadam-Trash|174/235|[from] item: Leftovers","|-damage|p2a: Aurorus|0 fnt|[from] psn","|faint|p2a: Aurorus","|","|switch|p2a: Torterra|Torterra, L81, M|287/287","|turn|24","|","|move|p2a: Torterra|Rock Polish|p2a: Torterra","|-boost|p2a: Torterra|spe|2","|move|p1a: Wormadam-Trash|Toxic|p2a: Torterra","|-status|p2a: Torterra|tox","|","|-heal|p1a: Wormadam-Trash|188/235|[from] item: Leftovers","|-damage|p2a: Torterra|270/287 tox|[from] psn","|-end|p1a: Wormadam-Trash|Encore","|turn|25","|","|move|p2a: Torterra|Earthquake|p1a: Wormadam-Trash","|-damage|p1a: Wormadam-Trash|52/235","|-damage|p2a: Torterra|242/287 tox|[from] item: Life Orb","|move|p1a: Wormadam-Trash|Gyro Ball|p2a: Torterra","|-damage|p2a: Torterra|148/287 tox","|","|-heal|p1a: Wormadam-Trash|66/235|[from] item: Leftovers","|-damage|p2a: Torterra|114/287 tox|[from] psn","|turn|26","|","|move|p2a: Torterra|Earthquake|p1a: Wormadam-Trash","|-damage|p1a: Wormadam-Trash|0 fnt","|-damage|p2a: Torterra|86/287 tox|[from] item: Life Orb","|faint|p1a: Wormadam-Trash","|","|-damage|p2a: Torterra|35/287 tox|[from] psn","|","|switch|p1a: Rotom-Wash|Rotom-Wash, L75|199/199","|-damage|p1a: Rotom-Wash|175/199|[from] Stealth Rock","|turn|27","|","|move|p2a: Torterra|Wood Hammer|p1a: Rotom-Wash","|-supereffective|p1a: Rotom-Wash","|-damage|p1a: Rotom-Wash|0 fnt","|-damage|p2a: Torterra|0 fnt|[from] recoil|[of] p1a: Rotom-Wash","|faint|p1a: Rotom-Wash","|faint|p2a: Torterra","|","|win|rubensd"],"p1rating":{"entryid":"7885","serverid":"eos","formatid":"randombattle","userid":"bhunt99","username":"bhunt99","w":"1","l":2,"t":"0","gxe":45.8,"r":"1459.8393856612","rd":"122.8583080769","sigma":"0","rptime":"1439888400","rpr":1466.8981143329,"rprd":111.63002965141,"rpsigma":"0","acre":1022.1660277196,"lacre":1022.1660277196,"oldacre":"1040"},"p2rating":{"entryid":76626,"formatid":"randombattle","userid":"rubensd","username":"rubensd","r":1500,"rd":130,"sigma":0,"rpr":1536.1182879878,"rprd":122.83141802352,"rpsigma":0,"rptime":1439888400,"w":1,"l":0,"t":0,"gxe":54.5,"acre":1044.584930701,"lacre":1044.584930701,"oldacre":1000},"endType":"normal"}