{"seed":[59647,18524,12243,47136],"turns":22,"p1":"Ynfynyt Scroll","p2":"legendofhyrule","p1team":[{"name":"Kangaskhan","moves":["crunch","suckerpunch","earthquake","return"],"ability":"Scrappy","evs":{"hp":85,"atk":85,"def":85,"spa":85,"spd":85,"spe":85},"ivs":{"hp":31,"atk":31,"def":31,"spa":31,"spd":31,"spe":31},"item":"Kangaskhanite","level":74,"shiny":false},{"name":"Articuno","moves":["toxic","freezedry","substitute","roost"],"ability":"Snow Cloak","evs":{"hp":85,"atk":85,"def":85,"spa":85,"spd":85,"spe":85},"ivs":{"hp":31,"atk":31,"def":31,"spa":31,"spd":31,"spe":31},"item":"Leftovers","level":83,"shiny":false},{"name":"Charizard","moves":["earthquake","roost","flareblitz","acrobatics"],"ability":"Blaze","evs":{"hp":85,"atk":85,"def":85,"spa":85,"spd":85,"spe":85},"ivs":{"hp":31,"atk":31,"def":31,"spa":31,"spd":31,"spe":31},"item":"Flying Gem","level":81,"shiny":false},{"name":"Kyurem","moves":["focusblast","outrage","dragonpulse","substitute"],"ability":"Pressure","evs":{"hp":85,"atk":85,"def":85,"spa":85,"spd":85,"spe":85},"ivs":{"hp":31,"atk":31,"def":31,"spa":31,"spd":31,"spe":31},"item":"Leftovers","level":78,"shiny":false},{"name":"Volbeat","moves":["thunderwave","tailwind","bugbuzz","encore"],"ability":"Prankster","evs":{"hp":81,"atk":85,"def":85,"spa":89,"spd":85,"spe":85},"ivs":{"hp":31,"atk":31,"def":31,"spa":31,"spd":31,"spe":31},"item":"Leftovers","level":83,"shiny":false},{"name":"Metagross","moves":["agility","icepunch","explosion","meteormash"],"ability":"Clear Body","evs":{"hp":85,"atk":85,"def":85,"spa":85,"spd":85,"spe":85},"ivs":{"hp":31,"atk":31,"def":31,"spa":31,"spd":31,"spe":31},"item":"Weakness Policy","level":77,"shiny":false}],"p2team":[{"name":"Porygon2","moves":["thunderbolt","thunderwave","triattack","recover"],"ability":"Download","evs":{"hp":85,"atk":85,"def":85,"spa":85,"spd":85,"spe":85},"ivs":{"hp":31,"atk":31,"def":31,"spa":31,"spd":31,"spe":31},"item":"Eviolite","level":77,"shiny":false},{"name":"Haxorus","moves":["poisonjab","taunt","dragonclaw","outrage"],"ability":"Mold Breaker","evs":{"hp":85,"atk":85,"def":85,"spa":85,"spd":85,"spe":85},"ivs":{"hp":31,"atk":31,"def":31,"spa":31,"spd":31,"spe":31},"item":"Life Orb","level":77,"shiny":false},{"name":"Metagross","moves":["icepunch","earthquake","agility","meteormash"],"ability":"Clear Body","evs":{"hp":85,"atk":85,"def":85,"spa":85,"spd":85,"spe":85},"ivs":{"hp":31,"atk":31,"def":31,"spa":31,"spd":31,"spe":31},"item":"Metagrossite","level":75,"shiny":false},{"name":"Muk","moves":["icepunch","gunkshot","curse","firepunch"],"ability":"Poison Touch","evs":{"hp":85,"atk":85,"def":85,"spa":85,"spd":85,"spe":85},"ivs":{"hp":31,"atk":31,"def":31,"spa":31,"spd":31,"spe":31},"item":"Life Orb","level":81,"shiny":false},{"name":"Thundurus","moves":["hiddenpowerice","thunderwave","nastyplot","thunderbolt"],"ability":"Prankster","evs":{"hp":85,"atk":85,"def":85,"spa":85,"spd":85,"spe":85},"ivs":{"hp":31,"atk":30,"def":30,"spa":31,"spd":31,"spe":31},"item":"Leftovers","level":75,"shiny":false},{"name":"Shuckle","moves":["stealthrock","encore","toxic","stickyweb"],"ability":"Sturdy","evs":{"hp":85,"atk":85,"def":85,"spa":85,"spd":85,"spe":85},"ivs":{"hp":31,"atk":31,"def":31,"spa":31,"spd":31,"spe":31},"item":"Leftovers","level":78,"shiny":false}],"log":["|player|p1|Ynfynyt Scroll|265","|player|p2|legendofhyrule|101","|gametype|singles","|gen|6","|tier|Random Battle","|rated","|rule|Sleep Clause Mod: Limit one foe put to sleep","|rule|HP Percentage Mod: HP is shown in percentages","|","|start","|switch|p1a: Kangaskhan|Kangaskhan, L74, F|277/277","|switch|p2a: Porygon2|Porygon2, L77|257/257","|-boost|p2a: Porygon2|spa|1|[from] ability: Download","|turn|1","|","|detailschange|p1a: Kangaskhan|Kangaskhan-Mega, L74, F","|-mega|p1a: Kangaskhan|Kangaskhan|Kangaskhanite","|move|p1a: Kangaskhan|Return|p2a: Porygon2","|-damage|p2a: Porygon2|176/257","|-damage|p2a: Porygon2|137/257","|-hitcount|p2a: Porygon2|2","|move|p2a: Porygon2|Thunder Wave|p1a: Kangaskhan","|-status|p1a: Kangaskhan|par","|","|turn|2","|","|move|p2a: Porygon2|Tri Attack|p1a: Kangaskhan","|-damage|p1a: Kangaskhan|153/277 par","|move|p1a: Kangaskhan|Return|p2a: Porygon2","|-damage|p2a: Porygon2|62/257","|-damage|p2a: Porygon2|23/257","|-hitcount|p2a: Porygon2|2","|","|turn|3","|","|move|p1a: Kangaskhan|Sucker Punch|p2a: Porygon2","|-damage|p2a: Porygon2|0 fnt","|-hitcount|p2a: Porygon2|1","|faint|p2a: Porygon2","|","|","|switch|p2a: Muk|Muk, L81, F|303/303","|turn|4","|","|move|p2a: Muk|Curse|p2a: Muk","|-unboost|p2a: Muk|spe|1","|-boost|p2a: Muk|atk|1","|-boost|p2a: Muk|def|1","|move|p1a: Kangaskhan|Earthquake|p2a: Muk","|-supereffective|p2a: Muk","|-damage|p2a: Muk|191/303","|-crit|p2a: Muk","|-supereffective|p2a: Muk","|-damage|p2a: Muk|75/303","|-hitcount|p2a: Muk|2","|","|turn|5","|","|cant|p1a: Kangaskhan|par","|move|p2a: Muk|Gunk Shot|p1a: Kangaskhan","|-damage|p1a: Kangaskhan|0 fnt","|-damage|p2a: Muk|45/303|[from] item: Life Orb","|faint|p1a: Kangaskhan","|","|","|switch|p1a: Articuno|Articuno, L83|285/285","|turn|6","|","|move|p1a: Articuno|Freeze-Dry|p2a: Muk","|-damage|p2a: Muk|0 fnt","|faint|p2a: Muk","|","|","|switch|p2a: Thundurus|Thundurus, L75, M|242/242","|turn|7","|","|move|p2a: Thundurus|Nasty Plot|p2a: Thundurus","|-boost|p2a: Thundurus|spa|2","|move|p1a: Articuno|Freeze-Dry|p2a: Thundurus","|-crit|p2a: Thundurus","|-supereffective|p2a: Thundurus","|-damage|p2a: Thundurus|0 fnt","|faint|p2a: Thundurus","|","|","|switch|p2a: Metagross|Metagross, L75|244/244","|turn|8","|","|switch|p1a: Volbeat|Volbeat, L83, M|243/243","|detailschange|p2a: Metagross|Metagross-Mega, L75","|-mega|p2a: Metagross|Metagross|Metagrossite","|move|p2a: Metagross|Agility|p2a: Metagross","|-boost|p2a: Metagross|spe|2","|","|turn|9","|","|move|p1a: Volbeat|Encore|p2a: Metagross","|-start|p2a: Metagross|Encore","|move|p2a: Metagross|Agility|p2a: Metagross","|-boost|p2a: Metagross|spe|2","|","|turn|10","|","|switch|p2a: Shuckle|Shuckle, L78, M|159/159","|move|p1a: Volbeat|Thunder Wave|p2a: Shuckle","|-status|p2a: Shuckle|par","|","|turn|11","|","|move|p1a: Volbeat|Tailwind|p1a: Volbeat","|-sidestart|p1: Ynfynyt Scroll|move: Tailwind","|move|p2a: Shuckle|Encore|p1a: Volbeat","|-start|p1a: Volbeat|Encore","|","|turn|12","|","|switch|p1a: Metagross|Metagross, L77|250/250","|move|p2a: Shuckle|Sticky Web|p1a: Metagross","|-sidestart|p1: Ynfynyt Scroll|move: Sticky Web","|","|turn|13","|","|move|p1a: Metagross|Meteor Mash|p2a: Shuckle","|-supereffective|p2a: Shuckle","|-damage|p2a: Shuckle|57/159 par","|-boost|p1a: Metagross|atk|1","|move|p2a: Shuckle|Encore|p1a: Metagross","|-start|p1a: Metagross|Encore","|","|-heal|p2a: Shuckle|66/159 par|[from] item: Leftovers","|turn|14","|","|move|p1a: Metagross|Meteor Mash|p2a: Shuckle","|-supereffective|p2a: Shuckle","|-damage|p2a: Shuckle|0 fnt","|faint|p2a: Shuckle","|","|-sideend|p1: Ynfynyt Scroll|move: Tailwind","|","|switch|p2a: Metagross|Metagross-Mega, L75|244/244","|turn|15","|","|move|p2a: Metagross|Earthquake|p1a: Metagross","|-supereffective|p1a: Metagross","|-damage|p1a: Metagross|124/250","|-enditem|p1a: Metagross|Weakness Policy","|-boost|p1a: Metagross|atk|2|[from] item: Weakness Policy","|-boost|p1a: Metagross|spa|2|[from] item: Weakness Policy","|move|p1a: Metagross|Meteor Mash|p2a: Metagross","|-resisted|p2a: Metagross","|-damage|p2a: Metagross|147/244","|","|turn|16","|","|move|p2a: Metagross|Earthquake|p1a: Metagross","|-supereffective|p1a: Metagross","|-damage|p1a: Metagross|2/250","|move|p1a: Metagross|Meteor Mash|p2a: Metagross","|-resisted|p2a: Metagross","|-damage|p2a: Metagross|60/244","|","|-end|p1a: Metagross|Encore","|turn|17","|","|move|p2a: Metagross|Meteor Mash|p1a: Metagross","|-resisted|p1a: Metagross","|-damage|p1a: Metagross|0 fnt","|faint|p1a: Metagross","|","|","|switch|p1a: Volbeat|Volbeat, L83, M|243/243","|-activate|p1a: Volbeat|move: Sticky Web","|-unboost|p1a: Volbeat|spe|1","|turn|18","|","|move|p1a: Volbeat|Encore|p2a: Metagross","|-start|p2a: Metagross|Encore","|move|p2a: Metagross|Meteor Mash|p1a: Volbeat","|-damage|p1a: Volbeat|54/243","|-boost|p2a: Metagross|atk|1","|","|-heal|p1a: Volbeat|69/243|[from] item: Leftovers","|turn|19","|","|move|p1a: Volbeat|Thunder Wave|p2a: Metagross","|-status|p2a: Metagross|par","|move|p2a: Metagross|Meteor Mash|p1a: Volbeat","|-damage|p1a: Volbeat|0 fnt","|-boost|p2a: Metagross|atk|1","|faint|p1a: Volbeat","|","|","|switch|p1a: Charizard|Charizard, L81, F|259/259","|turn|20","|","|move|p1a: Charizard|Flare Blitz|p2a: Metagross","|-supereffective|p2a: Metagross","|-damage|p2a: Metagross|0 fnt","|-damage|p1a: Charizard|239/259|[from] recoil|[of] p2a: Metagross","|faint|p2a: Metagross","|","|","|switch|p2a: Haxorus|Haxorus, L77, F|244/244","|-ability|p2a: Haxorus|Mold Breaker","|turn|21","|","|move|p1a: Charizard|Acrobatics|p2a: Haxorus","|-enditem|p1a: Charizard|Flying Gem|[from] gem|[move] Acrobatics","|-damage|p2a: Haxorus|106/244","|move|p2a: Haxorus|Dragon Claw|p1a: Charizard","|-damage|p1a: Charizard|95/259","|-damage|p2a: Haxorus|82/244|[from] item: Life Orb","|","|turn|22","|","|move|p1a: Charizard|Acrobatics|p2a: Haxorus","|-damage|p2a: Haxorus|0 fnt","|faint|p2a: Haxorus","|","|win|Ynfynyt Scroll"],"p1rating":{"entryid":15269,"formatid":"randombattle","userid":"ynfynytscroll","username":"Ynfynyt Scroll","r":1500,"rd":130,"sigma":0,"rpr":1540.1606143388,"rprd":122.8583080769,"rpsigma":0,"rptime":1439802000,"w":1,"l":0,"t":0,"gxe":55,"acre":1040,"lacre":1040,"oldacre":1000},"p2rating":{"entryid":15270,"formatid":"randombattle","userid":"legendofhyrule","username":"legendofhyrule","r":1500,"rd":130,"sigma":0,"rpr":1459.8393856612,"rprd":122.8583080769,"rpsigma":0,"rptime":1439802000,"w":0,"l":1,"t":0,"gxe":45,"acre":1000,"lacre":1000,"oldacre":1000},"endType":"normal"}