{"seed":[4469,13332,19570,41911],"turns":31,"p1":"Doga","p2":"Nechoha","p1team":[{"name":"Scrafty","moves":["rest","icepunch","knockoff","drainpunch"],"ability":"Shed Skin","evs":{"hp":85,"atk":85,"def":85,"spa":85,"spd":85,"spe":85},"ivs":{"hp":31,"atk":31,"def":31,"spa":31,"spd":31,"spe":31},"item":"Leftovers","level":79,"shiny":false},{"name":"Audino","moves":["wish","protect","hypervoice","healbell"],"ability":"Regenerator","evs":{"hp":85,"atk":85,"def":85,"spa":85,"spd":85,"spe":85},"ivs":{"hp":31,"atk":31,"def":31,"spa":31,"spd":31,"spe":31},"item":"Audinite","level":81,"shiny":false},{"name":"Lugia","moves":["roost","substitute","toxic","aeroblast"],"ability":"Multiscale","evs":{"hp":85,"atk":85,"def":85,"spa":85,"spd":85,"spe":85},"ivs":{"hp":31,"atk":31,"def":31,"spa":31,"spd":31,"spe":31},"item":"Leftovers","level":73,"shiny":false},{"name":"Bellossom","moves":["hiddenpowerfire","sleeppowder","synthesis","gigadrain"],"ability":"Chlorophyll","evs":{"hp":85,"atk":85,"def":85,"spa":85,"spd":85,"spe":85},"ivs":{"hp":31,"atk":30,"def":31,"spa":30,"spd":31,"spe":30},"item":"Leftovers","level":83,"shiny":false},{"name":"Steelix","moves":["ironhead","rockslide","stealthrock","earthquake"],"ability":"Sheer Force","evs":{"hp":85,"atk":85,"def":85,"spa":85,"spd":85,"spe":85},"ivs":{"hp":31,"atk":31,"def":31,"spa":31,"spd":31,"spe":31},"item":"Life Orb","level":79,"shiny":false},{"name":"Swalot","moves":["yawn","icebeam","painsplit","sludgebomb"],"ability":"Liquid Ooze","evs":{"hp":85,"atk":85,"def":85,"spa":85,"spd":85,"spe":85},"ivs":{"hp":31,"atk":31,"def":31,"spa":31,"spd":31,"spe":31},"item":"Black Sludge","level":83,"shiny":false}],"p2team":[{"name":"Mew","moves":["taunt","psyshock","aurasphere","defog"],"ability":"Synchronize","evs":{"hp":85,"atk":85,"def":85,"spa":85,"spd":85,"spe":85},"ivs":{"hp":31,"atk":31,"def":31,"spa":31,"spd":31,"spe":31},"item":"Leftovers","level":75,"shiny":false},{"name":"Shaymin-Sky","moves":["healingwish","substitute","leechseed","airslash"],"ability":"Serene Grace","evs":{"hp":85,"atk":85,"def":85,"spa":85,"spd":85,"spe":85},"ivs":{"hp":31,"atk":31,"def":31,"spa":31,"spd":31,"spe":31},"item":"Leftovers","level":73,"shiny":false},{"name":"Ditto","moves":["transform"],"ability":"Imposter","evs":{"hp":85,"atk":85,"def":85,"spa":85,"spd":85,"spe":85},"ivs":{"hp":31,"atk":31,"def":31,"spa":31,"spd":31,"spe":31},"item":"Choice Scarf","level":83,"shiny":false},{"name":"Galvantula","moves":["thunder","bugbuzz","gigadrain","stickyweb"],"ability":"Compound Eyes","evs":{"hp":85,"atk":85,"def":85,"spa":85,"spd":85,"spe":85},"ivs":{"hp":31,"atk":31,"def":31,"spa":31,"spd":31,"spe":31},"item":"Life Orb","level":77,"shiny":false},{"name":"Torkoal","moves":["stealthrock","hiddenpowergrass","rapidspin","fireblast"],"ability":"White Smoke","evs":{"hp":81,"atk":85,"def":85,"spa":89,"spd":85,"spe":85},"ivs":{"hp":31,"atk":30,"def":31,"spa":30,"spd":31,"spe":31},"item":"Life Orb","level":83,"shiny":false},{"name":"Steelix","moves":["roar","earthquake","stealthrock","toxic"],"ability":"Rock Head","evs":{"hp":85,"atk":85,"def":85,"spa":85,"spd":85,"spe":85},"ivs":{"hp":31,"atk":31,"def":31,"spa":31,"spd":31,"spe":31},"item":"Steelixite","level":79,"shiny":false}],"log":["|player|p1|Doga|274","|player|p2|Nechoha|99","|gametype|singles","|gen|6","|tier|Random Battle","|rated","|rule|Sleep Clause Mod: Limit one foe put to sleep","|rule|HP Percentage Mod: HP is shown in percentages","|","|start","|switch|p1a: Scrafty|Scrafty, L79, F|232/232","|switch|p2a: Mew|Mew, L75|274/274","|turn|1","|","|move|p2a: Mew|Aura Sphere|p1a: Scrafty","|-supereffective|p1a: Scrafty","|-damage|p1a: Scrafty|144/232","|move|p1a: Scrafty|Knock Off|p2a: Mew","|-supereffective|p2a: Mew","|-damage|p2a: Mew|100/274","|-enditem|p2a: Mew|Leftovers|[from] move: Knock Off|[of] p1a: Scrafty","|","|-heal|p1a: Scrafty|158/232|[from] item: Leftovers","|turn|2","|","|switch|p2a: Steelix|Steelix, L79, M|248/248","|move|p1a: Scrafty|Knock Off|p2a: Steelix","|-damage|p2a: Steelix|218/248","|","|-heal|p1a: Scrafty|172/232|[from] item: Leftovers","|turn|3","|","|move|p1a: Scrafty|Ice Punch|p2a: Steelix","|-damage|p2a: Steelix|195/248","|move|p2a: Steelix|Stealth Rock|p1a: Scrafty","|-sidestart|p1: Doga|move: Stealth Rock","|","|-heal|p1a: Scrafty|186/232|[from] item: Leftovers","|turn|4","|","|move|p1a: Scrafty|Ice Punch|p2a: Steelix","|-damage|p2a: Steelix|170/248","|move|p2a: Steelix|Earthquake|p1a: Scrafty","|-damage|p1a: Scrafty|105/232","|","|-heal|p1a: Scrafty|119/232|[from] item: Leftovers","|turn|5","|","|move|p1a: Scrafty|Drain Punch|p2a: Steelix","|-supereffective|p2a: Steelix","|-damage|p2a: Steelix|92/248","|-heal|p1a: Scrafty|158/232|[from] drain|[of] p2a: Steelix","|move|p2a: Steelix|Toxic|p1a: Scrafty|[miss]","|-miss|p2a: Steelix|p1a: Scrafty","|","|-heal|p1a: Scrafty|172/232|[from] item: Leftovers","|turn|6","|","|move|p1a: Scrafty|Drain Punch|p2a: Steelix","|-supereffective|p2a: Steelix","|-damage|p2a: Steelix|20/248","|-heal|p1a: Scrafty|208/232|[from] drain|[of] p2a: Steelix","|move|p2a: Steelix|Roar|p1a: Scrafty","|drag|p1a: Steelix|Steelix, L79, M|248/248","|-damage|p1a: Steelix|241/248|[from] Stealth Rock","|","|turn|7","|","|detailschange|p2a: Steelix|Steelix-Mega, L79, M","|-mega|p2a: Steelix|Steelix|Steelixite","|move|p1a: Steelix|Iron Head|p2a: Steelix","|-resisted|p2a: Steelix","|-damage|p2a: Steelix|0 fnt","|faint|p2a: Steelix","|","|","|switch|p2a: Ditto|Ditto, L83|215/215","|-transform|p2a: Ditto|p1a: Steelix","|turn|8","|","|move|p2a: Ditto|Earthquake|p1a: Steelix","|-supereffective|p1a: Steelix","|-damage|p1a: Steelix|149/248","|move|p1a: Steelix|Iron Head|p2a: Ditto","|-resisted|p2a: Ditto","|-damage|p2a: Ditto|184/215","|","|turn|9","|","|move|p2a: Ditto|Earthquake|p1a: Steelix","|-supereffective|p1a: Steelix","|-damage|p1a: Steelix|53/248","|move|p1a: Steelix|Earthquake|p2a: Ditto","|-supereffective|p2a: Ditto","|-damage|p2a: Ditto|57/215","|-damage|p1a: Steelix|29/248|[from] item: Life Orb","|","|turn|10","|","|move|p2a: Ditto|Earthquake|p1a: Steelix","|-supereffective|p1a: Steelix","|-damage|p1a: Steelix|0 fnt","|faint|p1a: Steelix","|","|","|switch|p1a: Scrafty|Scrafty, L79, F|208/232","|-damage|p1a: Scrafty|194/232|[from] Stealth Rock","|turn|11","|","|move|p2a: Ditto|Earthquake|p1a: Scrafty","|-damage|p1a: Scrafty|113/232","|move|p1a: Scrafty|Ice Punch|p2a: Ditto","|-damage|p2a: Ditto|35/215","|","|-heal|p1a: Scrafty|127/232|[from] item: Leftovers","|turn|12","|","|move|p2a: Ditto|Earthquake|p1a: Scrafty","|-damage|p1a: Scrafty|46/232","|move|p1a: Scrafty|Drain Punch|p2a: Ditto","|-supereffective|p2a: Ditto","|-damage|p2a: Ditto|0 fnt","|-heal|p1a: Scrafty|64/232|[from] drain|[of] p2a: Ditto","|faint|p2a: Ditto","|","|-heal|p1a: Scrafty|78/232|[from] item: Leftovers","|","|switch|p2a: Galvantula|Galvantula, L77, M|234/234","|turn|13","|","|move|p2a: Galvantula|Bug Buzz|p1a: Scrafty","|-damage|p1a: Scrafty|0 fnt","|-damage|p2a: Galvantula|211/234|[from] item: Life Orb","|faint|p1a: Scrafty","|","|","|switch|p1a: Bellossom|Bellossom, L83, M|260/260","|-damage|p1a: Bellossom|228/260|[from] Stealth Rock","|turn|14","|","|move|p2a: Galvantula|Sticky Web|p1a: Bellossom","|-sidestart|p1: Doga|move: Sticky Web","|move|p1a: Bellossom|Sleep Powder|p2a: Galvantula","|-status|p2a: Galvantula|slp","|","|-heal|p1a: Bellossom|244/260|[from] item: Leftovers","|turn|15","|","|cant|p2a: Galvantula|slp","|move|p1a: Bellossom|Hidden Power|p2a: Galvantula","|-supereffective|p2a: Galvantula","|-damage|p2a: Galvantula|103/234 slp","|","|-heal|p1a: Bellossom|260/260|[from] item: Leftovers","|turn|16","|","|cant|p2a: Galvantula|slp","|move|p1a: Bellossom|Hidden Power|p2a: Galvantula","|-supereffective|p2a: Galvantula","|-damage|p2a: Galvantula|0 fnt","|faint|p2a: Galvantula","|","|","|switch|p2a: Torkoal|Torkoal, L83, F|251/251","|turn|17","|","|move|p1a: Bellossom|Sleep Powder|p2a: Torkoal|[miss]","|-miss|p1a: Bellossom|p2a: Torkoal","|move|p2a: Torkoal|Fire Blast|p1a: Bellossom","|-supereffective|p1a: Bellossom","|-damage|p1a: Bellossom|18/260","|-damage|p2a: Torkoal|226/251|[from] item: Life Orb","|","|-heal|p1a: Bellossom|34/260|[from] item: Leftovers","|turn|18","|","|move|p1a: Bellossom|Sleep Powder|p2a: Torkoal|[miss]","|-miss|p1a: Bellossom|p2a: Torkoal","|move|p2a: Torkoal|Rapid Spin|p1a: Bellossom","|-damage|p1a: Bellossom|17/260","|-damage|p2a: Torkoal|201/251|[from] item: Life Orb","|","|-heal|p1a: Bellossom|33/260|[from] item: Leftovers","|turn|19","|","|move|p1a: Bellossom|Synthesis|p1a: Bellossom","|-heal|p1a: Bellossom|163/260","|move|p2a: Torkoal|Fire Blast|p1a: Bellossom","|-crit|p1a: Bellossom","|-supereffective|p1a: Bellossom","|-damage|p1a: Bellossom|0 fnt","|-damage|p2a: Torkoal|176/251|[from] item: Life Orb","|faint|p1a: Bellossom","|","|","|switch|p1a: Swalot|Swalot, L83, F|302/302","|-damage|p1a: Swalot|265/302|[from] Stealth Rock","|-activate|p1a: Swalot|move: Sticky Web","|-unboost|p1a: Swalot|spe|1","|turn|20","|","|move|p1a: Swalot|Sludge Bomb|p2a: Torkoal","|-damage|p2a: Torkoal|85/251","|move|p2a: Torkoal|Fire Blast|p1a: Swalot","|-damage|p1a: Swalot|113/302","|-damage|p2a: Torkoal|60/251|[from] item: Life Orb","|","|-heal|p1a: Swalot|131/302|[from] item: Black Sludge","|turn|21","|","|move|p1a: Swalot|Sludge Bomb|p2a: Torkoal","|-damage|p2a: Torkoal|0 fnt","|faint|p2a: Torkoal","|","|-heal|p1a: Swalot|149/302|[from] item: Black Sludge","|","|switch|p2a: Mew|Mew, L75|100/274","|turn|22","|","|move|p2a: Mew|Psyshock|p1a: Swalot","|-supereffective|p1a: Swalot","|-damage|p1a: Swalot|0 fnt","|faint|p1a: Swalot","|","|","|switch|p1a: Lugia|Lugia, L73|275/275","|-damage|p1a: Lugia|207/275|[from] Stealth Rock","|turn|23","|","|move|p1a: Lugia|Aeroblast|p2a: Mew","|-damage|p2a: Mew|15/274","|move|p2a: Mew|Psyshock|p1a: Lugia","|-resisted|p1a: Lugia","|-damage|p1a: Lugia|180/275","|","|-heal|p1a: Lugia|197/275|[from] item: Leftovers","|turn|24","|","|move|p1a: Lugia|Aeroblast|p2a: Mew","|-damage|p2a: Mew|0 fnt","|faint|p2a: Mew","|","|-heal|p1a: Lugia|214/275|[from] item: Leftovers","|","|switch|p2a: Shaymin-Sky|Shaymin-Sky, L73|266/266","|turn|25","|","|move|p2a: Shaymin-Sky|Substitute|p2a: Shaymin-Sky","|-start|p2a: Shaymin-Sky|Substitute","|-damage|p2a: Shaymin-Sky|200/266","|move|p1a: Lugia|Aeroblast|p2a: Shaymin-Sky","|-supereffective|p2a: Shaymin-Sky","|-end|p2a: Shaymin-Sky|Substitute","|","|-heal|p2a: Shaymin-Sky|216/266|[from] item: Leftovers","|-heal|p1a: Lugia|231/275|[from] item: Leftovers","|turn|26","|","|move|p2a: Shaymin-Sky|Leech Seed|p1a: Lugia","|-start|p1a: Lugia|move: Leech Seed","|move|p1a: Lugia|Toxic|p2a: Shaymin-Sky","|-status|p2a: Shaymin-Sky|tox","|","|-heal|p2a: Shaymin-Sky|232/266 tox|[from] item: Leftovers","|-heal|p1a: Lugia|248/275|[from] item: Leftovers","|-damage|p1a: Lugia|214/275|[from] Leech Seed|[of] p2a: Shaymin-Sky","|-heal|p2a: Shaymin-Sky|266/266 tox|[silent]","|-damage|p2a: Shaymin-Sky|250/266 tox|[from] psn","|turn|27","|","|move|p2a: Shaymin-Sky|Air Slash|p1a: Lugia","|-damage|p1a: Lugia|159/275","|cant|p1a: Lugia|flinch","|","|-heal|p2a: Shaymin-Sky|266/266 tox|[from] item: Leftovers","|-heal|p1a: Lugia|176/275|[from] item: Leftovers","|-damage|p1a: Lugia|142/275|[from] Leech Seed|[of] p2a: Shaymin-Sky","|-damage|p2a: Shaymin-Sky|234/266 tox|[from] psn","|turn|28","|","|move|p2a: Shaymin-Sky|Air Slash|p1a: Lugia","|-damage|p1a: Lugia|90/275","|move|p1a: Lugia|Substitute|p1a: Lugia","|-start|p1a: Lugia|Substitute","|-damage|p1a: Lugia|22/275","|","|-heal|p2a: Shaymin-Sky|250/266 tox|[from] item: Leftovers","|-heal|p1a: Lugia|39/275|[from] item: Leftovers","|-damage|p1a: Lugia|5/275|[from] Leech Seed|[of] p2a: Shaymin-Sky","|-heal|p2a: Shaymin-Sky|266/266 tox|[silent]","|-damage|p2a: Shaymin-Sky|218/266 tox|[from] psn","|turn|29","|","|move|p2a: Shaymin-Sky|Substitute|p2a: Shaymin-Sky","|-start|p2a: Shaymin-Sky|Substitute","|-damage|p2a: Shaymin-Sky|152/266 tox","|move|p1a: Lugia|Aeroblast|p2a: Shaymin-Sky","|-supereffective|p2a: Shaymin-Sky","|-end|p2a: Shaymin-Sky|Substitute","|","|-heal|p2a: Shaymin-Sky|168/266 tox|[from] item: Leftovers","|-heal|p1a: Lugia|22/275|[from] item: Leftovers","|-damage|p1a: Lugia|0 fnt|[from] Leech Seed|[of] p2a: Shaymin-Sky","|-heal|p2a: Shaymin-Sky|190/266 tox|[silent]","|-damage|p2a: Shaymin-Sky|126/266 tox|[from] psn","|faint|p1a: Lugia","|","|switch|p1a: Audino|Audino, L81, F|299/299","|-activate|p1a: Audino|move: Sticky Web","|-unboost|p1a: Audino|spe|1","|-damage|p1a: Audino|262/299|[from] Stealth Rock","|turn|30","|","|move|p2a: Shaymin-Sky|Leech Seed|p1a: Audino","|-start|p1a: Audino|move: Leech Seed","|move|p1a: Audino|Hyper Voice|p2a: Shaymin-Sky","|-damage|p2a: Shaymin-Sky|51/266 tox","|","|-heal|p2a: Shaymin-Sky|67/266 tox|[from] item: Leftovers","|-damage|p1a: Audino|225/299|[from] Leech Seed|[of] p2a: Shaymin-Sky","|-heal|p2a: Shaymin-Sky|104/266 tox|[silent]","|-damage|p2a: Shaymin-Sky|24/266 tox|[from] psn","|turn|31","|","|detailschange|p1a: Audino|Audino-Mega, L81, F","|-mega|p1a: Audino|Audino|Audinite","|move|p2a: Shaymin-Sky|Air Slash|p1a: Audino","|-damage|p1a: Audino|162/299","|move|p1a: Audino|Hyper Voice|p2a: Shaymin-Sky","|-damage|p2a: Shaymin-Sky|0 fnt","|faint|p2a: Shaymin-Sky","|","|win|Doga"],"p1rating":{"entryid":"73282","serverid":"eos","formatid":"randombattle","userid":"doga","username":"Doga","w":2,"l":"2","t":"0","gxe":49.9,"r":"1500","rd":"130","sigma":"0","rptime":"1439888400","rpr":1499.5220361665,"rprd":106.87621605174,"rpsigma":"0","acre":1074,"lacre":1074,"oldacre":"1040"},"p2rating":{"entryid":"93528","serverid":"eos","formatid":"randombattle","userid":"nechoha","username":"Nechoha","w":"1","l":1,"t":"0","gxe":50,"r":"1500","rd":"130","sigma":"0","rptime":"1439888400","rpr":1500,"rprd":116.77753930647,"rpsigma":"0","acre":1024,"lacre":1024,"oldacre":"1040"},"endType":"normal"}