{"seed":[64824,35439,33705,59554],"turns":27,"p1":"DOBBY IS FREE","p2":"Fluffy Poop","p1team":[{"name":"Pidgeot","moves":["defog","roost","uturn","hurricane"],"ability":"Keen Eye","evs":{"hp":85,"atk":85,"def":85,"spa":85,"spd":85,"spe":85},"ivs":{"hp":31,"atk":31,"def":31,"spa":31,"spd":31,"spe":31},"item":"Pidgeotite","level":76,"shiny":false},{"name":"Tyranitar","moves":["stoneedge","pursuit","crunch","stealthrock"],"ability":"Sand Stream","evs":{"hp":85,"atk":85,"def":85,"spa":85,"spd":85,"spe":85},"ivs":{"hp":31,"atk":31,"def":31,"spa":31,"spd":31,"spe":31},"item":"Leftovers","level":75,"shiny":false},{"name":"Pachirisu","moves":["thunderbolt","nuzzle","toxic","uturn"],"ability":"Volt Absorb","evs":{"hp":85,"atk":85,"def":85,"spa":85,"spd":85,"spe":85},"ivs":{"hp":31,"atk":31,"def":31,"spa":31,"spd":31,"spe":31},"item":"Life Orb","level":83,"shiny":false},{"name":"Spiritomb","moves":["darkpulse","shadowsneak","rest","willowisp"],"ability":"Infiltrator","evs":{"hp":85,"atk":85,"def":85,"spa":85,"spd":85,"spe":85},"ivs":{"hp":31,"atk":31,"def":31,"spa":31,"spd":31,"spe":31},"item":"Chesto Berry","level":79,"shiny":false},{"name":"Reshiram","moves":["roost","toxic","stoneedge","dragonpulse"],"ability":"Turboblaze","evs":{"hp":85,"atk":85,"def":85,"spa":85,"spd":85,"spe":85},"ivs":{"hp":31,"atk":31,"def":31,"spa":31,"spd":31,"spe":31},"item":"Leftovers","level":73,"shiny":false},{"name":"Crawdaunt","moves":["superpower","crabhammer","knockoff","aquajet"],"ability":"Adaptability","evs":{"hp":85,"atk":85,"def":85,"spa":85,"spd":85,"spe":85},"ivs":{"hp":31,"atk":31,"def":31,"spa":31,"spd":31,"spe":31},"item":"Choice Band","level":76,"shiny":false}],"p2team":[{"name":"Parasect","moves":["xscissor","knockoff","substitute","seedbomb"],"ability":"Dry Skin","evs":{"hp":85,"atk":85,"def":85,"spa":85,"spd":85,"spe":85},"ivs":{"hp":31,"atk":31,"def":31,"spa":31,"spd":31,"spe":31},"item":"Leftovers","level":83,"shiny":false},{"name":"Mewtwo","moves":["willowisp","fireblast","psystrike","taunt"],"ability":"Unnerve","evs":{"hp":85,"atk":85,"def":85,"spa":85,"spd":85,"spe":85},"ivs":{"hp":31,"atk":31,"def":31,"spa":31,"spd":31,"spe":31},"item":"Mewtwonite Y","level":73,"shiny":false},{"name":"Scyther","moves":["roost","swordsdance","bugbite","batonpass"],"ability":"Technician","evs":{"hp":81,"atk":89,"def":85,"spa":85,"spd":85,"spe":85},"ivs":{"hp":31,"atk":31,"def":31,"spa":31,"spd":31,"spe":31},"item":"Eviolite","level":81,"shiny":false},{"name":"Corsola","moves":["toxic","stealthrock","powergem","recover"],"ability":"Natural Cure","evs":{"hp":85,"atk":85,"def":85,"spa":85,"spd":85,"spe":85},"ivs":{"hp":31,"atk":31,"def":31,"spa":31,"spd":31,"spe":31},"item":"Air Balloon","level":83,"shiny":false},{"name":"Swampert","moves":["roar","earthquake","icebeam","scald"],"ability":"Torrent","evs":{"hp":85,"atk":85,"def":85,"spa":85,"spd":85,"spe":85},"ivs":{"hp":31,"atk":31,"def":31,"spa":31,"spd":31,"spe":31},"item":"Life Orb","level":77,"shiny":false},{"name":"Xerneas","moves":["psyshock","geomancy","moonblast","thunderbolt"],"ability":"Fairy Aura","evs":{"hp":85,"atk":85,"def":85,"spa":85,"spd":85,"spe":85},"ivs":{"hp":31,"atk":31,"def":31,"spa":31,"spd":31,"spe":31},"item":"Power Herb","level":71,"shiny":false}],"log":["|player|p1|DOBBY IS FREE|169","|player|p2|Fluffy Poop|84","|gametype|singles","|gen|6","|tier|Random Battle","|rated","|rule|Sleep Clause Mod: Limit one foe put to sleep","|rule|HP Percentage Mod: HP is shown in percentages","|","|start","|switch|p1a: Pidgeot|Pidgeot, L76, M|251/251","|switch|p2a: Parasect|Parasect, L83, M|235/235","|turn|1","|","|switch|p2a: Swampert|Swampert, L77, F|281/281","|detailschange|p1a: Pidgeot|Pidgeot-Mega, L76, M","|-mega|p1a: Pidgeot|Pidgeot|Pidgeotite","|move|p1a: Pidgeot|Hurricane|p2a: Swampert","|-damage|p2a: Swampert|140/281","|-start|p2a: Swampert|confusion","|","|turn|2","|","|switch|p2a: Mewtwo|Mewtwo, L73|275/275","|-ability|p2a: Mewtwo|Unnerve|p1: DOBBY IS FREE","|move|p1a: Pidgeot|Hurricane|p2a: Mewtwo","|-damage|p2a: Mewtwo|131/275","|","|turn|3","|","|switch|p2a: Corsola|Corsola, L83, F|227/227","|-item|p2a: Corsola|Air Balloon","|move|p1a: Pidgeot|U-turn|p2a: Corsola","|-damage|p2a: Corsola|191/227","|-enditem|p2a: Corsola|Air Balloon","|","|switch|p1a: Spiritomb|Spiritomb, L79, M|209/209","|","|turn|4","|","|move|p2a: Corsola|Stealth Rock|p1a: Spiritomb","|-sidestart|p1: DOBBY IS FREE|move: Stealth Rock","|move|p1a: Spiritomb|Will-O-Wisp|p2a: Corsola","|-status|p2a: Corsola|brn","|","|-damage|p2a: Corsola|163/227 brn|[from] brn","|turn|5","|","|move|p2a: Corsola|Power Gem|p1a: Spiritomb","|-damage|p1a: Spiritomb|154/209","|move|p1a: Spiritomb|Dark Pulse|p2a: Corsola","|-crit|p2a: Corsola","|-damage|p2a: Corsola|45/227 brn","|","|-damage|p2a: Corsola|17/227 brn|[from] brn","|turn|6","|","|move|p1a: Spiritomb|Shadow Sneak|p2a: Corsola","|-crit|p2a: Corsola","|-damage|p2a: Corsola|0 fnt","|faint|p2a: Corsola","|","|","|switch|p2a: Xerneas|Xerneas, L71|296/296","|-ability|p2a: Xerneas|Fairy Aura","|turn|7","|","|switch|p1a: Pachirisu|Pachirisu, L83, F|235/235","|-damage|p1a: Pachirisu|206/235|[from] Stealth Rock","|move|p2a: Xerneas|Moonblast|p1a: Pachirisu","|-crit|p1a: Pachirisu","|-damage|p1a: Pachirisu|13/235","|-unboost|p1a: Pachirisu|spa|1","|","|turn|8","|","|move|p1a: Pachirisu|Nuzzle|p2a: Xerneas","|-damage|p2a: Xerneas|277/296","|-status|p2a: Xerneas|par","|-damage|p1a: Pachirisu|0 fnt|[from] item: Life Orb","|faint|p1a: Pachirisu","|move|p2a: Xerneas|Moonblast|p1: Pachirisu|[notarget]","|-notarget","|","|","|switch|p1a: Crawdaunt|Crawdaunt, L76, F|221/221","|-damage|p1a: Crawdaunt|194/221|[from] Stealth Rock","|turn|9","|","|switch|p2a: Parasect|Parasect, L83, M|235/235","|move|p1a: Crawdaunt|Crabhammer|p2a: Parasect","|-immune|p2a: Parasect|[msg]","|","|turn|10","|","|switch|p1a: Reshiram|Reshiram, L73|266/266","|-damage|p1a: Reshiram|200/266|[from] Stealth Rock","|-ability|p1a: Reshiram|Turboblaze","|move|p2a: Parasect|Seed Bomb|p1a: Reshiram","|-crit|p1a: Reshiram","|-resisted|p1a: Reshiram","|-damage|p1a: Reshiram|167/266","|","|-heal|p1a: Reshiram|183/266|[from] item: Leftovers","|turn|11","|","|move|p1a: Reshiram|Roost|p1a: Reshiram","|-heal|p1a: Reshiram|266/266","|move|p2a: Parasect|X-Scissor|p1a: Reshiram","|-resisted|p1a: Reshiram","|-damage|p1a: Reshiram|222/266","|","|-heal|p1a: Reshiram|238/266|[from] item: Leftovers","|turn|12","|","|move|p1a: Reshiram|Dragon Pulse|p2a: Parasect","|-damage|p2a: Parasect|132/235","|move|p2a: Parasect|Substitute|p2a: Parasect","|-start|p2a: Parasect|Substitute","|-damage|p2a: Parasect|74/235","|","|-heal|p1a: Reshiram|254/266|[from] item: Leftovers","|-heal|p2a: Parasect|88/235|[from] item: Leftovers","|turn|13","|","|move|p1a: Reshiram|Stone Edge|p2a: Parasect","|-supereffective|p2a: Parasect","|-end|p2a: Parasect|Substitute","|move|p2a: Parasect|Knock Off|p1a: Reshiram","|-damage|p1a: Reshiram|188/266","|-enditem|p1a: Reshiram|Leftovers|[from] move: Knock Off|[of] p2a: Parasect","|","|-heal|p2a: Parasect|102/235|[from] item: Leftovers","|turn|14","|","|switch|p2a: Swampert|Swampert, L77, F|140/281","|move|p1a: Reshiram|Stone Edge|p2a: Swampert","|-resisted|p2a: Swampert","|-damage|p2a: Swampert|107/281","|","|turn|15","|","|move|p1a: Reshiram|Dragon Pulse|p2a: Swampert","|-damage|p2a: Swampert|4/281","|move|p2a: Swampert|Scald|p1a: Reshiram","|-damage|p1a: Reshiram|66/266","|-damage|p2a: Swampert|0 fnt|[from] item: Life Orb","|faint|p2a: Swampert","|","|","|switch|p2a: Mewtwo|Mewtwo, L73|131/275","|-ability|p2a: Mewtwo|Unnerve|p1: DOBBY IS FREE","|turn|16","|","|detailschange|p2a: Mewtwo|Mewtwo-Mega-Y, L73","|-mega|p2a: Mewtwo|Mewtwo|Mewtwonite Y","|move|p2a: Mewtwo|Psystrike|p1a: Reshiram","|-damage|p1a: Reshiram|0 fnt","|faint|p1a: Reshiram","|","|","|switch|p1a: Spiritomb|Spiritomb, L79, M|154/209","|-damage|p1a: Spiritomb|128/209|[from] Stealth Rock","|turn|17","|","|move|p2a: Mewtwo|Taunt|p1a: Spiritomb","|-start|p1a: Spiritomb|move: Taunt","|move|p1a: Spiritomb|Dark Pulse|p2a: Mewtwo","|-supereffective|p2a: Mewtwo","|-damage|p2a: Mewtwo|0 fnt","|faint|p2a: Mewtwo","|","|","|switch|p2a: Scyther|Scyther, L81, M|245/245","|turn|18","|","|move|p2a: Scyther|Bug Bite|p1a: Spiritomb","|-damage|p1a: Spiritomb|37/209","|-enditem|p1a: Spiritomb|Chesto Berry|[from] stealeat|[move] Bug Bite|[of] p2a: Scyther","|move|p1a: Spiritomb|Dark Pulse|p2a: Scyther","|-damage|p2a: Scyther|194/245","|","|turn|19","|","|move|p1a: Spiritomb|Shadow Sneak|p2a: Scyther","|-damage|p2a: Scyther|167/245","|move|p2a: Scyther|Swords Dance|p2a: Scyther","|-boost|p2a: Scyther|atk|2","|","|-end|p1a: Spiritomb|move: Taunt","|turn|20","|","|move|p2a: Scyther|Bug Bite|p1a: Spiritomb","|-damage|p1a: Spiritomb|0 fnt","|faint|p1a: Spiritomb","|","|","|switch|p1a: Pidgeot|Pidgeot-Mega, L76, M|251/251","|-damage|p1a: Pidgeot|189/251|[from] Stealth Rock","|turn|21","|","|move|p1a: Pidgeot|Hurricane|p2a: Scyther","|-supereffective|p2a: Scyther","|-damage|p2a: Scyther|0 fnt","|faint|p2a: Scyther","|","|","|switch|p2a: Xerneas|Xerneas, L71|277/296 par","|-ability|p2a: Xerneas|Fairy Aura","|turn|22","|","|move|p1a: Pidgeot|Hurricane|p2a: Xerneas","|-damage|p2a: Xerneas|133/296 par","|move|p2a: Xerneas|Thunderbolt|p1a: Pidgeot","|-supereffective|p1a: Pidgeot","|-damage|p1a: Pidgeot|45/251","|","|turn|23","|","|move|p1a: Pidgeot|Hurricane|p2a: Xerneas","|-damage|p2a: Xerneas|7/296 par","|move|p2a: Xerneas|Thunderbolt|p1a: Pidgeot","|-supereffective|p1a: Pidgeot","|-damage|p1a: Pidgeot|0 fnt","|faint|p1a: Pidgeot","|","|","|switch|p1a: Crawdaunt|Crawdaunt, L76, F|194/221","|-damage|p1a: Crawdaunt|167/221|[from] Stealth Rock","|turn|24","|","|switch|p2a: Parasect|Parasect, L83, M|102/235","|move|p1a: Crawdaunt|Aqua Jet|p2a: Parasect","|-heal|p2a: Parasect|160/235|[from] ability: Dry Skin|[of] p1a: Crawdaunt","|","|-heal|p2a: Parasect|174/235|[from] item: Leftovers","|turn|25","|","|switch|p1a: Tyranitar|Tyranitar, L75, F|274/274","|-damage|p1a: Tyranitar|240/274|[from] Stealth Rock","|-weather|Sandstorm","|move|p2a: Parasect|Seed Bomb|p1a: Tyranitar","|-supereffective|p1a: Tyranitar","|-damage|p1a: Tyranitar|78/274","|","|-weather|Sandstorm|[upkeep]","|-damage|p2a: Parasect|160/235|[from] sandstorm","|-heal|p1a: Tyranitar|95/274|[from] item: Leftovers","|-heal|p2a: Parasect|174/235|[from] item: Leftovers","|turn|26","|","|move|p1a: Tyranitar|Stone Edge|p2a: Parasect","|-supereffective|p2a: Parasect","|-damage|p2a: Parasect|0 fnt","|faint|p2a: Parasect","|","|-weather|Sandstorm|[upkeep]","|-heal|p1a: Tyranitar|112/274|[from] item: Leftovers","|","|switch|p2a: Xerneas|Xerneas, L71|7/296 par","|-ability|p2a: Xerneas|Fairy Aura","|turn|27","|","|move|p1a: Tyranitar|Crunch|p2a: Xerneas","|-resisted|p2a: Xerneas","|-damage|p2a: Xerneas|0 fnt","|faint|p2a: Xerneas","|","|win|DOBBY IS FREE"],"p1rating":{"entryid":62531,"formatid":"randombattle","userid":"dobbyisfree","username":"DOBBY IS FREE","r":1500,"rd":130,"sigma":0,"rpr":1540.1606143388,"rprd":122.8583080769,"rpsigma":0,"rptime":1439888400,"w":1,"l":0,"t":0,"gxe":55,"acre":1050.8383717218,"lacre":1050.8383717218,"oldacre":1000},"p2rating":{"entryid":"50252","serverid":"eos","formatid":"randombattle","userid":"fluffypoop","username":"Fluffy Poop","w":"3","l":1,"t":"0","gxe":57.7,"r":"1500","rd":"130","sigma":"0","rptime":"1439888400","rpr":1560.8234906758,"rprd":106.91164920561,"rpsigma":"0","acre":1065.4353133254,"lacre":1065.4353133254,"oldacre":"1096.5519450244"},"endType":"normal"}