{"seed":[39345,32535,45969,25696],"turns":23,"p1":"I ONLY USE KLEFKI","p2":"Aeroblade51","p1team":[{"name":"Sex Toy","species":"ferrothorn","item":"leftovers","ability":"Iron Barbs","moves":["stealthrock","leechseed","thunderwave","gyroball"],"nature":"Relaxed","evs":{"hp":252,"atk":4,"def":252,"spa":0,"spd":0,"spe":0},"ivs":{"hp":31,"atk":31,"def":31,"spa":31,"spd":31,"spe":0}},{"name":"Tranny","species":"heatran","item":"leftovers","ability":"Flash Fire","moves":["protect","fireblast","flashcannon","earthpower"],"nature":"Modest","evs":{"hp":0,"atk":0,"def":0,"spa":252,"spd":4,"spe":252},"ivs":{"hp":31,"atk":31,"def":31,"spa":31,"spd":31,"spe":31}},{"name":"Rosefucker","species":"roserade","item":"blacksludge","ability":"Natural Cure","moves":["toxicspikes","sludgebomb","gigadrain","synthesis"],"nature":"Modest","evs":{"hp":0,"atk":0,"def":0,"spa":252,"spd":6,"spe":252},"ivs":{"hp":31,"atk":31,"def":31,"spa":31,"spd":31,"spe":31}},{"name":"Azumarill","species":"Azumarill","item":"assaultvest","ability":"Huge Power","moves":["playrough","aquajet","waterfall","knockoff"],"nature":"Jolly","evs":{"hp":0,"atk":252,"def":0,"spa":0,"spd":0,"spe":252},"ivs":{"hp":31,"atk":31,"def":31,"spa":10,"spd":31,"spe":31}},{"name":"Duck","species":"porygonz","item":"lifeorb","ability":"Adaptability","moves":["triattack","thunderbolt","icebeam","recover"],"nature":"Timid","evs":{"hp":4,"atk":0,"def":0,"spa":252,"spd":0,"spe":252},"ivs":{"hp":31,"atk":31,"def":31,"spa":31,"spd":31,"spe":31}},{"name":"Waifu","species":"lopunny","item":"lopunnite","ability":"Limber","moves":["icepunch","highjumpkick","return","drainpunch"],"nature":"Jolly","evs":{"hp":0,"atk":252,"def":0,"spa":0,"spd":4,"spe":252},"ivs":{"hp":31,"atk":31,"def":31,"spa":31,"spd":31,"spe":31}}],"p2team":[{"name":"Scizor","species":"Scizor","item":"scizorite","ability":"Technician","moves":["bulletpunch","knockoff","uturn","superpower"],"nature":"Adamant","evs":{"hp":244,"atk":252,"def":0,"spa":0,"spd":8,"spe":4},"ivs":{"hp":31,"atk":31,"def":31,"spa":31,"spd":31,"spe":31}},{"name":"Seismitoad","species":"Seismitoad","item":"leftovers","ability":"Swift Swim","moves":["earthpower","scald","stealthrock","hiddenpowerfire"],"nature":"Impish","evs":{"hp":252,"atk":0,"def":172,"spa":0,"spd":84,"spe":0},"ivs":{"hp":31,"atk":30,"def":31,"spa":30,"spd":31,"spe":30}},{"name":"Hoopa-Unbound","species":"Hoopa-Unbound","item":"lifeorb","ability":"Magician","moves":["darkpulse","hyperspacehole","focusblast","hiddenpowerice"],"nature":"Timid","evs":{"hp":0,"atk":0,"def":0,"spa":252,"spd":4,"spe":252},"ivs":{"hp":31,"atk":30,"def":30,"spa":31,"spd":31,"spe":31}},{"name":"Jirachi","species":"Jirachi","item":"choicescarf","ability":"Serene Grace","moves":["healingwish","icepunch","ironhead","zenheadbutt"],"nature":"Jolly","evs":{"hp":0,"atk":252,"def":0,"spa":0,"spd":4,"spe":252},"ivs":{"hp":31,"atk":31,"def":31,"spa":31,"spd":31,"spe":31}},{"name":"Togekiss","species":"Togekiss","item":"leftovers","ability":"Serene Grace","moves":["thunderwave","defog","roost","airslash"],"nature":"Calm","evs":{"hp":252,"atk":0,"def":0,"spa":4,"spd":252,"spe":0},"ivs":{"hp":31,"atk":31,"def":31,"spa":31,"spd":31,"spe":31}},{"name":"Zygarde","species":"Zygarde","item":"lumberry","ability":"Aura Break","moves":["dragondance","earthquake","extremespeed","outrage"],"nature":"Adamant","evs":{"hp":0,"atk":252,"def":0,"spa":0,"spd":4,"spe":252},"ivs":{"hp":31,"atk":31,"def":31,"spa":31,"spd":31,"spe":31}}],"log":["|player|p1|I ONLY USE KLEFKI|146","|player|p2|Aeroblade51|209","|gametype|singles","|gen|6","|tier|OU","|rated","|clearpoke","|poke|p1|Ferrothorn, F","|poke|p1|Heatran, M","|poke|p1|Roserade, M","|poke|p1|Azumarill, M","|poke|p1|Porygon-Z","|poke|p1|Lopunny, M","|poke|p2|Scizor, M","|poke|p2|Seismitoad, M","|poke|p2|Hoopa-Unbound","|poke|p2|Jirachi","|poke|p2|Togekiss, F","|poke|p2|Zygarde","|rule|Swagger Clause: Swagger is banned","|rule|Baton Pass Clause: Limit one Baton Passer, can't pass Spe and other stats simultaneously","|rule|Sleep Clause Mod: Limit one foe put to sleep","|rule|Species Clause: Limit one of each Pokémon","|rule|OHKO Clause: OHKO moves are banned","|rule|Moody Clause: Moody is banned","|rule|Evasion Moves Clause: Evasion moves are banned","|rule|Endless Battle Clause: Forcing endless battles is banned","|rule|HP Percentage Mod: HP is shown in percentages","|teampreview","|","|start","|switch|p1a: Waifu|Lopunny, M|271/271","|switch|p2a: Seismitoad|Seismitoad, M|414/414","|turn|1","|","|detailschange|p1a: Waifu|Lopunny-Mega, M","|-mega|p1a: Waifu|Lopunny|Lopunnite","|move|p1a: Waifu|Return|p2a: Seismitoad","|-damage|p2a: Seismitoad|225/414","|move|p2a: Seismitoad|Scald|p1a: Waifu","|-damage|p1a: Waifu|201/271","|","|-heal|p2a: Seismitoad|250/414|[from] item: Leftovers","|turn|2","|","|move|p1a: Waifu|Return|p2a: Seismitoad","|-damage|p2a: Seismitoad|72/414","|move|p2a: Seismitoad|Stealth Rock|p1a: Waifu","|-sidestart|p1: I ONLY USE KLEFKI|move: Stealth Rock","|","|-heal|p2a: Seismitoad|97/414|[from] item: Leftovers","|turn|3","|","|switch|p2a: Scizor|Scizor, M|342/342","|move|p1a: Waifu|Return|p2a: Scizor","|-resisted|p2a: Scizor","|-damage|p2a: Scizor|253/342","|","|turn|4","|","|detailschange|p2a: Scizor|Scizor-Mega, M","|-mega|p2a: Scizor|Scizor|Scizorite","|move|p1a: Waifu|High Jump Kick|p2a: Scizor","|-damage|p2a: Scizor|64/342","|move|p2a: Scizor|Superpower|p1a: Waifu","|-supereffective|p1a: Waifu","|-damage|p1a: Waifu|0 fnt","|-unboost|p2a: Scizor|atk|1","|-unboost|p2a: Scizor|def|1","|faint|p1a: Waifu","|","|","|switch|p1a: Azumarill|Azumarill, M|341/341","|-damage|p1a: Azumarill|299/341|[from] Stealth Rock","|turn|5","|","|move|p1a: Azumarill|Aqua Jet|p2a: Scizor","|-damage|p2a: Scizor|0 fnt","|faint|p2a: Scizor","|","|","|switch|p2a: Seismitoad|Seismitoad, M|97/414","|turn|6","|","|move|p1a: Azumarill|Knock Off|p2a: Seismitoad","|-damage|p2a: Seismitoad|0 fnt","|-enditem|p2a: Seismitoad|Leftovers|[from] move: Knock Off|[of] p1a: Azumarill","|faint|p2a: Seismitoad","|","|","|switch|p2a: Togekiss|Togekiss, F|374/374","|turn|7","|","|move|p1a: Azumarill|Knock Off|p2a: Togekiss","|-resisted|p2a: Togekiss","|-damage|p2a: Togekiss|309/374","|-enditem|p2a: Togekiss|Leftovers|[from] move: Knock Off|[of] p1a: Azumarill","|move|p2a: Togekiss|Thunder Wave|p1a: Azumarill","|-status|p1a: Azumarill|par","|","|turn|8","|","|move|p2a: Togekiss|Air Slash|p1a: Azumarill","|-damage|p1a: Azumarill|217/341 par","|cant|p1a: Azumarill|flinch","|","|turn|9","|","|move|p1a: Azumarill|Aqua Jet|p2a: Togekiss","|-damage|p2a: Togekiss|224/374","|move|p2a: Togekiss|Air Slash|p1a: Azumarill","|-damage|p1a: Azumarill|127/341 par","|","|turn|10","|","|move|p1a: Azumarill|Aqua Jet|p2a: Togekiss","|-damage|p2a: Togekiss|139/374","|move|p2a: Togekiss|Roost|p2a: Togekiss","|-heal|p2a: Togekiss|326/374","|","|turn|11","|","|move|p2a: Togekiss|Air Slash|p1a: Azumarill","|-damage|p1a: Azumarill|49/341 par","|cant|p1a: Azumarill|flinch","|","|turn|12","|","|move|p1a: Azumarill|Aqua Jet|p2a: Togekiss","|-damage|p2a: Togekiss|245/374","|move|p2a: Togekiss|Air Slash|p1a: Azumarill","|-damage|p1a: Azumarill|0 fnt","|faint|p1a: Azumarill","|","|","|switch|p1a: Rosefucker|Roserade, M|261/261","|-damage|p1a: Rosefucker|229/261|[from] Stealth Rock","|turn|13","|","|switch|p2a: Jirachi|Jirachi|341/341","|move|p1a: Rosefucker|Sludge Bomb|p2a: Jirachi","|-immune|p2a: Jirachi|[msg]","|","|-heal|p1a: Rosefucker|245/261|[from] item: Black Sludge","|turn|14","|","|switch|p1a: Tranny|Heatran, M|323/323","|-damage|p1a: Tranny|283/323|[from] Stealth Rock","|move|p2a: Jirachi|Ice Punch|p1a: Tranny","|-resisted|p1a: Tranny","|-damage|p1a: Tranny|265/323","|","|-heal|p1a: Tranny|285/323|[from] item: Leftovers","|turn|15","|","|switch|p2a: Zygarde|Zygarde|357/357","|-ability|p2a: Zygarde|Aura Break","|move|p1a: Tranny|Fire Blast|p2a: Zygarde|[miss]","|-miss|p1a: Tranny|p2a: Zygarde","|","|-heal|p1a: Tranny|305/323|[from] item: Leftovers","|turn|16","|","|switch|p1a: Duck|Porygon-Z|312/312","|-damage|p1a: Duck|273/312|[from] Stealth Rock","|move|p2a: Zygarde|Dragon Dance|p2a: Zygarde","|-boost|p2a: Zygarde|atk|1","|-boost|p2a: Zygarde|spe|1","|","|turn|17","|","|move|p2a: Zygarde|Extreme Speed|p1a: Duck","|-crit|p1a: Duck","|-damage|p1a: Duck|7/312","|move|p1a: Duck|Ice Beam|p2a: Zygarde","|-supereffective|p2a: Zygarde","|-damage|p2a: Zygarde|0 fnt","|-damage|p1a: Duck|0 fnt|[from] item: Life Orb","|faint|p2a: Zygarde","|faint|p1a: Duck","|","|","|switch|p2a: Hoopa-Unbound|Hoopa-Unbound|301/301","|switch|p1a: Tranny|Heatran, M|305/323","|-damage|p1a: Tranny|265/323|[from] Stealth Rock","|turn|18","|","|move|p2a: Hoopa-Unbound|Focus Blast|p1a: Tranny","|-supereffective|p1a: Tranny","|-damage|p1a: Tranny|0 fnt","|-damage|p2a: Hoopa-Unbound|271/301|[from] item: Life Orb","|faint|p1a: Tranny","|","|","|switch|p1a: Sex Toy|Ferrothorn, F|352/352","|-damage|p1a: Sex Toy|330/352|[from] Stealth Rock","|turn|19","|","|move|p2a: Hoopa-Unbound|Focus Blast|p1a: Sex Toy|[miss]","|-miss|p2a: Hoopa-Unbound|p1a: Sex Toy","|move|p1a: Sex Toy|Leech Seed|p2a: Hoopa-Unbound","|-start|p2a: Hoopa-Unbound|move: Leech Seed","|","|-heal|p1a: Sex Toy|352/352|[from] item: Leftovers","|-damage|p2a: Hoopa-Unbound|234/301|[from] Leech Seed|[of] p1a: Sex Toy","|turn|20","|","|switch|p2a: Togekiss|Togekiss, F|245/374","|move|p1a: Sex Toy|Stealth Rock|p2a: Togekiss","|-sidestart|p2: Aeroblade51|move: Stealth Rock","|","|turn|21","|","|move|p2a: Togekiss|Thunder Wave|p1a: Sex Toy","|-status|p1a: Sex Toy|par","|move|p1a: Sex Toy|Gyro Ball|p2a: Togekiss","|-supereffective|p2a: Togekiss","|-damage|p2a: Togekiss|0 fnt","|faint|p2a: Togekiss","|","|","|switch|p2a: Hoopa-Unbound|Hoopa-Unbound|234/301","|-damage|p2a: Hoopa-Unbound|197/301|[from] Stealth Rock","|turn|22","|","|move|p2a: Hoopa-Unbound|Focus Blast|p1a: Sex Toy","|-supereffective|p1a: Sex Toy","|-damage|p1a: Sex Toy|0 fnt","|-damage|p2a: Hoopa-Unbound|167/301|[from] item: Life Orb","|faint|p1a: Sex Toy","|","|","|switch|p1a: Rosefucker|Roserade, M|245/261","|-damage|p1a: Rosefucker|213/261|[from] Stealth Rock","|turn|23","|","|move|p2a: Hoopa-Unbound|Hyperspace Hole|p1a: Rosefucker","|-supereffective|p1a: Rosefucker","|-damage|p1a: Rosefucker|0 fnt","|-damage|p2a: Hoopa-Unbound|137/301|[from] item: Life Orb","|faint|p1a: Rosefucker","|","|win|Aeroblade51"],"p1rating":{"entryid":7547145,"formatid":"ou","userid":"ionlyuseklefki","username":"I ONLY USE KLEFKI","r":1500,"rd":130,"sigma":0,"rpr":1459.8393856612,"rprd":122.8583080769,"rpsigma":0,"rptime":1439197200,"w":0,"l":1,"t":0,"gxe":45,"acre":1000,"lacre":1000,"oldacre":1000},"p2rating":{"entryid":7547147,"formatid":"ou","userid":"aeroblade51","username":"Aeroblade51","r":1500,"rd":130,"sigma":0,"rpr":1540.1606143388,"rprd":122.8583080769,"rpsigma":0,"rptime":1439197200,"w":1,"l":0,"t":0,"gxe":55,"acre":1040,"lacre":1040,"oldacre":1000},"endType":"normal"}