{"seed":[63437,57424,29543,35218],"turns":16,"p1":"andd","p2":"Mega Torterra plz","p1team":[{"name":"Liepard","moves":["copycat","substitute","thunderwave","knockoff"],"ability":"Prankster","evs":{"hp":85,"atk":85,"def":85,"spa":85,"spd":85,"spe":85},"ivs":{"hp":31,"atk":31,"def":31,"spa":31,"spd":31,"spe":31},"item":"Leftovers","level":81,"shiny":false},{"name":"Malamar","moves":["trickroom","rockslide","psychocut","substitute"],"ability":"Infiltrator","evs":{"hp":170,"atk":85,"def":85,"spa":85,"spd":85,"spe":0},"ivs":{"hp":31,"atk":31,"def":31,"spa":31,"spd":31,"spe":0},"item":"Leftovers","level":81,"shiny":false},{"name":"Tyranitar","moves":["earthquake","dragondance","stoneedge","crunch"],"ability":"Sand Stream","evs":{"hp":85,"atk":85,"def":85,"spa":85,"spd":85,"spe":85},"ivs":{"hp":31,"atk":31,"def":31,"spa":31,"spd":31,"spe":31},"item":"Tyranitarite","level":75,"shiny":false},{"name":"Sharpedo","moves":["earthquake","crunch","destinybond","icebeam"],"ability":"Speed Boost","evs":{"hp":85,"atk":85,"def":85,"spa":85,"spd":85,"spe":85},"ivs":{"hp":31,"atk":31,"def":31,"spa":31,"spd":31,"spe":31},"item":"Life Orb","level":77,"shiny":false},{"name":"Spiritomb","moves":["sleeptalk","painsplit","darkpulse","willowisp"],"ability":"Infiltrator","evs":{"hp":85,"atk":85,"def":85,"spa":85,"spd":85,"spe":85},"ivs":{"hp":31,"atk":31,"def":31,"spa":31,"spd":31,"spe":31},"item":"Leftovers","level":79,"shiny":false},{"name":"Pangoro","moves":["partingshot","superpower","knockoff","gunkshot"],"ability":"Mold Breaker","evs":{"hp":85,"atk":85,"def":85,"spa":85,"spd":85,"spe":85},"ivs":{"hp":31,"atk":31,"def":31,"spa":31,"spd":31,"spe":31},"item":"Life Orb","level":78,"shiny":false}],"p2team":[{"name":"Mothim","moves":["quiverdance","hiddenpowerground","airslash","bugbuzz"],"ability":"Tinted Lens","evs":{"hp":81,"atk":85,"def":85,"spa":89,"spd":85,"spe":85},"ivs":{"hp":31,"atk":31,"def":31,"spa":30,"spd":30,"spe":31},"item":"Life Orb","level":83,"shiny":false},{"name":"Parasect","moves":["spore","seedbomb","leechseed","xscissor"],"ability":"Dry Skin","evs":{"hp":85,"atk":85,"def":85,"spa":85,"spd":85,"spe":85},"ivs":{"hp":31,"atk":31,"def":31,"spa":31,"spd":31,"spe":31},"item":"Leftovers","level":83,"shiny":false},{"name":"Ledian","moves":["lightscreen","reflect","knockoff","uturn"],"ability":"Early Bird","evs":{"hp":85,"atk":85,"def":85,"spa":85,"spd":85,"spe":85},"ivs":{"hp":31,"atk":31,"def":31,"spa":31,"spd":31,"spe":31},"item":"Light Clay","level":83,"shiny":false},{"name":"Beedrill","moves":["poisonjab","drillrun","swordsdance","xscissor"],"ability":"Swarm","evs":{"hp":85,"atk":85,"def":85,"spa":85,"spd":85,"spe":85},"ivs":{"hp":31,"atk":31,"def":31,"spa":31,"spd":31,"spe":31},"item":"Beedrillite","level":77,"shiny":false},{"name":"Scolipede","moves":["earthquake","swordsdance","poisonjab","megahorn"],"ability":"Speed Boost","evs":{"hp":81,"atk":89,"def":85,"spa":85,"spd":85,"spe":85},"ivs":{"hp":31,"atk":31,"def":31,"spa":31,"spd":31,"spe":31},"item":"Life Orb","level":76,"shiny":false},{"name":"Volcarona","moves":["fireblast","roost","quiverdance","bugbuzz"],"ability":"Flame Body","evs":{"hp":81,"atk":85,"def":85,"spa":89,"spd":85,"spe":85},"ivs":{"hp":31,"atk":31,"def":31,"spa":31,"spd":31,"spe":31},"item":"Leftovers","level":76,"shiny":false}],"log":["|player|p1|andd|266","|player|p2|Mega Torterra plz|23","|gametype|singles","|gen|6","|tier|Monotype Random Battle","|rated","|rule|Same Type Clause: Pokémon in a team must share a type","|rule|Sleep Clause Mod: Limit one foe put to sleep","|rule|HP Percentage Mod: HP is shown in percentages","|","|start","|switch|p1a: Liepard|Liepard, L81, F|236/236","|switch|p2a: Mothim|Mothim, L83, M|251/251","|turn|1","|","|move|p1a: Liepard|Thunder Wave|p2a: Mothim","|-status|p2a: Mothim|par","|cant|p2a: Mothim|par","|","|turn|2","|","|move|p1a: Liepard|Knock Off|p2a: Mothim","|-damage|p2a: Mothim|125/251 par","|-enditem|p2a: Mothim|Life Orb|[from] move: Knock Off|[of] p1a: Liepard","|move|p2a: Mothim|Bug Buzz|p1a: Liepard","|-supereffective|p1a: Liepard","|-damage|p1a: Liepard|0 fnt","|faint|p1a: Liepard","|","|","|switch|p1a: Tyranitar|Tyranitar, L75, F|274/274","|-weather|Sandstorm","|turn|3","|","|detailschange|p1a: Tyranitar|Tyranitar-Mega, L75, F","|-mega|p1a: Tyranitar|Tyranitar|Tyranitarite","|move|p1a: Tyranitar|Crunch|p2a: Mothim","|-damage|p2a: Mothim|0 fnt","|faint|p2a: Mothim","|","|-weather|Sandstorm|[upkeep]","|","|switch|p2a: Parasect|Parasect, L83, F|235/235","|turn|4","|","|move|p1a: Tyranitar|Crunch|p2a: Parasect","|-damage|p2a: Parasect|124/235","|move|p2a: Parasect|Spore|p1a: Tyranitar","|-status|p1a: Tyranitar|slp","|","|-weather|Sandstorm|[upkeep]","|-damage|p2a: Parasect|110/235|[from] sandstorm","|-heal|p2a: Parasect|124/235|[from] item: Leftovers","|turn|5","|","|cant|p1a: Tyranitar|slp","|move|p2a: Parasect|Leech Seed|p1a: Tyranitar","|-start|p1a: Tyranitar|move: Leech Seed","|","|-weather|Sandstorm|[upkeep]","|-damage|p2a: Parasect|110/235|[from] sandstorm","|-heal|p2a: Parasect|124/235|[from] item: Leftovers","|-damage|p1a: Tyranitar|240/274 slp|[from] Leech Seed|[of] p2a: Parasect","|-heal|p2a: Parasect|158/235|[silent]","|turn|6","|","|cant|p1a: Tyranitar|slp","|move|p2a: Parasect|Seed Bomb|p1a: Tyranitar","|-supereffective|p1a: Tyranitar","|-damage|p1a: Tyranitar|120/274 slp","|","|-weather|Sandstorm|[upkeep]","|-damage|p2a: Parasect|144/235|[from] sandstorm","|-heal|p2a: Parasect|158/235|[from] item: Leftovers","|-damage|p1a: Tyranitar|86/274 slp|[from] Leech Seed|[of] p2a: Parasect","|-heal|p2a: Parasect|192/235|[silent]","|turn|7","|","|-curestatus|p1a: Tyranitar|slp","|move|p1a: Tyranitar|Stone Edge|p2a: Parasect","|-supereffective|p2a: Parasect","|-damage|p2a: Parasect|0 fnt","|faint|p2a: Parasect","|","|-weather|none","|","|switch|p2a: Beedrill|Beedrill, L77, F|227/227","|turn|8","|","|switch|p1a: Sharpedo|Sharpedo, L77, M|234/234","|detailschange|p2a: Beedrill|Beedrill-Mega, L77, F","|-mega|p2a: Beedrill|Beedrill|Beedrillite","|move|p2a: Beedrill|X-Scissor|p1a: Sharpedo","|-supereffective|p1a: Sharpedo","|-damage|p1a: Sharpedo|0 fnt","|faint|p1a: Sharpedo","|","|","|switch|p1a: Pangoro|Pangoro, L78, F|276/276","|-ability|p1a: Pangoro|Mold Breaker","|turn|9","|","|switch|p2a: Ledian|Ledian, L83, M|227/227","|move|p1a: Pangoro|Gunk Shot|p2a: Ledian","|-damage|p2a: Ledian|37/227","|-damage|p1a: Pangoro|249/276|[from] item: Life Orb","|","|turn|10","|","|move|p2a: Ledian|Reflect|p2a: Ledian","|-sidestart|p2: Mega Torterra plz|Reflect","|move|p1a: Pangoro|Knock Off|p2a: Ledian","|-damage|p2a: Ledian|0 fnt","|-enditem|p2a: Ledian|Light Clay|[from] move: Knock Off|[of] p1a: Pangoro","|-damage|p1a: Pangoro|222/276|[from] item: Life Orb","|faint|p2a: Ledian","|","|","|switch|p2a: Volcarona|Volcarona, L76, M|253/253","|turn|11","|","|move|p2a: Volcarona|Quiver Dance|p2a: Volcarona","|-boost|p2a: Volcarona|spa|1","|-boost|p2a: Volcarona|spd|1","|-boost|p2a: Volcarona|spe|1","|move|p1a: Pangoro|Knock Off|p2a: Volcarona","|-damage|p2a: Volcarona|150/253","|-status|p1a: Pangoro|brn","|-enditem|p2a: Volcarona|Leftovers|[from] move: Knock Off|[of] p1a: Pangoro","|-damage|p1a: Pangoro|195/276 brn|[from] item: Life Orb","|","|-damage|p1a: Pangoro|161/276 brn|[from] brn","|turn|12","|","|move|p2a: Volcarona|Bug Buzz|p1a: Pangoro","|-damage|p1a: Pangoro|0 fnt","|faint|p1a: Pangoro","|","|","|switch|p1a: Tyranitar|Tyranitar-Mega, L75, F|86/274","|-weather|Sandstorm","|turn|13","|","|move|p2a: Volcarona|Bug Buzz|p1a: Tyranitar","|-supereffective|p1a: Tyranitar","|-damage|p1a: Tyranitar|0 fnt","|faint|p1a: Tyranitar","|","|-weather|Sandstorm|[upkeep]","|-damage|p2a: Volcarona|135/253|[from] sandstorm","|","|switch|p1a: Malamar|Malamar, L81, F|289/289","|turn|14","|","|move|p2a: Volcarona|Bug Buzz|p1a: Malamar","|-supereffective|p1a: Malamar","|-damage|p1a: Malamar|0 fnt","|faint|p1a: Malamar","|","|-weather|Sandstorm|[upkeep]","|-damage|p2a: Volcarona|120/253|[from] sandstorm","|","|switch|p1a: Spiritomb|Spiritomb, L79, M|209/209","|turn|15","|","|move|p2a: Volcarona|Fire Blast|p1a: Spiritomb","|-damage|p1a: Spiritomb|34/209","|move|p1a: Spiritomb|Dark Pulse|p2a: Volcarona","|-damage|p2a: Volcarona|72/253","|","|-weather|Sandstorm|[upkeep]","|-damage|p2a: Volcarona|57/253|[from] sandstorm","|-damage|p1a: Spiritomb|21/209|[from] sandstorm","|-heal|p1a: Spiritomb|34/209|[from] item: Leftovers","|turn|16","|","|move|p2a: Volcarona|Bug Buzz|p1a: Spiritomb","|-damage|p1a: Spiritomb|0 fnt","|faint|p1a: Spiritomb","|","|win|Mega Torterra plz"],"p1rating":{"entryid":7421952,"formatid":"monotyperandombattle","userid":"andd","username":"andd","r":1500,"rd":130,"sigma":0,"rpr":1459.8393856612,"rprd":122.8583080769,"rpsigma":0,"rptime":1438765200,"w":0,"l":1,"t":0,"gxe":45,"acre":1000,"lacre":1000,"oldacre":1000},"p2rating":{"entryid":7421953,"formatid":"monotyperandombattle","userid":"megatorterraplz","username":"Mega Torterra plz","r":1500,"rd":130,"sigma":0,"rpr":1540.1606143388,"rprd":122.8583080769,"rpsigma":0,"rptime":1438765200,"w":1,"l":0,"t":0,"gxe":55,"acre":1040,"lacre":1040,"oldacre":1000},"endType":"normal"}