{"seed":[36693,4188,57043,63362],"turns":22,"p1":"GTX♅Nyan","p2":"larsulr1ch","p1team":[{"name":"Conkeldurr","species":"Conkeldurr","item":"fistplate","ability":"Iron Fist","moves":["drainpunch","knockoff","machpunch","poisonjab"],"nature":"Adamant","evs":{"hp":248,"atk":252,"def":0,"spa":0,"spd":8,"spe":0},"ivs":{"hp":31,"atk":31,"def":31,"spa":31,"spd":31,"spe":31}},{"name":"Hoopa-Unbound","species":"Hoopa-Unbound","item":"","ability":"Magician","moves":["darkpulse","drainpunch","hyperspacefury","zenheadbutt"],"nature":"Lonely","evs":{"hp":248,"atk":252,"def":0,"spa":8,"spd":0,"spe":0},"ivs":{"hp":31,"atk":31,"def":31,"spa":31,"spd":31,"spe":31}},{"name":"Jirachi","species":"Jirachi","item":"choicescarf","ability":"Serene Grace","moves":["calmmind","ironhead","meteormash","psyshock"],"nature":"Hasty","evs":{"hp":0,"atk":252,"def":0,"spa":4,"spd":0,"spe":252},"ivs":{"hp":31,"atk":31,"def":31,"spa":31,"spd":31,"spe":31}},{"name":"Lopunny","species":"Lopunny","item":"lopunnite","ability":"Cute Charm","moves":["drainpunch","highjumpkick","lowkick","thunderpunch"],"nature":"Jolly","evs":{"hp":0,"atk":252,"def":0,"spa":0,"spd":4,"spe":252},"ivs":{"hp":31,"atk":31,"def":31,"spa":31,"spd":31,"spe":31}},{"name":"Keldeo","species":"Keldeo","item":"splashplate","ability":"Justified","moves":["aquajet","scald","sacredsword","secretsword"],"nature":"Hasty","evs":{"hp":0,"atk":4,"def":0,"spa":252,"spd":0,"spe":252},"ivs":{"hp":31,"atk":31,"def":31,"spa":31,"spd":31,"spe":31}},{"name":"Skarmory","species":"Skarmory","item":"rockyhelmet","ability":"Sturdy","moves":["airslash","defog","spikes","stealthrock"],"nature":"Bold","evs":{"hp":248,"atk":0,"def":236,"spa":0,"spd":0,"spe":24},"ivs":{"hp":31,"atk":31,"def":31,"spa":31,"spd":31,"spe":31}}],"p2team":[{"name":"Gallade","species":"Gallade","item":"galladite","ability":"Steadfast","moves":["shadowsneak","swordsdance","drainpunch","zenheadbutt"],"nature":"Jolly","evs":{"hp":0,"atk":252,"def":0,"spa":0,"spd":0,"spe":252},"ivs":{"hp":31,"atk":31,"def":31,"spa":31,"spd":31,"spe":31}},{"name":"Bisharp","species":"Bisharp","item":"blackglasses","ability":"Defiant","moves":["suckerpunch","ironhead","knockoff","pursuit"],"nature":"Jolly","evs":{"hp":0,"atk":252,"def":0,"spa":0,"spd":0,"spe":252},"ivs":{"hp":31,"atk":31,"def":31,"spa":31,"spd":31,"spe":31}},{"name":"Tornadus-Therian","species":"Tornadus-Therian","item":"choicescarf","ability":"Regenerator","moves":["hiddenpowerice","hurricane","heatwave","uturn"],"nature":"Modest","evs":{"hp":128,"atk":0,"def":0,"spa":252,"spd":0,"spe":128},"ivs":{"hp":31,"atk":30,"def":30,"spa":31,"spd":31,"spe":31}},{"name":"Blissey","species":"Blissey","item":"leftovers","ability":"Natural Cure","moves":["wish","protect","toxic","stealthrock"],"nature":"","evs":{"hp":0,"atk":252,"def":0,"spa":0,"spd":252,"spe":0},"ivs":{"hp":31,"atk":31,"def":31,"spa":31,"spd":31,"spe":31}},{"name":"Rotom-Wash","species":"Rotom-Wash","item":"leftovers","ability":"Levitate","moves":["painsplit","hydropump","voltswitch","willowisp"],"nature":"Bold","evs":{"hp":248,"atk":0,"def":0,"spa":216,"spd":0,"spe":44},"ivs":{"hp":31,"atk":31,"def":31,"spa":31,"spd":31,"spe":31}},{"name":"Latios","species":"Latios","item":"lifeorb","ability":"Levitate","moves":["dracometeor","psyshock","defog","earthquake"],"nature":"Naive","evs":{"hp":0,"atk":4,"def":0,"spa":252,"spd":0,"spe":252},"ivs":{"hp":31,"atk":31,"def":31,"spa":31,"spd":31,"spe":31}}],"log":["|player|p1|GTX♅Nyan|26","|player|p2|larsulr1ch|2","|gametype|singles","|gen|6","|tier|OU","|rated","|clearpoke","|poke|p1|Conkeldurr, M","|poke|p1|Hoopa-Unbound","|poke|p1|Jirachi","|poke|p1|Lopunny, M","|poke|p1|Keldeo","|poke|p1|Skarmory, M","|poke|p2|Gallade, M","|poke|p2|Bisharp, F","|poke|p2|Tornadus-Therian, M","|poke|p2|Blissey, F","|poke|p2|Rotom-Wash","|poke|p2|Latios, M","|rule|Swagger Clause: Swagger is banned","|rule|Baton Pass Clause: Limit one Baton Passer, can't pass Spe and other stats simultaneously","|rule|Sleep Clause Mod: Limit one foe put to sleep","|rule|Species Clause: Limit one of each Pokémon","|rule|OHKO Clause: OHKO moves are banned","|rule|Moody Clause: Moody is banned","|rule|Evasion Moves Clause: Evasion moves are banned","|rule|Endless Battle Clause: Forcing endless battles is banned","|rule|HP Percentage Mod: HP is shown in percentages","|teampreview","|","|start","|switch|p1a: Lopunny|Lopunny, M|271/271","|switch|p2a: Blissey|Blissey, F|651/651","|turn|1","|","|detailschange|p1a: Lopunny|Lopunny-Mega, M","|-mega|p1a: Lopunny|Lopunny|Lopunnite","|move|p1a: Lopunny|High Jump Kick|p2a: Blissey","|-supereffective|p2a: Blissey","|-damage|p2a: Blissey|0 fnt","|faint|p2a: Blissey","|","|","|switch|p2a: Tornadus-Therian|Tornadus-Therian, M|331/331","|turn|2","|","|move|p2a: Tornadus-Therian|U-turn|p1a: Lopunny","|-resisted|p1a: Lopunny","|-damage|p1a: Lopunny|246/271","|","|switch|p2a: Latios|Latios, M|301/301","|move|p1a: Lopunny|Drain Punch|p2a: Latios","|-resisted|p2a: Latios","|-damage|p2a: Latios|219/301","|-heal|p1a: Lopunny|271/271|[from] drain|[of] p2a: Latios","|","|turn|3","|","|move|p1a: Lopunny|Thunder Punch|p2a: Latios","|-resisted|p2a: Latios","|-damage|p2a: Latios|166/301","|move|p2a: Latios|Psyshock|p1a: Lopunny","|-supereffective|p1a: Lopunny","|-damage|p1a: Lopunny|0 fnt","|-damage|p2a: Latios|136/301|[from] item: Life Orb","|faint|p1a: Lopunny","|","|","|switch|p1a: Skarmory|Skarmory, M|333/333","|turn|4","|","|switch|p2a: Tornadus-Therian|Tornadus-Therian, M|331/331","|move|p1a: Skarmory|Stealth Rock|p2a: Tornadus-Therian","|-sidestart|p2: larsulr1ch|move: Stealth Rock","|","|turn|5","|","|move|p2a: Tornadus-Therian|Heat Wave|p1a: Skarmory","|-supereffective|p1a: Skarmory","|-damage|p1a: Skarmory|17/333","|move|p1a: Skarmory|Spikes|p2a: Tornadus-Therian","|-sidestart|p2: larsulr1ch|Spikes","|","|turn|6","|","|move|p2a: Tornadus-Therian|Heat Wave|p1a: Skarmory","|-miss|p2a: Tornadus-Therian|p1a: Skarmory","|move|p1a: Skarmory|Spikes|p2a: Tornadus-Therian","|-sidestart|p2: larsulr1ch|Spikes","|","|turn|7","|","|move|p2a: Tornadus-Therian|Heat Wave|p1a: Skarmory","|-supereffective|p1a: Skarmory","|-damage|p1a: Skarmory|0 fnt","|faint|p1a: Skarmory","|","|","|switch|p1a: Jirachi|Jirachi|341/341","|turn|8","|","|switch|p2a: Rotom-Wash|Rotom-Wash|303/303","|-damage|p2a: Rotom-Wash|266/303|[from] Stealth Rock","|move|p1a: Jirachi|Iron Head|p2a: Rotom-Wash","|-resisted|p2a: Rotom-Wash","|-damage|p2a: Rotom-Wash|241/303","|","|-heal|p2a: Rotom-Wash|259/303|[from] item: Leftovers","|turn|9","|","|switch|p1a: Conkeldurr|Conkeldurr, M|413/413","|move|p2a: Rotom-Wash|Will-O-Wisp|p1a: Conkeldurr","|-status|p1a: Conkeldurr|brn","|","|-heal|p2a: Rotom-Wash|277/303|[from] item: Leftovers","|-damage|p1a: Conkeldurr|362/413 brn|[from] brn","|turn|10","|","|move|p2a: Rotom-Wash|Pain Split|p1a: Conkeldurr","|-sethp|p1a: Conkeldurr|319/413 brn|p2a: Rotom-Wash|303/303|[from] move: Pain Split","|move|p1a: Conkeldurr|Poison Jab|p2a: Rotom-Wash","|-damage|p2a: Rotom-Wash|255/303","|","|-heal|p2a: Rotom-Wash|273/303|[from] item: Leftovers","|-damage|p1a: Conkeldurr|268/413 brn|[from] brn","|turn|11","|","|move|p2a: Rotom-Wash|Hydro Pump|p1a: Conkeldurr|[miss]","|-miss|p2a: Rotom-Wash|p1a: Conkeldurr","|move|p1a: Conkeldurr|Drain Punch|p2a: Rotom-Wash","|-damage|p2a: Rotom-Wash|184/303","|-heal|p1a: Conkeldurr|313/413 brn|[from] drain|[of] p2a: Rotom-Wash","|","|-heal|p2a: Rotom-Wash|202/303|[from] item: Leftovers","|-damage|p1a: Conkeldurr|262/413 brn|[from] brn","|turn|12","|","|move|p2a: Rotom-Wash|Hydro Pump|p1a: Conkeldurr|[miss]","|-miss|p2a: Rotom-Wash|p1a: Conkeldurr","|move|p1a: Conkeldurr|Knock Off|p2a: Rotom-Wash","|-damage|p2a: Rotom-Wash|143/303","|-enditem|p2a: Rotom-Wash|Leftovers|[from] move: Knock Off|[of] p1a: Conkeldurr","|","|-damage|p1a: Conkeldurr|211/413 brn|[from] brn","|turn|13","|","|move|p2a: Rotom-Wash|Pain Split|p1a: Conkeldurr","|-sethp|p1a: Conkeldurr|177/413 brn|p2a: Rotom-Wash|177/303|[from] move: Pain Split","|move|p1a: Conkeldurr|Drain Punch|p2a: Rotom-Wash","|-damage|p2a: Rotom-Wash|78/303","|-heal|p1a: Conkeldurr|227/413 brn|[from] drain|[of] p2a: Rotom-Wash","|","|-damage|p1a: Conkeldurr|176/413 brn|[from] brn","|turn|14","|","|move|p1a: Conkeldurr|Mach Punch|p2a: Rotom-Wash","|-damage|p2a: Rotom-Wash|27/303","|move|p2a: Rotom-Wash|Pain Split|p1a: Conkeldurr","|-sethp|p1a: Conkeldurr|101/413 brn|p2a: Rotom-Wash|101/303|[from] move: Pain Split","|","|-damage|p1a: Conkeldurr|50/413 brn|[from] brn","|turn|15","|","|move|p2a: Rotom-Wash|Volt Switch|p1a: Conkeldurr","|-damage|p1a: Conkeldurr|0 fnt","|faint|p1a: Conkeldurr","|","|switch|p2a: Latios|Latios, M|136/301","|-damage|p2a: Latios|99/301|[from] Stealth Rock","|","|","|switch|p1a: Hoopa-Unbound|Hoopa-Unbound|363/363","|turn|16","|","|move|p2a: Latios|Defog|p1a: Hoopa-Unbound","|-unboost|p1a: Hoopa-Unbound|evasion|1","|-sideend|p2: larsulr1ch|Spikes|[from] move: Defog|[of] p2a: Latios","|-sideend|p2: larsulr1ch|Stealth Rock|[from] move: Defog|[of] p2a: Latios","|move|p1a: Hoopa-Unbound|Hyperspace Fury|p2a: Latios","|-supereffective|p2a: Latios","|-damage|p2a: Latios|0 fnt","|-item|p1a: Hoopa-Unbound|Life Orb|[from] ability: Magician|[of] p2a: Latios","|-unboost|p1a: Hoopa-Unbound|def|1","|-damage|p1a: Hoopa-Unbound|327/363|[from] item: Life Orb","|faint|p2a: Latios","|","|","|switch|p2a: Rotom-Wash|Rotom-Wash|101/303","|turn|17","|","|move|p2a: Rotom-Wash|Will-O-Wisp|p1a: Hoopa-Unbound","|-status|p1a: Hoopa-Unbound|brn","|move|p1a: Hoopa-Unbound|Hyperspace Fury|p2a: Rotom-Wash","|-damage|p2a: Rotom-Wash|0 fnt","|-unboost|p1a: Hoopa-Unbound|def|1","|-damage|p1a: Hoopa-Unbound|291/363 brn|[from] item: Life Orb","|faint|p2a: Rotom-Wash","|","|-damage|p1a: Hoopa-Unbound|246/363 brn|[from] brn","|","|switch|p2a: Tornadus-Therian|Tornadus-Therian, M|331/331","|turn|18","|","|switch|p1a: Jirachi|Jirachi|341/341","|move|p2a: Tornadus-Therian|U-turn|p1a: Jirachi","|-damage|p1a: Jirachi|289/341","|","|switch|p2a: Bisharp|Bisharp, F|271/271","|","|turn|19","|","|move|p1a: Jirachi|Psyshock|p2a: Bisharp","|-immune|p2a: Bisharp|[msg]","|move|p2a: Bisharp|Knock Off|p1a: Jirachi","|-supereffective|p1a: Jirachi","|-damage|p1a: Jirachi|0 fnt","|-enditem|p1a: Jirachi|Choice Scarf|[from] move: Knock Off|[of] p2a: Bisharp","|faint|p1a: Jirachi","|","|","|switch|p1a: Hoopa-Unbound|Hoopa-Unbound|246/363 brn","|turn|20","|","|move|p2a: Bisharp|Sucker Punch|p1a: Hoopa-Unbound","|-damage|p1a: Hoopa-Unbound|0 fnt","|faint|p1a: Hoopa-Unbound","|","|","|switch|p1a: Keldeo|Keldeo|323/323","|turn|21","|","|move|p1a: Keldeo|Sacred Sword|p2a: Bisharp","|-supereffective|p2a: Bisharp","|-damage|p2a: Bisharp|0 fnt","|faint|p2a: Bisharp","|","|","|switch|p2a: Gallade|Gallade, M|277/277","|turn|22","|","|detailschange|p2a: Gallade|Gallade-Mega, M","|-mega|p2a: Gallade|Gallade|Galladite","|move|p1a: Keldeo|Sacred Sword|p2a: Gallade","|-resisted|p2a: Gallade","|-damage|p2a: Gallade|235/277","|move|p2a: Gallade|Zen Headbutt|p1a: Keldeo","|-supereffective|p1a: Keldeo","|-damage|p1a: Keldeo|0 fnt","|faint|p1a: Keldeo","|","|win|larsulr1ch"],"p1rating":{"entryid":7332461,"formatid":"ou","userid":"gtxnyan","username":"GTX♅Nyan","r":1500,"rd":130,"sigma":0,"rpr":1459.8393856612,"rprd":122.8583080769,"rpsigma":0,"rptime":1438419600,"w":0,"l":1,"t":0,"gxe":45,"acre":1000,"lacre":1000,"oldacre":1000},"p2rating":{"entryid":7332462,"formatid":"ou","userid":"larsulr1ch","username":"larsulr1ch","r":1500,"rd":130,"sigma":0,"rpr":1540.1606143388,"rprd":122.8583080769,"rpsigma":0,"rptime":1438419600,"w":1,"l":0,"t":0,"gxe":55,"acre":1040,"lacre":1040,"oldacre":1000},"endType":"normal"}