{"seed":[1269,4369,12243,43189],"turns":28,"p1":"xnsjjzj","p2":"Larsulr1ch","p1team":[{"name":"Charizard","species":"Charizard","item":"charizarditex","ability":"Blaze","moves":["dragonclaw","earthquake","roost","dragondance"],"nature":"Jolly","evs":{"hp":176,"atk":248,"def":0,"spa":0,"spd":4,"spe":80},"ivs":{"hp":31,"atk":31,"def":31,"spa":31,"spd":31,"spe":31}},{"name":"Gyarados","species":"Gyarados","item":"leftovers","ability":"Intimidate","moves":["dragondance","waterfall","bounce","substitute"],"nature":"Jolly","evs":{"hp":204,"atk":48,"def":0,"spa":0,"spd":4,"spe":252},"ivs":{"hp":31,"atk":31,"def":31,"spa":31,"spd":31,"spe":31}},{"name":"Alakazam","species":"Alakazam","item":"focussash","ability":"Magic Guard","moves":["psychic","dazzlinggleam","shadowball","energyball"],"nature":"Timid","evs":{"hp":0,"atk":0,"def":0,"spa":252,"spd":4,"spe":252},"ivs":{"hp":31,"atk":31,"def":31,"spa":31,"spd":31,"spe":31}},{"name":"Ferrothorn","species":"Ferrothorn","item":"leftovers","ability":"Iron Barbs","moves":["gyroball","spikes","stealthrock","thunderwave"],"nature":"Relaxed","evs":{"hp":252,"atk":4,"def":68,"spa":0,"spd":1,"spe":0},"ivs":{"hp":31,"atk":31,"def":31,"spa":31,"spd":31,"spe":0}},{"name":"Conkeldurr","species":"Conkeldurr","item":"assaultvest","ability":"Iron Fist","moves":["machpunch","drainpunch","icepunch","poisonjab"],"nature":"Adamant","evs":{"hp":248,"atk":252,"def":0,"spa":0,"spd":8,"spe":0},"ivs":{"hp":31,"atk":31,"def":31,"spa":31,"spd":31,"spe":31}},{"name":"Heatran","species":"Heatran","item":"choicescarf","ability":"Flash Fire","moves":["ancientpower","overheat","earthpower","flashcannon"],"nature":"Timid","evs":{"hp":0,"atk":0,"def":0,"spa":252,"spd":4,"spe":252},"ivs":{"hp":31,"atk":31,"def":31,"spa":31,"spd":31,"spe":31}}],"p2team":[{"name":"Gallade","species":"Gallade","item":"galladite","ability":"Steadfast","moves":["shadowsneak","swordsdance","drainpunch","zenheadbutt"],"nature":"Jolly","evs":{"hp":0,"atk":252,"def":0,"spa":0,"spd":0,"spe":252},"ivs":{"hp":31,"atk":31,"def":31,"spa":31,"spd":31,"spe":31}},{"name":"Bisharp","species":"Bisharp","item":"blackglasses","ability":"Defiant","moves":["suckerpunch","ironhead","knockoff","pursuit"],"nature":"Jolly","evs":{"hp":0,"atk":252,"def":0,"spa":0,"spd":0,"spe":252},"ivs":{"hp":31,"atk":31,"def":31,"spa":31,"spd":31,"spe":31}},{"name":"Tornadus-Therian","species":"Tornadus-Therian","item":"choicescarf","ability":"Regenerator","moves":["hiddenpowerice","hurricane","heatwave","uturn"],"nature":"Modest","evs":{"hp":128,"atk":0,"def":0,"spa":252,"spd":0,"spe":128},"ivs":{"hp":31,"atk":30,"def":30,"spa":31,"spd":31,"spe":31}},{"name":"Blissey","species":"Blissey","item":"leftovers","ability":"Natural Cure","moves":["wish","protect","toxic","stealthrock"],"nature":"","evs":{"hp":0,"atk":252,"def":0,"spa":0,"spd":252,"spe":0},"ivs":{"hp":31,"atk":31,"def":31,"spa":31,"spd":31,"spe":31}},{"name":"Rotom-Wash","species":"Rotom-Wash","item":"leftovers","ability":"Levitate","moves":["painsplit","hydropump","voltswitch","willowisp"],"nature":"Bold","evs":{"hp":248,"atk":0,"def":0,"spa":216,"spd":0,"spe":44},"ivs":{"hp":31,"atk":31,"def":31,"spa":31,"spd":31,"spe":31}},{"name":"Latios","species":"Latios","item":"lifeorb","ability":"Levitate","moves":["dracometeor","psyshock","defog","earthquake"],"nature":"Naive","evs":{"hp":0,"atk":4,"def":0,"spa":252,"spd":0,"spe":252},"ivs":{"hp":31,"atk":31,"def":31,"spa":31,"spd":31,"spe":31}}],"log":["|player|p1|xnsjjzj|113","|player|p2|Larsulr1ch|2","|gametype|singles","|gen|6","|tier|OU","|rated","|clearpoke","|poke|p1|Charizard, M","|poke|p1|Gyarados, M","|poke|p1|Alakazam, F","|poke|p1|Ferrothorn, M","|poke|p1|Conkeldurr, M","|poke|p1|Heatran, F","|poke|p2|Gallade, M","|poke|p2|Bisharp, F","|poke|p2|Tornadus-Therian, M","|poke|p2|Blissey, F","|poke|p2|Rotom-Wash","|poke|p2|Latios, M","|rule|Swagger Clause: Swagger is banned","|rule|Baton Pass Clause: Limit one Baton Passer, can't pass Spe and other stats simultaneously","|rule|Sleep Clause Mod: Limit one foe put to sleep","|rule|Species Clause: Limit one of each Pokémon","|rule|OHKO Clause: OHKO moves are banned","|rule|Moody Clause: Moody is banned","|rule|Evasion Moves Clause: Evasion moves are banned","|rule|Endless Battle Clause: Forcing endless battles is banned","|rule|HP Percentage Mod: HP is shown in percentages","|teampreview","|","|start","|switch|p1a: Heatran|Heatran, F|323/323","|switch|p2a: Blissey|Blissey, F|651/651","|turn|1","|","|switch|p1a: Conkeldurr|Conkeldurr, M|413/413","|move|p2a: Blissey|Stealth Rock|p1a: Conkeldurr","|-sidestart|p1: xnsjjzj|move: Stealth Rock","|","|turn|2","|","|move|p2a: Blissey|Protect|p2a: Blissey","|-singleturn|p2a: Blissey|Protect","|move|p1a: Conkeldurr|Drain Punch|p2a: Blissey","|-activate|p2a: Blissey|Protect","|","|turn|3","|","|move|p2a: Blissey|Wish|p2a: Blissey","|move|p1a: Conkeldurr|Ice Punch|p2a: Blissey","|-damage|p2a: Blissey|139/651","|","|-heal|p2a: Blissey|179/651|[from] item: Leftovers","|turn|4","|","|switch|p2a: Latios|Latios, M|301/301","|move|p1a: Conkeldurr|Mach Punch|p2a: Latios","|-resisted|p2a: Latios","|-damage|p2a: Latios|246/301","|","|-heal|p2a: Latios|301/301|[from] move: Wish|[wisher] Blissey","|turn|5","|","|switch|p1a: Alakazam|Alakazam, F|251/251","|move|p2a: Latios|Psyshock|p1a: Alakazam","|-resisted|p1a: Alakazam","|-damage|p1a: Alakazam|81/251","|-damage|p2a: Latios|271/301|[from] item: Life Orb","|","|turn|6","|","|move|p1a: Alakazam|Shadow Ball|p2a: Latios","|-crit|p2a: Latios","|-supereffective|p2a: Latios","|-damage|p2a: Latios|0 fnt","|faint|p2a: Latios","|","|","|switch|p2a: Bisharp|Bisharp, F|271/271","|turn|7","|","|move|p2a: Bisharp|Pursuit|p1a: Alakazam|[from]Pursuit","|-supereffective|p1a: Alakazam","|-damage|p1a: Alakazam|0 fnt","|faint|p1a: Alakazam","|","|","|switch|p1a: Conkeldurr|Conkeldurr, M|413/413","|-damage|p1a: Conkeldurr|388/413|[from] Stealth Rock","|turn|8","|","|move|p2a: Bisharp|Knock Off|p1a: Conkeldurr","|-resisted|p1a: Conkeldurr","|-damage|p1a: Conkeldurr|274/413","|-enditem|p1a: Conkeldurr|Assault Vest|[from] move: Knock Off|[of] p2a: Bisharp","|move|p1a: Conkeldurr|Drain Punch|p2a: Bisharp","|-supereffective|p2a: Bisharp","|-damage|p2a: Bisharp|0 fnt","|-heal|p1a: Conkeldurr|410/413|[from] drain|[of] p2a: Bisharp","|faint|p2a: Bisharp","|","|","|switch|p2a: Rotom-Wash|Rotom-Wash|303/303","|turn|9","|","|switch|p1a: Ferrothorn|Ferrothorn, M|352/352","|-damage|p1a: Ferrothorn|330/352|[from] Stealth Rock","|move|p2a: Rotom-Wash|Hydro Pump|p1a: Ferrothorn|[miss]","|-miss|p2a: Rotom-Wash|p1a: Ferrothorn","|","|-heal|p1a: Ferrothorn|352/352|[from] item: Leftovers","|turn|10","|","|move|p2a: Rotom-Wash|Will-O-Wisp|p1a: Ferrothorn","|-status|p1a: Ferrothorn|brn","|move|p1a: Ferrothorn|Stealth Rock|p2a: Rotom-Wash","|-sidestart|p2: Larsulr1ch|move: Stealth Rock","|","|-damage|p1a: Ferrothorn|308/352 brn|[from] brn","|turn|11","|","|move|p2a: Rotom-Wash|Hydro Pump|p1a: Ferrothorn","|-resisted|p1a: Ferrothorn","|-damage|p1a: Ferrothorn|236/352 brn","|move|p1a: Ferrothorn|Spikes|p2a: Rotom-Wash","|-sidestart|p2: Larsulr1ch|Spikes","|","|-heal|p1a: Ferrothorn|258/352 brn|[from] item: Leftovers","|-damage|p1a: Ferrothorn|214/352 brn|[from] brn","|turn|12","|","|move|p2a: Rotom-Wash|Volt Switch|p1a: Ferrothorn","|-resisted|p1a: Ferrothorn","|-damage|p1a: Ferrothorn|169/352 brn","|","|switch|p2a: Tornadus-Therian|Tornadus-Therian, M|331/331","|-damage|p2a: Tornadus-Therian|249/331|[from] Stealth Rock","|move|p1a: Ferrothorn|Spikes|p2a: Tornadus-Therian","|-sidestart|p2: Larsulr1ch|Spikes","|","|-heal|p1a: Ferrothorn|191/352 brn|[from] item: Leftovers","|-damage|p1a: Ferrothorn|147/352 brn|[from] brn","|turn|13","|","|move|p2a: Tornadus-Therian|Heat Wave|p1a: Ferrothorn","|-supereffective|p1a: Ferrothorn","|-damage|p1a: Ferrothorn|0 fnt","|faint|p1a: Ferrothorn","|","|","|switch|p1a: Gyarados|Gyarados, M|382/382","|-damage|p1a: Gyarados|287/382|[from] Stealth Rock","|-ability|p1a: Gyarados|Intimidate","|-unboost|p2a: Tornadus-Therian|atk|1","|turn|14","|","|move|p2a: Tornadus-Therian|Heat Wave|p1a: Gyarados","|-resisted|p1a: Gyarados","|-damage|p1a: Gyarados|229/382","|move|p1a: Gyarados|Waterfall|p2a: Tornadus-Therian","|-damage|p2a: Tornadus-Therian|113/331","|","|-heal|p1a: Gyarados|252/382|[from] item: Leftovers","|turn|15","|","|switch|p1a: Heatran|Heatran, F|323/323","|-damage|p1a: Heatran|283/323|[from] Stealth Rock","|move|p2a: Tornadus-Therian|Heat Wave|p1a: Heatran","|-start|p1a: Heatran|ability: Flash Fire","|","|turn|16","|","|move|p2a: Tornadus-Therian|Heat Wave|p1a: Heatran","|-immune|p1a: Heatran|[msg]","|move|p1a: Heatran|Ancient Power|p2a: Tornadus-Therian","|-supereffective|p2a: Tornadus-Therian","|-damage|p2a: Tornadus-Therian|0 fnt","|faint|p2a: Tornadus-Therian","|","|","|switch|p2a: Rotom-Wash|Rotom-Wash|303/303","|-damage|p2a: Rotom-Wash|266/303|[from] Stealth Rock","|turn|17","|","|-end|p1a: Heatran|ability: Flash Fire|[silent]","|switch|p1a: Conkeldurr|Conkeldurr, M|410/413","|-damage|p1a: Conkeldurr|385/413|[from] Stealth Rock","|move|p2a: Rotom-Wash|Hydro Pump|p1a: Conkeldurr","|-damage|p1a: Conkeldurr|138/413","|","|-heal|p2a: Rotom-Wash|284/303|[from] item: Leftovers","|turn|18","|","|move|p2a: Rotom-Wash|Hydro Pump|p1a: Conkeldurr","|-crit|p1a: Conkeldurr","|-damage|p1a: Conkeldurr|0 fnt","|faint|p1a: Conkeldurr","|","|-heal|p2a: Rotom-Wash|302/303|[from] item: Leftovers","|","|switch|p1a: Heatran|Heatran, F|283/323","|-damage|p1a: Heatran|243/323|[from] Stealth Rock","|turn|19","|","|move|p1a: Heatran|Flash Cannon|p2a: Rotom-Wash","|-resisted|p2a: Rotom-Wash","|-damage|p2a: Rotom-Wash|266/303","|move|p2a: Rotom-Wash|Volt Switch|p1a: Heatran","|-damage|p1a: Heatran|135/323","|","|switch|p2a: Gallade|Gallade, M|277/277","|-damage|p2a: Gallade|260/277|[from] Stealth Rock","|-damage|p2a: Gallade|214/277|[from] Spikes","|","|turn|20","|","|detailschange|p2a: Gallade|Gallade-Mega, M","|-mega|p2a: Gallade|Gallade|Galladite","|move|p1a: Heatran|Flash Cannon|p2a: Gallade","|-damage|p2a: Gallade|94/277","|move|p2a: Gallade|Swords Dance|p2a: Gallade","|-boost|p2a: Gallade|atk|2","|","|turn|21","|","|move|p1a: Heatran|Flash Cannon|p2a: Gallade","|-damage|p2a: Gallade|0 fnt","|faint|p2a: Gallade","|","|","|switch|p2a: Blissey|Blissey, F|179/651","|-damage|p2a: Blissey|98/651|[from] Stealth Rock","|-damage|p2a: Blissey|0 fnt|[from] Spikes","|faint|p2a: Blissey","|","|switch|p2a: Rotom-Wash|Rotom-Wash|266/303","|-damage|p2a: Rotom-Wash|229/303|[from] Stealth Rock","|turn|22","|","|move|p1a: Heatran|Flash Cannon|p2a: Rotom-Wash","|-resisted|p2a: Rotom-Wash","|-damage|p2a: Rotom-Wash|198/303","|move|p2a: Rotom-Wash|Hydro Pump|p1a: Heatran|[miss]","|-miss|p2a: Rotom-Wash|p1a: Heatran","|","|-heal|p2a: Rotom-Wash|216/303|[from] item: Leftovers","|turn|23","|","|switch|p1a: Gyarados|Gyarados, M|252/382","|-damage|p1a: Gyarados|157/382|[from] Stealth Rock","|-ability|p1a: Gyarados|Intimidate","|-unboost|p2a: Rotom-Wash|atk|1","|move|p2a: Rotom-Wash|Hydro Pump|p1a: Gyarados","|-resisted|p1a: Gyarados","|-damage|p1a: Gyarados|76/382","|","|-heal|p1a: Gyarados|99/382|[from] item: Leftovers","|-heal|p2a: Rotom-Wash|234/303|[from] item: Leftovers","|turn|24","|","|move|p1a: Gyarados|Bounce|p2a: Rotom-Wash|[still]","|-prepare|p1a: Gyarados|Bounce|p2a: Rotom-Wash","|move|p2a: Rotom-Wash|Volt Switch|p1a: Gyarados|[miss]","|-miss|p2a: Rotom-Wash|p1a: Gyarados","|","|-heal|p1a: Gyarados|122/382|[from] item: Leftovers","|-heal|p2a: Rotom-Wash|252/303|[from] item: Leftovers","|turn|25","|","|move|p1a: Gyarados|Bounce|p2a: Rotom-Wash|[from]lockedmove","|-resisted|p2a: Rotom-Wash","|-damage|p2a: Rotom-Wash|199/303","|move|p2a: Rotom-Wash|Volt Switch|p1a: Gyarados","|-supereffective|p1a: Gyarados","|-damage|p1a: Gyarados|0 fnt","|faint|p1a: Gyarados","|","|-heal|p2a: Rotom-Wash|217/303|[from] item: Leftovers","|","|switch|p1a: Heatran|Heatran, F|135/323","|-damage|p1a: Heatran|95/323|[from] Stealth Rock","|turn|26","|","|move|p1a: Heatran|Overheat|p2a: Rotom-Wash","|-resisted|p2a: Rotom-Wash","|-damage|p2a: Rotom-Wash|113/303","|-unboost|p1a: Heatran|spa|2","|move|p2a: Rotom-Wash|Volt Switch|p1a: Heatran","|-damage|p1a: Heatran|4/323","|","|-heal|p2a: Rotom-Wash|131/303|[from] item: Leftovers","|turn|27","|","|move|p1a: Heatran|Overheat|p2a: Rotom-Wash","|-resisted|p2a: Rotom-Wash","|-damage|p2a: Rotom-Wash|74/303","|-unboost|p1a: Heatran|spa|2","|move|p2a: Rotom-Wash|Volt Switch|p1a: Heatran","|-damage|p1a: Heatran|0 fnt","|faint|p1a: Heatran","|","|-heal|p2a: Rotom-Wash|92/303|[from] item: Leftovers","|","|switch|p1a: Charizard|Charizard, M|341/341","|-damage|p1a: Charizard|171/341|[from] Stealth Rock","|turn|28","|","|detailschange|p1a: Charizard|Charizard-Mega-X, M","|-mega|p1a: Charizard|Charizard|Charizardite X","|move|p1a: Charizard|Dragon Claw|p2a: Rotom-Wash","|-damage|p2a: Rotom-Wash|0 fnt","|faint|p2a: Rotom-Wash","|","|win|xnsjjzj"],"p1rating":{"entryid":7341935,"formatid":"ou","userid":"xnsjjzj","username":"xnsjjzj","r":1500,"rd":130,"sigma":0,"rpr":1544.7991079654,"rprd":122.83141802352,"rpsigma":0,"rptime":1438506000,"w":1,"l":0,"t":0,"gxe":55.6,"acre":1044.584930701,"lacre":1044.584930701,"oldacre":1000},"p2rating":{"entryid":"7332462","serverid":"eos","formatid":"ou","userid":"larsulr1ch","username":"larsulr1ch","w":"1","l":1,"t":"0","gxe":50,"r":"1540.1606143388","rd":"122.8583080769","sigma":"0","rptime":"1438506000","rpr":1499.970724027,"rprd":116.84146468108,"rpsigma":"0","acre":1022.1660277196,"lacre":1022.1660277196,"oldacre":"1040"},"endType":"normal"}