{"seed":[27659,5817,2361,21487],"turns":26,"p1":"Anthosebas <3","p2":"Guard Torterra","p1team":[{"name":"Klefki","species":"Klefki","item":"lightclay","ability":"Prankster","moves":["calmmind","lightscreen","thunderwave","dazzlinggleam"],"nature":"Bold","evs":{"hp":248,"atk":0,"def":252,"spa":0,"spd":8,"spe":0},"ivs":{"hp":31,"atk":31,"def":31,"spa":31,"spd":31,"spe":31}},{"name":"Charizard","species":"Charizard","item":"charizarditey","ability":"Blaze","moves":["airslash","fireblast","dragonpulse","roost"],"nature":"Modest","evs":{"hp":248,"atk":0,"def":0,"spa":252,"spd":8,"spe":0},"shiny":true,"ivs":{"hp":31,"atk":31,"def":31,"spa":31,"spd":31,"spe":31}},{"name":"Ferrothorn","species":"Ferrothorn","item":"leftovers","ability":"Iron Barbs","moves":["leechseed","stealthrock","protect","thunderwave"],"nature":"Bold","evs":{"hp":252,"atk":0,"def":252,"spa":0,"spd":4,"spe":0},"ivs":{"hp":31,"atk":31,"def":31,"spa":31,"spd":31,"spe":31}},{"name":"Gengar","species":"Gengar","item":"focussash","ability":"Levitate","moves":["sludgewave","shadowball","substitute","focusblast"],"nature":"Timid","evs":{"hp":0,"atk":0,"def":0,"spa":252,"spd":4,"spe":252},"shiny":true,"ivs":{"hp":31,"atk":31,"def":31,"spa":31,"spd":31,"spe":31}},{"name":"Malamar","species":"Malamar","item":"assaultvest","ability":"Contrary","moves":["superpower","psychocut","knockoff","gigaimpact"],"nature":"Adamant","evs":{"hp":248,"atk":252,"def":0,"spa":0,"spd":8,"spe":0},"ivs":{"hp":31,"atk":31,"def":31,"spa":31,"spd":31,"spe":31}},{"name":"Conkeldurr","species":"Conkeldurr","item":"assaultvest","ability":"Guts","moves":["drainpunch","machpunch","thunderpunch","earthquake"],"nature":"Adamant","evs":{"hp":248,"atk":252,"def":0,"spa":0,"spd":8,"spe":0},"ivs":{"hp":31,"atk":31,"def":31,"spa":31,"spd":31,"spe":31}}],"p2team":[{"name":"Mandibuzz","species":"Mandibuzz","item":"leftovers","ability":"Overcoat","moves":["foulplay","roost","defog","uturn"],"nature":"Calm","evs":{"hp":252,"atk":0,"def":4,"spa":0,"spd":252,"spe":0},"ivs":{"hp":31,"atk":31,"def":31,"spa":31,"spd":31,"spe":31}},{"name":"Scizor","species":"Scizor","item":"scizorite","ability":"Light Metal","moves":["swordsdance","roost","bulletpunch","knockoff"],"nature":"Impish","evs":{"hp":248,"atk":44,"def":16,"spa":0,"spd":200,"spe":0},"ivs":{"hp":31,"atk":31,"def":31,"spa":31,"spd":31,"spe":31}},{"name":"Garchomp","species":"Garchomp","item":"rockyhelmet","ability":"Rough Skin","moves":["stealthrock","earthquake","dragontail","toxic"],"nature":"Impish","evs":{"hp":252,"atk":0,"def":164,"spa":0,"spd":76,"spe":16},"ivs":{"hp":31,"atk":31,"def":31,"spa":31,"spd":31,"spe":31}},{"name":"Azumarill","species":"Azumarill","item":"choiceband","ability":"Huge Power","moves":["aquajet","waterfall","playrough","superpower"],"nature":"Adamant","evs":{"hp":248,"atk":252,"def":0,"spa":0,"spd":8,"spe":0},"ivs":{"hp":31,"atk":31,"def":31,"spa":31,"spd":31,"spe":31}},{"name":"Victini","species":"Victini","item":"leftovers","ability":"Victory Star","moves":["taunt","vcreate","willowisp","boltstrike"],"nature":"Jolly","evs":{"hp":248,"atk":132,"def":68,"spa":0,"spd":0,"spe":60},"ivs":{"hp":31,"atk":31,"def":31,"spa":31,"spd":31,"spe":31}},{"name":"Raikou","species":"Raikou","item":"lifeorb","ability":"Pressure","moves":["calmmind","thunderbolt","hiddenpowerice","voltswitch"],"nature":"Timid","evs":{"hp":0,"atk":0,"def":0,"spa":252,"spd":4,"spe":252},"ivs":{"hp":31,"atk":30,"def":30,"spa":31,"spd":31,"spe":31}}],"log":["|player|p1|Anthosebas <3|33","|player|p2|Guard Torterra|75","|gametype|singles","|gen|6","|tier|OU","|rated","|clearpoke","|poke|p1|Klefki, M","|poke|p1|Charizard, F, shiny","|poke|p1|Ferrothorn, F","|poke|p1|Gengar, M, shiny","|poke|p1|Malamar, M","|poke|p1|Conkeldurr, F","|poke|p2|Mandibuzz, F","|poke|p2|Scizor, F","|poke|p2|Garchomp, M","|poke|p2|Azumarill, M","|poke|p2|Victini","|poke|p2|Raikou","|rule|Swagger Clause: Swagger is banned","|rule|Baton Pass Clause: Limit one Baton Passer, can't pass Spe and other stats simultaneously","|rule|Sleep Clause Mod: Limit one foe put to sleep","|rule|Species Clause: Limit one of each Pokémon","|rule|OHKO Clause: OHKO moves are banned","|rule|Moody Clause: Moody is banned","|rule|Evasion Moves Clause: Evasion moves are banned","|rule|Endless Battle Clause: Forcing endless battles is banned","|rule|HP Percentage Mod: HP is shown in percentages","|teampreview","|","|start","|switch|p1a: Klefki|Klefki, M|317/317","|switch|p2a: Victini|Victini|403/403","|turn|1","|","|move|p1a: Klefki|Thunder Wave|p2a: Victini","|-status|p2a: Victini|par","|move|p2a: Victini|Taunt|p1a: Klefki","|-start|p1a: Klefki|move: Taunt","|","|turn|2","|","|switch|p1a: Charizard|Charizard, F, shiny|359/359","|move|p2a: Victini|V-create|p1a: Charizard","|-crit|p1a: Charizard","|-resisted|p1a: Charizard","|-damage|p1a: Charizard|123/359","|-unboost|p2a: Victini|spe|1","|-unboost|p2a: Victini|def|1","|-unboost|p2a: Victini|spd|1","|","|turn|3","|","|detailschange|p1a: Charizard|Charizard-Mega-Y, F, shiny","|-mega|p1a: Charizard|Charizard|Charizardite Y","|-weather|SunnyDay","|move|p1a: Charizard|Air Slash|p2a: Victini","|-damage|p2a: Victini|163/403 par","|cant|p2a: Victini|flinch","|","|-weather|SunnyDay|[upkeep]","|-heal|p2a: Victini|188/403 par|[from] item: Leftovers","|turn|4","|","|switch|p2a: Raikou|Raikou|321/321","|-ability|p2a: Raikou|Pressure","|move|p1a: Charizard|Air Slash|p2a: Raikou","|-resisted|p2a: Raikou","|-damage|p2a: Raikou|237/321","|","|-weather|SunnyDay|[upkeep]","|turn|5","|","|switch|p1a: Conkeldurr|Conkeldurr, F|413/413","|move|p2a: Raikou|Volt Switch|p1a: Conkeldurr","|-damage|p1a: Conkeldurr|283/413","|-damage|p2a: Raikou|205/321|[from] item: Life Orb","|","|switch|p2a: Garchomp|Garchomp, M|420/420","|","|-weather|SunnyDay|[upkeep]","|turn|6","|","|move|p2a: Garchomp|Stealth Rock|p1a: Conkeldurr","|-sidestart|p1: Anthosebas <3|move: Stealth Rock","|move|p1a: Conkeldurr|Drain Punch|p2a: Garchomp","|-damage|p2a: Garchomp|288/420","|-heal|p1a: Conkeldurr|349/413|[from] drain|[of] p2a: Garchomp","|-damage|p1a: Conkeldurr|298/413|[from] ability: Rough Skin|[of] p2a: Garchomp","|-damage|p1a: Conkeldurr|230/413|[from] item: Rocky Helmet|[of] p2a: Garchomp","|","|-weather|SunnyDay|[upkeep]","|turn|7","|","|move|p2a: Garchomp|Earthquake|p1a: Conkeldurr","|-damage|p1a: Conkeldurr|82/413","|move|p1a: Conkeldurr|Drain Punch|p2a: Garchomp","|-damage|p2a: Garchomp|170/420","|-heal|p1a: Conkeldurr|141/413|[from] drain|[of] p2a: Garchomp","|-damage|p1a: Conkeldurr|90/413|[from] ability: Rough Skin|[of] p2a: Garchomp","|-damage|p1a: Conkeldurr|22/413|[from] item: Rocky Helmet|[of] p2a: Garchomp","|","|-weather|none","|turn|8","|","|move|p1a: Conkeldurr|Mach Punch|p2a: Garchomp","|-damage|p2a: Garchomp|107/420","|-damage|p1a: Conkeldurr|0 fnt|[from] ability: Rough Skin|[of] p2a: Garchomp","|faint|p1a: Conkeldurr","|move|p2a: Garchomp|Earthquake|p1: Conkeldurr|[notarget]","|-notarget","|","|","|switch|p1a: Charizard|Charizard-Mega-Y, F, shiny|123/359","|-damage|p1a: Charizard|0 fnt|[from] Stealth Rock","|faint|p1a: Charizard","|","|switch|p1a: Malamar|Malamar, M|375/375","|-damage|p1a: Malamar|329/375|[from] Stealth Rock","|turn|9","|","|move|p2a: Garchomp|Toxic|p1a: Malamar","|-status|p1a: Malamar|tox","|move|p1a: Malamar|Superpower|p2a: Garchomp","|-damage|p2a: Garchomp|15/420","|-damage|p1a: Malamar|283/375 tox|[from] ability: Rough Skin|[of] p2a: Garchomp","|-damage|p1a: Malamar|221/375 tox|[from] item: Rocky Helmet|[of] p2a: Garchomp","|-boost|p1a: Malamar|atk|1","|-boost|p1a: Malamar|def|1","|","|-damage|p1a: Malamar|198/375 tox|[from] psn","|turn|10","|","|move|p2a: Garchomp|Earthquake|p1a: Malamar","|-damage|p1a: Malamar|95/375 tox","|move|p1a: Malamar|Superpower|p2a: Garchomp","|-damage|p2a: Garchomp|0 fnt","|-damage|p1a: Malamar|49/375 tox|[from] ability: Rough Skin|[of] p2a: Garchomp","|-damage|p1a: Malamar|0 fnt|[from] item: Rocky Helmet|[of] p2a: Garchomp","|faint|p1a: Malamar","|faint|p2a: Garchomp","|","|","|switch|p1a: Klefki|Klefki, M|317/317","|switch|p2a: Scizor|Scizor, F|343/343","|-damage|p1a: Klefki|298/317|[from] Stealth Rock","|turn|11","|","|switch|p2a: Raikou|Raikou|205/321","|-ability|p2a: Raikou|Pressure","|move|p1a: Klefki|Thunder Wave|p2a: Raikou","|-immune|p2a: Raikou|[msg]","|","|turn|12","|","|move|p2a: Raikou|Thunderbolt|p1a: Klefki","|-damage|p1a: Klefki|95/317","|-damage|p2a: Raikou|173/321|[from] item: Life Orb","|move|p1a: Klefki|Dazzling Gleam|p2a: Raikou","|-damage|p2a: Raikou|97/321","|","|turn|13","|","|switch|p1a: Ferrothorn|Ferrothorn, F|352/352","|-damage|p1a: Ferrothorn|330/352|[from] Stealth Rock","|move|p2a: Raikou|Thunderbolt|p1a: Ferrothorn","|-resisted|p1a: Ferrothorn","|-damage|p1a: Ferrothorn|242/352","|-damage|p2a: Raikou|65/321|[from] item: Life Orb","|","|-heal|p1a: Ferrothorn|264/352|[from] item: Leftovers","|turn|14","|","|move|p2a: Raikou|Volt Switch|p1a: Ferrothorn","|-resisted|p1a: Ferrothorn","|-damage|p1a: Ferrothorn|194/352","|-damage|p2a: Raikou|33/321|[from] item: Life Orb","|","|switch|p2a: Victini|Victini|188/403 par","|move|p1a: Ferrothorn|Leech Seed|p2a: Victini|[miss]","|-miss|p1a: Ferrothorn|p2a: Victini","|","|-heal|p1a: Ferrothorn|216/352|[from] item: Leftovers","|-heal|p2a: Victini|213/403 par|[from] item: Leftovers","|turn|15","|","|move|p1a: Ferrothorn|Protect|p1a: Ferrothorn","|-singleturn|p1a: Ferrothorn|Protect","|move|p2a: Victini|V-create|p1a: Ferrothorn","|-activate|p1a: Ferrothorn|Protect","|","|-heal|p1a: Ferrothorn|238/352|[from] item: Leftovers","|-heal|p2a: Victini|238/403 par|[from] item: Leftovers","|turn|16","|","|switch|p1a: Klefki|Klefki, M|95/317","|-damage|p1a: Klefki|76/317|[from] Stealth Rock","|move|p2a: Victini|V-create|p1a: Klefki","|-supereffective|p1a: Klefki","|-damage|p1a: Klefki|0 fnt","|-unboost|p2a: Victini|spe|1","|-unboost|p2a: Victini|def|1","|-unboost|p2a: Victini|spd|1","|faint|p1a: Klefki","|","|-heal|p2a: Victini|263/403 par|[from] item: Leftovers","|","|switch|p1a: Gengar|Gengar, M, shiny|261/261","|-damage|p1a: Gengar|229/261|[from] Stealth Rock","|turn|17","|","|move|p1a: Gengar|Substitute|p1a: Gengar","|-start|p1a: Gengar|Substitute","|-damage|p1a: Gengar|164/261","|move|p2a: Victini|V-create|p1a: Gengar","|-end|p1a: Gengar|Substitute","|-unboost|p2a: Victini|spe|1","|-unboost|p2a: Victini|def|1","|-unboost|p2a: Victini|spd|1","|","|-heal|p2a: Victini|288/403 par|[from] item: Leftovers","|turn|18","|","|move|p1a: Gengar|Shadow Ball|p2a: Victini","|-supereffective|p2a: Victini","|-damage|p2a: Victini|0 fnt","|faint|p2a: Victini","|","|","|switch|p2a: Scizor|Scizor, F|343/343","|turn|19","|","|detailschange|p2a: Scizor|Scizor-Mega, F","|-mega|p2a: Scizor|Scizor|Scizorite","|move|p1a: Gengar|Substitute|p1a: Gengar","|-start|p1a: Gengar|Substitute","|-damage|p1a: Gengar|99/261","|move|p2a: Scizor|Swords Dance|p2a: Scizor","|-boost|p2a: Scizor|atk|2","|","|turn|20","|","|move|p2a: Scizor|Bullet Punch|p1a: Gengar","|-end|p1a: Gengar|Substitute","|move|p1a: Gengar|Shadow Ball|p2a: Scizor","|-damage|p2a: Scizor|222/343","|","|turn|21","|","|move|p2a: Scizor|Bullet Punch|p1a: Gengar","|-damage|p1a: Gengar|0 fnt","|faint|p1a: Gengar","|","|","|switch|p1a: Ferrothorn|Ferrothorn, F|238/352","|-damage|p1a: Ferrothorn|216/352|[from] Stealth Rock","|turn|22","|","|move|p2a: Scizor|Knock Off|p1a: Ferrothorn","|-damage|p1a: Ferrothorn|93/352","|-damage|p2a: Scizor|180/343|[from] ability: Iron Barbs|[of] p1a: Ferrothorn","|-enditem|p1a: Ferrothorn|Leftovers|[from] move: Knock Off|[of] p2a: Scizor","|move|p1a: Ferrothorn|Leech Seed|p2a: Scizor","|-start|p2a: Scizor|move: Leech Seed","|","|-damage|p2a: Scizor|138/343|[from] Leech Seed|[of] p1a: Ferrothorn","|-heal|p1a: Ferrothorn|135/352|[silent]","|turn|23","|","|move|p1a: Ferrothorn|Protect|p1a: Ferrothorn","|-singleturn|p1a: Ferrothorn|Protect","|move|p2a: Scizor|Knock Off|p1a: Ferrothorn","|-activate|p1a: Ferrothorn|Protect","|","|-damage|p2a: Scizor|96/343|[from] Leech Seed|[of] p1a: Ferrothorn","|-heal|p1a: Ferrothorn|177/352|[silent]","|turn|24","|","|switch|p2a: Raikou|Raikou|33/321","|-ability|p2a: Raikou|Pressure","|move|p1a: Ferrothorn|Stealth Rock|p2a: Raikou","|-sidestart|p2: Guard Torterra|move: Stealth Rock","|","|turn|25","|","|move|p2a: Raikou|Hidden Power|p1a: Ferrothorn","|-damage|p1a: Ferrothorn|103/352","|-damage|p2a: Raikou|1/321|[from] item: Life Orb","|move|p1a: Ferrothorn|Leech Seed|p2a: Raikou","|-start|p2a: Raikou|move: Leech Seed","|","|-damage|p2a: Raikou|0 fnt|[from] Leech Seed|[of] p1a: Ferrothorn","|-heal|p1a: Ferrothorn|104/352|[silent]","|faint|p2a: Raikou","|","|switch|p2a: Azumarill|Azumarill, M|403/403","|-damage|p2a: Azumarill|353/403|[from] Stealth Rock","|turn|26","|","|move|p2a: Azumarill|Superpower|p1a: Ferrothorn","|-supereffective|p1a: Ferrothorn","|-damage|p1a: Ferrothorn|0 fnt","|-damage|p2a: Azumarill|303/403|[from] ability: Iron Barbs|[of] p1a: Ferrothorn","|-unboost|p2a: Azumarill|atk|1","|-unboost|p2a: Azumarill|def|1","|faint|p1a: Ferrothorn","|","|win|Guard Torterra"],"p1rating":{"entryid":7345211,"formatid":"ou","userid":"anthosebas3","username":"Anthosebas <3","r":1500,"rd":130,"sigma":0,"rpr":1459.2600056506,"rprd":122.58812068721,"rpsigma":0,"rptime":1438506000,"w":0,"l":1,"t":0,"gxe":44.9,"acre":1000,"lacre":1000,"oldacre":1000},"p2rating":{"entryid":"6849609","serverid":"eos","formatid":"ou","userid":"guardtorterra","username":"Guard Torterra","w":3,"l":"2","t":"0","gxe":53.9,"r":"1500.5552380659","rd":"110.86902786114","sigma":"0","rptime":"1438506000","rpr":1530.597562399,"rprd":106.33889705842,"rpsigma":"0","acre":1093.7176627926,"lacre":1093.7176627926,"oldacre":"1070.1028089042"},"endType":"normal"}