{"seed":[38364,61679,48471,8740],"turns":24,"p1":"watchin u","p2":"Champion Darkrai","p1team":[{"name":"Camerupt","species":"Camerupt","item":"cameruptite","ability":"Solid Rock","moves":["flamethrower","hiddenpowerice","earthpower","willowisp"],"nature":"Modest","evs":{"hp":248,"atk":0,"def":84,"spa":176,"spd":0,"spe":0},"ivs":{"hp":31,"atk":30,"def":30,"spa":31,"spd":31,"spe":31}},{"name":"Latias","species":"Latias","item":"lifeorb","ability":"Levitate","moves":["psyshock","healingwish","defog","roost"],"nature":"Timid","evs":{"hp":72,"atk":0,"def":0,"spa":184,"spd":0,"spe":252},"ivs":{"hp":31,"atk":0,"def":31,"spa":31,"spd":31,"spe":31}},{"name":"Keldeo","species":"Keldeo","item":"choicespecs","ability":"Justified","moves":["secretsword","hydropump","scald","icywind"],"nature":"Timid","evs":{"hp":4,"atk":0,"def":0,"spa":252,"spd":0,"spe":252},"ivs":{"hp":31,"atk":0,"def":31,"spa":31,"spd":31,"spe":31}},{"name":"Tornadus-Therian","species":"Tornadus-Therian","item":"assaultvest","ability":"Regenerator","moves":["hurricane","knockoff","uturn","focusblast"],"nature":"Timid","evs":{"hp":132,"atk":0,"def":0,"spa":152,"spd":0,"spe":224},"ivs":{"hp":31,"atk":31,"def":31,"spa":31,"spd":31,"spe":31}},{"name":"Bisharp","species":"Bisharp","item":"focussash","ability":"Defiant","moves":["stealthrock","taunt","thunderwave","knockoff"],"nature":"Jolly","evs":{"hp":4,"atk":252,"def":0,"spa":0,"spd":0,"spe":252},"ivs":{"hp":31,"atk":31,"def":31,"spa":31,"spd":31,"spe":31}},{"name":"Kyurem-Black","species":"Kyurem-Black","item":"leftovers","ability":"Teravolt","moves":["icebeam","substitute","roost","earthpower"],"nature":"Modest","evs":{"hp":4,"atk":0,"def":0,"spa":252,"spd":0,"spe":221},"ivs":{"hp":31,"atk":31,"def":31,"spa":31,"spd":31,"spe":31}}],"p2team":[{"name":"She Hulk","species":"medicham","item":"medichamite","ability":"Pure Power","moves":["highjumpkick","zenheadbutt","fakeout","bulletpunch"],"nature":"Adamant","evs":{"hp":16,"atk":252,"def":0,"spa":0,"spd":0,"spe":240},"ivs":{"hp":31,"atk":31,"def":31,"spa":31,"spd":31,"spe":31}},{"name":"Snack That smiles","species":"sylveon","item":"leftovers","ability":"Pixilate","moves":["wish","protect","healbell","hypervoice"],"nature":"Calm","evs":{"hp":252,"atk":0,"def":4,"spa":0,"spd":252,"spe":0},"ivs":{"hp":31,"atk":31,"def":31,"spa":31,"spd":31,"spe":31}},{"name":"Breloom","species":"Breloom","item":"toxicorb","ability":"Poison Heal","moves":["spore","leechseed","focuspunch","substitute"],"nature":"Impish","evs":{"hp":248,"atk":8,"def":252,"spa":0,"spd":0,"spe":0},"ivs":{"hp":31,"atk":31,"def":31,"spa":31,"spd":31,"spe":31}},{"name":"Cat dog thing","species":"landorustherian","item":"leftovers","ability":"Intimidate","moves":["earthquake","stealthrock","uturn","knockoff"],"nature":"Impish","evs":{"hp":252,"atk":4,"def":252,"spa":0,"spd":0,"spe":0},"ivs":{"hp":31,"atk":31,"def":31,"spa":31,"spd":31,"spe":31}},{"name":"Slave","species":"rotomwash","item":"leftovers","ability":"Levitate","moves":["voltswitch","hydropump","willowisp","painsplit"],"nature":"Bold","evs":{"hp":248,"atk":0,"def":252,"spa":0,"spd":8,"spe":0},"ivs":{"hp":31,"atk":31,"def":31,"spa":31,"spd":31,"spe":31}},{"name":"Scizor","species":"Scizor","item":"choicescarf","ability":"Technician","moves":["uturn","bulletpunch","superpower","knockoff"],"nature":"Adamant","evs":{"hp":248,"atk":252,"def":0,"spa":0,"spd":8,"spe":0},"ivs":{"hp":31,"atk":31,"def":31,"spa":31,"spd":31,"spe":31}}],"log":["|player|p1|watchin u|162","|player|p2|Champion Darkrai|153","|gametype|singles","|gen|6","|tier|OU","|rated","|clearpoke","|poke|p1|Camerupt, M","|poke|p1|Latias, F","|poke|p1|Keldeo","|poke|p1|Tornadus-Therian, M","|poke|p1|Bisharp, M","|poke|p1|Kyurem-Black","|poke|p2|Medicham, F","|poke|p2|Sylveon, F","|poke|p2|Breloom, F","|poke|p2|Landorus-Therian, M","|poke|p2|Rotom-Wash","|poke|p2|Scizor, F","|rule|Swagger Clause: Swagger is banned","|rule|Baton Pass Clause: Limit one Baton Passer, can't pass Spe and other stats simultaneously","|rule|Sleep Clause Mod: Limit one foe put to sleep","|rule|Species Clause: Limit one of each Pokémon","|rule|OHKO Clause: OHKO moves are banned","|rule|Moody Clause: Moody is banned","|rule|Evasion Moves Clause: Evasion moves are banned","|rule|Endless Battle Clause: Forcing endless battles is banned","|rule|HP Percentage Mod: HP is shown in percentages","|teampreview","|","|start","|switch|p1a: Keldeo|Keldeo|324/324","|switch|p2a: Cat dog thing|Landorus-Therian, M|382/382","|-ability|p2a: Cat dog thing|Intimidate","|-unboost|p1a: Keldeo|atk|1","|turn|1","|","|move|p1a: Keldeo|Scald|p2a: Cat dog thing","|-supereffective|p2a: Cat dog thing","|-damage|p2a: Cat dog thing|0 fnt","|faint|p2a: Cat dog thing","|","|","|switch|p2a: She Hulk|Medicham, F|265/265","|turn|2","|","|detailschange|p2a: She Hulk|Medicham-Mega, F","|-mega|p2a: She Hulk|Medicham|Medichamite","|move|p2a: She Hulk|Fake Out|p1a: Keldeo","|-damage|p1a: Keldeo|226/324","|cant|p1a: Keldeo|flinch","|","|turn|3","|","|move|p1a: Keldeo|Scald|p2a: She Hulk","|-damage|p2a: She Hulk|24/265","|move|p2a: She Hulk|Zen Headbutt|p1a: Keldeo|[miss]","|-miss|p2a: She Hulk|p1a: Keldeo","|","|turn|4","|","|move|p2a: She Hulk|Bullet Punch|p1a: Keldeo","|-resisted|p1a: Keldeo","|-damage|p1a: Keldeo|181/324","|move|p1a: Keldeo|Scald|p2a: She Hulk","|-damage|p2a: She Hulk|0 fnt","|faint|p2a: She Hulk","|","|","|switch|p2a: Snack That smiles|Sylveon, F|394/394","|turn|5","|","|switch|p1a: Camerupt|Camerupt, M|343/343","|move|p2a: Snack That smiles|Protect|p2a: Snack That smiles","|-fail|p2a: Snack That smiles","|","|turn|6","|","|detailschange|p1a: Camerupt|Camerupt-Mega, M","|-mega|p1a: Camerupt|Camerupt|Cameruptite","|move|p2a: Snack That smiles|Hyper Voice|p1a: Camerupt","|-resisted|p1a: Camerupt","|-damage|p1a: Camerupt|272/343","|move|p1a: Camerupt|Will-O-Wisp|p2a: Snack That smiles|[miss]","|-miss|p1a: Camerupt|p2a: Snack That smiles","|","|turn|7","|","|move|p2a: Snack That smiles|Hyper Voice|p1a: Camerupt","|-resisted|p1a: Camerupt","|-damage|p1a: Camerupt|194/343","|move|p1a: Camerupt|Will-O-Wisp|p2a: Snack That smiles","|-status|p2a: Snack That smiles|brn","|","|-damage|p2a: Snack That smiles|345/394 brn|[from] brn","|turn|8","|","|move|p2a: Snack That smiles|Hyper Voice|p1a: Camerupt","|-resisted|p1a: Camerupt","|-damage|p1a: Camerupt|127/343","|move|p1a: Camerupt|Flamethrower|p2a: Snack That smiles","|-damage|p2a: Snack That smiles|191/394 brn","|","|-heal|p2a: Snack That smiles|215/394 brn|[from] item: Leftovers","|-damage|p2a: Snack That smiles|166/394 brn|[from] brn","|turn|9","|","|switch|p1a: Tornadus-Therian|Tornadus-Therian, M|332/332","|move|p2a: Snack That smiles|Hyper Voice|p1a: Tornadus-Therian","|-damage|p1a: Tornadus-Therian|232/332","|","|-heal|p2a: Snack That smiles|190/394 brn|[from] item: Leftovers","|-damage|p2a: Snack That smiles|141/394 brn|[from] brn","|turn|10","|","|move|p1a: Tornadus-Therian|Hurricane|p2a: Snack That smiles","|-crit|p2a: Snack That smiles","|-damage|p2a: Snack That smiles|0 fnt","|faint|p2a: Snack That smiles","|","|","|switch|p2a: Slave|Rotom-Wash|303/303","|turn|11","|","|move|p1a: Tornadus-Therian|U-turn|p2a: Slave","|-damage|p2a: Slave|266/303","|","|switch|p1a: Kyurem-Black|Kyurem-Black|392/392","|-ability|p1a: Kyurem-Black|Teravolt","|move|p2a: Slave|Will-O-Wisp|p1a: Kyurem-Black","|-status|p1a: Kyurem-Black|brn","|","|-heal|p2a: Slave|284/303|[from] item: Leftovers","|-damage|p1a: Kyurem-Black|343/392 brn|[from] brn","|turn|12","|","|move|p1a: Kyurem-Black|Earth Power|p2a: Slave","|-supereffective|p2a: Slave","|-damage|p2a: Slave|58/303","|move|p2a: Slave|Hydro Pump|p1a: Kyurem-Black","|-resisted|p1a: Kyurem-Black","|-damage|p1a: Kyurem-Black|266/392 brn","|","|-heal|p1a: Kyurem-Black|290/392 brn|[from] item: Leftovers","|-heal|p2a: Slave|76/303|[from] item: Leftovers","|-damage|p1a: Kyurem-Black|241/392 brn|[from] brn","|turn|13","|","|move|p1a: Kyurem-Black|Earth Power|p2a: Slave","|-supereffective|p2a: Slave","|-damage|p2a: Slave|0 fnt","|faint|p2a: Slave","|","|-heal|p1a: Kyurem-Black|265/392 brn|[from] item: Leftovers","|-damage|p1a: Kyurem-Black|216/392 brn|[from] brn","|","|switch|p2a: Scizor|Scizor, F|343/343","|turn|14","|","|switch|p1a: Latias|Latias, F|319/319","|move|p2a: Scizor|Bullet Punch|p1a: Latias","|-damage|p1a: Latias|199/319","|","|turn|15","|","|switch|p1a: Bisharp|Bisharp, M|272/272","|move|p2a: Scizor|Bullet Punch|p1a: Bisharp","|-resisted|p1a: Bisharp","|-damage|p1a: Bisharp|211/272","|","|turn|16","|","|move|p2a: Scizor|Bullet Punch|p1a: Bisharp","|-resisted|p1a: Bisharp","|-damage|p1a: Bisharp|152/272","|move|p1a: Bisharp|Thunder Wave|p2a: Scizor","|-status|p2a: Scizor|par","|","|turn|17","|","|cant|p2a: Scizor|par","|move|p1a: Bisharp|Knock Off|p2a: Scizor","|-damage|p2a: Scizor|166/343 par","|-enditem|p2a: Scizor|Choice Scarf|[from] move: Knock Off|[of] p1a: Bisharp","|","|turn|18","|","|move|p1a: Bisharp|Stealth Rock|p2a: Scizor","|-sidestart|p2: Champion Darkrai|move: Stealth Rock","|move|p2a: Scizor|Superpower|p1a: Bisharp","|-supereffective|p1a: Bisharp","|-damage|p1a: Bisharp|0 fnt","|-unboost|p2a: Scizor|atk|1","|-unboost|p2a: Scizor|def|1","|faint|p1a: Bisharp","|","|","|switch|p1a: Keldeo|Keldeo|181/324","|turn|19","|","|cant|p2a: Scizor|par","|move|p1a: Keldeo|Scald|p2a: Scizor","|-crit|p2a: Scizor","|-damage|p2a: Scizor|0 fnt","|faint|p2a: Scizor","|","|","|switch|p2a: Breloom|Breloom, F|323/323","|-damage|p2a: Breloom|303/323|[from] Stealth Rock","|turn|20","|","|move|p1a: Keldeo|Scald|p2a: Breloom","|-resisted|p2a: Breloom","|-damage|p2a: Breloom|145/323","|move|p2a: Breloom|Spore|p1a: Keldeo","|-status|p1a: Keldeo|slp","|","|-status|p2a: Breloom|tox|[from] item: Toxic Orb","|turn|21","|","|switch|p1a: Tornadus-Therian|Tornadus-Therian, M|332/332","|move|p2a: Breloom|Substitute|p2a: Breloom","|-start|p2a: Breloom|Substitute","|-damage|p2a: Breloom|65/323 tox","|","|-heal|p2a: Breloom|105/323 tox|[from] ability: Poison Heal","|turn|22","|","|move|p1a: Tornadus-Therian|U-turn|p2a: Breloom","|-activate|p2a: Breloom|Substitute|[damage]","|","|switch|p1a: Latias|Latias, F|199/319","|move|p2a: Breloom|Leech Seed|p1a: Latias","|-start|p1a: Latias|move: Leech Seed","|","|-damage|p1a: Latias|160/319|[from] Leech Seed|[of] p2a: Breloom","|-heal|p2a: Breloom|144/323 tox|[silent]","|-heal|p2a: Breloom|184/323 tox|[from] ability: Poison Heal","|turn|23","|","|-singleturn|p2a: Breloom|move: Focus Punch","|move|p1a: Latias|Psyshock|p2a: Breloom","|-supereffective|p2a: Breloom","|-end|p2a: Breloom|Substitute","|-damage|p1a: Latias|129/319|[from] item: Life Orb","|move|p2a: Breloom|Focus Punch|p1a: Latias","|-resisted|p1a: Latias","|-damage|p1a: Latias|8/319","|","|-damage|p1a: Latias|0 fnt|[from] Leech Seed|[of] p2a: Breloom","|-heal|p2a: Breloom|192/323 tox|[silent]","|-heal|p2a: Breloom|232/323 tox|[from] ability: Poison Heal","|faint|p1a: Latias","|","|switch|p1a: Tornadus-Therian|Tornadus-Therian, M|332/332","|turn|24","|","|move|p1a: Tornadus-Therian|Hurricane|p2a: Breloom","|-supereffective|p2a: Breloom","|-damage|p2a: Breloom|0 fnt","|faint|p2a: Breloom","|","|win|watchin u"],"p1rating":{"entryid":7330758,"formatid":"ou","userid":"watchinu","username":"watchin u","r":1500,"rd":130,"sigma":0,"rpr":1540.1606143388,"rprd":122.8583080769,"rpsigma":0,"rptime":1438419600,"w":1,"l":0,"t":0,"gxe":55,"acre":1040,"lacre":1040,"oldacre":1000},"p2rating":{"entryid":7330759,"formatid":"ou","userid":"championdarkrai","username":"Champion Darkrai","r":1500,"rd":130,"sigma":0,"rpr":1459.8393856612,"rprd":122.8583080769,"rpsigma":0,"rptime":1438419600,"w":0,"l":1,"t":0,"gxe":45,"acre":1000,"lacre":1000,"oldacre":1000},"endType":"normal"}