{"seed":[16791,54448,30969,8358],"turns":30,"p1":"cruch","p2":"bryiv","p1team":[{"name":"Florges","moves":["moonblast","wish","aromatherapy","protect"],"ability":"Symbiosis","evs":{"hp":85,"atk":85,"def":85,"spa":85,"spd":85,"spe":85},"ivs":{"hp":31,"atk":31,"def":31,"spa":31,"spd":31,"spe":31},"item":"Leftovers","level":77,"shiny":false},{"name":"Torkoal","moves":["shellsmash","hiddenpowergrass","yawn","lavaplume"],"ability":"White Smoke","evs":{"hp":81,"atk":85,"def":85,"spa":89,"spd":85,"spe":85},"ivs":{"hp":31,"atk":30,"def":31,"spa":30,"spd":31,"spe":31},"item":"White Herb","level":83,"shiny":false},{"name":"Ho-Oh","moves":["flamecharge","roost","bravebird","earthquake"],"ability":"Regenerator","evs":{"hp":85,"atk":85,"def":85,"spa":85,"spd":85,"spe":85},"ivs":{"hp":31,"atk":31,"def":31,"spa":31,"spd":31,"spe":31},"item":"Leftovers","level":73,"shiny":false},{"name":"Rayquaza","moves":["extremespeed","vcreate","dragonclaw","dragonascent"],"ability":"Air Lock","evs":{"hp":85,"atk":85,"def":85,"spa":85,"spd":85,"spe":85},"ivs":{"hp":31,"atk":31,"def":31,"spa":31,"spd":31,"spe":31},"item":"Choice Band","level":71,"shiny":false},{"name":"Deoxys-Attack","moves":["psychoboost","stealthrock","superpower","knockoff"],"ability":"Pressure","evs":{"hp":85,"atk":85,"def":85,"spa":85,"spd":85,"spe":85},"ivs":{"hp":31,"atk":31,"def":31,"spa":31,"spd":31,"spe":31},"item":"Life Orb","level":73,"shiny":false},{"name":"Phione","moves":["scald","uturn","raindance","rest"],"ability":"Hydration","evs":{"hp":85,"atk":85,"def":85,"spa":85,"spd":85,"spe":85},"ivs":{"hp":31,"atk":31,"def":31,"spa":31,"spd":31,"spe":31},"item":"Damp Rock","level":83,"shiny":false}],"p2team":[{"name":"Sharpedo","moves":["zenheadbutt","icefang","earthquake","crunch"],"ability":"Speed Boost","evs":{"hp":85,"atk":85,"def":85,"spa":85,"spd":85,"spe":85},"ivs":{"hp":31,"atk":31,"def":31,"spa":31,"spd":31,"spe":31},"item":"Sharpedonite","level":77,"shiny":false},{"name":"Ursaring","moves":["crunch","facade","swordsdance","closecombat"],"ability":"Guts","evs":{"hp":85,"atk":85,"def":85,"spa":85,"spd":85,"spe":85},"ivs":{"hp":31,"atk":31,"def":31,"spa":31,"spd":31,"spe":31},"item":"Toxic Orb","level":83,"shiny":false},{"name":"Noivern","moves":["dracometeor","roost","flamethrower","hurricane"],"ability":"Infiltrator","evs":{"hp":85,"atk":85,"def":85,"spa":85,"spd":85,"spe":85},"ivs":{"hp":31,"atk":31,"def":31,"spa":31,"spd":31,"spe":31},"item":"Life Orb","level":78,"shiny":false},{"name":"Aegislash","moves":["sacredsword","swordsdance","ironhead","shadowsneak"],"ability":"Stance Change","evs":{"hp":85,"atk":85,"def":85,"spa":85,"spd":85,"spe":85},"ivs":{"hp":31,"atk":31,"def":31,"spa":31,"spd":31,"spe":31},"item":"Life Orb","level":74,"shiny":false},{"name":"Entei","moves":["extremespeed","bulldoze","sacredfire","stoneedge"],"ability":"Flash Fire","evs":{"hp":81,"atk":89,"def":85,"spa":85,"spd":85,"spe":85},"ivs":{"hp":31,"atk":31,"def":31,"spa":31,"spd":31,"spe":31},"item":"Choice Band","level":77,"shiny":false},{"name":"Vaporeon","moves":["icebeam","scald","healbell","wish"],"ability":"Water Absorb","evs":{"hp":85,"atk":85,"def":85,"spa":85,"spd":85,"spe":85},"ivs":{"hp":31,"atk":31,"def":31,"spa":31,"spd":31,"spe":31},"item":"Leftovers","level":77,"shiny":false}],"log":["|player|p1|cruch|250","|player|p2|bryiv|92","|gametype|singles","|gen|6","|tier|Random Battle","|rated","|rule|Sleep Clause Mod: Limit one foe put to sleep","|rule|HP Percentage Mod: HP is shown in percentages","|","|start","|switch|p1a: Florges|Florges, L77, F|247/247","|switch|p2a: Sharpedo|Sharpedo, L77, M|234/234","|turn|1","|","|move|p2a: Sharpedo|Earthquake|p1a: Florges","|-damage|p1a: Florges|147/247","|move|p1a: Florges|Moonblast|p2a: Sharpedo","|-supereffective|p2a: Sharpedo","|-damage|p2a: Sharpedo|0 fnt","|faint|p2a: Sharpedo","|","|-heal|p1a: Florges|162/247|[from] item: Leftovers","|","|switch|p2a: Ursaring|Ursaring, L83, F|285/285","|turn|2","|","|move|p1a: Florges|Aromatherapy|p1a: Florges","|-cureteam|p1a: Florges|[from] move: Aromatherapy","|move|p2a: Ursaring|Facade|p1a: Florges","|-damage|p1a: Florges|33/247","|","|-heal|p1a: Florges|48/247|[from] item: Leftovers","|-status|p2a: Ursaring|tox|[from] item: Toxic Orb","|turn|3","|","|move|p1a: Florges|Moonblast|p2a: Ursaring","|-damage|p2a: Ursaring|173/285 tox","|move|p2a: Ursaring|Swords Dance|p2a: Ursaring","|-boost|p2a: Ursaring|atk|2","|","|-heal|p1a: Florges|63/247|[from] item: Leftovers","|-damage|p2a: Ursaring|156/285 tox|[from] psn","|turn|4","|","|move|p1a: Florges|Wish|p1a: Florges","|move|p2a: Ursaring|Facade|p1a: Florges","|-damage|p1a: Florges|0 fnt","|faint|p1a: Florges","|","|-damage|p2a: Ursaring|122/285 tox|[from] psn","|","|switch|p1a: Torkoal|Torkoal, L83, F|251/251","|turn|5","|","|move|p2a: Ursaring|Facade|p1a: Torkoal","|-damage|p1a: Torkoal|0 fnt","|faint|p1a: Torkoal","|","|-damage|p2a: Ursaring|71/285 tox|[from] psn","|","|switch|p1a: Phione|Phione, L83|268/268","|turn|6","|","|move|p1a: Phione|Scald|p2a: Ursaring","|-damage|p2a: Ursaring|0 fnt","|faint|p2a: Ursaring","|","|","|switch|p2a: Noivern|Noivern, L78, M|261/261","|turn|7","|","|move|p2a: Noivern|Hurricane|p1a: Phione|[miss]","|-miss|p2a: Noivern|p1a: Phione","|move|p1a: Phione|Scald|p2a: Noivern","|-resisted|p2a: Noivern","|-damage|p2a: Noivern|219/261","|","|turn|8","|","|move|p2a: Noivern|Draco Meteor|p1a: Phione","|-damage|p1a: Phione|83/268","|-unboost|p2a: Noivern|spa|2","|-damage|p2a: Noivern|193/261|[from] item: Life Orb","|move|p1a: Phione|Rain Dance|p1a: Phione","|-weather|RainDance","|","|-weather|RainDance|[upkeep]","|turn|9","|","|move|p2a: Noivern|Roost|p2a: Noivern","|-heal|p2a: Noivern|261/261","|move|p1a: Phione|Rest|p1a: Phione","|-status|p1a: Phione|slp","|-heal|p1a: Phione|268/268 slp|[silent]","|-status|p1a: Phione|slp|[from] move: Rest","|","|-weather|RainDance|[upkeep]","|-curestatus|p1a: Phione|slp","|turn|10","|","|switch|p2a: Aegislash|Aegislash, L74, F|211/211","|move|p1a: Phione|Scald|p2a: Aegislash","|-damage|p2a: Aegislash|130/211","|","|-weather|RainDance|[upkeep]","|turn|11","|","|move|p1a: Phione|Scald|p2a: Aegislash","|-damage|p2a: Aegislash|54/211","|move|p2a: Aegislash|Swords Dance|p2a: Aegislash","|-boost|p2a: Aegislash|atk|2","|","|-weather|RainDance|[upkeep]","|turn|12","|","|move|p1a: Phione|Scald|p2a: Aegislash","|-damage|p2a: Aegislash|0 fnt","|faint|p2a: Aegislash","|","|-weather|RainDance|[upkeep]","|","|switch|p2a: Vaporeon|Vaporeon, L77, M|327/327","|turn|13","|","|move|p1a: Phione|Scald|p2a: Vaporeon","|-immune|p2a: Vaporeon|[msg]","|move|p2a: Vaporeon|Wish|p2a: Vaporeon","|","|-weather|RainDance|[upkeep]","|turn|14","|","|move|p1a: Phione|U-turn|p2a: Vaporeon","|-damage|p2a: Vaporeon|264/327","|","|switch|p1a: Deoxys-Attack|Deoxys-Attack, L73|193/193","|-ability|p1a: Deoxys-Attack|Pressure","|move|p2a: Vaporeon|Ice Beam|p1a: Deoxys-Attack","|-damage|p1a: Deoxys-Attack|27/193","|-status|p1a: Deoxys-Attack|frz","|","|-weather|RainDance|[upkeep]","|-heal|p2a: Vaporeon|327/327|[from] move: Wish|[wisher] Vaporeon","|turn|15","|","|cant|p1a: Deoxys-Attack|frz","|move|p2a: Vaporeon|Ice Beam|p1a: Deoxys-Attack","|-damage|p1a: Deoxys-Attack|0 fnt","|faint|p1a: Deoxys-Attack","|","|-weather|none","|","|switch|p1a: Rayquaza|Rayquaza, L71|267/267","|-ability|p1a: Rayquaza|Air Lock","|turn|16","|","|switch|p1a: Ho-Oh|Ho-Oh, L73|275/275","|move|p2a: Vaporeon|Ice Beam|p1a: Ho-Oh","|-crit|p1a: Ho-Oh","|-damage|p1a: Ho-Oh|205/275","|-status|p1a: Ho-Oh|frz","|","|-heal|p1a: Ho-Oh|222/275 frz|[from] item: Leftovers","|turn|17","|","|cant|p1a: Ho-Oh|frz","|move|p2a: Vaporeon|Scald|p1a: Ho-Oh","|-supereffective|p1a: Ho-Oh","|-damage|p1a: Ho-Oh|96/275 frz","|-curestatus|p1a: Ho-Oh|frz","|","|-heal|p1a: Ho-Oh|113/275|[from] item: Leftovers","|turn|18","|","|move|p1a: Ho-Oh|Roost|p1a: Ho-Oh","|-heal|p1a: Ho-Oh|251/275","|move|p2a: Vaporeon|Scald|p1a: Ho-Oh","|-supereffective|p1a: Ho-Oh","|-damage|p1a: Ho-Oh|135/275","|","|-heal|p1a: Ho-Oh|152/275|[from] item: Leftovers","|turn|19","|","|move|p1a: Ho-Oh|Flame Charge|p2a: Vaporeon","|-resisted|p2a: Vaporeon","|-damage|p2a: Vaporeon|288/327","|-boost|p1a: Ho-Oh|spe|1","|move|p2a: Vaporeon|Wish|p2a: Vaporeon","|","|-heal|p1a: Ho-Oh|169/275|[from] item: Leftovers","|-heal|p2a: Vaporeon|308/327|[from] item: Leftovers","|turn|20","|","|move|p1a: Ho-Oh|Earthquake|p2a: Vaporeon","|-damage|p2a: Vaporeon|206/327","|move|p2a: Vaporeon|Scald|p1a: Ho-Oh","|-supereffective|p1a: Ho-Oh","|-damage|p1a: Ho-Oh|53/275","|","|-heal|p2a: Vaporeon|327/327|[from] move: Wish|[wisher] Vaporeon","|-heal|p1a: Ho-Oh|70/275|[from] item: Leftovers","|turn|21","|","|move|p1a: Ho-Oh|Roost|p1a: Ho-Oh","|-heal|p1a: Ho-Oh|208/275","|move|p2a: Vaporeon|Scald|p1a: Ho-Oh","|-supereffective|p1a: Ho-Oh","|-damage|p1a: Ho-Oh|88/275","|","|-heal|p1a: Ho-Oh|105/275|[from] item: Leftovers","|turn|22","|","|move|p1a: Ho-Oh|Roost|p1a: Ho-Oh","|-heal|p1a: Ho-Oh|243/275","|move|p2a: Vaporeon|Scald|p1a: Ho-Oh","|-supereffective|p1a: Ho-Oh","|-damage|p1a: Ho-Oh|127/275","|","|-heal|p1a: Ho-Oh|144/275|[from] item: Leftovers","|turn|23","|","|move|p1a: Ho-Oh|Earthquake|p2a: Vaporeon","|-damage|p2a: Vaporeon|232/327","|move|p2a: Vaporeon|Scald|p1a: Ho-Oh","|-supereffective|p1a: Ho-Oh","|-damage|p1a: Ho-Oh|18/275","|","|-heal|p1a: Ho-Oh|35/275|[from] item: Leftovers","|-heal|p2a: Vaporeon|252/327|[from] item: Leftovers","|turn|24","|","|move|p1a: Ho-Oh|Roost|p1a: Ho-Oh","|-heal|p1a: Ho-Oh|173/275","|move|p2a: Vaporeon|Scald|p1a: Ho-Oh","|-supereffective|p1a: Ho-Oh","|-damage|p1a: Ho-Oh|51/275","|","|-heal|p1a: Ho-Oh|68/275|[from] item: Leftovers","|-heal|p2a: Vaporeon|272/327|[from] item: Leftovers","|turn|25","|","|move|p1a: Ho-Oh|Roost|p1a: Ho-Oh","|-heal|p1a: Ho-Oh|206/275","|move|p2a: Vaporeon|Scald|p1a: Ho-Oh","|-supereffective|p1a: Ho-Oh","|-damage|p1a: Ho-Oh|86/275","|","|-heal|p1a: Ho-Oh|103/275|[from] item: Leftovers","|-heal|p2a: Vaporeon|292/327|[from] item: Leftovers","|turn|26","|","|move|p1a: Ho-Oh|Earthquake|p2a: Vaporeon","|-damage|p2a: Vaporeon|190/327","|move|p2a: Vaporeon|Scald|p1a: Ho-Oh","|-supereffective|p1a: Ho-Oh","|-damage|p1a: Ho-Oh|0 fnt","|faint|p1a: Ho-Oh","|","|-heal|p2a: Vaporeon|210/327|[from] item: Leftovers","|","|switch|p1a: Phione|Phione, L83|268/268","|turn|27","|","|move|p1a: Phione|Scald|p2a: Vaporeon","|-heal|p2a: Vaporeon|291/327|[from] ability: Water Absorb|[of] p1a: Phione","|move|p2a: Vaporeon|Wish|p2a: Vaporeon","|","|-heal|p2a: Vaporeon|311/327|[from] item: Leftovers","|turn|28","|","|switch|p1a: Rayquaza|Rayquaza, L71|267/267","|-ability|p1a: Rayquaza|Air Lock","|move|p2a: Vaporeon|Ice Beam|p1a: Rayquaza","|-supereffective|p1a: Rayquaza","|-damage|p1a: Rayquaza|0 fnt","|faint|p1a: Rayquaza","|","|-heal|p2a: Vaporeon|327/327|[from] move: Wish|[wisher] Vaporeon","|","|switch|p1a: Phione|Phione, L83|268/268","|turn|29","|","|move|p1a: Phione|Rain Dance|p1a: Phione","|-weather|RainDance","|move|p2a: Vaporeon|Ice Beam|p1a: Phione","|-resisted|p1a: Phione","|-damage|p1a: Phione|234/268","|","|-weather|RainDance|[upkeep]","|turn|30","|","|win|bryiv"],"p1rating":{"entryid":"549627","serverid":"eos","formatid":"randombattle","userid":"cruch","username":"cruch","w":"2","l":2,"t":"0","gxe":49.9,"r":"1533.1018856671","rd":112.62419245195,"sigma":"0","rptime":1441270800,"rpr":1499.3922462243,"rprd":107.91893597089,"rpsigma":"0","acre":1027.549270875,"lacre":1027.549270875,"oldacre":"1045.5032228167"},"p2rating":{"entryid":"800729","serverid":"eos","formatid":"randombattle","userid":"bryiv","username":"bryiv","w":2,"l":"2","t":"0","gxe":50.4,"r":"1500","rd":"130","sigma":"0","rptime":"1441270800","rpr":1503.3383649401,"rprd":106.78319140025,"rpsigma":"0","acre":1061.3008859386,"lacre":1061.3008859386,"oldacre":"1022.1660277196"},"endType":"forfeit"}