{"seed":[57835,55049,14438,58523],"turns":25,"p1":"Apex Hurricane","p2":"Galaxy Emilice","p1team":[{"name":"Electrode","moves":["taunt","signalbeam","thunderbolt","voltswitch"],"ability":"Soundproof","evs":{"hp":85,"atk":85,"def":85,"spa":85,"spd":85,"spe":85},"ivs":{"hp":31,"atk":31,"def":31,"spa":31,"spd":31,"spe":31},"item":"Life Orb","level":83,"shiny":false},{"name":"Beedrill","moves":["knockoff","xscissor","drillrun","poisonjab"],"ability":"Swarm","evs":{"hp":85,"atk":85,"def":85,"spa":85,"spd":85,"spe":85},"ivs":{"hp":31,"atk":31,"def":31,"spa":31,"spd":31,"spe":31},"item":"Beedrillite","level":77,"shiny":false},{"name":"Trevenant","moves":["leechseed","substitute","phantomforce","rest"],"ability":"Natural Cure","evs":{"hp":85,"atk":85,"def":85,"spa":85,"spd":85,"spe":85},"ivs":{"hp":31,"atk":31,"def":31,"spa":31,"spd":31,"spe":31},"item":"Leftovers","level":79,"shiny":false},{"name":"Carracosta","moves":["aquajet","earthquake","stoneedge","shellsmash"],"ability":"Sturdy","evs":{"hp":85,"atk":85,"def":85,"spa":85,"spd":85,"spe":85},"ivs":{"hp":31,"atk":31,"def":31,"spa":31,"spd":31,"spe":31},"item":"White Herb","level":83,"shiny":false},{"name":"Banette","moves":["shadowclaw","destinybond","willowisp","suckerpunch"],"ability":"Insomnia","evs":{"hp":85,"atk":85,"def":85,"spa":85,"spd":85,"spe":85},"ivs":{"hp":31,"atk":31,"def":31,"spa":31,"spd":31,"spe":31},"item":"Leftovers","level":83,"shiny":false},{"name":"Yveltal","moves":["hurricane","roost","taunt","uturn"],"ability":"Dark Aura","evs":{"hp":81,"atk":85,"def":85,"spa":89,"spd":85,"spe":85},"ivs":{"hp":31,"atk":31,"def":31,"spa":31,"spd":31,"spe":31},"item":"Leftovers","level":73,"shiny":false}],"p2team":[{"name":"Azumarill","moves":["aquajet","playrough","knockoff","waterfall"],"ability":"Huge Power","evs":{"hp":85,"atk":85,"def":85,"spa":85,"spd":85,"spe":85},"ivs":{"hp":31,"atk":31,"def":31,"spa":31,"spd":31,"spe":31},"item":"Choice Band","level":75,"shiny":false},{"name":"Probopass","moves":["toxic","voltswitch","powergem","stealthrock"],"ability":"Magnet Pull","evs":{"hp":85,"atk":85,"def":85,"spa":85,"spd":85,"spe":85},"ivs":{"hp":31,"atk":31,"def":31,"spa":31,"spd":31,"spe":31},"item":"Air Balloon","level":83,"shiny":false},{"name":"Lopunny","moves":["return","icepunch","highjumpkick","thunderpunch"],"ability":"Cute Charm","evs":{"hp":85,"atk":85,"def":85,"spa":85,"spd":85,"spe":85},"ivs":{"hp":31,"atk":31,"def":31,"spa":31,"spd":31,"spe":31},"item":"Lopunnite","level":75,"shiny":false},{"name":"Goodra","moves":["dragontail","sludgebomb","dracometeor","fireblast"],"ability":"Sap Sipper","evs":{"hp":85,"atk":85,"def":85,"spa":85,"spd":85,"spe":85},"ivs":{"hp":31,"atk":31,"def":31,"spa":31,"spd":31,"spe":31},"item":"Assault Vest","level":77,"shiny":false},{"name":"Gastrodon","moves":["recover","toxic","earthquake","icebeam"],"ability":"Storm Drain","evs":{"hp":85,"atk":85,"def":85,"spa":85,"spd":85,"spe":85},"ivs":{"hp":31,"atk":31,"def":31,"spa":31,"spd":31,"spe":31},"item":"Leftovers","level":79,"shiny":false},{"name":"Swellow","moves":["bravebird","endeavor","uturn","quickattack"],"ability":"Guts","evs":{"hp":85,"atk":85,"def":85,"spa":85,"spd":85,"spe":85},"ivs":{"hp":31,"atk":31,"def":31,"spa":31,"spd":31,"spe":31},"item":"Toxic Orb","level":81,"shiny":false}],"log":["|player|p1|Apex Hurricane|290","|player|p2|Galaxy Emilice|92","|gametype|singles","|gen|6","|tier|Random Battle","|rated","|rule|Sleep Clause Mod: Limit one foe put to sleep","|rule|HP Percentage Mod: HP is shown in percentages","|","|start","|switch|p1a: Electrode|Electrode, L83|235/235","|switch|p2a: Azumarill|Azumarill, L75, F|274/274","|turn|1","|","|switch|p2a: Gastrodon|Gastrodon, L79, F|305/305","|move|p1a: Electrode|Taunt|p2a: Gastrodon","|-start|p2a: Gastrodon|move: Taunt","|","|turn|2","|","|switch|p1a: Yveltal|Yveltal, L73|304/304","|-ability|p1a: Yveltal|Dark Aura","|move|p2a: Gastrodon|Earthquake|p1a: Yveltal","|-immune|p1a: Yveltal|[msg]","|","|turn|3","|","|move|p1a: Yveltal|Hurricane|p2a: Gastrodon|[miss]","|-miss|p1a: Yveltal|p2a: Gastrodon","|move|p2a: Gastrodon|Ice Beam|p1a: Yveltal","|-supereffective|p1a: Yveltal","|-damage|p1a: Yveltal|186/304","|-status|p1a: Yveltal|frz","|","|-heal|p1a: Yveltal|205/304 frz|[from] item: Leftovers","|-end|p2a: Gastrodon|move: Taunt","|turn|4","|","|switch|p2a: Lopunny|Lopunny, L75, F|221/221","|-curestatus|p1a: Yveltal|frz","|move|p1a: Yveltal|Hurricane|p2a: Lopunny","|-damage|p2a: Lopunny|109/221","|","|-heal|p1a: Yveltal|224/304|[from] item: Leftovers","|turn|5","|","|detailschange|p2a: Lopunny|Lopunny-Mega, L75, F","|-mega|p2a: Lopunny|Lopunny|Lopunnite","|move|p2a: Lopunny|Ice Punch|p1a: Yveltal","|-supereffective|p1a: Yveltal","|-damage|p1a: Yveltal|108/304","|move|p1a: Yveltal|Hurricane|p2a: Lopunny","|-crit|p2a: Lopunny","|-supereffective|p2a: Lopunny","|-damage|p2a: Lopunny|0 fnt","|faint|p2a: Lopunny","|","|-heal|p1a: Yveltal|127/304|[from] item: Leftovers","|","|switch|p2a: Probopass|Probopass, L83, F|235/235","|-item|p2a: Probopass|Air Balloon","|turn|6","|","|move|p1a: Yveltal|U-turn|p2a: Probopass","|-crit|p2a: Probopass","|-resisted|p2a: Probopass","|-damage|p2a: Probopass|212/235","|-enditem|p2a: Probopass|Air Balloon","|","|switch|p1a: Trevenant|Trevenant, L79, M|264/264","|move|p2a: Probopass|Power Gem|p1a: Trevenant","|-crit|p1a: Trevenant","|-damage|p1a: Trevenant|144/264","|","|-heal|p1a: Trevenant|160/264|[from] item: Leftovers","|turn|7","|","|move|p1a: Trevenant|Leech Seed|p2a: Probopass","|-start|p2a: Probopass|move: Leech Seed","|move|p2a: Probopass|Toxic|p1a: Trevenant","|-status|p1a: Trevenant|tox","|","|-heal|p1a: Trevenant|176/264 tox|[from] item: Leftovers","|-damage|p2a: Probopass|183/235|[from] Leech Seed|[of] p1a: Trevenant","|-heal|p1a: Trevenant|205/264 tox|[silent]","|-damage|p1a: Trevenant|189/264 tox|[from] psn","|turn|8","|","|switch|p2a: Swellow|Swellow, L81, F|230/230","|move|p1a: Trevenant|Phantom Force|p2a: Swellow|[still]","|-prepare|p1a: Trevenant|Phantom Force|p2a: Swellow","|","|-heal|p1a: Trevenant|205/264 tox|[from] item: Leftovers","|-damage|p1a: Trevenant|173/264 tox|[from] psn","|-status|p2a: Swellow|tox|[from] item: Toxic Orb","|turn|9","|","|move|p2a: Swellow|Brave Bird|p1a: Trevenant|[miss]","|-miss|p2a: Swellow|p1a: Trevenant","|move|p1a: Trevenant|Phantom Force|p2a: Swellow|[from]lockedmove","|-immune|p2a: Swellow|[msg]","|","|-heal|p1a: Trevenant|189/264 tox|[from] item: Leftovers","|-damage|p2a: Swellow|216/230 tox|[from] psn","|-damage|p1a: Trevenant|141/264 tox|[from] psn","|turn|10","|","|switch|p1a: Electrode|Electrode, L83|235/235","|move|p2a: Swellow|Brave Bird|p1a: Electrode","|-resisted|p1a: Electrode","|-damage|p1a: Electrode|138/235","|-damage|p2a: Swellow|184/230 tox|[from] recoil|[of] p1a: Electrode","|","|-damage|p2a: Swellow|156/230 tox|[from] psn","|turn|11","|","|switch|p1a: Trevenant|Trevenant, L79, M|141/264","|move|p2a: Swellow|U-turn|p1a: Trevenant","|-damage|p1a: Trevenant|68/264","|","|switch|p2a: Gastrodon|Gastrodon, L79, F|305/305","|","|-heal|p1a: Trevenant|84/264|[from] item: Leftovers","|turn|12","|","|move|p1a: Trevenant|Leech Seed|p2a: Gastrodon|[miss]","|-miss|p1a: Trevenant|p2a: Gastrodon","|move|p2a: Gastrodon|Ice Beam|p1a: Trevenant","|-supereffective|p1a: Trevenant","|-damage|p1a: Trevenant|0 fnt","|faint|p1a: Trevenant","|","|","|switch|p1a: Carracosta|Carracosta, L83, F|259/259","|turn|13","|","|move|p2a: Gastrodon|Toxic|p1a: Carracosta|[miss]","|-miss|p2a: Gastrodon|p1a: Carracosta","|move|p1a: Carracosta|Shell Smash|p1a: Carracosta","|-unboost|p1a: Carracosta|def|1","|-unboost|p1a: Carracosta|spd|1","|-boost|p1a: Carracosta|atk|2","|-boost|p1a: Carracosta|spa|2","|-boost|p1a: Carracosta|spe|2","|-enditem|p1a: Carracosta|White Herb","|-restoreboost|p1a: Carracosta|[silent]","|","|turn|14","|","|move|p1a: Carracosta|Earthquake|p2a: Gastrodon","|-damage|p2a: Gastrodon|101/305","|move|p2a: Gastrodon|Toxic|p1a: Carracosta","|-status|p1a: Carracosta|tox","|","|-heal|p2a: Gastrodon|120/305|[from] item: Leftovers","|-damage|p1a: Carracosta|243/259 tox|[from] psn","|turn|15","|","|switch|p2a: Swellow|Swellow, L81, F|156/230 tox","|move|p1a: Carracosta|Earthquake|p2a: Swellow","|-immune|p2a: Swellow|[msg]","|","|-damage|p2a: Swellow|142/230 tox|[from] psn","|-damage|p1a: Carracosta|211/259 tox|[from] psn","|turn|16","|","|switch|p2a: Goodra|Goodra, L77, F|265/265","|move|p1a: Carracosta|Aqua Jet|p2a: Goodra","|-resisted|p2a: Goodra","|-damage|p2a: Goodra|206/265","|","|-damage|p1a: Carracosta|163/259 tox|[from] psn","|turn|17","|","|move|p1a: Carracosta|Stone Edge|p2a: Goodra","|-crit|p2a: Goodra","|-damage|p2a: Goodra|0 fnt","|faint|p2a: Goodra","|","|-damage|p1a: Carracosta|99/259 tox|[from] psn","|","|switch|p2a: Azumarill|Azumarill, L75, F|274/274","|turn|18","|","|move|p1a: Carracosta|Earthquake|p2a: Azumarill","|-damage|p2a: Azumarill|103/274","|move|p2a: Azumarill|Waterfall|p1a: Carracosta","|-damage|p1a: Carracosta|3/259 tox","|","|-damage|p1a: Carracosta|0 fnt|[from] psn","|faint|p1a: Carracosta","|","|switch|p1a: Banette|Banette, L83, M|242/242","|turn|19","|","|switch|p2a: Gastrodon|Gastrodon, L79, F|120/305","|move|p1a: Banette|Will-O-Wisp|p2a: Gastrodon","|-status|p2a: Gastrodon|brn","|","|-heal|p2a: Gastrodon|139/305 brn|[from] item: Leftovers","|-damage|p2a: Gastrodon|101/305 brn|[from] brn","|turn|20","|","|move|p1a: Banette|Shadow Claw|p2a: Gastrodon","|-crit|p2a: Gastrodon","|-damage|p2a: Gastrodon|0 fnt","|faint|p2a: Gastrodon","|","|","|switch|p2a: Swellow|Swellow, L81, F|142/230 tox","|turn|21","|","|move|p1a: Banette|Sucker Punch|p2a: Swellow","|-damage|p2a: Swellow|49/230 tox","|move|p2a: Swellow|Brave Bird|p1a: Banette","|-damage|p1a: Banette|28/242","|-damage|p2a: Swellow|0 fnt|[from] recoil|[of] p1a: Banette","|faint|p2a: Swellow","|","|-heal|p1a: Banette|43/242|[from] item: Leftovers","|","|switch|p2a: Azumarill|Azumarill, L75, F|103/274","|turn|22","|","|move|p2a: Azumarill|Aqua Jet|p1a: Banette","|-damage|p1a: Banette|0 fnt","|faint|p1a: Banette","|","|","|switch|p1a: Electrode|Electrode, L83|138/235","|turn|23","|","|move|p2a: Azumarill|Aqua Jet|p1a: Electrode","|-damage|p1a: Electrode|57/235","|move|p1a: Electrode|Volt Switch|p2a: Azumarill","|-supereffective|p2a: Azumarill","|-damage|p2a: Azumarill|0 fnt","|-damage|p1a: Electrode|34/235|[from] item: Life Orb","|faint|p2a: Azumarill","|","|switch|p1a: Beedrill|Beedrill, L77, F|227/227","|","|","|switch|p2a: Probopass|Probopass, L83, F|183/235","|turn|24","|","|detailschange|p1a: Beedrill|Beedrill-Mega, L77, F","|-mega|p1a: Beedrill|Beedrill|Beedrillite","|move|p1a: Beedrill|Drill Run|p2a: Probopass","|-supereffective|p2a: Probopass","|-damage|p2a: Probopass|3/235","|move|p2a: Probopass|Power Gem|p1a: Beedrill","|-crit|p1a: Beedrill","|-supereffective|p1a: Beedrill","|-damage|p1a: Beedrill|0 fnt","|faint|p1a: Beedrill","|","|","|switch|p1a: Electrode|Electrode, L83|34/235","|turn|25","|","|move|p1a: Electrode|Thunderbolt|p2a: Probopass","|-damage|p2a: Probopass|0 fnt","|-damage|p1a: Electrode|11/235|[from] item: Life Orb","|faint|p2a: Probopass","|","|win|Apex Hurricane"],"p1rating":{"entryid":"807584","serverid":"eos","formatid":"randombattle","userid":"apexhurricane","username":"Apex Hurricane","w":3,"l":"1","t":"0","gxe":56.7,"r":"1500","rd":"130","sigma":"0","rptime":"1441270800","rpr":1553.4702213463,"rprd":106.69981280119,"rpsigma":"0","acre":1103.8707634464,"lacre":1103.8707634464,"oldacre":"1078.8314750252"},"p2rating":{"entryid":"663972","serverid":"eos","formatid":"randombattle","userid":"galaxyemilice","username":"Galaxy Emilice","w":"2","l":7,"t":"0","gxe":36.3,"r":"1376.5163652891","rd":"95.820653038041","sigma":"0","rptime":"1441270800","rpr":1390.3927221101,"rprd":90.666954591796,"rpsigma":"0","acre":1025.7808464524,"lacre":1025.7808464524,"oldacre":"1040"},"endType":"normal"}