{"seed":[20181,471,26994,37557],"turns":18,"p1":"T12N4J0","p2":"bryiv","p1team":[{"name":"Arbok","moves":["gunkshot","earthquake","suckerpunch","coil"],"ability":"Shed Skin","evs":{"hp":85,"atk":85,"def":85,"spa":85,"spd":85,"spe":85},"ivs":{"hp":31,"atk":31,"def":31,"spa":31,"spd":31,"spe":31},"item":"Life Orb","level":83,"shiny":false},{"name":"Giratina-Origin","moves":["dracometeor","shadowball","defog","toxic"],"ability":"Levitate","evs":{"hp":85,"atk":85,"def":85,"spa":85,"spd":85,"spe":85},"ivs":{"hp":31,"atk":31,"def":31,"spa":31,"spd":31,"spe":31},"item":"Griseous Orb","level":73,"shiny":false},{"name":"Zebstrika","moves":["wildcharge","voltswitch","overheat","hiddenpowergrass"],"ability":"Sap Sipper","evs":{"hp":85,"atk":85,"def":85,"spa":85,"spd":85,"spe":85},"ivs":{"hp":31,"atk":30,"def":31,"spa":30,"spd":31,"spe":31},"item":"Expert Belt","level":83,"shiny":false},{"name":"Unfezant","moves":["return","nightslash","roost","tailwind"],"ability":"Super Luck","evs":{"hp":81,"atk":89,"def":85,"spa":85,"spd":85,"spe":85},"ivs":{"hp":31,"atk":31,"def":31,"spa":31,"spd":31,"spe":31},"item":"Scope Lens","level":83,"shiny":false},{"name":"Jellicent","moves":["taunt","icebeam","scald","shadowball"],"ability":"Water Absorb","evs":{"hp":85,"atk":85,"def":85,"spa":85,"spd":85,"spe":85},"ivs":{"hp":31,"atk":31,"def":31,"spa":31,"spd":31,"spe":31},"item":"Life Orb","level":79,"shiny":false},{"name":"Bronzong","moves":["reflect","earthquake","gyroball","explosion"],"ability":"Levitate","evs":{"hp":85,"atk":170,"def":85,"spa":85,"spd":85,"spe":0},"ivs":{"hp":31,"atk":31,"def":31,"spa":31,"spd":31,"spe":0},"item":"Light Clay","level":79,"shiny":false}],"p2team":[{"name":"Leavanny","moves":["swordsdance","batonpass","stickyweb","leafblade"],"ability":"Overcoat","evs":{"hp":81,"atk":89,"def":85,"spa":85,"spd":85,"spe":85},"ivs":{"hp":31,"atk":31,"def":31,"spa":31,"spd":31,"spe":31},"item":"Focus Sash","level":83,"shiny":false},{"name":"Qwilfish","moves":["destinybond","spikes","thunderwave","waterfall"],"ability":"Intimidate","evs":{"hp":85,"atk":85,"def":85,"spa":85,"spd":85,"spe":85},"ivs":{"hp":31,"atk":31,"def":31,"spa":31,"spd":31,"spe":31},"item":"Black Sludge","level":79,"shiny":false},{"name":"Infernape","moves":["grassknot","machpunch","stealthrock","hiddenpowerice"],"ability":"Iron Fist","evs":{"hp":85,"atk":85,"def":85,"spa":85,"spd":85,"spe":85},"ivs":{"hp":31,"atk":30,"def":30,"spa":31,"spd":31,"spe":31},"item":"Life Orb","level":77,"shiny":false},{"name":"Weavile","moves":["iciclecrash","iceshard","knockoff","swordsdance"],"ability":"Pickpocket","evs":{"hp":85,"atk":85,"def":85,"spa":85,"spd":85,"spe":85},"ivs":{"hp":31,"atk":31,"def":31,"spa":31,"spd":31,"spe":31},"item":"Life Orb","level":75,"shiny":false},{"name":"Dodrio","moves":["return","bravebird","knockoff","quickattack"],"ability":"Early Bird","evs":{"hp":85,"atk":85,"def":85,"spa":85,"spd":85,"spe":85},"ivs":{"hp":31,"atk":31,"def":31,"spa":31,"spd":31,"spe":31},"item":"Choice Band","level":83,"shiny":false},{"name":"Audino","moves":["dazzlinggleam","protect","calmmind","hypervoice"],"ability":"Regenerator","evs":{"hp":85,"atk":85,"def":85,"spa":85,"spd":85,"spe":85},"ivs":{"hp":31,"atk":31,"def":31,"spa":31,"spd":31,"spe":31},"item":"Audinite","level":81,"shiny":false}],"log":["|player|p1|T12N4J0|266","|player|p2|bryiv|92","|gametype|singles","|gen|6","|tier|Random Battle","|rated","|rule|Sleep Clause Mod: Limit one foe put to sleep","|rule|HP Percentage Mod: HP is shown in percentages","|","|start","|switch|p1a: Arbok|Arbok, L83, F|235/235","|switch|p2a: Leavanny|Leavanny, L83, M|259/259","|turn|1","|","|switch|p1a: Unfezant|Unfezant, L83, M|268/268","|move|p2a: Leavanny|Sticky Web|p1a: Unfezant","|-sidestart|p1: T12N4J0|move: Sticky Web","|","|turn|2","|","|switch|p2a: Infernape|Infernape, L77, F|244/244","|move|p1a: Unfezant|Night Slash|p2a: Infernape","|-crit|p2a: Infernape","|-resisted|p2a: Infernape","|-damage|p2a: Infernape|194/244","|","|turn|3","|","|switch|p1a: Jellicent|Jellicent, L79, M|288/288","|-activate|p1a: Jellicent|move: Sticky Web","|-unboost|p1a: Jellicent|spe|1","|move|p2a: Infernape|Stealth Rock|p1a: Jellicent","|-sidestart|p1: T12N4J0|move: Stealth Rock","|","|turn|4","|","|switch|p2a: Leavanny|Leavanny, L83, M|259/259","|move|p1a: Jellicent|Shadow Ball|p2a: Leavanny","|-damage|p2a: Leavanny|162/259","|-damage|p1a: Jellicent|260/288|[from] item: Life Orb","|","|turn|5","|","|move|p2a: Leavanny|Leaf Blade|p1a: Jellicent","|-supereffective|p1a: Jellicent","|-damage|p1a: Jellicent|8/288","|move|p1a: Jellicent|Ice Beam|p2a: Leavanny","|-supereffective|p2a: Leavanny","|-damage|p2a: Leavanny|16/259","|-damage|p1a: Jellicent|0 fnt|[from] item: Life Orb","|faint|p1a: Jellicent","|","|","|switch|p1a: Bronzong|Bronzong, L79|235/235","|-damage|p1a: Bronzong|221/235|[from] Stealth Rock","|turn|6","|","|move|p2a: Leavanny|Leaf Blade|p1a: Bronzong","|-resisted|p1a: Bronzong","|-damage|p1a: Bronzong|181/235","|move|p1a: Bronzong|Earthquake|p2a: Leavanny","|-resisted|p2a: Leavanny","|-damage|p2a: Leavanny|0 fnt","|faint|p2a: Leavanny","|","|","|switch|p2a: Audino|Audino, L81, F|299/299","|turn|7","|","|move|p2a: Audino|Hyper Voice|p1a: Bronzong","|-resisted|p1a: Bronzong","|-damage|p1a: Bronzong|153/235","|move|p1a: Bronzong|Earthquake|p2a: Audino","|-damage|p2a: Audino|229/299","|","|turn|8","|","|switch|p1a: Unfezant|Unfezant, L83, M|268/268","|-damage|p1a: Unfezant|201/268|[from] Stealth Rock","|move|p2a: Audino|Calm Mind|p2a: Audino","|-boost|p2a: Audino|spa|1","|-boost|p2a: Audino|spd|1","|","|turn|9","|","|move|p1a: Unfezant|Night Slash|p2a: Audino","|-crit|p2a: Audino","|-damage|p2a: Audino|144/299","|move|p2a: Audino|Calm Mind|p2a: Audino","|-boost|p2a: Audino|spa|1","|-boost|p2a: Audino|spd|1","|","|turn|10","|","|switch|p1a: Giratina-Origin|Giratina-Origin, L73|339/339","|-damage|p1a: Giratina-Origin|297/339|[from] Stealth Rock","|move|p2a: Audino|Hyper Voice|p1a: Giratina-Origin","|-immune|p1a: Giratina-Origin|[msg]","|","|turn|11","|","|switch|p2a: Weavile|Weavile, L75, M|229/229","|move|p1a: Giratina-Origin|Draco Meteor|p2a: Weavile","|-damage|p2a: Weavile|69/229","|-unboost|p1a: Giratina-Origin|spa|2","|","|turn|12","|","|move|p2a: Weavile|Icicle Crash|p1a: Giratina-Origin","|-supereffective|p1a: Giratina-Origin","|-damage|p1a: Giratina-Origin|79/339","|-damage|p2a: Weavile|47/229|[from] item: Life Orb","|move|p1a: Giratina-Origin|Draco Meteor|p2a: Weavile","|-damage|p2a: Weavile|0 fnt","|-unboost|p1a: Giratina-Origin|spa|2","|faint|p2a: Weavile","|","|","|switch|p2a: Infernape|Infernape, L77, F|194/244","|turn|13","|","|move|p2a: Infernape|Hidden Power|p1a: Giratina-Origin","|-supereffective|p1a: Giratina-Origin","|-damage|p1a: Giratina-Origin|0 fnt","|-damage|p2a: Infernape|170/244|[from] item: Life Orb","|faint|p1a: Giratina-Origin","|","|","|switch|p1a: Arbok|Arbok, L83, F|235/235","|-activate|p1a: Arbok|move: Sticky Web","|-unboost|p1a: Arbok|spe|1","|-damage|p1a: Arbok|206/235|[from] Stealth Rock","|turn|14","|","|move|p2a: Infernape|Mach Punch|p1a: Arbok","|-resisted|p1a: Arbok","|-damage|p1a: Arbok|168/235","|-damage|p2a: Infernape|146/244|[from] item: Life Orb","|move|p1a: Arbok|Earthquake|p2a: Infernape","|-supereffective|p2a: Infernape","|-damage|p2a: Infernape|0 fnt","|-damage|p1a: Arbok|145/235|[from] item: Life Orb","|faint|p2a: Infernape","|","|","|switch|p2a: Qwilfish|Qwilfish, L79, F|232/232","|-ability|p2a: Qwilfish|Intimidate","|-unboost|p1a: Arbok|atk|1","|turn|15","|","|move|p1a: Arbok|Sucker Punch|p2a: Qwilfish","|-fail|p1a: Arbok","|move|p2a: Qwilfish|Thunder Wave|p1a: Arbok","|-status|p1a: Arbok|par","|","|turn|16","|","|move|p2a: Qwilfish|Destiny Bond|p2a: Qwilfish","|-singlemove|p2a: Qwilfish|Destiny Bond","|move|p1a: Arbok|Gunk Shot|p2a: Qwilfish","|-resisted|p2a: Qwilfish","|-damage|p2a: Qwilfish|174/232","|-damage|p1a: Arbok|122/235 par|[from] item: Life Orb","|","|-heal|p2a: Qwilfish|188/232|[from] item: Black Sludge","|turn|17","|","|switch|p1a: Bronzong|Bronzong, L79|153/235","|-damage|p1a: Bronzong|139/235|[from] Stealth Rock","|move|p2a: Qwilfish|Waterfall|p1a: Bronzong","|-damage|p1a: Bronzong|78/235","|","|-heal|p2a: Qwilfish|202/232|[from] item: Black Sludge","|turn|18","|","|move|p2a: Qwilfish|Waterfall|p1a: Bronzong","|-damage|p1a: Bronzong|9/235","|move|p1a: Bronzong|Explosion|p2a: Qwilfish","|-damage|p2a: Qwilfish|0 fnt","|faint|p1a: Bronzong","|faint|p2a: Qwilfish","|","|","|win|T12N4J0"],"p1rating":{"entryid":"807190","serverid":"eos","formatid":"randombattle","userid":"t12n4j0","username":"T12N4J0","w":2,"l":"0","t":"0","gxe":59,"r":"1500","rd":"130","sigma":"0","rptime":"1441270800","rpr":1572.5671258289,"rprd":116.77753930647,"rpsigma":"0","acre":1076.0818940471,"lacre":1076.0818940471,"oldacre":"1040"},"p2rating":{"entryid":"800729","serverid":"eos","formatid":"randombattle","userid":"bryiv","username":"bryiv","w":"2","l":3,"t":"0","gxe":46.8,"r":"1500","rd":"130","sigma":"0","rptime":"1441270800","rpr":1475.0163692609,"rprd":102.71787650499,"rpsigma":"0","acre":1040.9303932567,"lacre":1040.9303932567,"oldacre":"1061.3008859386"},"endType":"forfeit"}