{"seed":[25246,15284,42675,57208],"turns":19,"p1":"HH Hiryu","p2":"Guard havarti2","p1team":[{"name":"Wobbuffet","moves":["destinybond","safeguard","encore","counter"],"ability":"Shadow Tag","evs":{"hp":85,"atk":85,"def":85,"spa":85,"spd":85,"spe":85},"ivs":{"hp":31,"atk":31,"def":31,"spa":31,"spd":31,"spe":31},"item":"Custap Berry","level":79,"shiny":false},{"name":"Crawdaunt","moves":["knockoff","dragondance","crabhammer","superpower"],"ability":"Adaptability","evs":{"hp":85,"atk":85,"def":85,"spa":85,"spd":85,"spe":85},"ivs":{"hp":31,"atk":31,"def":31,"spa":31,"spd":31,"spe":31},"item":"Life Orb","level":76,"shiny":false},{"name":"Salamence","moves":["roost","fireblast","doubleedge","earthquake"],"ability":"Intimidate","evs":{"hp":85,"atk":85,"def":85,"spa":85,"spd":85,"spe":85},"ivs":{"hp":31,"atk":31,"def":31,"spa":31,"spd":31,"spe":31},"item":"Salamencite","level":73,"shiny":false},{"name":"Vivillon","moves":["hurricane","sleeppowder","substitute","bugbuzz"],"ability":"Compound Eyes","evs":{"hp":81,"atk":85,"def":85,"spa":89,"spd":85,"spe":85},"ivs":{"hp":31,"atk":31,"def":31,"spa":31,"spd":31,"spe":31},"item":"Leftovers","level":81,"shiny":false},{"name":"Rotom-Mow","moves":["willowisp","voltswitch","thunderbolt","leafstorm"],"ability":"Levitate","evs":{"hp":85,"atk":85,"def":85,"spa":85,"spd":85,"spe":85},"ivs":{"hp":31,"atk":31,"def":31,"spa":31,"spd":31,"spe":31},"item":"Life Orb","level":79,"shiny":false},{"name":"Watchog","moves":["hypnosis","return","superfang","substitute"],"ability":"Analytic","evs":{"hp":85,"atk":85,"def":85,"spa":85,"spd":85,"spe":85},"ivs":{"hp":31,"atk":31,"def":31,"spa":31,"spd":31,"spe":31},"item":"Leftovers","level":83,"shiny":false}],"p2team":[{"name":"Cryogonal","moves":["toxic","icebeam","haze","recover"],"ability":"Levitate","evs":{"hp":85,"atk":85,"def":85,"spa":85,"spd":85,"spe":85},"ivs":{"hp":31,"atk":31,"def":31,"spa":31,"spd":31,"spe":31},"item":"Focus Sash","level":81,"shiny":false},{"name":"Rampardos","moves":["crunch","rockslide","earthquake","rockpolish"],"ability":"Mold Breaker","evs":{"hp":85,"atk":85,"def":85,"spa":85,"spd":85,"spe":85},"ivs":{"hp":31,"atk":31,"def":31,"spa":31,"spd":31,"spe":31},"item":"Life Orb","level":83,"shiny":false},{"name":"Deoxys-Attack","moves":["psychoboost","firepunch","knockoff","stealthrock"],"ability":"Pressure","evs":{"hp":85,"atk":85,"def":85,"spa":85,"spd":85,"spe":85},"ivs":{"hp":31,"atk":31,"def":31,"spa":31,"spd":31,"spe":31},"item":"Life Orb","level":73,"shiny":false},{"name":"Walrein","moves":["icebeam","substitute","roar","toxic"],"ability":"Thick Fat","evs":{"hp":85,"atk":85,"def":85,"spa":85,"spd":85,"spe":85},"ivs":{"hp":31,"atk":31,"def":31,"spa":31,"spd":31,"spe":31},"item":"Leftovers","level":83,"shiny":false},{"name":"Chansey","moves":["healbell","protect","wish","seismictoss"],"ability":"Natural Cure","evs":{"hp":85,"atk":85,"def":85,"spa":85,"spd":85,"spe":85},"ivs":{"hp":31,"atk":31,"def":31,"spa":31,"spd":31,"spe":31},"item":"Eviolite","level":75,"shiny":false},{"name":"Yanmega","moves":["ancientpower","uturn","airslash","protect"],"ability":"Speed Boost","evs":{"hp":81,"atk":85,"def":85,"spa":89,"spd":85,"spe":85},"ivs":{"hp":31,"atk":31,"def":31,"spa":31,"spd":31,"spe":31},"item":"Life Orb","level":78,"shiny":false}],"log":["|player|p1|HH Hiryu|hhhiryu.png","|player|p2|Guard havarti2|guardhavarti2.png","|gametype|singles","|gen|6","|tier|Random Battle","|rated","|rule|Sleep Clause Mod: Limit one foe put to sleep","|rule|HP Percentage Mod: HP is shown in percentages","|","|start","|switch|p1a: Wobbuffet|Wobbuffet, L79, M|430/430","|switch|p2a: Cryogonal|Cryogonal, L81|246/246","|turn|1","|","|switch|p1a: Crawdaunt|Crawdaunt, L76, F|221/221","|move|p2a: Cryogonal|Toxic|p1a: Crawdaunt|[miss]","|-miss|p2a: Cryogonal|p1a: Crawdaunt","|","|turn|2","|","|move|p2a: Cryogonal|Toxic|p1a: Crawdaunt","|-status|p1a: Crawdaunt|tox","|move|p1a: Crawdaunt|Dragon Dance|p1a: Crawdaunt","|-boost|p1a: Crawdaunt|atk|1","|-boost|p1a: Crawdaunt|spe|1","|","|-damage|p1a: Crawdaunt|208/221 tox|[from] psn","|turn|3","|","|move|p2a: Cryogonal|Haze|p2a: Cryogonal","|-clearallboost","|move|p1a: Crawdaunt|Knock Off|p2a: Cryogonal","|-enditem|p2a: Cryogonal|Focus Sash","|-damage|p2a: Cryogonal|1/246","|-damage|p1a: Crawdaunt|186/221 tox|[from] item: Life Orb","|","|-damage|p1a: Crawdaunt|160/221 tox|[from] psn","|turn|4","|","|move|p2a: Cryogonal|Recover|p2a: Cryogonal","|-heal|p2a: Cryogonal|124/246","|move|p1a: Crawdaunt|Knock Off|p2a: Cryogonal","|-damage|p2a: Cryogonal|0 fnt","|-damage|p1a: Crawdaunt|138/221 tox|[from] item: Life Orb","|faint|p2a: Cryogonal","|","|-damage|p1a: Crawdaunt|99/221 tox|[from] psn","|","|switch|p2a: Yanmega|Yanmega, L78, M|261/261","|turn|5","|","|switch|p1a: Salamence|Salamence, L73, F|259/259","|-ability|p1a: Salamence|Intimidate","|-unboost|p2a: Yanmega|atk|1","|move|p2a: Yanmega|U-turn|p1a: Salamence","|-resisted|p1a: Salamence","|-damage|p1a: Salamence|228/259","|-damage|p2a: Yanmega|235/261|[from] item: Life Orb","|","|switch|p2a: Walrein|Walrein, L83, M|318/318","|","|turn|6","|","|switch|p1a: Rotom-Mow|Rotom-Mow, L79|209/209","|move|p2a: Walrein|Ice Beam|p1a: Rotom-Mow","|-supereffective|p1a: Rotom-Mow","|-damage|p1a: Rotom-Mow|39/209","|","|turn|7","|","|move|p1a: Rotom-Mow|Volt Switch|p2a: Walrein","|-supereffective|p2a: Walrein","|-damage|p2a: Walrein|146/318","|-damage|p1a: Rotom-Mow|19/209|[from] item: Life Orb","|","|switch|p1a: Watchog|Watchog, L83, M|235/235","|move|p2a: Walrein|Ice Beam|p1a: Watchog","|-damage|p1a: Watchog|127/235","|","|-heal|p1a: Watchog|141/235|[from] item: Leftovers","|-heal|p2a: Walrein|165/318|[from] item: Leftovers","|turn|8","|","|switch|p2a: Deoxys-Attack|Deoxys-Attack, L73|193/193","|-ability|p2a: Deoxys-Attack|Pressure","|move|p1a: Watchog|Return|p2a: Deoxys-Attack","|-damage|p2a: Deoxys-Attack|0 fnt","|faint|p2a: Deoxys-Attack","|","|-heal|p1a: Watchog|155/235|[from] item: Leftovers","|","|switch|p2a: Walrein|Walrein, L83, M|165/318","|turn|9","|","|move|p1a: Watchog|Hypnosis|p2a: Walrein","|-status|p2a: Walrein|slp","|cant|p2a: Walrein|slp","|","|-heal|p1a: Watchog|169/235|[from] item: Leftovers","|-heal|p2a: Walrein|184/318 slp|[from] item: Leftovers","|turn|10","|","|move|p1a: Watchog|Return|p2a: Walrein","|-damage|p2a: Walrein|88/318 slp","|-curestatus|p2a: Walrein|slp","|move|p2a: Walrein|Ice Beam|p1a: Watchog","|-damage|p1a: Watchog|54/235","|-status|p1a: Watchog|frz","|","|-heal|p1a: Watchog|68/235 frz|[from] item: Leftovers","|-heal|p2a: Walrein|107/318|[from] item: Leftovers","|turn|11","|","|cant|p1a: Watchog|frz","|move|p2a: Walrein|Ice Beam|p1a: Watchog","|-damage|p1a: Watchog|0 fnt","|faint|p1a: Watchog","|","|-heal|p2a: Walrein|126/318|[from] item: Leftovers","|","|switch|p1a: Rotom-Mow|Rotom-Mow, L79|19/209","|turn|12","|","|move|p1a: Rotom-Mow|Volt Switch|p2a: Walrein","|-supereffective|p2a: Walrein","|-damage|p2a: Walrein|0 fnt","|-damage|p1a: Rotom-Mow|0 fnt|[from] item: Life Orb","|faint|p2a: Walrein","|faint|p1a: Rotom-Mow","|","|","|switch|p1a: Vivillon|Vivillon, L81, F|261/261","|switch|p2a: Rampardos|Rampardos, L83, F|297/297","|-ability|p2a: Rampardos|Mold Breaker","|turn|13","|","|move|p1a: Vivillon|Sleep Powder|p2a: Rampardos","|-status|p2a: Rampardos|slp","|cant|p2a: Rampardos|slp","|","|turn|14","|","|move|p1a: Vivillon|Hurricane|p2a: Rampardos","|-resisted|p2a: Rampardos","|-damage|p2a: Rampardos|217/297 slp","|cant|p2a: Rampardos|slp","|","|turn|15","|","|move|p1a: Vivillon|Hurricane|p2a: Rampardos","|-resisted|p2a: Rampardos","|-damage|p2a: Rampardos|143/297 slp","|-start|p2a: Rampardos|confusion","|-curestatus|p2a: Rampardos|slp","|-activate|p2a: Rampardos|confusion","|move|p2a: Rampardos|Rock Slide|p1a: Vivillon","|-supereffective|p1a: Vivillon","|-damage|p1a: Vivillon|0 fnt","|-damage|p2a: Rampardos|114/297|[from] item: Life Orb","|faint|p1a: Vivillon","|","|","|switch|p1a: Salamence|Salamence, L73, F|228/259","|-ability|p1a: Salamence|Intimidate","|-unboost|p2a: Rampardos|atk|1","|turn|16","|","|detailschange|p1a: Salamence|Salamence-Mega, L73, F","|-mega|p1a: Salamence|Salamence|Salamencite","|move|p1a: Salamence|Earthquake|p2a: Rampardos","|-supereffective|p2a: Rampardos","|-damage|p2a: Rampardos|0 fnt","|faint|p2a: Rampardos","|","|","|switch|p2a: Chansey|Chansey, L75, F|499/499","|turn|17","|","|switch|p1a: Crawdaunt|Crawdaunt, L76, F|99/221 tox","|move|p2a: Chansey|Seismic Toss|p1a: Crawdaunt","|-damage|p1a: Crawdaunt|24/221 tox","|","|-damage|p1a: Crawdaunt|11/221 tox|[from] psn","|turn|18","|","|move|p1a: Crawdaunt|Superpower|p2a: Chansey","|-supereffective|p2a: Chansey","|-damage|p2a: Chansey|0 fnt","|-unboost|p1a: Crawdaunt|atk|1","|-unboost|p1a: Crawdaunt|def|1","|-damage|p1a: Crawdaunt|0 fnt|[from] item: Life Orb","|faint|p2a: Chansey","|faint|p1a: Crawdaunt","|","|","|switch|p1a: Salamence|Salamence-Mega, L73, F|228/259","|switch|p2a: Yanmega|Yanmega, L78, M|235/261","|turn|19","|","|move|p1a: Salamence|Double-Edge|p2a: Yanmega","|-supereffective|p2a: Yanmega","|-damage|p2a: Yanmega|0 fnt","|-damage|p1a: Salamence|150/259|[from] recoil|[of] p2a: Yanmega","|faint|p2a: Yanmega","|","|win|HH Hiryu"],"p1rating":{"entryid":823076,"formatid":"randombattle","userid":"hhhiryu","username":"HH Hiryu","r":1500,"rd":130,"sigma":0,"rpr":1536.090070808,"rprd":122.84661421467,"rpsigma":0,"rptime":1441270800,"w":1,"l":0,"t":0,"gxe":54.5,"acre":1040,"lacre":1040,"oldacre":1000},"p2rating":{"entryid":"556364","serverid":"eos","formatid":"randombattle","userid":"guardhavarti2","username":"Guard havarti2","w":"0","l":2,"t":"0","gxe":40.9,"r":"1459.8393856612","rd":"123.94231767275","sigma":"0","rptime":"1441270800","rpr":1426.8632528924,"rprd":117.77270146895,"rpsigma":"0","acre":1000,"lacre":1000,"oldacre":"1000"},"endType":"normal"}