{"seed":[44710,18779,14637,14721],"turns":19,"p1":"Apex Hurricane","p2":"Sovereign♕KingJJ","p1team":[{"name":"Marowak","moves":["stoneedge","doubleedge","earthquake","stealthrock"],"ability":"Rock Head","evs":{"hp":85,"atk":85,"def":85,"spa":85,"spd":85,"spe":85},"ivs":{"hp":31,"atk":31,"def":31,"spa":31,"spd":31,"spe":31},"item":"Thick Club","level":83,"shiny":false},{"name":"Bronzong","moves":["toxic","reflect","lightscreen","gyroball"],"ability":"Levitate","evs":{"hp":85,"atk":170,"def":85,"spa":85,"spd":85,"spe":0},"ivs":{"hp":31,"atk":31,"def":31,"spa":31,"spd":31,"spe":0},"item":"Light Clay","level":79,"shiny":false},{"name":"Leafeon","moves":["batonpass","synthesis","swordsdance","leafblade"],"ability":"Chlorophyll","evs":{"hp":85,"atk":85,"def":85,"spa":85,"spd":85,"spe":85},"ivs":{"hp":31,"atk":31,"def":31,"spa":31,"spd":31,"spe":31},"item":"Leftovers","level":83,"shiny":false},{"name":"Kangaskhan","moves":["poweruppunch","earthquake","crunch","return"],"ability":"Early Bird","evs":{"hp":85,"atk":85,"def":85,"spa":85,"spd":85,"spe":85},"ivs":{"hp":31,"atk":31,"def":31,"spa":31,"spd":31,"spe":31},"item":"Kangaskhanite","level":74,"shiny":false},{"name":"Granbull","moves":["playrough","thunderwave","crunch","earthquake"],"ability":"Intimidate","evs":{"hp":85,"atk":85,"def":85,"spa":85,"spd":85,"spe":85},"ivs":{"hp":31,"atk":31,"def":31,"spa":31,"spd":31,"spe":31},"item":"Life Orb","level":81,"shiny":false},{"name":"Scolipede","moves":["toxicspikes","rockslide","batonpass","poisonjab"],"ability":"Speed Boost","evs":{"hp":81,"atk":89,"def":85,"spa":85,"spd":85,"spe":85},"ivs":{"hp":31,"atk":31,"def":31,"spa":31,"spd":31,"spe":31},"item":"Black Sludge","level":76,"shiny":false}],"p2team":[{"name":"Gligar","moves":["defog","earthquake","toxic","roost"],"ability":"Immunity","evs":{"hp":85,"atk":85,"def":85,"spa":85,"spd":85,"spe":85},"ivs":{"hp":31,"atk":31,"def":31,"spa":31,"spd":31,"spe":31},"item":"Eviolite","level":77,"shiny":false},{"name":"Dedenne","moves":["thunderbolt","nuzzle","hiddenpowerice","uturn"],"ability":"Cheek Pouch","evs":{"hp":85,"atk":85,"def":85,"spa":85,"spd":85,"spe":85},"ivs":{"hp":31,"atk":30,"def":30,"spa":31,"spd":31,"spe":31},"item":"Petaya Berry","level":83,"shiny":false},{"name":"Meowstic-F","moves":["psyshock","calmmind","shadowball","energyball"],"ability":"Infiltrator","evs":{"hp":85,"atk":85,"def":85,"spa":85,"spd":85,"spe":85},"ivs":{"hp":31,"atk":31,"def":31,"spa":31,"spd":31,"spe":31},"item":"Life Orb","level":83,"shiny":false},{"name":"Suicune","moves":["scald","calmmind","sleeptalk","icebeam"],"ability":"Water Absorb","evs":{"hp":85,"atk":85,"def":85,"spa":85,"spd":85,"spe":85},"ivs":{"hp":31,"atk":31,"def":31,"spa":31,"spd":31,"spe":31},"item":"Leftovers","level":77,"shiny":false},{"name":"Tangrowth","moves":["rockslide","knockoff","leechseed","leafstorm"],"ability":"Regenerator","evs":{"hp":85,"atk":85,"def":85,"spa":85,"spd":85,"spe":85},"ivs":{"hp":31,"atk":31,"def":31,"spa":31,"spd":31,"spe":31},"item":"Life Orb","level":79,"shiny":false},{"name":"Kingdra","moves":["outrage","waterfall","raindance","substitute"],"ability":"Swift Swim","evs":{"hp":85,"atk":85,"def":85,"spa":85,"spd":85,"spe":85},"ivs":{"hp":31,"atk":31,"def":31,"spa":31,"spd":31,"spe":31},"item":"Damp Rock","level":78,"shiny":false}],"log":["|player|p1|Apex Hurricane|290","|player|p2|Sovereign♕KingJJ|269","|gametype|singles","|gen|6","|tier|Random Battle","|rated","|rule|Sleep Clause Mod: Limit one foe put to sleep","|rule|HP Percentage Mod: HP is shown in percentages","|","|start","|switch|p1a: Marowak|Marowak, L83, F|235/235","|switch|p2a: Gligar|Gligar, L77, M|227/227","|turn|1","|","|move|p2a: Gligar|Toxic|p1a: Marowak","|-status|p1a: Marowak|tox","|move|p1a: Marowak|Stealth Rock|p2a: Gligar","|-sidestart|p2: Sovereign♕KingJJ|move: Stealth Rock","|","|-damage|p1a: Marowak|221/235 tox|[from] psn","|turn|2","|","|switch|p1a: Bronzong|Bronzong, L79|235/235","|move|p2a: Gligar|Earthquake|p1a: Bronzong","|-immune|p1a: Bronzong|[msg]","|","|turn|3","|","|move|p2a: Gligar|Defog|p1a: Bronzong","|-unboost|p1a: Bronzong|evasion|1","|-sideend|p2: Sovereign♕KingJJ|Stealth Rock|[from] move: Defog|[of] p2a: Gligar","|move|p1a: Bronzong|Toxic|p2a: Gligar","|-immune|p2a: Gligar|[msg]","|","|turn|4","|","|switch|p2a: Meowstic-F|Meowstic-F, L83, F|259/259","|switch|p1a: Scolipede|Scolipede, L76, F|215/215","|","|turn|5","|","|switch|p1a: Kangaskhan|Kangaskhan, L74, F|277/277","|move|p2a: Meowstic-F|Psyshock|p1a: Kangaskhan","|-damage|p1a: Kangaskhan|167/277","|-damage|p2a: Meowstic-F|234/259|[from] item: Life Orb","|","|turn|6","|","|detailschange|p1a: Kangaskhan|Kangaskhan-Mega, L74, F","|-mega|p1a: Kangaskhan|Kangaskhan|Kangaskhanite","|move|p2a: Meowstic-F|Psyshock|p1a: Kangaskhan","|-damage|p1a: Kangaskhan|64/277","|-damage|p2a: Meowstic-F|209/259|[from] item: Life Orb","|move|p1a: Kangaskhan|Crunch|p2a: Meowstic-F","|-supereffective|p2a: Meowstic-F","|-damage|p2a: Meowstic-F|85/259","|-supereffective|p2a: Meowstic-F","|-damage|p2a: Meowstic-F|23/259","|-hitcount|p2a: Meowstic-F|2","|","|turn|7","|","|switch|p1a: Leafeon|Leafeon, L83, M|244/244","|move|p2a: Meowstic-F|Psyshock|p1a: Leafeon","|-damage|p1a: Leafeon|170/244","|-damage|p2a: Meowstic-F|0 fnt|[from] item: Life Orb","|faint|p2a: Meowstic-F","|","|-heal|p1a: Leafeon|185/244|[from] item: Leftovers","|","|switch|p2a: Suicune|Suicune, L77|281/281","|turn|8","|","|move|p1a: Leafeon|Swords Dance|p1a: Leafeon","|-boost|p1a: Leafeon|atk|2","|move|p2a: Suicune|Calm Mind|p2a: Suicune","|-boost|p2a: Suicune|spa|1","|-boost|p2a: Suicune|spd|1","|","|-heal|p1a: Leafeon|200/244|[from] item: Leftovers","|turn|9","|","|move|p1a: Leafeon|Leaf Blade|p2a: Suicune","|-supereffective|p2a: Suicune","|-damage|p2a: Suicune|0 fnt","|faint|p2a: Suicune","|","|-heal|p1a: Leafeon|215/244|[from] item: Leftovers","|","|switch|p2a: Dedenne|Dedenne, L83, M|247/247","|turn|10","|","|move|p2a: Dedenne|U-turn|p1a: Leafeon","|-supereffective|p1a: Leafeon","|-damage|p1a: Leafeon|161/244","|","|switch|p2a: Gligar|Gligar, L77, M|227/227","|move|p1a: Leafeon|Leaf Blade|p2a: Gligar","|-damage|p2a: Gligar|95/227","|","|-heal|p1a: Leafeon|176/244|[from] item: Leftovers","|turn|11","|","|move|p1a: Leafeon|Leaf Blade|p2a: Gligar","|-damage|p2a: Gligar|0 fnt","|faint|p2a: Gligar","|","|-heal|p1a: Leafeon|191/244|[from] item: Leftovers","|","|switch|p2a: Dedenne|Dedenne, L83, M|247/247","|turn|12","|","|move|p2a: Dedenne|Nuzzle|p1a: Leafeon","|-resisted|p1a: Leafeon","|-damage|p1a: Leafeon|185/244","|-status|p1a: Leafeon|par","|move|p1a: Leafeon|Synthesis|p1a: Leafeon","|-heal|p1a: Leafeon|244/244 par","|","|turn|13","|","|move|p2a: Dedenne|Hidden Power|p1a: Leafeon","|-supereffective|p1a: Leafeon","|-damage|p1a: Leafeon|156/244 par","|move|p1a: Leafeon|Leaf Blade|p2a: Dedenne","|-damage|p2a: Dedenne|0 fnt","|faint|p2a: Dedenne","|","|-heal|p1a: Leafeon|171/244 par|[from] item: Leftovers","|","|switch|p2a: Tangrowth|Tangrowth, L79, M|288/288","|turn|14","|","|move|p2a: Tangrowth|Leech Seed|p1a: Leafeon","|-immune|p1a: Leafeon|[msg]","|cant|p1a: Leafeon|par","|","|-heal|p1a: Leafeon|186/244 par|[from] item: Leftovers","|turn|15","|","|move|p2a: Tangrowth|Knock Off|p1a: Leafeon","|-damage|p1a: Leafeon|130/244 par","|-enditem|p1a: Leafeon|Leftovers|[from] move: Knock Off|[of] p2a: Tangrowth","|-damage|p2a: Tangrowth|260/288|[from] item: Life Orb","|move|p1a: Leafeon|Baton Pass|p1a: Leafeon","|","|switch|p1a: Scolipede|Scolipede, L76, F|215/215","|","|turn|16","|","|move|p1a: Scolipede|Poison Jab|p2a: Tangrowth","|-supereffective|p2a: Tangrowth","|-damage|p2a: Tangrowth|8/288","|move|p2a: Tangrowth|Leech Seed|p1a: Scolipede","|-start|p1a: Scolipede|move: Leech Seed","|","|-damage|p1a: Scolipede|189/215|[from] Leech Seed|[of] p2a: Tangrowth","|-heal|p2a: Tangrowth|34/288|[silent]","|-boost|p1a: Scolipede|spe|1|[from] ability: Speed Boost","|turn|17","|","|move|p1a: Scolipede|Poison Jab|p2a: Tangrowth","|-supereffective|p2a: Tangrowth","|-damage|p2a: Tangrowth|0 fnt","|faint|p2a: Tangrowth","|","|-heal|p1a: Scolipede|202/215|[from] item: Black Sludge","|-boost|p1a: Scolipede|spe|1|[from] ability: Speed Boost","|","|switch|p2a: Kingdra|Kingdra, L78, F|245/245","|turn|18","|","|move|p1a: Scolipede|Poison Jab|p2a: Kingdra","|-crit|p2a: Kingdra","|-damage|p2a: Kingdra|10/245","|move|p2a: Kingdra|Waterfall|p1a: Scolipede","|-crit|p1a: Scolipede","|-damage|p1a: Scolipede|75/215","|","|-heal|p1a: Scolipede|88/215|[from] item: Black Sludge","|-damage|p1a: Scolipede|62/215|[from] Leech Seed|[of] p2a: Kingdra","|-heal|p2a: Kingdra|36/245|[silent]","|-boost|p1a: Scolipede|spe|1|[from] ability: Speed Boost","|turn|19","|","|move|p1a: Scolipede|Poison Jab|p2a: Kingdra","|-damage|p2a: Kingdra|0 fnt","|faint|p2a: Kingdra","|","|win|Apex Hurricane"],"p1rating":{"entryid":"807584","serverid":"eos","formatid":"randombattle","userid":"apexhurricane","username":"Apex Hurricane","w":2,"l":"1","t":"0","gxe":54.4,"r":"1500","rd":"130","sigma":"0","rptime":"1441270800","rpr":1535.0918462337,"rprd":111.0655535529,"rpsigma":"0","acre":1078.8314750252,"lacre":1078.8314750252,"oldacre":"1051.2514068779"},"p2rating":{"entryid":811441,"formatid":"randombattle","userid":"sovereignkingjj","username":"Sovereign♕KingJJ","r":1500,"rd":130,"sigma":0,"rpr":1459.8393856612,"rprd":122.8583080769,"rpsigma":0,"rptime":1441270800,"w":0,"l":1,"t":0,"gxe":45,"acre":1000,"lacre":1000,"oldacre":1000},"endType":"normal"}