{"seed":[5757,26013,4546,42199],"turns":25,"p1":"Warden Da Podge","p2":"cruch","p1team":[{"name":"Glalie","moves":["crunch","explosion","spikes","iceshard"],"ability":"Inner Focus","evs":{"hp":81,"atk":89,"def":85,"spa":85,"spd":85,"spe":85},"ivs":{"hp":31,"atk":31,"def":31,"spa":31,"spd":31,"spe":31},"item":"Glalitite","level":79,"shiny":false},{"name":"Dewgong","moves":["protect","toxic","encore","surf"],"ability":"Thick Fat","evs":{"hp":85,"atk":85,"def":85,"spa":85,"spd":85,"spe":85},"ivs":{"hp":31,"atk":31,"def":31,"spa":31,"spd":31,"spe":31},"item":"Leftovers","level":83,"shiny":false},{"name":"Shuckle","moves":["toxic","stealthrock","stickyweb","encore"],"ability":"Sturdy","evs":{"hp":85,"atk":85,"def":85,"spa":85,"spd":85,"spe":85},"ivs":{"hp":31,"atk":31,"def":31,"spa":31,"spd":31,"spe":31},"item":"Leftovers","level":78,"shiny":false},{"name":"Charizard","moves":["earthquake","acrobatics","roost","flareblitz"],"ability":"Blaze","evs":{"hp":85,"atk":85,"def":85,"spa":85,"spd":85,"spe":85},"ivs":{"hp":31,"atk":31,"def":31,"spa":31,"spd":31,"spe":31},"item":"Flying Gem","level":81,"shiny":false},{"name":"Drapion","moves":["toxicspikes","whirlwind","knockoff","poisonjab"],"ability":"Sniper","evs":{"hp":85,"atk":85,"def":85,"spa":85,"spd":85,"spe":85},"ivs":{"hp":31,"atk":31,"def":31,"spa":31,"spd":31,"spe":31},"item":"Black Sludge","level":79,"shiny":false},{"name":"Donphan","moves":["knockoff","earthquake","iceshard","rapidspin"],"ability":"Sturdy","evs":{"hp":85,"atk":85,"def":85,"spa":85,"spd":85,"spe":85},"ivs":{"hp":31,"atk":31,"def":31,"spa":31,"spd":31,"spe":31},"item":"Assault Vest","level":77,"shiny":false}],"p2team":[{"name":"Beautifly","moves":["psychic","gigadrain","aircutter","quiverdance"],"ability":"Swarm","evs":{"hp":85,"atk":85,"def":85,"spa":85,"spd":85,"spe":85},"ivs":{"hp":31,"atk":31,"def":31,"spa":31,"spd":31,"spe":31},"item":"Life Orb","level":83,"shiny":false},{"name":"Escavalier","moves":["megahorn","knockoff","drillrun","ironhead"],"ability":"Swarm","evs":{"hp":85,"atk":85,"def":85,"spa":85,"spd":85,"spe":85},"ivs":{"hp":31,"atk":31,"def":31,"spa":31,"spd":31,"spe":31},"item":"Choice Band","level":79,"shiny":false},{"name":"Cresselia","moves":["psyshock","toxic","moonlight","substitute"],"ability":"Levitate","evs":{"hp":85,"atk":85,"def":85,"spa":85,"spd":85,"spe":85},"ivs":{"hp":31,"atk":31,"def":31,"spa":31,"spd":31,"spe":31},"item":"Leftovers","level":77,"shiny":false},{"name":"Camerupt","moves":["stealthrock","willowisp","earthpower","ancientpower"],"ability":"Solid Rock","evs":{"hp":85,"atk":85,"def":85,"spa":85,"spd":85,"spe":85},"ivs":{"hp":31,"atk":31,"def":31,"spa":31,"spd":31,"spe":31},"item":"Cameruptite","level":79,"shiny":false},{"name":"Electrode","moves":["voltswitch","taunt","signalbeam","foulplay"],"ability":"Soundproof","evs":{"hp":85,"atk":85,"def":85,"spa":85,"spd":85,"spe":85},"ivs":{"hp":31,"atk":31,"def":31,"spa":31,"spd":31,"spe":31},"item":"Life Orb","level":83,"shiny":false},{"name":"Mamoswine","moves":["stealthrock","knockoff","iceshard","endeavor"],"ability":"Thick Fat","evs":{"hp":85,"atk":85,"def":85,"spa":85,"spd":85,"spe":85},"ivs":{"hp":31,"atk":31,"def":31,"spa":31,"spd":31,"spe":31},"item":"Focus Sash","level":77,"shiny":false}],"log":["|player|p1|Warden Da Podge|101","|player|p2|cruch|250","|gametype|singles","|gen|6","|tier|Random Battle","|rated","|rule|Sleep Clause Mod: Limit one foe put to sleep","|rule|HP Percentage Mod: HP is shown in percentages","|","|start","|switch|p1a: Glalie|Glalie, L79, M|255/255","|switch|p2a: Beautifly|Beautifly, L83, M|235/235","|turn|1","|","|switch|p2a: Electrode|Electrode, L83|235/235","|detailschange|p1a: Glalie|Glalie-Mega, L79, M","|-mega|p1a: Glalie|Glalie|Glalitite","|move|p1a: Glalie|Ice Shard|p2a: Electrode","|-damage|p2a: Electrode|186/235","|","|turn|2","|","|move|p2a: Electrode|Volt Switch|p1a: Glalie","|-damage|p1a: Glalie|160/255","|-damage|p2a: Electrode|163/235|[from] item: Life Orb","|","|switch|p2a: Beautifly|Beautifly, L83, M|235/235","|move|p1a: Glalie|Spikes|p2a: Beautifly","|-sidestart|p2: cruch|Spikes","|","|turn|3","|","|switch|p2a: Electrode|Electrode, L83|163/235","|-damage|p2a: Electrode|134/235|[from] Spikes","|move|p1a: Glalie|Ice Shard|p2a: Electrode","|-damage|p2a: Electrode|79/235","|","|turn|4","|","|move|p2a: Electrode|Signal Beam|p1a: Glalie","|-damage|p1a: Glalie|89/255","|-damage|p2a: Electrode|56/235|[from] item: Life Orb","|move|p1a: Glalie|Spikes|p2a: Electrode","|-sidestart|p2: cruch|Spikes","|","|turn|5","|","|move|p1a: Glalie|Ice Shard|p2a: Electrode","|-crit|p2a: Electrode","|-damage|p2a: Electrode|0 fnt","|faint|p2a: Electrode","|","|","|switch|p2a: Beautifly|Beautifly, L83, M|235/235","|turn|6","|","|move|p1a: Glalie|Explosion|p2a: Beautifly","|-supereffective|p2a: Beautifly","|-damage|p2a: Beautifly|0 fnt","|faint|p1a: Glalie","|faint|p2a: Beautifly","|","|","|switch|p2a: Mamoswine|Mamoswine, L77, M|296/296","|switch|p1a: Shuckle|Shuckle, L78, F|159/159","|-damage|p2a: Mamoswine|247/296|[from] Spikes","|turn|7","|","|move|p2a: Mamoswine|Ice Shard|p1a: Shuckle","|-damage|p1a: Shuckle|135/159","|move|p1a: Shuckle|Toxic|p2a: Mamoswine","|-status|p2a: Mamoswine|tox","|","|-heal|p1a: Shuckle|144/159|[from] item: Leftovers","|-damage|p2a: Mamoswine|229/296 tox|[from] psn","|turn|8","|","|move|p2a: Mamoswine|Stealth Rock|p1a: Shuckle","|-sidestart|p1: Warden Da Podge|move: Stealth Rock","|move|p1a: Shuckle|Stealth Rock|p2a: Mamoswine","|-sidestart|p2: cruch|move: Stealth Rock","|","|-heal|p1a: Shuckle|153/159|[from] item: Leftovers","|-damage|p2a: Mamoswine|193/296 tox|[from] psn","|turn|9","|","|move|p2a: Mamoswine|Endeavor|p1a: Shuckle","|-immune|p1a: Shuckle|[msg]","|move|p1a: Shuckle|Sticky Web|p2a: Mamoswine","|-sidestart|p2: cruch|move: Sticky Web","|","|-heal|p1a: Shuckle|159/159|[from] item: Leftovers","|-damage|p2a: Mamoswine|139/296 tox|[from] psn","|turn|10","|","|move|p2a: Mamoswine|Knock Off|p1a: Shuckle","|-damage|p1a: Shuckle|122/159","|-enditem|p1a: Shuckle|Leftovers|[from] move: Knock Off|[of] p2a: Mamoswine","|move|p1a: Shuckle|Encore|p2a: Mamoswine","|-start|p2a: Mamoswine|Encore","|","|-damage|p2a: Mamoswine|67/296 tox|[from] psn","|turn|11","|","|move|p2a: Mamoswine|Knock Off|p1a: Shuckle","|-damage|p1a: Shuckle|98/159","|move|p1a: Shuckle|Toxic|p2a: Mamoswine","|-fail|p2a: Mamoswine|tox","|","|-damage|p2a: Mamoswine|0 fnt|[from] psn","|faint|p2a: Mamoswine","|","|switch|p2a: Camerupt|Camerupt, L79, M|240/240","|-damage|p2a: Camerupt|200/240|[from] Spikes","|-damage|p2a: Camerupt|170/240|[from] Stealth Rock","|-activate|p2a: Camerupt|move: Sticky Web","|-unboost|p2a: Camerupt|spe|1","|turn|12","|","|detailschange|p2a: Camerupt|Camerupt-Mega, L79, M","|-mega|p2a: Camerupt|Camerupt|Cameruptite","|move|p2a: Camerupt|Ancient Power|p1a: Shuckle","|-supereffective|p1a: Shuckle","|-damage|p1a: Shuckle|32/159","|move|p1a: Shuckle|Toxic|p2a: Camerupt|[miss]","|-miss|p1a: Shuckle|p2a: Camerupt","|","|turn|13","|","|move|p1a: Shuckle|Toxic|p2a: Camerupt","|-status|p2a: Camerupt|tox","|move|p2a: Camerupt|Ancient Power|p1a: Shuckle","|-supereffective|p1a: Shuckle","|-damage|p1a: Shuckle|0 fnt","|faint|p1a: Shuckle","|","|-damage|p2a: Camerupt|155/240 tox|[from] psn","|","|switch|p1a: Dewgong|Dewgong, L83, F|285/285","|-damage|p1a: Dewgong|214/285|[from] Stealth Rock","|turn|14","|","|move|p1a: Dewgong|Surf|p2a: Camerupt","|-crit|p2a: Camerupt","|-supereffective|p2a: Camerupt","|-damage|p2a: Camerupt|0 fnt","|faint|p2a: Camerupt","|","|-heal|p1a: Dewgong|231/285|[from] item: Leftovers","|","|switch|p2a: Escavalier|Escavalier, L79, M|240/240","|-damage|p2a: Escavalier|200/240|[from] Spikes","|-activate|p2a: Escavalier|move: Sticky Web","|-unboost|p2a: Escavalier|spe|1","|-damage|p2a: Escavalier|170/240|[from] Stealth Rock","|turn|15","|","|switch|p1a: Donphan|Donphan, L77, F|265/265","|-damage|p1a: Donphan|249/265|[from] Stealth Rock","|move|p2a: Escavalier|Megahorn|p1a: Donphan","|-damage|p1a: Donphan|75/265","|","|turn|16","|","|move|p1a: Donphan|Rapid Spin|p2a: Escavalier","|-resisted|p2a: Escavalier","|-damage|p2a: Escavalier|164/240","|-sideend|p1: Warden Da Podge|Stealth Rock|[from] move: Rapid Spin|[of] p1a: Donphan","|move|p2a: Escavalier|Megahorn|p1a: Donphan","|-damage|p1a: Donphan|0 fnt","|faint|p1a: Donphan","|","|","|switch|p1a: Charizard|Charizard, L81, M|259/259","|turn|17","|","|move|p1a: Charizard|Flare Blitz|p2a: Escavalier","|-supereffective|p2a: Escavalier","|-damage|p2a: Escavalier|0 fnt","|-damage|p1a: Charizard|205/259|[from] recoil|[of] p2a: Escavalier","|faint|p2a: Escavalier","|","|","|switch|p2a: Cresselia|Cresselia, L77, F|311/311","|-damage|p2a: Cresselia|273/311|[from] Stealth Rock","|turn|18","|","|move|p1a: Charizard|Flare Blitz|p2a: Cresselia","|-damage|p2a: Cresselia|188/311","|-damage|p1a: Charizard|177/259|[from] recoil|[of] p2a: Cresselia","|move|p2a: Cresselia|Psyshock|p1a: Charizard","|-damage|p1a: Charizard|104/259","|","|-heal|p2a: Cresselia|207/311|[from] item: Leftovers","|turn|19","|","|move|p1a: Charizard|Acrobatics|p2a: Cresselia","|-enditem|p1a: Charizard|Flying Gem|[from] gem|[move] Acrobatics","|-damage|p2a: Cresselia|101/311","|move|p2a: Cresselia|Moonlight|p2a: Cresselia","|-heal|p2a: Cresselia|256/311","|","|-heal|p2a: Cresselia|275/311|[from] item: Leftovers","|turn|20","|","|switch|p1a: Dewgong|Dewgong, L83, F|231/285","|move|p2a: Cresselia|Psyshock|p1a: Dewgong","|-damage|p1a: Dewgong|164/285","|","|-heal|p2a: Cresselia|294/311|[from] item: Leftovers","|-heal|p1a: Dewgong|181/285|[from] item: Leftovers","|turn|21","|","|move|p2a: Cresselia|Toxic|p1a: Dewgong","|-status|p1a: Dewgong|tox","|move|p1a: Dewgong|Toxic|p2a: Cresselia","|-status|p2a: Cresselia|tox","|","|-heal|p2a: Cresselia|311/311 tox|[from] item: Leftovers","|-heal|p1a: Dewgong|198/285 tox|[from] item: Leftovers","|-damage|p2a: Cresselia|292/311 tox|[from] psn","|-damage|p1a: Dewgong|181/285 tox|[from] psn","|turn|22","|","|move|p2a: Cresselia|Psyshock|p1a: Dewgong","|-damage|p1a: Dewgong|115/285 tox","|move|p1a: Dewgong|Surf|p2a: Cresselia","|-damage|p2a: Cresselia|234/311 tox","|","|-heal|p2a: Cresselia|253/311 tox|[from] item: Leftovers","|-heal|p1a: Dewgong|132/285 tox|[from] item: Leftovers","|-damage|p2a: Cresselia|215/311 tox|[from] psn","|-damage|p1a: Dewgong|98/285 tox|[from] psn","|turn|23","|","|move|p2a: Cresselia|Psyshock|p1a: Dewgong","|-damage|p1a: Dewgong|40/285 tox","|move|p1a: Dewgong|Encore|p2a: Cresselia","|-start|p2a: Cresselia|Encore","|","|-heal|p2a: Cresselia|234/311 tox|[from] item: Leftovers","|-heal|p1a: Dewgong|57/285 tox|[from] item: Leftovers","|-damage|p2a: Cresselia|177/311 tox|[from] psn","|-damage|p1a: Dewgong|6/285 tox|[from] psn","|turn|24","|","|move|p2a: Cresselia|Psyshock|p1a: Dewgong","|-damage|p1a: Dewgong|0 fnt","|faint|p1a: Dewgong","|","|-heal|p2a: Cresselia|196/311 tox|[from] item: Leftovers","|-damage|p2a: Cresselia|120/311 tox|[from] psn","|","|switch|p1a: Drapion|Drapion, L79, M|240/240","|turn|25","|","|move|p1a: Drapion|Knock Off|p2a: Cresselia","|-supereffective|p2a: Cresselia","|-damage|p2a: Cresselia|0 fnt","|-enditem|p2a: Cresselia|Leftovers|[from] move: Knock Off|[of] p1a: Drapion","|faint|p2a: Cresselia","|","|win|Warden Da Podge"],"p1rating":{"entryid":805056,"formatid":"randombattle","userid":"wardendapodge","username":"Warden Da Podge","r":1500,"rd":130,"sigma":0,"rpr":1544.4308247464,"rprd":122.66613906187,"rpsigma":0,"rptime":1441270800,"w":1,"l":0,"t":0,"gxe":55.5,"acre":1043.1650963837,"lacre":1043.1650963837,"oldacre":1000},"p2rating":{"entryid":"549627","serverid":"eos","formatid":"randombattle","userid":"cruch","username":"cruch","w":"2","l":3,"t":"0","gxe":46.3,"r":"1533.1018856671","rd":"112.62419245195","sigma":"0","rptime":"1441270800","rpr":1470.781149118,"rprd":103.75807170353,"rpsigma":"0","acre":1012.2986207818,"lacre":1012.2986207818,"oldacre":"1027.549270875"},"endType":"normal"}