{"seed":[33231,56439,44616,16064],"turns":30,"p1":"swagllamma","p2":"mortal jordean","p1team":[{"name":"Wobbuffet","moves":["encore","safeguard","destinybond","mirrorcoat"],"ability":"Shadow Tag","evs":{"hp":85,"atk":85,"def":85,"spa":85,"spd":85,"spe":85},"ivs":{"hp":31,"atk":31,"def":31,"spa":31,"spd":31,"spe":31},"item":"Custap Berry","level":79,"shiny":false},{"name":"Luxray","moves":["wildcharge","crunch","icefang","voltswitch"],"ability":"Intimidate","evs":{"hp":85,"atk":85,"def":85,"spa":85,"spd":85,"spe":85},"ivs":{"hp":31,"atk":31,"def":31,"spa":31,"spd":31,"spe":31},"item":"Expert Belt","level":83,"shiny":false},{"name":"Breloom","moves":["rocktomb","bulletseed","machpunch","swordsdance"],"ability":"Technician","evs":{"hp":85,"atk":85,"def":85,"spa":85,"spd":85,"spe":85},"ivs":{"hp":31,"atk":31,"def":31,"spa":31,"spd":31,"spe":31},"item":"Life Orb","level":75,"shiny":false},{"name":"Seismitoad","moves":["earthquake","scald","toxic","raindance"],"ability":"Swift Swim","evs":{"hp":85,"atk":85,"def":85,"spa":85,"spd":85,"spe":85},"ivs":{"hp":31,"atk":31,"def":31,"spa":31,"spd":31,"spe":31},"item":"Damp Rock","level":79,"shiny":false},{"name":"Latios","moves":["roost","psyshock","defog","dracometeor"],"ability":"Levitate","evs":{"hp":85,"atk":85,"def":85,"spa":85,"spd":85,"spe":85},"ivs":{"hp":31,"atk":31,"def":31,"spa":31,"spd":31,"spe":31},"item":"Latiosite","level":90,"shiny":false},{"name":"Swellow","moves":["bravebird","quickattack","uturn","endeavor"],"ability":"Scrappy","evs":{"hp":85,"atk":85,"def":85,"spa":85,"spd":85,"spe":85},"ivs":{"hp":31,"atk":31,"def":31,"spa":31,"spd":31,"spe":31},"item":"Focus Sash","level":81,"shiny":false}],"p2team":[{"name":"Luxray","moves":["facade","wildcharge","icefang","superpower"],"ability":"Guts","evs":{"hp":85,"atk":85,"def":85,"spa":85,"spd":85,"spe":85},"ivs":{"hp":31,"atk":31,"def":31,"spa":31,"spd":31,"spe":31},"item":"Toxic Orb","level":83,"shiny":false},{"name":"Mismagius","moves":["painsplit","shadowball","taunt","dazzlinggleam"],"ability":"Levitate","evs":{"hp":85,"atk":85,"def":85,"spa":85,"spd":85,"spe":85},"ivs":{"hp":31,"atk":31,"def":31,"spa":31,"spd":31,"spe":31},"item":"Leftovers","level":81,"shiny":false},{"name":"Gourgeist","moves":["willowisp","shadowsneak","synthesis","seedbomb"],"ability":"Insomnia","evs":{"hp":85,"atk":85,"def":85,"spa":85,"spd":85,"spe":85},"ivs":{"hp":31,"atk":31,"def":31,"spa":31,"spd":31,"spe":31},"item":"Leftovers","level":83,"shiny":false},{"name":"Deoxys-Attack","moves":["superpower","psychoboost","stealthrock","knockoff"],"ability":"Pressure","evs":{"hp":85,"atk":85,"def":85,"spa":85,"spd":85,"spe":85},"ivs":{"hp":31,"atk":31,"def":31,"spa":31,"spd":31,"spe":31},"item":"Life Orb","level":73,"shiny":false},{"name":"Genesect","moves":["ironhead","shiftgear","extremespeed","blazekick"],"ability":"Download","evs":{"hp":85,"atk":85,"def":85,"spa":85,"spd":85,"spe":85},"ivs":{"hp":31,"atk":31,"def":31,"spa":31,"spd":31,"spe":31},"item":"Life Orb","level":74,"shiny":false},{"name":"Pidgeot","moves":["roost","defog","hurricane","heatwave"],"ability":"Keen Eye","evs":{"hp":85,"atk":85,"def":85,"spa":85,"spd":85,"spe":85},"ivs":{"hp":31,"atk":31,"def":31,"spa":31,"spd":31,"spe":31},"item":"Pidgeotite","level":76,"shiny":false}],"log":["|player|p1|swagllamma|170","|player|p2|mortal jordean|229","|gametype|singles","|gen|6","|tier|Random Battle","|rated","|rule|Sleep Clause Mod: Limit one foe put to sleep","|rule|HP Percentage Mod: HP is shown in percentages","|","|start","|switch|p1a: Wobbuffet|Wobbuffet, L79, M|430/430","|switch|p2a: Luxray|Luxray, L83, M|268/268","|turn|1","|","|move|p2a: Luxray|Superpower|p1a: Wobbuffet","|-resisted|p1a: Wobbuffet","|-damage|p1a: Wobbuffet|362/430","|-unboost|p2a: Luxray|atk|1","|-unboost|p2a: Luxray|def|1","|move|p1a: Wobbuffet|Destiny Bond|p1a: Wobbuffet","|-singlemove|p1a: Wobbuffet|Destiny Bond","|","|-status|p2a: Luxray|tox|[from] item: Toxic Orb","|turn|2","|","|move|p2a: Luxray|Wild Charge|p1a: Wobbuffet","|-damage|p1a: Wobbuffet|206/430","|-damage|p2a: Luxray|229/268 tox|[from] recoil|[of] p1a: Wobbuffet","|move|p1a: Wobbuffet|Encore|p2a: Luxray","|-start|p2a: Luxray|Encore","|","|-damage|p2a: Luxray|213/268 tox|[from] psn","|turn|3","|","|move|p2a: Luxray|Wild Charge|p1a: Wobbuffet","|-damage|p1a: Wobbuffet|55/430","|-damage|p2a: Luxray|175/268 tox|[from] recoil|[of] p1a: Wobbuffet","|move|p1a: Wobbuffet|Destiny Bond|p1a: Wobbuffet","|-singlemove|p1a: Wobbuffet|Destiny Bond","|","|-damage|p2a: Luxray|143/268 tox|[from] psn","|turn|4","|-enditem|p1a: Wobbuffet|Custap Berry|[eat]","|-activate|p1a: Wobbuffet|Custap Berry","|","|move|p2a: Luxray|Wild Charge|p1a: Wobbuffet","|-damage|p1a: Wobbuffet|0 fnt","|-damage|p2a: Luxray|129/268 tox|[from] recoil|[of] p1a: Wobbuffet","|faint|p1a: Wobbuffet","|-activate|p1a: Wobbuffet|Destiny Bond","|faint|p2a: Luxray","|","|","|switch|p1a: Swellow|Swellow, L81, M|230/230","|switch|p2a: Genesect|Genesect, L74|227/227","|-boost|p2a: Genesect|spa|1|[from] ability: Download","|turn|5","|","|move|p1a: Swellow|Brave Bird|p2a: Genesect","|-damage|p2a: Genesect|116/227","|-damage|p1a: Swellow|193/230|[from] recoil|[of] p2a: Genesect","|move|p2a: Genesect|Blaze Kick|p1a: Swellow","|-damage|p1a: Swellow|96/230","|-status|p1a: Swellow|brn","|-damage|p2a: Genesect|94/227|[from] item: Life Orb","|","|-damage|p1a: Swellow|68/230 brn|[from] brn","|turn|6","|","|move|p1a: Swellow|Brave Bird|p2a: Genesect","|-damage|p2a: Genesect|34/227","|-damage|p1a: Swellow|48/230 brn|[from] recoil|[of] p2a: Genesect","|move|p2a: Genesect|Blaze Kick|p1a: Swellow|[miss]","|-miss|p2a: Genesect|p1a: Swellow","|","|-damage|p1a: Swellow|20/230 brn|[from] brn","|turn|7","|","|move|p1a: Swellow|Quick Attack|p2a: Genesect","|-resisted|p2a: Genesect","|-damage|p2a: Genesect|24/227","|move|p2a: Genesect|Blaze Kick|p1a: Swellow","|-damage|p1a: Swellow|0 fnt","|-damage|p2a: Genesect|2/227|[from] item: Life Orb","|faint|p1a: Swellow","|","|","|switch|p1a: Breloom|Breloom, L75, F|214/214","|turn|8","|","|move|p1a: Breloom|Mach Punch|p2a: Genesect","|-damage|p2a: Genesect|0 fnt","|-damage|p1a: Breloom|193/214|[from] item: Life Orb","|faint|p2a: Genesect","|","|","|switch|p2a: Gourgeist|Gourgeist, L83, F|244/244","|turn|9","|","|move|p2a: Gourgeist|Will-O-Wisp|p1a: Breloom|[miss]","|-miss|p2a: Gourgeist|p1a: Breloom","|move|p1a: Breloom|Swords Dance|p1a: Breloom","|-boost|p1a: Breloom|atk|2","|","|turn|10","|","|move|p2a: Gourgeist|Shadow Sneak|p1a: Breloom","|-damage|p1a: Breloom|145/214","|move|p1a: Breloom|Bullet Seed|p2a: Gourgeist","|-resisted|p2a: Gourgeist","|-damage|p2a: Gourgeist|201/244","|-resisted|p2a: Gourgeist","|-damage|p2a: Gourgeist|159/244","|-hitcount|p2a: Gourgeist|2","|-damage|p1a: Breloom|124/214|[from] item: Life Orb","|","|-heal|p2a: Gourgeist|174/244|[from] item: Leftovers","|turn|11","|","|move|p2a: Gourgeist|Seed Bomb|p1a: Breloom","|-resisted|p1a: Breloom","|-damage|p1a: Breloom|78/214","|move|p1a: Breloom|Rock Tomb|p2a: Gourgeist|[miss]","|-miss|p1a: Breloom|p2a: Gourgeist","|","|-heal|p2a: Gourgeist|189/244|[from] item: Leftovers","|turn|12","|","|move|p2a: Gourgeist|Seed Bomb|p1a: Breloom","|-resisted|p1a: Breloom","|-damage|p1a: Breloom|29/214","|move|p1a: Breloom|Bullet Seed|p2a: Gourgeist","|-crit|p2a: Gourgeist","|-resisted|p2a: Gourgeist","|-damage|p2a: Gourgeist|131/244","|-resisted|p2a: Gourgeist","|-damage|p2a: Gourgeist|87/244","|-resisted|p2a: Gourgeist","|-damage|p2a: Gourgeist|43/244","|-hitcount|p2a: Gourgeist|3","|-damage|p1a: Breloom|8/214|[from] item: Life Orb","|","|-heal|p2a: Gourgeist|58/244|[from] item: Leftovers","|turn|13","|","|move|p1a: Breloom|Mach Punch|p2a: Gourgeist","|-immune|p2a: Gourgeist|[msg]","|move|p2a: Gourgeist|Synthesis|p2a: Gourgeist","|-heal|p2a: Gourgeist|180/244","|","|-heal|p2a: Gourgeist|195/244|[from] item: Leftovers","|turn|14","|","|move|p2a: Gourgeist|Seed Bomb|p1a: Breloom","|-resisted|p1a: Breloom","|-damage|p1a: Breloom|0 fnt","|faint|p1a: Breloom","|","|-heal|p2a: Gourgeist|210/244|[from] item: Leftovers","|","|switch|p1a: Seismitoad|Seismitoad, L79, F|295/295","|turn|15","|","|move|p2a: Gourgeist|Seed Bomb|p1a: Seismitoad","|-supereffective|p1a: Seismitoad","|-damage|p1a: Seismitoad|0 fnt","|faint|p1a: Seismitoad","|","|-heal|p2a: Gourgeist|225/244|[from] item: Leftovers","|","|switch|p1a: Luxray|Luxray, L83, M|268/268","|-ability|p1a: Luxray|Intimidate","|-unboost|p2a: Gourgeist|atk|1","|turn|16","|","|move|p2a: Gourgeist|Seed Bomb|p1a: Luxray","|-damage|p1a: Luxray|208/268","|move|p1a: Luxray|Ice Fang|p2a: Gourgeist","|-supereffective|p2a: Gourgeist","|-damage|p2a: Gourgeist|131/244","|","|-heal|p2a: Gourgeist|146/244|[from] item: Leftovers","|turn|17","|","|move|p2a: Gourgeist|Synthesis|p2a: Gourgeist","|-heal|p2a: Gourgeist|244/244","|move|p1a: Luxray|Ice Fang|p2a: Gourgeist","|-crit|p2a: Gourgeist","|-supereffective|p2a: Gourgeist","|-damage|p2a: Gourgeist|93/244","|","|-heal|p2a: Gourgeist|108/244|[from] item: Leftovers","|turn|18","|","|move|p2a: Gourgeist|Shadow Sneak|p1a: Luxray","|-damage|p1a: Luxray|180/268","|move|p1a: Luxray|Ice Fang|p2a: Gourgeist","|-supereffective|p2a: Gourgeist","|-damage|p2a: Gourgeist|12/244","|","|-heal|p2a: Gourgeist|27/244|[from] item: Leftovers","|turn|19","|","|move|p2a: Gourgeist|Synthesis|p2a: Gourgeist","|-heal|p2a: Gourgeist|149/244","|move|p1a: Luxray|Wild Charge|p2a: Gourgeist","|-resisted|p2a: Gourgeist","|-damage|p2a: Gourgeist|105/244","|-damage|p1a: Luxray|169/268|[from] recoil|[of] p2a: Gourgeist","|","|-heal|p2a: Gourgeist|120/244|[from] item: Leftovers","|turn|20","|","|move|p2a: Gourgeist|Synthesis|p2a: Gourgeist","|-heal|p2a: Gourgeist|242/244","|move|p1a: Luxray|Ice Fang|p2a: Gourgeist","|-supereffective|p2a: Gourgeist","|-damage|p2a: Gourgeist|148/244","|","|-heal|p2a: Gourgeist|163/244|[from] item: Leftovers","|turn|21","|","|move|p2a: Gourgeist|Seed Bomb|p1a: Luxray","|-damage|p1a: Luxray|106/268","|move|p1a: Luxray|Ice Fang|p2a: Gourgeist","|-supereffective|p2a: Gourgeist","|-damage|p2a: Gourgeist|57/244","|","|-heal|p2a: Gourgeist|72/244|[from] item: Leftovers","|turn|22","|","|move|p2a: Gourgeist|Synthesis|p2a: Gourgeist","|-heal|p2a: Gourgeist|194/244","|move|p1a: Luxray|Ice Fang|p2a: Gourgeist","|-supereffective|p2a: Gourgeist","|-damage|p2a: Gourgeist|98/244","|","|-heal|p2a: Gourgeist|113/244|[from] item: Leftovers","|turn|23","|","|move|p2a: Gourgeist|Synthesis|p2a: Gourgeist","|-heal|p2a: Gourgeist|235/244","|move|p1a: Luxray|Ice Fang|p2a: Gourgeist","|-supereffective|p2a: Gourgeist","|-damage|p2a: Gourgeist|139/244","|","|-heal|p2a: Gourgeist|154/244|[from] item: Leftovers","|turn|24","|","|move|p2a: Gourgeist|Seed Bomb|p1a: Luxray","|-damage|p1a: Luxray|51/268","|move|p1a: Luxray|Volt Switch|p2a: Gourgeist","|-resisted|p2a: Gourgeist","|-damage|p2a: Gourgeist|115/244","|","|switch|p1a: Latios|Latios, L90, M|290/290","|","|-heal|p2a: Gourgeist|130/244|[from] item: Leftovers","|turn|25","|","|detailschange|p1a: Latios|Latios-Mega, L90, M","|-mega|p1a: Latios|Latios|Latiosite","|move|p1a: Latios|Draco Meteor|p2a: Gourgeist","|-damage|p2a: Gourgeist|0 fnt","|-unboost|p1a: Latios|spa|2","|faint|p2a: Gourgeist","|","|","|switch|p2a: Mismagius|Mismagius, L81, F|230/230","|turn|26","|","|move|p1a: Latios|Psyshock|p2a: Mismagius","|-damage|p2a: Mismagius|127/230","|move|p2a: Mismagius|Shadow Ball|p1a: Latios","|-supereffective|p1a: Latios","|-damage|p1a: Latios|174/290","|-unboost|p1a: Latios|spd|1","|","|-heal|p2a: Mismagius|141/230|[from] item: Leftovers","|turn|27","|","|move|p1a: Latios|Roost|p1a: Latios","|-heal|p1a: Latios|290/290","|move|p2a: Mismagius|Shadow Ball|p1a: Latios","|-supereffective|p1a: Latios","|-damage|p1a: Latios|108/290","|","|-heal|p2a: Mismagius|155/230|[from] item: Leftovers","|turn|28","|","|move|p1a: Latios|Roost|p1a: Latios","|-heal|p1a: Latios|253/290","|move|p2a: Mismagius|Shadow Ball|p1a: Latios","|-supereffective|p1a: Latios","|-damage|p1a: Latios|65/290","|","|-heal|p2a: Mismagius|169/230|[from] item: Leftovers","|turn|29","|","|move|p1a: Latios|Roost|p1a: Latios","|-heal|p1a: Latios|210/290","|move|p2a: Mismagius|Shadow Ball|p1a: Latios","|-supereffective|p1a: Latios","|-damage|p1a: Latios|22/290","|-unboost|p1a: Latios|spd|1","|","|-heal|p2a: Mismagius|183/230|[from] item: Leftovers","|turn|30","|","|move|p1a: Latios|Roost|p1a: Latios","|-heal|p1a: Latios|167/290","|move|p2a: Mismagius|Shadow Ball|p1a: Latios","|-supereffective|p1a: Latios","|-damage|p1a: Latios|0 fnt","|faint|p1a: Latios","|","|-heal|p2a: Mismagius|197/230|[from] item: Leftovers","|","|win|mortal jordean"],"p1rating":{"entryid":807044,"formatid":"randombattle","userid":"swagllamma","username":"swagllamma","r":1500,"rd":130,"sigma":0,"rpr":1459.3538586356,"rprd":122.25330219989,"rpsigma":0,"rptime":1441270800,"w":0,"l":1,"t":0,"gxe":44.9,"acre":1000,"lacre":1000,"oldacre":1000},"p2rating":{"entryid":"198097","serverid":"eos","formatid":"randombattle","userid":"mortaljordean","username":"mortal jordean","w":7,"l":"7","t":"0","gxe":51.3,"r":"1508.0897405461","rd":"83.514405262488","sigma":"0","rptime":"1441270800","rpr":1510.3309333544,"rprd":79.680165797435,"rpsigma":"0","acre":1100.435678058,"lacre":1100.435678058,"oldacre":"1078.4770758752"},"endType":"forfeit"}