{"seed":[4827,2821,38183,22489],"turns":23,"p1":"facundocorrea","p2":"Xerosere","p1team":[{"name":"Wormadam","moves":["signalbeam","gigadrain","toxic","protect"],"ability":"Overcoat","evs":{"hp":85,"atk":85,"def":85,"spa":85,"spd":85,"spe":85},"ivs":{"hp":31,"atk":31,"def":31,"spa":31,"spd":31,"spe":31},"item":"Leftovers","level":83,"shiny":false},{"name":"Simipour","moves":["substitute","nastyplot","icebeam","hydropump"],"ability":"Torrent","evs":{"hp":85,"atk":85,"def":85,"spa":85,"spd":85,"spe":85},"ivs":{"hp":31,"atk":31,"def":31,"spa":31,"spd":31,"spe":31},"item":"Leftovers","level":83,"shiny":false},{"name":"Dragonite","moves":["outrage","roost","dragondance","earthquake"],"ability":"Multiscale","evs":{"hp":81,"atk":89,"def":85,"spa":85,"spd":85,"spe":85},"ivs":{"hp":31,"atk":31,"def":31,"spa":31,"spd":31,"spe":31},"item":"Lum Berry","level":75,"shiny":false},{"name":"Kecleon","moves":["drainpunch","stealthrock","knockoff","recover"],"ability":"Protean","evs":{"hp":85,"atk":85,"def":85,"spa":85,"spd":85,"spe":85},"ivs":{"hp":31,"atk":31,"def":31,"spa":31,"spd":31,"spe":31},"item":"Leftovers","level":81,"shiny":false},{"name":"Victreebel","moves":["sunnyday","knockoff","powerwhip","sludgebomb"],"ability":"Chlorophyll","evs":{"hp":85,"atk":85,"def":85,"spa":85,"spd":85,"spe":85},"ivs":{"hp":31,"atk":31,"def":31,"spa":31,"spd":31,"spe":31},"item":"Heat Rock","level":82,"shiny":false},{"name":"Yveltal","moves":["taunt","hurricane","suckerpunch","roost"],"ability":"Dark Aura","evs":{"hp":81,"atk":85,"def":85,"spa":89,"spd":85,"spe":85},"ivs":{"hp":31,"atk":31,"def":31,"spa":31,"spd":31,"spe":31},"item":"Leftovers","level":73,"shiny":false}],"p2team":[{"name":"Victreebel","moves":["knockoff","sleeppowder","sunnyday","sludgebomb"],"ability":"Chlorophyll","evs":{"hp":85,"atk":85,"def":85,"spa":85,"spd":85,"spe":85},"ivs":{"hp":31,"atk":31,"def":31,"spa":31,"spd":31,"spe":31},"item":"Heat Rock","level":82,"shiny":false},{"name":"Sylveon","moves":["batonpass","wish","protect","hypervoice"],"ability":"Pixilate","evs":{"hp":85,"atk":85,"def":85,"spa":85,"spd":85,"spe":85},"ivs":{"hp":31,"atk":31,"def":31,"spa":31,"spd":31,"spe":31},"item":"Leftovers","level":75,"shiny":false},{"name":"Electrode","moves":["voltswitch","hiddenpowergrass","thunderbolt","taunt"],"ability":"Static","evs":{"hp":85,"atk":85,"def":85,"spa":85,"spd":85,"spe":85},"ivs":{"hp":31,"atk":30,"def":31,"spa":30,"spd":31,"spe":31},"item":"Life Orb","level":83,"shiny":false},{"name":"Zygarde","moves":["earthquake","stoneedge","outrage","extremespeed"],"ability":"Aura Break","evs":{"hp":85,"atk":85,"def":85,"spa":85,"spd":85,"spe":85},"ivs":{"hp":31,"atk":31,"def":31,"spa":31,"spd":31,"spe":31},"item":"Choice Band","level":76,"shiny":false},{"name":"Quagsire","moves":["encore","recover","earthquake","icebeam"],"ability":"Water Absorb","evs":{"hp":85,"atk":85,"def":85,"spa":85,"spd":85,"spe":85},"ivs":{"hp":31,"atk":31,"def":31,"spa":31,"spd":31,"spe":31},"item":"Leftovers","level":81,"shiny":false},{"name":"Kecleon","moves":["shadowsneak","recover","stealthrock","drainpunch"],"ability":"Protean","evs":{"hp":85,"atk":85,"def":85,"spa":85,"spd":85,"spe":85},"ivs":{"hp":31,"atk":31,"def":31,"spa":31,"spd":31,"spe":31},"item":"Leftovers","level":81,"shiny":false}],"log":["|player|p1|facundocorrea|163","|player|p2|Xerosere|265","|gametype|singles","|gen|6","|tier|Random Battle","|rated","|rule|Sleep Clause Mod: Limit one foe put to sleep","|rule|HP Percentage Mod: HP is shown in percentages","|","|start","|switch|p1a: Wormadam|Wormadam, L83, F|235/235","|switch|p2a: Victreebel|Victreebel, L82, F|265/265","|turn|1","|","|move|p2a: Victreebel|Sludge Bomb|p1a: Wormadam","|-supereffective|p1a: Wormadam","|-damage|p1a: Wormadam|73/235","|move|p1a: Wormadam|Toxic|p2a: Victreebel","|-immune|p2a: Victreebel|[msg]","|","|-heal|p1a: Wormadam|87/235|[from] item: Leftovers","|turn|2","|","|switch|p1a: Victreebel|Victreebel, L82, F|265/265","|move|p2a: Victreebel|Sludge Bomb|p1a: Victreebel","|-damage|p1a: Victreebel|160/265","|","|turn|3","|","|move|p1a: Victreebel|Sludge Bomb|p2a: Victreebel","|-damage|p2a: Victreebel|157/265","|move|p2a: Victreebel|Sludge Bomb|p1a: Victreebel","|-damage|p1a: Victreebel|51/265","|","|turn|4","|","|move|p2a: Victreebel|Knock Off|p1a: Victreebel","|-damage|p1a: Victreebel|0 fnt","|-enditem|p1a: Victreebel|Heat Rock|[from] move: Knock Off|[of] p2a: Victreebel","|faint|p1a: Victreebel","|","|","|switch|p1a: Dragonite|Dragonite, L75, F|259/259","|turn|5","|","|move|p1a: Dragonite|Outrage|p2a: Victreebel","|-damage|p2a: Victreebel|0 fnt","|faint|p2a: Victreebel","|","|","|switch|p2a: Quagsire|Quagsire, L81, F|287/287","|turn|6","|","|move|p1a: Dragonite|Outrage|p2a: Quagsire|[from]lockedmove","|-damage|p2a: Quagsire|139/287","|move|p2a: Quagsire|Ice Beam|p1a: Dragonite","|-crit|p1a: Dragonite","|-supereffective|p1a: Dragonite","|-damage|p1a: Dragonite|135/259","|","|-heal|p2a: Quagsire|156/287|[from] item: Leftovers","|turn|7","|","|move|p1a: Dragonite|Outrage|p2a: Quagsire|[from]lockedmove","|-damage|p2a: Quagsire|6/287","|-start|p1a: Dragonite|confusion|[fatigue]","|-enditem|p1a: Dragonite|Lum Berry|[eat]","|-end|p1a: Dragonite|confusion","|move|p2a: Quagsire|Ice Beam|p1a: Dragonite","|-supereffective|p1a: Dragonite","|-damage|p1a: Dragonite|0 fnt","|faint|p1a: Dragonite","|","|-heal|p2a: Quagsire|23/287|[from] item: Leftovers","|","|switch|p1a: Yveltal|Yveltal, L73|304/304","|-ability|p1a: Yveltal|Dark Aura","|turn|8","|","|move|p1a: Yveltal|Taunt|p2a: Quagsire","|-start|p2a: Quagsire|move: Taunt","|move|p2a: Quagsire|Ice Beam|p1a: Yveltal","|-supereffective|p1a: Yveltal","|-damage|p1a: Yveltal|212/304","|","|-heal|p1a: Yveltal|231/304|[from] item: Leftovers","|-heal|p2a: Quagsire|40/287|[from] item: Leftovers","|turn|9","|","|move|p1a: Yveltal|Sucker Punch|p2a: Quagsire","|-damage|p2a: Quagsire|0 fnt","|faint|p2a: Quagsire","|","|-heal|p1a: Yveltal|250/304|[from] item: Leftovers","|","|switch|p2a: Zygarde|Zygarde, L76|289/289","|-ability|p2a: Zygarde|Aura Break","|turn|10","|","|move|p2a: Zygarde|Stone Edge|p1a: Yveltal","|-supereffective|p1a: Yveltal","|-damage|p1a: Yveltal|46/304","|move|p1a: Yveltal|Hurricane|p2a: Zygarde","|-damage|p2a: Zygarde|174/289","|-start|p2a: Zygarde|confusion","|","|-heal|p1a: Yveltal|65/304|[from] item: Leftovers","|turn|11","|","|switch|p1a: Simipour|Simipour, L83, F|260/260","|-activate|p2a: Zygarde|confusion","|move|p2a: Zygarde|Stone Edge|p1a: Simipour|[miss]","|-miss|p2a: Zygarde|p1a: Simipour","|","|turn|12","|","|move|p1a: Simipour|Hydro Pump|p2a: Zygarde","|-damage|p2a: Zygarde|50/289","|-end|p2a: Zygarde|confusion","|move|p2a: Zygarde|Stone Edge|p1a: Simipour","|-crit|p1a: Simipour","|-damage|p1a: Simipour|75/260","|","|-heal|p1a: Simipour|91/260|[from] item: Leftovers","|turn|13","|","|move|p1a: Simipour|Hydro Pump|p2a: Zygarde","|-damage|p2a: Zygarde|0 fnt","|faint|p2a: Zygarde","|","|-heal|p1a: Simipour|107/260|[from] item: Leftovers","|","|switch|p2a: Electrode|Electrode, L83|235/235","|turn|14","|","|switch|p1a: Kecleon|Kecleon, L81, M|230/230","|move|p2a: Electrode|Volt Switch|p1a: Kecleon","|-damage|p1a: Kecleon|164/230","|-damage|p2a: Electrode|212/235|[from] item: Life Orb","|","|switch|p2a: Sylveon|Sylveon, L75, M|266/266","|","|-heal|p1a: Kecleon|178/230|[from] item: Leftovers","|turn|15","|","|move|p2a: Sylveon|Protect|p2a: Sylveon","|-singleturn|p2a: Sylveon|Protect","|move|p1a: Kecleon|Drain Punch|p2a: Sylveon","|-start|p1a: Kecleon|typechange|Fighting|[from] Protean","|-activate|p2a: Sylveon|Protect","|","|-heal|p1a: Kecleon|192/230|[from] item: Leftovers","|turn|16","|","|move|p2a: Sylveon|Hyper Voice|p1a: Kecleon","|-supereffective|p1a: Kecleon","|-damage|p1a: Kecleon|24/230","|move|p1a: Kecleon|Drain Punch|p2a: Sylveon","|-resisted|p2a: Sylveon","|-damage|p2a: Sylveon|215/266","|-heal|p1a: Kecleon|50/230|[from] drain|[of] p2a: Sylveon","|","|-heal|p2a: Sylveon|231/266|[from] item: Leftovers","|-heal|p1a: Kecleon|64/230|[from] item: Leftovers","|turn|17","|","|move|p2a: Sylveon|Hyper Voice|p1a: Kecleon","|-supereffective|p1a: Kecleon","|-damage|p1a: Kecleon|0 fnt","|faint|p1a: Kecleon","|","|-heal|p2a: Sylveon|247/266|[from] item: Leftovers","|","|switch|p1a: Yveltal|Yveltal, L73|65/304","|-ability|p1a: Yveltal|Dark Aura","|turn|18","|","|move|p2a: Sylveon|Protect|p2a: Sylveon","|-singleturn|p2a: Sylveon|Protect","|move|p1a: Yveltal|Hurricane|p2a: Sylveon","|-activate|p2a: Sylveon|Protect","|","|-heal|p1a: Yveltal|84/304|[from] item: Leftovers","|-heal|p2a: Sylveon|263/266|[from] item: Leftovers","|turn|19","|","|move|p1a: Yveltal|Hurricane|p2a: Sylveon|[miss]","|-miss|p1a: Yveltal|p2a: Sylveon","|move|p2a: Sylveon|Hyper Voice|p1a: Yveltal","|-supereffective|p1a: Yveltal","|-damage|p1a: Yveltal|0 fnt","|faint|p1a: Yveltal","|","|-heal|p2a: Sylveon|266/266|[from] item: Leftovers","|","|switch|p1a: Simipour|Simipour, L83, F|107/260","|turn|20","|","|move|p1a: Simipour|Substitute|p1a: Simipour","|-start|p1a: Simipour|Substitute","|-damage|p1a: Simipour|42/260","|move|p2a: Sylveon|Hyper Voice|p1a: Simipour","|-damage|p1a: Simipour|0 fnt","|faint|p1a: Simipour","|","|","|switch|p1a: Wormadam|Wormadam, L83, F|87/235","|turn|21","|","|move|p1a: Wormadam|Protect|p1a: Wormadam","|-singleturn|p1a: Wormadam|Protect","|move|p2a: Sylveon|Hyper Voice|p1a: Wormadam","|-activate|p1a: Wormadam|Protect","|","|-heal|p1a: Wormadam|101/235|[from] item: Leftovers","|turn|22","|","|move|p1a: Wormadam|Protect|p1a: Wormadam","|-fail|p1a: Wormadam","|move|p2a: Sylveon|Hyper Voice|p1a: Wormadam","|-damage|p1a: Wormadam|5/235","|","|-heal|p1a: Wormadam|19/235|[from] item: Leftovers","|turn|23","|","|move|p2a: Sylveon|Hyper Voice|p1a: Wormadam","|-damage|p1a: Wormadam|0 fnt","|faint|p1a: Wormadam","|","|win|Xerosere"],"p1rating":{"entryid":"802543","serverid":"eos","formatid":"randombattle","userid":"facundocorrea","username":"facundocorrea","w":"0","l":3,"t":"0","gxe":36.4,"r":"1500","rd":"130","sigma":"0","rptime":"1441270800","rpr":1389.8276886407,"rprd":111.61518698989,"rpsigma":"0","acre":1000,"lacre":1000,"oldacre":"1000"},"p2rating":{"entryid":803294,"formatid":"randombattle","userid":"xerosere","username":"Xerosere","r":1500,"rd":130,"sigma":0,"rpr":1540.1606143388,"rprd":122.8583080769,"rpsigma":0,"rptime":1441270800,"w":1,"l":0,"t":0,"gxe":55,"acre":1040,"lacre":1040,"oldacre":1000},"endType":"normal"}