{"seed":[56735,15301,34416,4378],"turns":21,"p1":"HH Hiryu","p2":"LexiLynn","p1team":[{"name":"Druddigon","moves":["substitute","outrage","gunkshot","firepunch"],"ability":"Sheer Force","evs":{"hp":85,"atk":85,"def":85,"spa":85,"spd":85,"spe":85},"ivs":{"hp":31,"atk":31,"def":31,"spa":31,"spd":31,"spe":31},"item":"Life Orb","level":79,"shiny":false},{"name":"Farfetch'd","moves":["return","nightslash","swordsdance","bravebird"],"ability":"Defiant","evs":{"hp":85,"atk":85,"def":85,"spa":85,"spd":85,"spe":85},"ivs":{"hp":31,"atk":31,"def":31,"spa":31,"spd":31,"spe":31},"item":"Stick","level":83,"shiny":false},{"name":"Granbull","moves":["playrough","crunch","thunderwave","earthquake"],"ability":"Intimidate","evs":{"hp":85,"atk":85,"def":85,"spa":85,"spd":85,"spe":85},"ivs":{"hp":31,"atk":31,"def":31,"spa":31,"spd":31,"spe":31},"item":"Life Orb","level":81,"shiny":false},{"name":"Politoed","moves":["rest","toxic","protect","scald"],"ability":"Drizzle","evs":{"hp":85,"atk":85,"def":85,"spa":85,"spd":85,"spe":85},"ivs":{"hp":31,"atk":31,"def":31,"spa":31,"spd":31,"spe":31},"item":"Chesto Berry","level":79,"shiny":false},{"name":"Dewgong","moves":["surf","icebeam","encore","toxic"],"ability":"Thick Fat","evs":{"hp":85,"atk":85,"def":85,"spa":85,"spd":85,"spe":85},"ivs":{"hp":31,"atk":31,"def":31,"spa":31,"spd":31,"spe":31},"item":"Leftovers","level":83,"shiny":false},{"name":"Hydreigon","moves":["dracometeor","earthpower","flashcannon","superpower"],"ability":"Levitate","evs":{"hp":85,"atk":85,"def":85,"spa":85,"spd":85,"spe":85},"ivs":{"hp":31,"atk":31,"def":31,"spa":31,"spd":31,"spe":31},"item":"Expert Belt","level":77,"shiny":false}],"p2team":[{"name":"Rotom-Frost","moves":["willowisp","substitute","thunderbolt","blizzard"],"ability":"Levitate","evs":{"hp":85,"atk":85,"def":85,"spa":85,"spd":85,"spe":85},"ivs":{"hp":31,"atk":31,"def":31,"spa":31,"spd":31,"spe":31},"item":"Leftovers","level":83,"shiny":false},{"name":"Hitmontop","moves":["rapidspin","toxic","suckerpunch","machpunch"],"ability":"Technician","evs":{"hp":85,"atk":85,"def":85,"spa":85,"spd":85,"spe":85},"ivs":{"hp":31,"atk":31,"def":31,"spa":31,"spd":31,"spe":31},"item":"Life Orb","level":79,"shiny":false},{"name":"Tangrowth","moves":["synthesis","hiddenpowerfire","leechseed","leafstorm"],"ability":"Regenerator","evs":{"hp":85,"atk":85,"def":85,"spa":85,"spd":85,"spe":85},"ivs":{"hp":31,"atk":30,"def":31,"spa":30,"spd":31,"spe":30},"item":"Leftovers","level":79,"shiny":false},{"name":"Glalie","moves":["taunt","earthquake","return","crunch"],"ability":"Ice Body","evs":{"hp":81,"atk":89,"def":85,"spa":85,"spd":85,"spe":85},"ivs":{"hp":31,"atk":31,"def":31,"spa":31,"spd":31,"spe":31},"item":"Glalitite","level":79,"shiny":false},{"name":"Giratina","moves":["willowisp","shadowball","sleeptalk","rest"],"ability":"Pressure","evs":{"hp":85,"atk":85,"def":85,"spa":85,"spd":85,"spe":85},"ivs":{"hp":31,"atk":31,"def":31,"spa":31,"spd":31,"spe":31},"item":"Leftovers","level":73,"shiny":false},{"name":"Alakazam","moves":["hiddenpowerice","psyshock","shadowball","focusblast"],"ability":"Magic Guard","evs":{"hp":85,"atk":85,"def":85,"spa":85,"spd":85,"spe":85},"ivs":{"hp":31,"atk":30,"def":30,"spa":31,"spd":31,"spe":31},"item":"Life Orb","level":75,"shiny":false}],"log":["|player|p1|HH Hiryu|hhhiryu.png","|player|p2|LexiLynn|lexilynn.gif","|gametype|singles","|gen|6","|tier|Random Battle","|rated","|rule|Sleep Clause Mod: Limit one foe put to sleep","|rule|HP Percentage Mod: HP is shown in percentages","|","|start","|switch|p1a: Druddigon|Druddigon, L79, F|251/251","|switch|p2a: Rotom-Frost|Rotom-Frost, L83|219/219","|turn|1","|","|switch|p2a: Tangrowth|Tangrowth, L79, M|288/288","|move|p1a: Druddigon|Fire Punch|p2a: Tangrowth","|-supereffective|p2a: Tangrowth","|-damage|p2a: Tangrowth|140/288","|","|-heal|p2a: Tangrowth|158/288|[from] item: Leftovers","|turn|2","|","|move|p2a: Tangrowth|Leech Seed|p1a: Druddigon","|-start|p1a: Druddigon|move: Leech Seed","|move|p1a: Druddigon|Gunk Shot|p2a: Tangrowth","|-supereffective|p2a: Tangrowth","|-damage|p2a: Tangrowth|0 fnt","|faint|p2a: Tangrowth","|","|","|switch|p2a: Hitmontop|Hitmontop, L79, M|209/209","|turn|3","|","|switch|p1a: Granbull|Granbull, L81, M|278/278","|-ability|p1a: Granbull|Intimidate","|-unboost|p2a: Hitmontop|atk|1","|move|p2a: Hitmontop|Mach Punch|p1a: Granbull","|-resisted|p1a: Granbull","|-damage|p1a: Granbull|251/278","|-damage|p2a: Hitmontop|189/209|[from] item: Life Orb","|","|turn|4","|","|move|p2a: Hitmontop|Sucker Punch|p1a: Granbull","|-fail|p2a: Hitmontop","|move|p1a: Granbull|Thunder Wave|p2a: Hitmontop","|-status|p2a: Hitmontop|par","|","|turn|5","|","|switch|p2a: Alakazam|Alakazam, L75, F|206/206","|move|p1a: Granbull|Play Rough|p2a: Alakazam","|-damage|p2a: Alakazam|0 fnt","|-damage|p1a: Granbull|224/278|[from] item: Life Orb","|faint|p2a: Alakazam","|","|","|switch|p2a: Giratina|Giratina, L73|339/339","|-ability|p2a: Giratina|Pressure","|turn|6","|","|move|p2a: Giratina|Shadow Ball|p1a: Granbull","|-damage|p1a: Granbull|131/278","|move|p1a: Granbull|Thunder Wave|p2a: Giratina","|-status|p2a: Giratina|par","|","|turn|7","|","|move|p1a: Granbull|Play Rough|p2a: Giratina","|-supereffective|p2a: Giratina","|-damage|p2a: Giratina|97/339 par","|-damage|p1a: Granbull|104/278|[from] item: Life Orb","|cant|p2a: Giratina|par","|","|-heal|p2a: Giratina|118/339 par|[from] item: Leftovers","|turn|8","|","|move|p1a: Granbull|Crunch|p2a: Giratina","|-supereffective|p2a: Giratina","|-damage|p2a: Giratina|0 fnt","|-damage|p1a: Granbull|77/278|[from] item: Life Orb","|faint|p2a: Giratina","|","|","|switch|p2a: Glalie|Glalie, L79, F|255/255","|turn|9","|","|switch|p1a: Politoed|Politoed, L79, F|272/272","|-weather|RainDance","|detailschange|p2a: Glalie|Glalie-Mega, L79, F","|-mega|p2a: Glalie|Glalie|Glalitite","|move|p2a: Glalie|Earthquake|p1a: Politoed","|-damage|p1a: Politoed|184/272","|","|-weather|RainDance|[upkeep]","|turn|10","|","|move|p2a: Glalie|Return|p1a: Politoed","|-resisted|p1a: Politoed","|-damage|p1a: Politoed|101/272","|move|p1a: Politoed|Scald|p2a: Glalie","|-damage|p2a: Glalie|126/255","|","|-weather|RainDance|[upkeep]","|turn|11","|","|move|p2a: Glalie|Crunch|p1a: Politoed","|-damage|p1a: Politoed|32/272","|move|p1a: Politoed|Scald|p2a: Glalie","|-damage|p2a: Glalie|5/255","|","|-weather|RainDance|[upkeep]","|turn|12","|","|switch|p1a: Dewgong|Dewgong, L83, F|285/285","|move|p2a: Glalie|Earthquake|p1a: Dewgong","|-damage|p1a: Dewgong|197/285","|","|-weather|RainDance|[upkeep]","|-heal|p1a: Dewgong|214/285|[from] item: Leftovers","|turn|13","|","|move|p2a: Glalie|Return|p1a: Dewgong","|-resisted|p1a: Dewgong","|-damage|p1a: Dewgong|195/285","|move|p1a: Dewgong|Surf|p2a: Glalie","|-damage|p2a: Glalie|0 fnt","|faint|p2a: Glalie","|","|-weather|none","|-heal|p1a: Dewgong|212/285|[from] item: Leftovers","|","|switch|p2a: Rotom-Frost|Rotom-Frost, L83|219/219","|turn|14","|","|move|p2a: Rotom-Frost|Thunderbolt|p1a: Dewgong","|-supereffective|p1a: Dewgong","|-damage|p1a: Dewgong|12/285","|move|p1a: Dewgong|Surf|p2a: Rotom-Frost","|-crit|p2a: Rotom-Frost","|-damage|p2a: Rotom-Frost|126/219","|","|-heal|p2a: Rotom-Frost|139/219|[from] item: Leftovers","|-heal|p1a: Dewgong|29/285|[from] item: Leftovers","|turn|15","|","|move|p2a: Rotom-Frost|Thunderbolt|p1a: Dewgong","|-supereffective|p1a: Dewgong","|-damage|p1a: Dewgong|0 fnt","|faint|p1a: Dewgong","|","|-heal|p2a: Rotom-Frost|152/219|[from] item: Leftovers","|","|switch|p1a: Hydreigon|Hydreigon, L77, F|268/268","|turn|16","|","|switch|p2a: Hitmontop|Hitmontop, L79, M|189/209 par","|move|p1a: Hydreigon|Draco Meteor|p2a: Hitmontop","|-damage|p2a: Hitmontop|72/209 par","|-unboost|p1a: Hydreigon|spa|2","|","|turn|17","|","|switch|p1a: Farfetch'd|Farfetch'd, L83, M|222/222","|move|p2a: Hitmontop|Mach Punch|p1a: Farfetch'd","|-damage|p1a: Farfetch'd|115/222","|-damage|p2a: Hitmontop|52/209 par|[from] item: Life Orb","|","|turn|18","|","|move|p1a: Farfetch'd|Brave Bird|p2a: Hitmontop","|-crit|p2a: Hitmontop","|-supereffective|p2a: Hitmontop","|-damage|p2a: Hitmontop|0 fnt","|-damage|p1a: Farfetch'd|98/222|[from] recoil|[of] p2a: Hitmontop","|faint|p2a: Hitmontop","|","|","|switch|p2a: Rotom-Frost|Rotom-Frost, L83|152/219","|turn|19","|","|move|p2a: Rotom-Frost|Thunderbolt|p1a: Farfetch'd","|-supereffective|p1a: Farfetch'd","|-damage|p1a: Farfetch'd|0 fnt","|faint|p1a: Farfetch'd","|","|-heal|p2a: Rotom-Frost|165/219|[from] item: Leftovers","|","|switch|p1a: Hydreigon|Hydreigon, L77, F|268/268","|turn|20","|","|move|p1a: Hydreigon|Draco Meteor|p2a: Rotom-Frost","|-damage|p2a: Rotom-Frost|51/219","|-unboost|p1a: Hydreigon|spa|2","|move|p2a: Rotom-Frost|Blizzard|p1a: Hydreigon","|-supereffective|p1a: Hydreigon","|-damage|p1a: Hydreigon|16/268","|","|-heal|p2a: Rotom-Frost|64/219|[from] item: Leftovers","|turn|21","|","|move|p1a: Hydreigon|Superpower|p2a: Rotom-Frost","|-supereffective|p2a: Rotom-Frost","|-damage|p2a: Rotom-Frost|0 fnt","|-unboost|p1a: Hydreigon|atk|1","|-unboost|p1a: Hydreigon|def|1","|faint|p2a: Rotom-Frost","|","|win|HH Hiryu"],"p1rating":{"entryid":"823076","serverid":"eos","formatid":"randombattle","userid":"hhhiryu","username":"HH Hiryu","w":2,"l":"0","t":"0","gxe":58.9,"r":"1500","rd":"130","sigma":"0","rptime":"1441270800","rpr":1571.275160203,"rprd":116.12483104468,"rpsigma":"0","acre":1072.0844480579,"lacre":1072.0844480579,"oldacre":"1040"},"p2rating":{"entryid":"558092","serverid":"eos","formatid":"randombattle","userid":"lexilynn","username":"Lexi_Lynn","w":"11","l":12,"t":"0","gxe":48.2,"r":"1510.5535788526","rd":"69.472248206971","sigma":"0","rptime":"1441270800","rpr":1485.8373299598,"rprd":67.215405688733,"rpsigma":"0","acre":1008.0799273653,"lacre":1008.0799273653,"oldacre":"1020.4048110616"},"endType":"normal"}