{"seed":[9090,46732,2290,46232],"turns":22,"p1":"Galaxy Emilice","p2":"V Pr0digy_Matt","p1team":[{"name":"Gliscor","species":"Gliscor","item":"toxicorb","ability":"Poison Heal","moves":["earthquake","icefang","firefang","xscissor"],"nature":"","evs":{"hp":0,"atk":16,"def":240,"spa":0,"spd":0,"spe":252},"ivs":{"hp":31,"atk":31,"def":31,"spa":31,"spd":31,"spe":31}},{"name":"Charizard","species":"Charizard","item":"berryjuice","ability":"Blaze","moves":["dragondance","airslash","dragonpulse","flamethrower"],"nature":"","evs":{"hp":0,"atk":100,"def":0,"spa":156,"spd":0,"spe":252},"ivs":{"hp":31,"atk":31,"def":31,"spa":31,"spd":31,"spe":31}},{"name":"Gengar","species":"Gengar","item":"leftovers","ability":"Levitate","moves":["energyball","dazzlinggleam","drainpunch","foulplay"],"nature":"","evs":{"hp":0,"atk":4,"def":0,"spa":252,"spd":0,"spe":252},"ivs":{"hp":31,"atk":31,"def":31,"spa":31,"spd":31,"spe":31}},{"name":"Hawlucha","species":"Hawlucha","item":"leftovers","ability":"Limber","moves":["drainpunch","firepunch","poisonjab","aerialace"],"nature":"","evs":{"hp":0,"atk":188,"def":0,"spa":68,"spd":0,"spe":252},"ivs":{"hp":31,"atk":31,"def":31,"spa":31,"spd":31,"spe":31}},{"name":"Altaria","species":"Altaria","item":"altarianite","ability":"Natural Cure","moves":["dragondance","dragonpulse","earthquake","cottonguard"],"nature":"","evs":{"hp":0,"atk":144,"def":0,"spa":112,"spd":0,"spe":252},"ivs":{"hp":31,"atk":31,"def":31,"spa":31,"spd":31,"spe":31}},{"name":"Espeon","species":"Espeon","item":"leftovers","ability":"Synchronize","moves":["calmmind","psychic","lightscreen","morningsun"],"nature":"","evs":{"hp":4,"atk":0,"def":0,"spa":252,"spd":0,"spe":252},"ivs":{"hp":31,"atk":31,"def":31,"spa":31,"spd":31,"spe":31}}],"p2team":[{"name":"Gyarados","species":"Gyarados","item":"gyaradosite","ability":"Intimidate","moves":["dragondance","waterfall","crunch","earthquake"],"nature":"Adamant","evs":{"hp":8,"atk":252,"def":0,"spa":0,"spd":0,"spe":248},"ivs":{"hp":31,"atk":31,"def":31,"spa":31,"spd":31,"spe":31}},{"name":"Heatran","species":"Heatran","item":"leftovers","ability":"Flash Fire","moves":["lavaplume","flashcannon","stealthrock","willowisp"],"nature":"Calm","evs":{"hp":252,"atk":0,"def":0,"spa":4,"spd":252,"spe":0},"ivs":{"hp":31,"atk":0,"def":31,"spa":31,"spd":31,"spe":31}},{"name":"Keldeo-Resolute","species":"Keldeo-Resolute","item":"choicespecs","ability":"Justified","moves":["secretsword","scald","hydropump","icywind"],"nature":"Timid","evs":{"hp":0,"atk":0,"def":0,"spa":252,"spd":4,"spe":252},"ivs":{"hp":31,"atk":31,"def":31,"spa":31,"spd":31,"spe":31}},{"name":"Raikou","species":"Raikou","item":"choicespecs","ability":"Pressure","moves":["thunderbolt","shadowball","hiddenpowerice","voltswitch"],"nature":"Timid","evs":{"hp":0,"atk":0,"def":0,"spa":252,"spd":4,"spe":252},"ivs":{"hp":31,"atk":0,"def":30,"spa":31,"spd":31,"spe":31}},{"name":"Scizor","species":"Scizor","item":"lifeorb","ability":"Technician","moves":["bulletpunch","roost","defog","uturn"],"nature":"Adamant","evs":{"hp":156,"atk":252,"def":0,"spa":0,"spd":0,"spe":100},"ivs":{"hp":31,"atk":31,"def":31,"spa":31,"spd":31,"spe":31}},{"name":"Excadrill","species":"Excadrill","item":"choicescarf","ability":"Mold Breaker","moves":["earthquake","rockslide","ironhead","poisonjab"],"nature":"Jolly","evs":{"hp":0,"atk":252,"def":0,"spa":0,"spd":4,"spe":252},"ivs":{"hp":31,"atk":31,"def":31,"spa":31,"spd":31,"spe":31}}],"log":["|player|p1|Galaxy Emilice|99","|player|p2|V Pr0digy_Matt|40","|gametype|singles","|gen|6","|tier|OU","|rated","|clearpoke","|poke|p1|Gliscor, F","|poke|p1|Charizard, F","|poke|p1|Gengar, F","|poke|p1|Hawlucha, F","|poke|p1|Altaria, F","|poke|p1|Espeon, F","|poke|p2|Gyarados, M","|poke|p2|Heatran, M","|poke|p2|Keldeo-Resolute","|poke|p2|Raikou","|poke|p2|Scizor, M","|poke|p2|Excadrill, F","|rule|Swagger Clause: Swagger is banned","|rule|Baton Pass Clause: Limit one Baton Passer, can't pass Spe and other stats simultaneously","|rule|Sleep Clause Mod: Limit one foe put to sleep","|rule|Species Clause: Limit one of each Pokémon","|rule|OHKO Clause: OHKO moves are banned","|rule|Moody Clause: Moody is banned","|rule|Evasion Moves Clause: Evasion moves are banned","|rule|Endless Battle Clause: Forcing endless battles is banned","|rule|HP Percentage Mod: HP is shown in percentages","|teampreview","|","|start","|switch|p1a: Espeon|Espeon, F|272/272","|switch|p2a: Heatran|Heatran, M|386/386","|turn|1","|","|move|p1a: Espeon|Light Screen|p1a: Espeon","|-sidestart|p1: Galaxy Emilice|move: Light Screen","|move|p2a: Heatran|Lava Plume|p1a: Espeon","|-damage|p1a: Espeon|213/272","|","|-heal|p1a: Espeon|230/272|[from] item: Leftovers","|turn|2","|","|move|p1a: Espeon|Calm Mind|p1a: Espeon","|-boost|p1a: Espeon|spa|1","|-boost|p1a: Espeon|spd|1","|move|p2a: Heatran|Lava Plume|p1a: Espeon","|-damage|p1a: Espeon|188/272","|-status|p1a: Espeon|brn","|","|-heal|p1a: Espeon|205/272 brn|[from] item: Leftovers","|-damage|p1a: Espeon|171/272 brn|[from] brn","|turn|3","|","|move|p1a: Espeon|Psychic|p2a: Heatran","|-resisted|p2a: Heatran","|-damage|p2a: Heatran|305/386","|move|p2a: Heatran|Lava Plume|p1a: Espeon","|-damage|p1a: Espeon|132/272 brn","|","|-heal|p1a: Espeon|149/272 brn|[from] item: Leftovers","|-heal|p2a: Heatran|329/386|[from] item: Leftovers","|-damage|p1a: Espeon|115/272 brn|[from] brn","|turn|4","|","|switch|p1a: Altaria|Altaria, F|291/291","|switch|p2a: Scizor|Scizor, M|320/320","|","|turn|5","|","|switch|p1a: Gengar|Gengar, F|261/261","|move|p2a: Scizor|U-turn|p1a: Gengar","|-resisted|p1a: Gengar","|-damage|p1a: Gengar|190/261","|-damage|p2a: Scizor|288/320|[from] item: Life Orb","|","|switch|p2a: Excadrill|Excadrill, F|361/361","|-ability|p2a: Excadrill|Mold Breaker","|","|-heal|p1a: Gengar|206/261|[from] item: Leftovers","|-sideend|p1: Galaxy Emilice|move: Light Screen","|turn|6","|","|switch|p2a: Keldeo-Resolute|Keldeo-Resolute|323/323","|move|p1a: Gengar|Drain Punch|p2a: Keldeo-Resolute","|-damage|p2a: Keldeo-Resolute|274/323","|-heal|p1a: Gengar|231/261|[from] drain|[of] p2a: Keldeo-Resolute","|","|-heal|p1a: Gengar|247/261|[from] item: Leftovers","|turn|7","|","|move|p2a: Keldeo-Resolute|Scald|p1a: Gengar","|-damage|p1a: Gengar|0 fnt","|faint|p1a: Gengar","|","|","|switch|p1a: Hawlucha|Hawlucha, F|297/297","|turn|8","|","|switch|p2a: Heatran|Heatran, M|329/386","|move|p1a: Hawlucha|Aerial Ace|p2a: Heatran","|-resisted|p2a: Heatran","|-damage|p2a: Heatran|287/386","|","|-heal|p2a: Heatran|311/386|[from] item: Leftovers","|turn|9","|","|move|p1a: Hawlucha|Drain Punch|p2a: Heatran","|-supereffective|p2a: Heatran","|-damage|p2a: Heatran|129/386","|move|p2a: Heatran|Will-O-Wisp|p1a: Hawlucha","|-status|p1a: Hawlucha|brn","|","|-heal|p2a: Heatran|153/386|[from] item: Leftovers","|-damage|p1a: Hawlucha|260/297 brn|[from] brn","|turn|10","|","|move|p1a: Hawlucha|Drain Punch|p2a: Heatran","|-supereffective|p2a: Heatran","|-damage|p2a: Heatran|56/386","|-heal|p1a: Hawlucha|297/297 brn|[from] drain|[of] p2a: Heatran","|move|p2a: Heatran|Stealth Rock|p1a: Hawlucha","|-sidestart|p1: Galaxy Emilice|move: Stealth Rock","|","|-heal|p2a: Heatran|80/386|[from] item: Leftovers","|-damage|p1a: Hawlucha|260/297 brn|[from] brn","|turn|11","|","|move|p1a: Hawlucha|Drain Punch|p2a: Heatran","|-crit|p2a: Heatran","|-supereffective|p2a: Heatran","|-damage|p2a: Heatran|0 fnt","|-heal|p1a: Hawlucha|297/297 brn|[from] drain|[of] p2a: Heatran","|faint|p2a: Heatran","|","|-damage|p1a: Hawlucha|260/297 brn|[from] brn","|","|switch|p2a: Gyarados|Gyarados, M|333/333","|-ability|p2a: Gyarados|Intimidate","|-unboost|p1a: Hawlucha|atk|1","|turn|12","|","|switch|p1a: Altaria|Altaria, F|291/291","|-damage|p1a: Altaria|219/291|[from] Stealth Rock","|move|p2a: Gyarados|Dragon Dance|p2a: Gyarados","|-boost|p2a: Gyarados|atk|1","|-boost|p2a: Gyarados|spe|1","|","|turn|13","|","|detailschange|p1a: Altaria|Altaria-Mega, F","|-mega|p1a: Altaria|Altaria|Altarianite","|move|p2a: Gyarados|Waterfall|p1a: Altaria","|-resisted|p1a: Altaria","|-damage|p1a: Altaria|120/291","|move|p1a: Altaria|Dragon Dance|p1a: Altaria","|-boost|p1a: Altaria|atk|1","|-boost|p1a: Altaria|spe|1","|","|turn|14","|","|switch|p2a: Scizor|Scizor, M|288/320","|move|p1a: Altaria|Dragon Pulse|p2a: Scizor","|-resisted|p2a: Scizor","|-damage|p2a: Scizor|213/320","|","|turn|15","|","|move|p1a: Altaria|Cotton Guard|p1a: Altaria","|-boost|p1a: Altaria|def|3","|move|p2a: Scizor|U-turn|p1a: Altaria","|-resisted|p1a: Altaria","|-damage|p1a: Altaria|89/291","|-damage|p2a: Scizor|181/320|[from] item: Life Orb","|","|switch|p2a: Excadrill|Excadrill, F|361/361","|-ability|p2a: Excadrill|Mold Breaker","|","|turn|16","|","|move|p2a: Excadrill|Iron Head|p1a: Altaria","|-supereffective|p1a: Altaria","|-damage|p1a: Altaria|0 fnt","|faint|p1a: Altaria","|","|","|switch|p1a: Hawlucha|Hawlucha, F|260/297 brn","|-damage|p1a: Hawlucha|223/297 brn|[from] Stealth Rock","|turn|17","|","|move|p2a: Excadrill|Iron Head|p1a: Hawlucha","|-damage|p1a: Hawlucha|24/297 brn","|move|p1a: Hawlucha|Drain Punch|p2a: Excadrill","|-supereffective|p2a: Excadrill","|-damage|p2a: Excadrill|222/361","|-heal|p1a: Hawlucha|94/297 brn|[from] drain|[of] p2a: Excadrill","|","|-heal|p1a: Hawlucha|112/297 brn|[from] item: Leftovers","|-damage|p1a: Hawlucha|75/297 brn|[from] brn","|turn|18","|","|move|p2a: Excadrill|Iron Head|p1a: Hawlucha","|-damage|p1a: Hawlucha|0 fnt","|faint|p1a: Hawlucha","|","|","|switch|p1a: Gliscor|Gliscor, F|291/291","|-damage|p1a: Gliscor|255/291|[from] Stealth Rock","|turn|19","|","|move|p2a: Excadrill|Iron Head|p1a: Gliscor","|-damage|p1a: Gliscor|152/291","|cant|p1a: Gliscor|flinch","|","|-status|p1a: Gliscor|tox|[from] item: Toxic Orb","|turn|20","|","|move|p2a: Excadrill|Iron Head|p1a: Gliscor","|-damage|p1a: Gliscor|52/291 tox","|move|p1a: Gliscor|Earthquake|p2a: Excadrill","|-supereffective|p2a: Excadrill","|-damage|p2a: Excadrill|0 fnt","|faint|p2a: Excadrill","|","|-heal|p1a: Gliscor|88/291 tox|[from] ability: Poison Heal","|","|switch|p2a: Keldeo-Resolute|Keldeo-Resolute|274/323","|turn|21","|","|move|p2a: Keldeo-Resolute|Scald|p1a: Gliscor","|-supereffective|p1a: Gliscor","|-damage|p1a: Gliscor|0 fnt","|faint|p1a: Gliscor","|","|","|switch|p1a: Charizard|Charizard, F|297/297","|-damage|p1a: Charizard|149/297|[from] Stealth Rock","|turn|22","|","|win|V Pr0digy_Matt"],"p1rating":{"entryid":"666554","serverid":"eos","formatid":"ou","userid":"galaxyemilice","username":"Galaxy Emilice","w":"2","l":9,"t":"0","gxe":32.8,"r":"1444.6283673521","rd":"99.172559068326","sigma":"0","rptime":"1441011600","rpr":1361.3099301362,"rprd":85.650398814158,"rpsigma":"0","acre":1000,"lacre":1000,"oldacre":"1000"},"p2rating":{"entryid":710373,"formatid":"ou","userid":"vpr0digymatt","username":"V Pr0digy_Matt","r":1500,"rd":130,"sigma":0,"rpr":1535.0369737481,"rprd":122.59324045064,"rpsigma":0,"rptime":1441011600,"w":1,"l":0,"t":0,"gxe":54.4,"acre":1040,"lacre":1040,"oldacre":1000},"endType":"forfeit"}