{"seed":[46564,22019,40666,48789],"turns":29,"p1":"PyoroLoli","p2":"Zanyjonjon","p1team":[{"name":"Gogoat","moves":["substitute","milkdrink","leechseed","hornleech"],"ability":"Sap Sipper","evs":{"hp":85,"atk":85,"def":85,"spa":85,"spd":85,"spe":85},"ivs":{"hp":31,"atk":31,"def":31,"spa":31,"spd":31,"spe":31},"item":"Leftovers","level":83,"shiny":false},{"name":"Deoxys","moves":["psychoboost","extremespeed","firepunch","superpower"],"ability":"Pressure","evs":{"hp":85,"atk":85,"def":85,"spa":85,"spd":85,"spe":85},"ivs":{"hp":31,"atk":31,"def":31,"spa":31,"spd":31,"spe":31},"item":"Life Orb","level":73,"shiny":false},{"name":"Linoone","moves":["seedbomb","shadowclaw","extremespeed","bellydrum"],"ability":"Quick Feet","evs":{"hp":81,"atk":89,"def":85,"spa":85,"spd":85,"spe":85},"ivs":{"hp":31,"atk":31,"def":31,"spa":31,"spd":31,"spe":31},"item":"Sitrus Berry","level":83,"shiny":false},{"name":"Sigilyph","moves":["cosmicpower","storedpower","roost","psychoshift"],"ability":"Magic Guard","evs":{"hp":85,"atk":85,"def":85,"spa":85,"spd":85,"spe":85},"ivs":{"hp":31,"atk":31,"def":31,"spa":31,"spd":31,"spe":31},"item":"Flame Orb","level":79,"shiny":false},{"name":"Sylveon","moves":["hypervoice","wish","batonpass","calmmind"],"ability":"Pixilate","evs":{"hp":85,"atk":85,"def":85,"spa":85,"spd":85,"spe":85},"ivs":{"hp":31,"atk":31,"def":31,"spa":31,"spd":31,"spe":31},"item":"Leftovers","level":75,"shiny":false},{"name":"Ferrothorn","moves":["thunderwave","leechseed","powerwhip","spikes"],"ability":"Iron Barbs","evs":{"hp":85,"atk":85,"def":85,"spa":85,"spd":85,"spe":85},"ivs":{"hp":31,"atk":31,"def":31,"spa":31,"spd":31,"spe":31},"item":"Rocky Helmet","level":75,"shiny":false}],"p2team":[{"name":"Weavile","moves":["iciclecrash","swordsdance","iceshard","lowkick"],"ability":"Pressure","evs":{"hp":85,"atk":85,"def":85,"spa":85,"spd":85,"spe":85},"ivs":{"hp":31,"atk":31,"def":31,"spa":31,"spd":31,"spe":31},"item":"Life Orb","level":75,"shiny":false},{"name":"Pyroar","moves":["fireblast","sunnyday","hypervoice","solarbeam"],"ability":"Unnerve","evs":{"hp":81,"atk":85,"def":85,"spa":89,"spd":85,"spe":85},"ivs":{"hp":31,"atk":31,"def":31,"spa":31,"spd":31,"spe":31},"item":"Heat Rock","level":81,"shiny":false},{"name":"Drapion","moves":["knockoff","aquatail","poisonjab","taunt"],"ability":"Battle Armor","evs":{"hp":85,"atk":85,"def":85,"spa":85,"spd":85,"spe":85},"ivs":{"hp":31,"atk":31,"def":31,"spa":31,"spd":31,"spe":31},"item":"Life Orb","level":79,"shiny":false},{"name":"Whimsicott","moves":["leechseed","taunt","stunspore","moonblast"],"ability":"Prankster","evs":{"hp":85,"atk":85,"def":85,"spa":85,"spd":85,"spe":85},"ivs":{"hp":31,"atk":31,"def":31,"spa":31,"spd":31,"spe":31},"item":"Leftovers","level":77,"shiny":false},{"name":"Avalugg","moves":["roar","rapidspin","avalanche","recover"],"ability":"Sturdy","evs":{"hp":85,"atk":85,"def":85,"spa":85,"spd":85,"spe":85},"ivs":{"hp":31,"atk":31,"def":31,"spa":31,"spd":31,"spe":31},"item":"Leftovers","level":83,"shiny":false},{"name":"Watchog","moves":["hypnosis","batonpass","substitute","return"],"ability":"Analytic","evs":{"hp":85,"atk":85,"def":85,"spa":85,"spd":85,"spe":85},"ivs":{"hp":31,"atk":31,"def":31,"spa":31,"spd":31,"spe":31},"item":"Leftovers","level":83,"shiny":false}],"log":["|player|p1|PyoroLoli|142","|player|p2|Zanyjonjon|290","|gametype|singles","|gen|6","|tier|Random Battle","|rated","|rule|Sleep Clause Mod: Limit one foe put to sleep","|rule|HP Percentage Mod: HP is shown in percentages","|","|start","|switch|p1a: Gogoat|Gogoat, L83, F|340/340","|switch|p2a: Weavile|Weavile, L75, M|229/229","|-ability|p2a: Weavile|Pressure","|turn|1","|","|switch|p1a: Ferrothorn|Ferrothorn, L75, M|235/235","|move|p2a: Weavile|Icicle Crash|p1a: Ferrothorn","|-damage|p1a: Ferrothorn|138/235","|-damage|p2a: Weavile|207/229|[from] item: Life Orb","|","|turn|2","|","|switch|p2a: Pyroar|Pyroar, L81, M|271/271","|-ability|p2a: Pyroar|Unnerve|p1: PyoroLoli","|move|p1a: Ferrothorn|Thunder Wave|p2a: Pyroar","|-status|p2a: Pyroar|par","|","|turn|3","|","|move|p1a: Ferrothorn|Spikes|p2a: Pyroar","|-sidestart|p2: Zanyjonjon|Spikes","|move|p2a: Pyroar|Fire Blast|p1a: Ferrothorn","|-supereffective|p1a: Ferrothorn","|-damage|p1a: Ferrothorn|0 fnt","|faint|p1a: Ferrothorn","|","|","|switch|p1a: Sylveon|Sylveon, L75, F|266/266","|turn|4","|","|move|p1a: Sylveon|Hyper Voice|p2a: Pyroar","|-resisted|p2a: Pyroar","|-damage|p2a: Pyroar|196/271 par","|move|p2a: Pyroar|Fire Blast|p1a: Sylveon|[miss]","|-miss|p2a: Pyroar|p1a: Sylveon","|","|turn|5","|","|move|p1a: Sylveon|Calm Mind|p1a: Sylveon","|-boost|p1a: Sylveon|spa|1","|-boost|p1a: Sylveon|spd|1","|cant|p2a: Pyroar|par","|","|turn|6","|","|move|p1a: Sylveon|Calm Mind|p1a: Sylveon","|-boost|p1a: Sylveon|spa|1","|-boost|p1a: Sylveon|spd|1","|move|p2a: Pyroar|Fire Blast|p1a: Sylveon","|-damage|p1a: Sylveon|212/266","|","|-heal|p1a: Sylveon|228/266|[from] item: Leftovers","|turn|7","|","|move|p1a: Sylveon|Calm Mind|p1a: Sylveon","|-boost|p1a: Sylveon|spa|1","|-boost|p1a: Sylveon|spd|1","|move|p2a: Pyroar|Hyper Voice|p1a: Sylveon","|-damage|p1a: Sylveon|195/266","|","|-heal|p1a: Sylveon|211/266|[from] item: Leftovers","|turn|8","|","|move|p1a: Sylveon|Calm Mind|p1a: Sylveon","|-boost|p1a: Sylveon|spa|1","|-boost|p1a: Sylveon|spd|1","|cant|p2a: Pyroar|par","|","|-heal|p1a: Sylveon|227/266|[from] item: Leftovers","|turn|9","|","|switch|p2a: Drapion|Drapion, L79, M|240/240","|-damage|p2a: Drapion|210/240|[from] Spikes","|move|p1a: Sylveon|Calm Mind|p1a: Sylveon","|-boost|p1a: Sylveon|spa|1","|-boost|p1a: Sylveon|spd|1","|","|-heal|p1a: Sylveon|243/266|[from] item: Leftovers","|turn|10","|","|move|p2a: Drapion|Poison Jab|p1a: Sylveon","|-crit|p1a: Sylveon","|-supereffective|p1a: Sylveon","|-damage|p1a: Sylveon|0 fnt","|-damage|p2a: Drapion|186/240|[from] item: Life Orb","|faint|p1a: Sylveon","|","|","|switch|p1a: Linoone|Linoone, L83, M|264/264","|turn|11","|","|move|p1a: Linoone|Extreme Speed|p2a: Drapion","|-damage|p2a: Drapion|131/240","|move|p2a: Drapion|Taunt|p1a: Linoone","|-start|p1a: Linoone|move: Taunt","|","|turn|12","|","|switch|p1a: Deoxys|Deoxys, L73|193/193","|-ability|p1a: Deoxys|Pressure","|move|p2a: Drapion|Poison Jab|p1a: Deoxys","|-damage|p1a: Deoxys|24/193","|-damage|p2a: Drapion|107/240|[from] item: Life Orb","|","|turn|13","|","|move|p1a: Deoxys|Extreme Speed|p2a: Drapion","|-damage|p2a: Drapion|33/240","|-damage|p1a: Deoxys|5/193|[from] item: Life Orb","|move|p2a: Drapion|Aqua Tail|p1a: Deoxys","|-damage|p1a: Deoxys|0 fnt","|-damage|p2a: Drapion|9/240|[from] item: Life Orb","|faint|p1a: Deoxys","|","|","|switch|p1a: Linoone|Linoone, L83, M|264/264","|turn|14","|","|move|p1a: Linoone|Belly Drum|p1a: Linoone","|-damage|p1a: Linoone|132/264","|-setboost|p1a: Linoone|atk|6|[from] move: Belly Drum","|-enditem|p1a: Linoone|Sitrus Berry|[eat]","|-heal|p1a: Linoone|198/264|[from] item: Sitrus Berry","|move|p2a: Drapion|Poison Jab|p1a: Linoone","|-damage|p1a: Linoone|84/264","|-damage|p2a: Drapion|0 fnt|[from] item: Life Orb","|faint|p2a: Drapion","|","|","|switch|p2a: Watchog|Watchog, L83, M|235/235","|-damage|p2a: Watchog|206/235|[from] Spikes","|turn|15","|","|move|p1a: Linoone|Extreme Speed|p2a: Watchog","|-damage|p2a: Watchog|0 fnt","|faint|p2a: Watchog","|","|","|switch|p2a: Whimsicott|Whimsicott, L77, M|219/219","|-damage|p2a: Whimsicott|192/219|[from] Spikes","|turn|16","|","|move|p1a: Linoone|Extreme Speed|p2a: Whimsicott","|-damage|p2a: Whimsicott|0 fnt","|faint|p2a: Whimsicott","|","|","|switch|p2a: Pyroar|Pyroar, L81, M|196/271 par","|-damage|p2a: Pyroar|163/271 par|[from] Spikes","|-ability|p2a: Pyroar|Unnerve|p1: PyoroLoli","|turn|17","|","|move|p1a: Linoone|Extreme Speed|p2a: Pyroar","|-damage|p2a: Pyroar|0 fnt","|faint|p2a: Pyroar","|","|","|switch|p2a: Avalugg|Avalugg, L83, F|293/293","|-damage|p2a: Avalugg|257/293|[from] Spikes","|turn|18","|","|move|p1a: Linoone|Extreme Speed|p2a: Avalugg","|-damage|p2a: Avalugg|106/293","|move|p2a: Avalugg|Roar|p1a: Linoone","|drag|p1a: Sigilyph|Sigilyph, L79, F|243/243","|","|-heal|p2a: Avalugg|124/293|[from] item: Leftovers","|-status|p1a: Sigilyph|brn|[from] item: Flame Orb","|turn|19","|","|move|p1a: Sigilyph|Psycho Shift|p2a: Avalugg","|-status|p2a: Avalugg|brn","|-curestatus|p1a: Sigilyph|brn","|move|p2a: Avalugg|Avalanche|p1a: Sigilyph","|-supereffective|p1a: Sigilyph","|-damage|p1a: Sigilyph|165/243","|","|-heal|p2a: Avalugg|142/293 brn|[from] item: Leftovers","|-damage|p2a: Avalugg|106/293 brn|[from] brn","|-status|p1a: Sigilyph|brn|[from] item: Flame Orb","|turn|20","|","|move|p1a: Sigilyph|Cosmic Power|p1a: Sigilyph","|-boost|p1a: Sigilyph|def|1","|-boost|p1a: Sigilyph|spd|1","|move|p2a: Avalugg|Recover|p2a: Avalugg","|-heal|p2a: Avalugg|253/293 brn","|","|-heal|p2a: Avalugg|271/293 brn|[from] item: Leftovers","|-damage|p2a: Avalugg|235/293 brn|[from] brn","|turn|21","|","|move|p1a: Sigilyph|Stored Power|p2a: Avalugg","|-damage|p2a: Avalugg|144/293 brn","|move|p2a: Avalugg|Rapid Spin|p1a: Sigilyph","|-damage|p1a: Sigilyph|158/243 brn","|-sideend|p2: Zanyjonjon|Spikes|[from] move: Rapid Spin|[of] p2a: Avalugg","|","|-heal|p2a: Avalugg|162/293 brn|[from] item: Leftovers","|-damage|p2a: Avalugg|126/293 brn|[from] brn","|turn|22","|","|move|p1a: Sigilyph|Stored Power|p2a: Avalugg","|-damage|p2a: Avalugg|24/293 brn","|move|p2a: Avalugg|Roar|p1a: Sigilyph","|drag|p1a: Gogoat|Gogoat, L83, F|340/340","|","|-heal|p2a: Avalugg|42/293 brn|[from] item: Leftovers","|-damage|p2a: Avalugg|6/293 brn|[from] brn","|turn|23","|","|move|p1a: Gogoat|Horn Leech|p2a: Avalugg","|-damage|p2a: Avalugg|0 fnt","|faint|p2a: Avalugg","|","|","|switch|p2a: Weavile|Weavile, L75, M|207/229","|-ability|p2a: Weavile|Pressure","|turn|24","|","|move|p2a: Weavile|Icicle Crash|p1a: Gogoat","|-supereffective|p1a: Gogoat","|-damage|p1a: Gogoat|28/340","|-damage|p2a: Weavile|185/229|[from] item: Life Orb","|cant|p1a: Gogoat|flinch","|","|-heal|p1a: Gogoat|49/340|[from] item: Leftovers","|turn|25","|","|move|p2a: Weavile|Swords Dance|p2a: Weavile","|-boost|p2a: Weavile|atk|2","|move|p1a: Gogoat|Milk Drink|p1a: Gogoat","|-heal|p1a: Gogoat|219/340","|","|-heal|p1a: Gogoat|240/340|[from] item: Leftovers","|turn|26","|","|move|p2a: Weavile|Ice Shard|p1a: Gogoat","|-supereffective|p1a: Gogoat","|-damage|p1a: Gogoat|0 fnt","|-damage|p2a: Weavile|163/229|[from] item: Life Orb","|faint|p1a: Gogoat","|","|","|switch|p1a: Sigilyph|Sigilyph, L79, F|158/243 brn","|turn|27","|","|move|p2a: Weavile|Low Kick|p1a: Sigilyph","|-resisted|p1a: Sigilyph","|-damage|p1a: Sigilyph|139/243 brn","|-damage|p2a: Weavile|141/229|[from] item: Life Orb","|move|p1a: Sigilyph|Psycho Shift|p2a: Weavile","|-status|p2a: Weavile|brn","|-curestatus|p1a: Sigilyph|brn","|","|-damage|p2a: Weavile|113/229 brn|[from] brn","|-status|p1a: Sigilyph|brn|[from] item: Flame Orb","|turn|28","|","|move|p2a: Weavile|Icicle Crash|p1a: Sigilyph","|-supereffective|p1a: Sigilyph","|-damage|p1a: Sigilyph|0 fnt","|-damage|p2a: Weavile|91/229 brn|[from] item: Life Orb","|faint|p1a: Sigilyph","|","|-damage|p2a: Weavile|63/229 brn|[from] brn","|","|switch|p1a: Linoone|Linoone, L83, M|84/264","|turn|29","|","|move|p1a: Linoone|Extreme Speed|p2a: Weavile","|-damage|p2a: Weavile|0 fnt","|faint|p2a: Weavile","|","|win|PyoroLoli"],"p1rating":{"entryid":745651,"formatid":"randombattle","userid":"pyorololi","username":"PyoroLoli","r":1500,"rd":130,"sigma":0,"rpr":1540.1606143388,"rprd":122.8583080769,"rpsigma":0,"rptime":1441098000,"w":1,"l":0,"t":0,"gxe":55,"acre":1040,"lacre":1040,"oldacre":1000},"p2rating":{"entryid":745652,"formatid":"randombattle","userid":"zanyjonjon","username":"Zanyjonjon","r":1500,"rd":130,"sigma":0,"rpr":1459.8393856612,"rprd":122.8583080769,"rpsigma":0,"rptime":1441098000,"w":0,"l":1,"t":0,"gxe":45,"acre":1000,"lacre":1000,"oldacre":1000},"endType":"normal"}