{"seed":[51198,19015,3498,26656],"turns":28,"p1":"Arrem","p2":"SL Wyvern","p1team":[{"name":"Smeargle","moves":["whirlwind","stickyweb","spikes","stealthrock"],"ability":"Technician","evs":{"hp":85,"atk":85,"def":85,"spa":85,"spd":85,"spe":85},"ivs":{"hp":31,"atk":31,"def":31,"spa":31,"spd":31,"spe":31},"item":"Focus Sash","level":77,"shiny":false},{"name":"Aggron","moves":["roar","heavyslam","stealthrock","icepunch"],"ability":"Sturdy","evs":{"hp":85,"atk":85,"def":85,"spa":85,"spd":85,"spe":85},"ivs":{"hp":31,"atk":31,"def":31,"spa":31,"spd":31,"spe":31},"item":"Aggronite","level":77,"shiny":false},{"name":"Maractus","moves":["gigadrain","suckerpunch","leechseed","spikes"],"ability":"Storm Drain","evs":{"hp":85,"atk":85,"def":85,"spa":85,"spd":85,"spe":85},"ivs":{"hp":31,"atk":31,"def":31,"spa":31,"spd":31,"spe":31},"item":"Leftovers","level":83,"shiny":false},{"name":"Typhlosion","moves":["focusblast","eruption","hiddenpowergrass","fireblast"],"ability":"Flash Fire","evs":{"hp":85,"atk":85,"def":85,"spa":85,"spd":85,"spe":85},"ivs":{"hp":31,"atk":30,"def":31,"spa":30,"spd":31,"spe":31},"item":"Choice Scarf","level":79,"shiny":false},{"name":"Mewtwo","moves":["recover","calmmind","icebeam","psystrike"],"ability":"Pressure","evs":{"hp":85,"atk":85,"def":85,"spa":85,"spd":85,"spe":85},"ivs":{"hp":31,"atk":31,"def":31,"spa":31,"spd":31,"spe":31},"item":"Leftovers","level":73,"shiny":false},{"name":"Exeggutor","moves":["psychic","sleeppowder","gigadrain","hiddenpowerfire"],"ability":"Harvest","evs":{"hp":85,"atk":85,"def":85,"spa":85,"spd":85,"spe":85},"ivs":{"hp":31,"atk":30,"def":31,"spa":30,"spd":31,"spe":30},"item":"Sitrus Berry","level":81,"shiny":false}],"p2team":[{"name":"Electrode","moves":["thunderbolt","voltswitch","hiddenpowergrass","taunt"],"ability":"Static","evs":{"hp":85,"atk":85,"def":85,"spa":85,"spd":85,"spe":85},"ivs":{"hp":31,"atk":30,"def":31,"spa":30,"spd":31,"spe":31},"item":"Life Orb","level":83,"shiny":false},{"name":"Drapion","moves":["swordsdance","poisonjab","aquatail","knockoff"],"ability":"Battle Armor","evs":{"hp":85,"atk":85,"def":85,"spa":85,"spd":85,"spe":85},"ivs":{"hp":31,"atk":31,"def":31,"spa":31,"spd":31,"spe":31},"item":"Life Orb","level":79,"shiny":false},{"name":"Sunflora","moves":["gigadrain","sunnyday","hiddenpowerfire","earthpower"],"ability":"Chlorophyll","evs":{"hp":85,"atk":85,"def":85,"spa":85,"spd":85,"spe":85},"ivs":{"hp":31,"atk":30,"def":31,"spa":30,"spd":31,"spe":30},"item":"Heat Rock","level":83,"shiny":false},{"name":"Whimsicott","moves":["moonblast","toxic","memento","leechseed"],"ability":"Prankster","evs":{"hp":85,"atk":85,"def":85,"spa":85,"spd":85,"spe":85},"ivs":{"hp":31,"atk":31,"def":31,"spa":31,"spd":31,"spe":31},"item":"Leftovers","level":77,"shiny":false},{"name":"Gorebyss","moves":["hiddenpowergrass","hydropump","icebeam","shellsmash"],"ability":"Hydration","evs":{"hp":85,"atk":85,"def":85,"spa":85,"spd":85,"spe":85},"ivs":{"hp":31,"atk":30,"def":31,"spa":30,"spd":31,"spe":31},"item":"White Herb","level":81,"shiny":false},{"name":"Mantine","moves":["defog","airslash","toxic","scald"],"ability":"Water Absorb","evs":{"hp":85,"atk":85,"def":85,"spa":85,"spd":85,"spe":85},"ivs":{"hp":31,"atk":31,"def":31,"spa":31,"spd":31,"spe":31},"item":"Leftovers","level":81,"shiny":false}],"log":["|player|p1|Arrem|161","|player|p2|SL Wyvern|269","|gametype|singles","|gen|6","|tier|Random Battle","|rated","|rule|Sleep Clause Mod: Limit one foe put to sleep","|rule|HP Percentage Mod: HP is shown in percentages","|","|start","|switch|p1a: Smeargle|Smeargle, L77, M|211/211","|switch|p2a: Electrode|Electrode, L83|235/235","|turn|1","|","|move|p2a: Electrode|Taunt|p1a: Smeargle","|-start|p1a: Smeargle|move: Taunt","|cant|p1a: Smeargle|move: Taunt|Sticky Web","|","|turn|2","|","|switch|p1a: Exeggutor|Exeggutor, L81, M|287/287","|move|p2a: Electrode|Volt Switch|p1a: Exeggutor","|-resisted|p1a: Exeggutor","|-damage|p1a: Exeggutor|234/287","|-damage|p2a: Electrode|212/235|[from] item: Life Orb","|","|switch|p2a: Drapion|Drapion, L79, F|240/240","|","|turn|3","|","|switch|p1a: Aggron|Aggron, L77, F|234/234","|move|p2a: Drapion|Knock Off|p1a: Aggron","|-damage|p1a: Aggron|183/234","|-damage|p2a: Drapion|216/240|[from] item: Life Orb","|","|turn|4","|","|detailschange|p1a: Aggron|Aggron-Mega, L77, F","|-mega|p1a: Aggron|Aggron|Aggronite","|move|p2a: Drapion|Aqua Tail|p1a: Aggron","|-damage|p1a: Aggron|151/234","|-damage|p2a: Drapion|192/240|[from] item: Life Orb","|move|p1a: Aggron|Stealth Rock|p2a: Drapion","|-sidestart|p2: SL Wyvern|move: Stealth Rock","|","|turn|5","|","|switch|p2a: Sunflora|Sunflora, L83, F|260/260","|-damage|p2a: Sunflora|228/260|[from] Stealth Rock","|move|p1a: Aggron|Heavy Slam|p2a: Sunflora","|-damage|p2a: Sunflora|15/260","|","|turn|6","|","|switch|p1a: Smeargle|Smeargle, L77, M|211/211","|move|p2a: Sunflora|Giga Drain|p1a: Smeargle","|-damage|p1a: Smeargle|57/211","|-heal|p2a: Sunflora|92/260|[from] drain|[of] p1a: Smeargle","|","|turn|7","|","|switch|p1a: Typhlosion|Typhlosion, L79, M|253/253","|move|p2a: Sunflora|Sunny Day|p2a: Sunflora","|-weather|SunnyDay","|","|-weather|SunnyDay|[upkeep]","|turn|8","|","|move|p1a: Typhlosion|Eruption|p2a: Sunflora","|-supereffective|p2a: Sunflora","|-damage|p2a: Sunflora|0 fnt","|faint|p2a: Sunflora","|","|-weather|SunnyDay|[upkeep]","|","|switch|p2a: Mantine|Mantine, L81, F|238/238","|-damage|p2a: Mantine|179/238|[from] Stealth Rock","|turn|9","|","|move|p1a: Typhlosion|Eruption|p2a: Mantine","|-resisted|p2a: Mantine","|-damage|p2a: Mantine|98/238","|move|p2a: Mantine|Defog|p1a: Typhlosion","|-unboost|p1a: Typhlosion|evasion|1","|-sideend|p2: SL Wyvern|Stealth Rock|[from] move: Defog|[of] p2a: Mantine","|","|-weather|SunnyDay|[upkeep]","|-heal|p2a: Mantine|112/238|[from] item: Leftovers","|turn|10","|","|move|p1a: Typhlosion|Eruption|p2a: Mantine","|-resisted|p2a: Mantine","|-damage|p2a: Mantine|26/238","|move|p2a: Mantine|Scald|p1a: Typhlosion","|-supereffective|p1a: Typhlosion","|-damage|p1a: Typhlosion|175/253","|","|-weather|SunnyDay|[upkeep]","|-heal|p2a: Mantine|40/238|[from] item: Leftovers","|turn|11","|","|move|p1a: Typhlosion|Eruption|p2a: Mantine","|-crit|p2a: Mantine","|-resisted|p2a: Mantine","|-damage|p2a: Mantine|0 fnt","|faint|p2a: Mantine","|","|-weather|SunnyDay|[upkeep]","|","|switch|p2a: Gorebyss|Gorebyss, L81, F|222/222","|turn|12","|","|move|p1a: Typhlosion|Eruption|p2a: Gorebyss","|-resisted|p2a: Gorebyss","|-damage|p2a: Gorebyss|138/222","|move|p2a: Gorebyss|Shell Smash|p2a: Gorebyss","|-unboost|p2a: Gorebyss|def|1","|-unboost|p2a: Gorebyss|spd|1","|-boost|p2a: Gorebyss|atk|2","|-boost|p2a: Gorebyss|spa|2","|-boost|p2a: Gorebyss|spe|2","|-enditem|p2a: Gorebyss|White Herb","|-restoreboost|p2a: Gorebyss|[silent]","|","|-weather|SunnyDay|[upkeep]","|turn|13","|","|switch|p1a: Smeargle|Smeargle, L77, M|57/211","|move|p2a: Gorebyss|Hydro Pump|p1a: Smeargle","|-damage|p1a: Smeargle|0 fnt","|faint|p1a: Smeargle","|","|-weather|SunnyDay|[upkeep]","|","|switch|p1a: Typhlosion|Typhlosion, L79, M|175/253","|turn|14","|","|switch|p1a: Maractus|Maractus, L83, F|260/260","|move|p2a: Gorebyss|Hydro Pump|p1a: Maractus","|-boost|p1a: Maractus|spa|1|[from] ability: Storm Drain","|","|-weather|none","|turn|15","|","|move|p2a: Gorebyss|Ice Beam|p1a: Maractus","|-supereffective|p1a: Maractus","|-damage|p1a: Maractus|0 fnt","|faint|p1a: Maractus","|","|","|switch|p1a: Mewtwo|Mewtwo, L73|275/275","|-ability|p1a: Mewtwo|Pressure","|turn|16","|","|move|p2a: Gorebyss|Hydro Pump|p1a: Mewtwo|[miss]","|-miss|p2a: Gorebyss|p1a: Mewtwo","|move|p1a: Mewtwo|Psystrike|p2a: Gorebyss","|-damage|p2a: Gorebyss|33/222","|","|turn|17","|","|move|p2a: Gorebyss|Hydro Pump|p1a: Mewtwo|[miss]","|-miss|p2a: Gorebyss|p1a: Mewtwo","|move|p1a: Mewtwo|Psystrike|p2a: Gorebyss","|-crit|p2a: Gorebyss","|-damage|p2a: Gorebyss|0 fnt","|faint|p2a: Gorebyss","|","|","|switch|p2a: Whimsicott|Whimsicott, L77, F|219/219","|turn|18","|","|switch|p1a: Exeggutor|Exeggutor, L81, M|234/287","|move|p2a: Whimsicott|Leech Seed|p1a: Exeggutor","|-immune|p1a: Exeggutor|[msg]","|","|turn|19","|","|move|p2a: Whimsicott|Toxic|p1a: Exeggutor","|-status|p1a: Exeggutor|tox","|move|p1a: Exeggutor|Hidden Power|p2a: Whimsicott","|-supereffective|p2a: Whimsicott","|-damage|p2a: Whimsicott|101/219","|","|-heal|p2a: Whimsicott|114/219|[from] item: Leftovers","|-damage|p1a: Exeggutor|217/287 tox|[from] psn","|turn|20","|","|move|p2a: Whimsicott|Moonblast|p1a: Exeggutor","|-damage|p1a: Exeggutor|118/287 tox","|-unboost|p1a: Exeggutor|spa|1","|-enditem|p1a: Exeggutor|Sitrus Berry|[eat]","|-heal|p1a: Exeggutor|189/287 tox|[from] item: Sitrus Berry","|move|p1a: Exeggutor|Psychic|p2a: Whimsicott","|-damage|p2a: Whimsicott|17/219","|","|-heal|p2a: Whimsicott|30/219|[from] item: Leftovers","|-damage|p1a: Exeggutor|155/287 tox|[from] psn","|turn|21","|","|switch|p2a: Drapion|Drapion, L79, F|192/240","|move|p1a: Exeggutor|Hidden Power|p2a: Drapion","|-damage|p2a: Drapion|150/240","|","|-damage|p1a: Exeggutor|104/287 tox|[from] psn","|turn|22","|","|switch|p1a: Aggron|Aggron-Mega, L77, F|151/234","|move|p2a: Drapion|Swords Dance|p2a: Drapion","|-boost|p2a: Drapion|atk|2","|","|turn|23","|","|move|p2a: Drapion|Aqua Tail|p1a: Aggron","|-damage|p1a: Aggron|80/234","|-damage|p2a: Drapion|126/240|[from] item: Life Orb","|move|p1a: Aggron|Heavy Slam|p2a: Drapion","|-damage|p2a: Drapion|8/240","|","|turn|24","|","|move|p2a: Drapion|Knock Off|p1a: Aggron","|-damage|p1a: Aggron|10/234","|-damage|p2a: Drapion|0 fnt|[from] item: Life Orb","|faint|p2a: Drapion","|move|p1a: Aggron|Heavy Slam|p2: Drapion|[notarget]","|-notarget","|","|","|switch|p2a: Electrode|Electrode, L83|212/235","|turn|25","|","|move|p2a: Electrode|Hidden Power|p1a: Aggron","|-crit|p1a: Aggron","|-resisted|p1a: Aggron","|-damage|p1a: Aggron|0 fnt","|-damage|p2a: Electrode|189/235|[from] item: Life Orb","|faint|p1a: Aggron","|","|","|switch|p1a: Typhlosion|Typhlosion, L79, M|175/253","|turn|26","|","|move|p1a: Typhlosion|Eruption|p2a: Electrode","|-damage|p2a: Electrode|66/235","|move|p2a: Electrode|Thunderbolt|p1a: Typhlosion","|-damage|p1a: Typhlosion|65/253","|-damage|p2a: Electrode|43/235|[from] item: Life Orb","|","|turn|27","|","|move|p1a: Typhlosion|Eruption|p2a: Electrode","|-damage|p2a: Electrode|0 fnt","|faint|p2a: Electrode","|","|","|switch|p2a: Whimsicott|Whimsicott, L77, F|30/219","|turn|28","|","|move|p1a: Typhlosion|Eruption|p2a: Whimsicott","|-supereffective|p2a: Whimsicott","|-damage|p2a: Whimsicott|0 fnt","|faint|p2a: Whimsicott","|","|win|Arrem"],"p1rating":{"entryid":"546956","serverid":"eos","formatid":"randombattle","userid":"arrem","username":"Arrem","w":8,"l":"0","t":"0","gxe":72.3,"r":"1657.5205346209","rd":"100.40535962802","sigma":"0","rptime":"1441098000","rpr":1686.6921190174,"rprd":94.776634750679,"rpsigma":"0","acre":1187.1635115201,"lacre":1187.1635115201,"oldacre":"1171.9889363118"},"p2rating":{"entryid":"673067","serverid":"eos","formatid":"randombattle","userid":"slwyvern","username":"SL Wyvern","w":"1","l":2,"t":"0","gxe":47.9,"r":"1504.0873156792","rd":"116.8553065685","sigma":"0","rptime":"1441098000","rpr":1483.3234651431,"rprd":112.10919412476,"rpsigma":"0","acre":1019.087235308,"lacre":1019.087235308,"oldacre":"1027.6769842671"},"endType":"normal"}