{"seed":[1785,46619,32556,38514],"turns":26,"p1":"Hm Finesse","p2":"ASkipInTime","p1team":[{"name":"Chimecho","moves":["healbell","recover","calmmind","psychic"],"ability":"Levitate","evs":{"hp":85,"atk":85,"def":85,"spa":85,"spd":85,"spe":85},"ivs":{"hp":31,"atk":31,"def":31,"spa":31,"spd":31,"spe":31},"item":"Focus Sash","level":83,"shiny":false},{"name":"Garchomp","moves":["dracometeor","outrage","earthquake","fireblast"],"ability":"Rough Skin","evs":{"hp":85,"atk":85,"def":85,"spa":85,"spd":85,"spe":85},"ivs":{"hp":31,"atk":31,"def":31,"spa":31,"spd":31,"spe":31},"item":"Garchompite","level":90,"shiny":false},{"name":"Klefki","moves":["spikes","lightscreen","toxic","playrough"],"ability":"Prankster","evs":{"hp":85,"atk":85,"def":85,"spa":85,"spd":85,"spe":85},"ivs":{"hp":31,"atk":31,"def":31,"spa":31,"spd":31,"spe":31},"item":"Light Clay","level":75,"shiny":false},{"name":"Golduck","moves":["signalbeam","encore","calmmind","hydropump"],"ability":"Cloud Nine","evs":{"hp":85,"atk":85,"def":85,"spa":85,"spd":85,"spe":85},"ivs":{"hp":31,"atk":31,"def":31,"spa":31,"spd":31,"spe":31},"item":"Leftovers","level":83,"shiny":false},{"name":"Terrakion","moves":["stoneedge","swordsdance","earthquake","closecombat"],"ability":"Justified","evs":{"hp":85,"atk":85,"def":85,"spa":85,"spd":85,"spe":85},"ivs":{"hp":31,"atk":31,"def":31,"spa":31,"spd":31,"spe":31},"item":"Life Orb","level":76,"shiny":false},{"name":"Sandslash","moves":["rapidspin","toxic","earthquake","stealthrock"],"ability":"Sand Rush","evs":{"hp":85,"atk":85,"def":85,"spa":85,"spd":85,"spe":85},"ivs":{"hp":31,"atk":31,"def":31,"spa":31,"spd":31,"spe":31},"item":"Leftovers","level":81,"shiny":false}],"p2team":[{"name":"Metagross","moves":["zenheadbutt","hammerarm","meteormash","earthquake"],"ability":"Clear Body","evs":{"hp":85,"atk":85,"def":85,"spa":85,"spd":85,"spe":85},"ivs":{"hp":31,"atk":31,"def":31,"spa":31,"spd":31,"spe":31},"item":"Metagrossite","level":75,"shiny":false},{"name":"Jolteon","moves":["hiddenpowerice","voltswitch","signalbeam","thunderbolt"],"ability":"Volt Absorb","evs":{"hp":85,"atk":85,"def":85,"spa":85,"spd":85,"spe":85},"ivs":{"hp":31,"atk":30,"def":30,"spa":31,"spd":31,"spe":31},"item":"Choice Specs","level":79,"shiny":false},{"name":"Bastiodon","moves":["toxic","stealthrock","protect","rockblast"],"ability":"Sturdy","evs":{"hp":85,"atk":85,"def":85,"spa":85,"spd":85,"spe":85},"ivs":{"hp":31,"atk":31,"def":31,"spa":31,"spd":31,"spe":31},"item":"Air Balloon","level":83,"shiny":false},{"name":"Luvdisc","moves":["protect","icebeam","sweetkiss","scald"],"ability":"Hydration","evs":{"hp":85,"atk":85,"def":85,"spa":85,"spd":85,"spe":85},"ivs":{"hp":31,"atk":31,"def":31,"spa":31,"spd":31,"spe":31},"item":"Leftovers","level":83,"shiny":false},{"name":"Noivern","moves":["flamethrower","boomburst","dracometeor","uturn"],"ability":"Infiltrator","evs":{"hp":85,"atk":85,"def":85,"spa":85,"spd":85,"spe":85},"ivs":{"hp":31,"atk":31,"def":31,"spa":31,"spd":31,"spe":31},"item":"Life Orb","level":78,"shiny":false},{"name":"Banette","moves":["taunt","shadowsneak","knockoff","suckerpunch"],"ability":"Cursed Body","evs":{"hp":85,"atk":85,"def":85,"spa":85,"spd":85,"spe":85},"ivs":{"hp":31,"atk":31,"def":31,"spa":31,"spd":31,"spe":31},"item":"Life Orb","level":83,"shiny":false}],"log":["|player|p1|Hm Finesse|293","|player|p2|ASkipInTime|2","|gametype|singles","|gen|6","|tier|Random Battle","|rated","|rule|Sleep Clause Mod: Limit one foe put to sleep","|rule|HP Percentage Mod: HP is shown in percentages","|","|start","|switch|p1a: Chimecho|Chimecho, L83, F|244/244","|switch|p2a: Metagross|Metagross, L75|244/244","|turn|1","|","|switch|p1a: Garchomp|Garchomp, L90, M|341/341","|detailschange|p2a: Metagross|Metagross-Mega, L75","|-mega|p2a: Metagross|Metagross|Metagrossite","|move|p2a: Metagross|Meteor Mash|p1a: Garchomp","|-damage|p1a: Garchomp|214/341","|-damage|p2a: Metagross|214/244|[from] ability: Rough Skin|[of] p1a: Garchomp","|","|turn|2","|","|detailschange|p1a: Garchomp|Garchomp-Mega, L90, M","|-mega|p1a: Garchomp|Garchomp|Garchompite","|move|p1a: Garchomp|Fire Blast|p2a: Metagross","|-supereffective|p2a: Metagross","|-damage|p2a: Metagross|28/244","|move|p2a: Metagross|Hammer Arm|p1a: Garchomp","|-damage|p1a: Garchomp|141/341","|-unboost|p2a: Metagross|spe|1","|","|turn|3","|","|switch|p2a: Noivern|Noivern, L78, M|261/261","|move|p1a: Garchomp|Fire Blast|p2a: Noivern","|-resisted|p2a: Noivern","|-damage|p2a: Noivern|203/261","|","|turn|4","|","|switch|p1a: Terrakion|Terrakion, L76|263/263","|move|p2a: Noivern|Draco Meteor|p1a: Terrakion","|-damage|p1a: Terrakion|98/263","|-unboost|p2a: Noivern|spa|2","|-damage|p2a: Noivern|177/261|[from] item: Life Orb","|","|turn|5","|","|switch|p2a: Luvdisc|Luvdisc, L83, F|207/207","|move|p1a: Terrakion|Stone Edge|p2a: Luvdisc","|-damage|p2a: Luvdisc|3/207","|-damage|p1a: Terrakion|72/263|[from] item: Life Orb","|","|-heal|p2a: Luvdisc|15/207|[from] item: Leftovers","|turn|6","|","|move|p2a: Luvdisc|Scald|p1a: Terrakion","|-supereffective|p1a: Terrakion","|-damage|p1a: Terrakion|0 fnt","|faint|p1a: Terrakion","|","|-heal|p2a: Luvdisc|27/207|[from] item: Leftovers","|","|switch|p1a: Klefki|Klefki, L75, F|209/209","|turn|7","|","|move|p1a: Klefki|Light Screen|p1a: Klefki","|-sidestart|p1: Hm Finesse|move: Light Screen","|move|p2a: Luvdisc|Ice Beam|p1a: Klefki","|-resisted|p1a: Klefki","|-damage|p1a: Klefki|200/209","|","|-heal|p2a: Luvdisc|39/207|[from] item: Leftovers","|turn|8","|","|move|p2a: Luvdisc|Scald|p1a: Klefki","|-damage|p1a: Klefki|174/209","|-status|p1a: Klefki|brn","|move|p1a: Klefki|Play Rough|p2a: Luvdisc|[miss]","|-miss|p1a: Klefki|p2a: Luvdisc","|","|-heal|p2a: Luvdisc|51/207|[from] item: Leftovers","|-damage|p1a: Klefki|148/209 brn|[from] brn","|turn|9","|","|move|p2a: Luvdisc|Protect|p2a: Luvdisc","|-singleturn|p2a: Luvdisc|Protect","|move|p1a: Klefki|Play Rough|p2a: Luvdisc","|-activate|p2a: Luvdisc|Protect","|","|-heal|p2a: Luvdisc|63/207|[from] item: Leftovers","|-damage|p1a: Klefki|122/209 brn|[from] brn","|turn|10","|","|move|p2a: Luvdisc|Scald|p1a: Klefki","|-damage|p1a: Klefki|95/209 brn","|move|p1a: Klefki|Play Rough|p2a: Luvdisc","|-damage|p2a: Luvdisc|19/207","|","|-heal|p2a: Luvdisc|31/207|[from] item: Leftovers","|-damage|p1a: Klefki|69/209 brn|[from] brn","|turn|11","|","|move|p2a: Luvdisc|Protect|p2a: Luvdisc","|-singleturn|p2a: Luvdisc|Protect","|move|p1a: Klefki|Play Rough|p2a: Luvdisc","|-activate|p2a: Luvdisc|Protect","|","|-heal|p2a: Luvdisc|43/207|[from] item: Leftovers","|-damage|p1a: Klefki|43/209 brn|[from] brn","|turn|12","|","|switch|p1a: Chimecho|Chimecho, L83, F|244/244","|move|p2a: Luvdisc|Sweet Kiss|p1a: Chimecho","|-start|p1a: Chimecho|confusion","|","|-heal|p2a: Luvdisc|55/207|[from] item: Leftovers","|turn|13","|","|move|p2a: Luvdisc|Scald|p1a: Chimecho","|-damage|p1a: Chimecho|219/244","|-activate|p1a: Chimecho|confusion","|-damage|p1a: Chimecho|198/244|[from] confusion","|","|-heal|p2a: Luvdisc|67/207|[from] item: Leftovers","|turn|14","|","|switch|p2a: Banette|Banette, L83, F|242/242","|-activate|p1a: Chimecho|confusion","|-damage|p1a: Chimecho|177/244|[from] confusion","|","|-sideend|p1: Hm Finesse|move: Light Screen","|turn|15","|","|move|p2a: Banette|Knock Off|p1a: Chimecho","|-supereffective|p1a: Chimecho","|-damage|p1a: Chimecho|0 fnt","|-enditem|p1a: Chimecho|Focus Sash|[from] move: Knock Off|[of] p2a: Banette","|-damage|p2a: Banette|218/242|[from] item: Life Orb","|faint|p1a: Chimecho","|","|","|switch|p1a: Golduck|Golduck, L83, M|268/268","|-ability|p1a: Golduck|Cloud Nine","|turn|16","|","|move|p1a: Golduck|Calm Mind|p1a: Golduck","|-boost|p1a: Golduck|spa|1","|-boost|p1a: Golduck|spd|1","|move|p2a: Banette|Knock Off|p1a: Golduck","|-damage|p1a: Golduck|150/268","|-enditem|p1a: Golduck|Leftovers|[from] move: Knock Off|[of] p2a: Banette","|-damage|p2a: Banette|194/242|[from] item: Life Orb","|","|turn|17","|","|move|p2a: Banette|Sucker Punch|p1a: Golduck","|-damage|p1a: Golduck|55/268","|-damage|p2a: Banette|170/242|[from] item: Life Orb","|move|p1a: Golduck|Hydro Pump|p2a: Banette","|-damage|p2a: Banette|0 fnt","|faint|p2a: Banette","|","|","|switch|p2a: Jolteon|Jolteon, L79, F|232/232","|turn|18","|","|move|p2a: Jolteon|Volt Switch|p1a: Golduck","|-supereffective|p1a: Golduck","|-damage|p1a: Golduck|0 fnt","|faint|p1a: Golduck","|","|switch|p2a: Bastiodon|Bastiodon, L83, F|235/235","|-item|p2a: Bastiodon|Air Balloon","|","|","|switch|p1a: Garchomp|Garchomp-Mega, L90, M|141/341","|turn|19","|","|move|p1a: Garchomp|Earthquake|p2a: Bastiodon","|-immune|p2a: Bastiodon|[msg]","|move|p2a: Bastiodon|Rock Blast|p1a: Garchomp","|-resisted|p1a: Garchomp","|-damage|p1a: Garchomp|134/341","|-resisted|p1a: Garchomp","|-damage|p1a: Garchomp|126/341","|-hitcount|p1a: Garchomp|2","|","|turn|20","|","|move|p1a: Garchomp|Fire Blast|p2a: Bastiodon","|-damage|p2a: Bastiodon|160/235","|-enditem|p2a: Bastiodon|Air Balloon","|move|p2a: Bastiodon|Toxic|p1a: Garchomp","|-status|p1a: Garchomp|tox","|","|-damage|p1a: Garchomp|105/341 tox|[from] psn","|turn|21","|","|move|p2a: Bastiodon|Protect|p2a: Bastiodon","|-singleturn|p2a: Bastiodon|Protect","|move|p1a: Garchomp|Draco Meteor|p2a: Bastiodon","|-activate|p2a: Bastiodon|Protect","|","|-damage|p1a: Garchomp|63/341 tox|[from] psn","|turn|22","|","|switch|p2a: Metagross|Metagross-Mega, L75|28/244","|move|p1a: Garchomp|Draco Meteor|p2a: Metagross","|-resisted|p2a: Metagross","|-damage|p2a: Metagross|0 fnt","|-unboost|p1a: Garchomp|spa|2","|faint|p2a: Metagross","|","|-damage|p1a: Garchomp|0 fnt|[from] psn","|faint|p1a: Garchomp","|","|switch|p2a: Jolteon|Jolteon, L79, F|232/232","|switch|p1a: Sandslash|Sandslash, L81, M|254/254","|turn|23","|","|switch|p2a: Luvdisc|Luvdisc, L83, F|67/207","|move|p1a: Sandslash|Earthquake|p2a: Luvdisc","|-damage|p2a: Luvdisc|0 fnt","|faint|p2a: Luvdisc","|","|","|switch|p2a: Noivern|Noivern, L78, M|177/261","|turn|24","|","|move|p2a: Noivern|Boomburst|p1a: Sandslash","|-damage|p1a: Sandslash|98/254","|-damage|p2a: Noivern|151/261|[from] item: Life Orb","|move|p1a: Sandslash|Earthquake|p2a: Noivern","|-immune|p2a: Noivern|[msg]","|","|-heal|p1a: Sandslash|113/254|[from] item: Leftovers","|turn|25","|","|switch|p1a: Klefki|Klefki, L75, F|43/209 brn","|move|p2a: Noivern|Boomburst|p1a: Klefki","|-resisted|p1a: Klefki","|-damage|p1a: Klefki|0 fnt","|-damage|p2a: Noivern|125/261|[from] item: Life Orb","|faint|p1a: Klefki","|","|","|switch|p1a: Sandslash|Sandslash, L81, M|113/254","|turn|26","|","|move|p2a: Noivern|Boomburst|p1a: Sandslash","|-damage|p1a: Sandslash|0 fnt","|-damage|p2a: Noivern|99/261|[from] item: Life Orb","|faint|p1a: Sandslash","|","|win|ASkipInTime"],"p1rating":{"entryid":"521346","serverid":"eos","formatid":"randombattle","userid":"hmfinesse","username":"Hm Finesse","w":"1","l":2,"t":"0","gxe":46.2,"r":"1503.7671826243","rd":"117.34272997351","sigma":"0","rptime":"1441098000","rpr":1470.0505672963,"rprd":112.01101472283,"rpsigma":"0","acre":1022.1660277196,"lacre":1022.1660277196,"oldacre":"1040"},"p2rating":{"entryid":755009,"formatid":"randombattle","userid":"askipintime","username":"ASkipInTime","r":1500,"rd":130,"sigma":0,"rpr":1541.0056943032,"rprd":122.67762944726,"rpsigma":0,"rptime":1441098000,"w":1,"l":0,"t":0,"gxe":55.1,"acre":1044.584930701,"lacre":1044.584930701,"oldacre":1000},"endType":"normal"}