{"seed":[42643,8926,63120,26184],"turns":24,"p1":"Galaxy Emilice","p2":"GTX♅GamerGirl","p1team":[{"name":"Banette","moves":["destinybond","taunt","willowisp","shadowclaw"],"ability":"Cursed Body","evs":{"hp":85,"atk":85,"def":85,"spa":85,"spd":85,"spe":85},"ivs":{"hp":31,"atk":31,"def":31,"spa":31,"spd":31,"spe":31},"item":"Banettite","level":79,"shiny":false},{"name":"Glaceon","moves":["wish","protect","icebeam","healbell"],"ability":"Ice Body","evs":{"hp":81,"atk":85,"def":85,"spa":89,"spd":85,"spe":85},"ivs":{"hp":31,"atk":31,"def":31,"spa":31,"spd":31,"spe":31},"item":"Leftovers","level":83,"shiny":false},{"name":"Kyurem-White","moves":["fusionflare","dracometeor","icebeam","focusblast"],"ability":"Turboblaze","evs":{"hp":85,"atk":85,"def":85,"spa":85,"spd":85,"spe":85},"ivs":{"hp":31,"atk":31,"def":31,"spa":31,"spd":31,"spe":31},"item":"Choice Scarf","level":73,"shiny":false},{"name":"Donphan","moves":["rapidspin","iceshard","knockoff","earthquake"],"ability":"Sturdy","evs":{"hp":85,"atk":85,"def":85,"spa":85,"spd":85,"spe":85},"ivs":{"hp":31,"atk":31,"def":31,"spa":31,"spd":31,"spe":31},"item":"Assault Vest","level":77,"shiny":false},{"name":"Primeape","moves":["encore","earthquake","uturn","closecombat"],"ability":"Defiant","evs":{"hp":85,"atk":85,"def":85,"spa":85,"spd":85,"spe":85},"ivs":{"hp":31,"atk":31,"def":31,"spa":31,"spd":31,"spe":31},"item":"Life Orb","level":81,"shiny":false},{"name":"Probopass","moves":["powergem","toxic","painsplit","stealthrock"],"ability":"Magnet Pull","evs":{"hp":85,"atk":85,"def":85,"spa":85,"spd":85,"spe":85},"ivs":{"hp":31,"atk":31,"def":31,"spa":31,"spd":31,"spe":31},"item":"Air Balloon","level":83,"shiny":false}],"p2team":[{"name":"Octillery","moves":["icebeam","energyball","hydropump","waterspout"],"ability":"Suction Cups","evs":{"hp":85,"atk":85,"def":85,"spa":85,"spd":85,"spe":85},"ivs":{"hp":31,"atk":31,"def":31,"spa":31,"spd":31,"spe":31},"item":"Choice Specs","level":83,"shiny":false},{"name":"Escavalier","moves":["megahorn","knockoff","drillrun","ironhead"],"ability":"Overcoat","evs":{"hp":85,"atk":85,"def":85,"spa":85,"spd":85,"spe":85},"ivs":{"hp":31,"atk":31,"def":31,"spa":31,"spd":31,"spe":31},"item":"Choice Band","level":79,"shiny":false},{"name":"Tentacruel","moves":["toxicspikes","scald","sludgebomb","rapidspin"],"ability":"Clear Body","evs":{"hp":85,"atk":85,"def":85,"spa":85,"spd":85,"spe":85},"ivs":{"hp":31,"atk":31,"def":31,"spa":31,"spd":31,"spe":31},"item":"Life Orb","level":77,"shiny":false},{"name":"Mismagius","moves":["willowisp","nastyplot","thunderbolt","shadowball"],"ability":"Levitate","evs":{"hp":85,"atk":85,"def":85,"spa":85,"spd":85,"spe":85},"ivs":{"hp":31,"atk":31,"def":31,"spa":31,"spd":31,"spe":31},"item":"Leftovers","level":81,"shiny":false},{"name":"Reuniclus","moves":["recover","focusblast","trickroom","psyshock"],"ability":"Magic Guard","evs":{"hp":170,"atk":85,"def":85,"spa":85,"spd":85,"spe":0},"ivs":{"hp":31,"atk":31,"def":31,"spa":31,"spd":31,"spe":0},"item":"Life Orb","level":77,"shiny":false},{"name":"Sigilyph","moves":["psychoshift","storedpower","cosmicpower","roost"],"ability":"Magic Guard","evs":{"hp":85,"atk":85,"def":85,"spa":85,"spd":85,"spe":85},"ivs":{"hp":31,"atk":31,"def":31,"spa":31,"spd":31,"spe":31},"item":"Flame Orb","level":79,"shiny":false}],"log":["|player|p1|Galaxy Emilice|99","|player|p2|GTX♅GamerGirl|152","|gametype|singles","|gen|6","|tier|Random Battle","|rated","|rule|Sleep Clause Mod: Limit one foe put to sleep","|rule|HP Percentage Mod: HP is shown in percentages","|","|start","|switch|p1a: Banette|Banette, L79, F|231/231","|switch|p2a: Octillery|Octillery, L83, M|260/260","|turn|1","|","|switch|p2a: Escavalier|Escavalier, L79, M|240/240","|detailschange|p1a: Banette|Banette-Mega, L79, F","|-mega|p1a: Banette|Banette|Banettite","|move|p1a: Banette|Will-O-Wisp|p2a: Escavalier|[miss]","|-miss|p1a: Banette|p2a: Escavalier","|","|turn|2","|","|move|p1a: Banette|Taunt|p2a: Escavalier","|-start|p2a: Escavalier|move: Taunt","|move|p2a: Escavalier|Knock Off|p1a: Banette","|-supereffective|p1a: Banette","|-damage|p1a: Banette|47/231","|","|turn|3","|","|move|p1a: Banette|Destiny Bond|p1a: Banette","|-singlemove|p1a: Banette|Destiny Bond","|move|p2a: Escavalier|Knock Off|p1a: Banette","|-supereffective|p1a: Banette","|-damage|p1a: Banette|0 fnt","|faint|p1a: Banette","|-activate|p1a: Banette|Destiny Bond","|faint|p2a: Escavalier","|","|","|switch|p2a: Mismagius|Mismagius, L81, F|230/230","|switch|p1a: Donphan|Donphan, L77, F|265/265","|turn|4","|","|switch|p2a: Octillery|Octillery, L83, M|260/260","|move|p1a: Donphan|Knock Off|p2a: Octillery","|-damage|p2a: Octillery|177/260","|-enditem|p2a: Octillery|Choice Specs|[from] move: Knock Off|[of] p1a: Donphan","|","|turn|5","|","|switch|p1a: Kyurem-White|Kyurem-White, L73|303/303","|-ability|p1a: Kyurem-White|Turboblaze","|move|p2a: Octillery|Energy Ball|p1a: Kyurem-White","|-resisted|p1a: Kyurem-White","|-damage|p1a: Kyurem-White|270/303","|","|turn|6","|","|move|p1a: Kyurem-White|Focus Blast|p2a: Octillery","|-damage|p2a: Octillery|58/260","|move|p2a: Octillery|Ice Beam|p1a: Kyurem-White","|-damage|p1a: Kyurem-White|195/303","|","|turn|7","|","|move|p1a: Kyurem-White|Focus Blast|p2a: Octillery","|-damage|p2a: Octillery|0 fnt","|faint|p2a: Octillery","|","|","|switch|p2a: Mismagius|Mismagius, L81, F|230/230","|turn|8","|","|switch|p1a: Donphan|Donphan, L77, F|265/265","|move|p2a: Mismagius|Will-O-Wisp|p1a: Donphan","|-status|p1a: Donphan|brn","|","|-damage|p1a: Donphan|232/265 brn|[from] brn","|turn|9","|","|move|p2a: Mismagius|Nasty Plot|p2a: Mismagius","|-boost|p2a: Mismagius|spa|2","|move|p1a: Donphan|Knock Off|p2a: Mismagius","|-supereffective|p2a: Mismagius","|-damage|p2a: Mismagius|143/230","|-enditem|p2a: Mismagius|Leftovers|[from] move: Knock Off|[of] p1a: Donphan","|","|-damage|p1a: Donphan|199/265 brn|[from] brn","|turn|10","|","|move|p2a: Mismagius|Shadow Ball|p1a: Donphan","|-damage|p1a: Donphan|39/265 brn","|-unboost|p1a: Donphan|spd|1","|move|p1a: Donphan|Knock Off|p2a: Mismagius","|-supereffective|p2a: Mismagius","|-damage|p2a: Mismagius|76/230","|","|-damage|p1a: Donphan|6/265 brn|[from] brn","|turn|11","|","|move|p1a: Donphan|Ice Shard|p2a: Mismagius","|-damage|p2a: Mismagius|58/230","|move|p2a: Mismagius|Shadow Ball|p1a: Donphan","|-damage|p1a: Donphan|0 fnt","|faint|p1a: Donphan","|","|","|switch|p1a: Probopass|Probopass, L83, F|235/235","|-item|p1a: Probopass|Air Balloon","|turn|12","|","|move|p2a: Mismagius|Thunderbolt|p1a: Probopass","|-damage|p1a: Probopass|150/235","|-enditem|p1a: Probopass|Air Balloon","|move|p1a: Probopass|Stealth Rock|p2a: Mismagius","|-sidestart|p2: GTX♅GamerGirl|move: Stealth Rock","|","|turn|13","|","|move|p2a: Mismagius|Thunderbolt|p1a: Probopass","|-damage|p1a: Probopass|63/235","|move|p1a: Probopass|Power Gem|p2a: Mismagius","|-damage|p2a: Mismagius|0 fnt","|faint|p2a: Mismagius","|","|","|switch|p2a: Tentacruel|Tentacruel, L77, F|250/250","|-damage|p2a: Tentacruel|219/250|[from] Stealth Rock","|turn|14","|","|move|p2a: Tentacruel|Toxic Spikes|p1a: Probopass","|-sidestart|p1: Galaxy Emilice|move: Toxic Spikes","|move|p1a: Probopass|Power Gem|p2a: Tentacruel","|-damage|p2a: Tentacruel|158/250","|","|turn|15","|","|move|p2a: Tentacruel|Scald|p1a: Probopass","|-supereffective|p1a: Probopass","|-damage|p1a: Probopass|0 fnt","|-damage|p2a: Tentacruel|133/250|[from] item: Life Orb","|faint|p1a: Probopass","|","|","|switch|p1a: Kyurem-White|Kyurem-White, L73|195/303","|-status|p1a: Kyurem-White|psn","|-ability|p1a: Kyurem-White|Turboblaze","|turn|16","|","|move|p1a: Kyurem-White|Draco Meteor|p2a: Tentacruel","|-damage|p2a: Tentacruel|0 fnt","|-unboost|p1a: Kyurem-White|spa|2","|faint|p2a: Tentacruel","|","|-damage|p1a: Kyurem-White|158/303 psn|[from] psn","|","|switch|p2a: Reuniclus|Reuniclus, L77, M|312/312","|turn|17","|","|move|p1a: Kyurem-White|Draco Meteor|p2a: Reuniclus","|-damage|p2a: Reuniclus|218/312","|-unboost|p1a: Kyurem-White|spa|2","|move|p2a: Reuniclus|Trick Room|p2a: Reuniclus","|-fieldstart|move: Trick Room|[of] p2a: Reuniclus","|","|-damage|p1a: Kyurem-White|121/303 psn|[from] psn","|turn|18","|","|move|p2a: Reuniclus|Focus Blast|p1a: Kyurem-White","|-supereffective|p1a: Kyurem-White","|-damage|p1a: Kyurem-White|0 fnt","|faint|p1a: Kyurem-White","|","|","|switch|p1a: Glaceon|Glaceon, L83, M|243/243","|-status|p1a: Glaceon|psn","|turn|19","|","|move|p2a: Reuniclus|Focus Blast|p1a: Glaceon","|-supereffective|p1a: Glaceon","|-damage|p1a: Glaceon|19/243 psn","|move|p1a: Glaceon|Ice Beam|p2a: Reuniclus","|-crit|p2a: Reuniclus","|-damage|p2a: Reuniclus|8/312","|","|-heal|p1a: Glaceon|34/243 psn|[from] item: Leftovers","|-damage|p1a: Glaceon|4/243 psn|[from] psn","|turn|20","|","|move|p1a: Glaceon|Protect|p1a: Glaceon","|-singleturn|p1a: Glaceon|Protect","|move|p2a: Reuniclus|Psyshock|p1a: Glaceon","|-activate|p1a: Glaceon|Protect","|","|-heal|p1a: Glaceon|19/243 psn|[from] item: Leftovers","|-damage|p1a: Glaceon|0 fnt|[from] psn","|faint|p1a: Glaceon","|","|switch|p1a: Primeape|Primeape, L81, M|238/238","|-status|p1a: Primeape|psn","|turn|21","|","|move|p2a: Reuniclus|Recover|p2a: Reuniclus","|-heal|p2a: Reuniclus|164/312","|move|p1a: Primeape|Earthquake|p2a: Reuniclus","|-damage|p2a: Reuniclus|56/312","|-damage|p1a: Primeape|215/238 psn|[from] item: Life Orb","|","|-damage|p1a: Primeape|186/238 psn|[from] psn","|-fieldend|move: Trick Room","|turn|22","|","|move|p1a: Primeape|U-turn|p2a: Reuniclus","|-supereffective|p2a: Reuniclus","|-damage|p2a: Reuniclus|0 fnt","|-damage|p1a: Primeape|163/238 psn|[from] item: Life Orb","|faint|p2a: Reuniclus","|","|-damage|p1a: Primeape|134/238 psn|[from] psn","|","|switch|p2a: Sigilyph|Sigilyph, L79, M|243/243","|turn|23","|","|move|p1a: Primeape|U-turn|p2a: Sigilyph","|-damage|p2a: Sigilyph|168/243","|-damage|p1a: Primeape|111/238 psn|[from] item: Life Orb","|move|p2a: Sigilyph|Cosmic Power|p2a: Sigilyph","|-boost|p2a: Sigilyph|def|1","|-boost|p2a: Sigilyph|spd|1","|","|-damage|p1a: Primeape|82/238 psn|[from] psn","|-status|p2a: Sigilyph|brn|[from] item: Flame Orb","|turn|24","|","|win|GTX♅GamerGirl"],"p1rating":{"entryid":"663972","serverid":"eos","formatid":"randombattle","userid":"galaxyemilice","username":"Galaxy Emilice","w":"1","l":5,"t":"0","gxe":36.8,"r":"1414.4213327654","rd":"102.252900962","sigma":"0","rptime":"1441098000","rpr":1394.2477129308,"rprd":98.837351358875,"rpsigma":"0","acre":1000,"lacre":1000,"oldacre":"1000"},"p2rating":{"entryid":748790,"formatid":"randombattle","userid":"gtxgamergirl","username":"GTX♅GamerGirl","r":1500,"rd":130,"sigma":0,"rpr":1531.8058126563,"rprd":122.84076123494,"rpsigma":0,"rptime":1441098000,"w":1,"l":0,"t":0,"gxe":54,"acre":1040,"lacre":1040,"oldacre":1000},"endType":"forfeit"}