{"seed":[54394,38531,38881,7480],"turns":32,"p1":"PokeCreepa314","p2":"ASkipInTime","p1team":[{"name":"Lumineon","moves":["defog","toxic","scald","uturn"],"ability":"Storm Drain","evs":{"hp":85,"atk":85,"def":85,"spa":85,"spd":85,"spe":85},"ivs":{"hp":31,"atk":31,"def":31,"spa":31,"spd":31,"spe":31},"item":"Focus Sash","level":83,"shiny":false},{"name":"Aurorus","moves":["freezedry","thunderwave","blizzard","thunderbolt"],"ability":"Snow Warning","evs":{"hp":81,"atk":85,"def":85,"spa":89,"spd":85,"spe":85},"ivs":{"hp":31,"atk":31,"def":31,"spa":31,"spd":31,"spe":31},"item":"Leftovers","level":81,"shiny":false},{"name":"Drapion","moves":["toxicspikes","knockoff","taunt","poisonjab"],"ability":"Keen Eye","evs":{"hp":85,"atk":85,"def":85,"spa":85,"spd":85,"spe":85},"ivs":{"hp":31,"atk":31,"def":31,"spa":31,"spd":31,"spe":31},"item":"Black Sludge","level":79,"shiny":false},{"name":"Luxray","moves":["superpower","voltswitch","wildcharge","facade"],"ability":"Guts","evs":{"hp":85,"atk":85,"def":85,"spa":85,"spd":85,"spe":85},"ivs":{"hp":31,"atk":31,"def":31,"spa":31,"spd":31,"spe":31},"item":"Toxic Orb","level":83,"shiny":false},{"name":"Latios","moves":["calmmind","roost","dracometeor","psyshock"],"ability":"Levitate","evs":{"hp":85,"atk":85,"def":85,"spa":85,"spd":85,"spe":85},"ivs":{"hp":31,"atk":31,"def":31,"spa":31,"spd":31,"spe":31},"item":"Latiosite","level":90,"shiny":false},{"name":"Krookodile","moves":["stoneedge","pursuit","superpower","earthquake"],"ability":"Intimidate","evs":{"hp":85,"atk":85,"def":85,"spa":85,"spd":85,"spe":85},"ivs":{"hp":31,"atk":31,"def":31,"spa":31,"spd":31,"spe":31},"item":"Choice Scarf","level":77,"shiny":false}],"p2team":[{"name":"Magmortar","moves":["fireblast","earthquake","hiddenpowergrass","substitute"],"ability":"Flame Body","evs":{"hp":85,"atk":85,"def":85,"spa":85,"spd":85,"spe":85},"ivs":{"hp":31,"atk":30,"def":31,"spa":30,"spd":31,"spe":31},"item":"Leftovers","level":81,"shiny":false},{"name":"Kyurem-Black","moves":["substitute","earthpower","icebeam","dragonclaw"],"ability":"Teravolt","evs":{"hp":85,"atk":85,"def":85,"spa":85,"spd":85,"spe":85},"ivs":{"hp":31,"atk":31,"def":31,"spa":31,"spd":31,"spe":31},"item":"Leftovers","level":75,"shiny":false},{"name":"Blaziken","moves":["knockoff","batonpass","swordsdance","flareblitz"],"ability":"Speed Boost","evs":{"hp":85,"atk":85,"def":85,"spa":85,"spd":85,"spe":85},"ivs":{"hp":31,"atk":31,"def":31,"spa":31,"spd":31,"spe":31},"item":"Blazikenite","level":74,"shiny":false},{"name":"Hitmonchan","moves":["drainpunch","firepunch","icepunch","bulkup"],"ability":"Iron Fist","evs":{"hp":85,"atk":85,"def":85,"spa":85,"spd":85,"spe":85},"ivs":{"hp":31,"atk":31,"def":31,"spa":31,"spd":31,"spe":31},"item":"Life Orb","level":81,"shiny":false},{"name":"Victreebel","moves":["sleeppowder","sludgebomb","growth","suckerpunch"],"ability":"Chlorophyll","evs":{"hp":85,"atk":85,"def":85,"spa":85,"spd":85,"spe":85},"ivs":{"hp":31,"atk":31,"def":31,"spa":31,"spd":31,"spe":31},"item":"Black Sludge","level":82,"shiny":false},{"name":"Arceus-Ice","moves":["judgment","calmmind","thunderbolt","recover"],"ability":"Multitype","evs":{"hp":81,"atk":85,"def":85,"spa":89,"spd":85,"spe":85},"ivs":{"hp":31,"atk":31,"def":31,"spa":31,"spd":31,"spe":31},"item":"Icicle Plate","level":73,"shiny":false}],"log":["|player|p1|PokeCreepa314|147","|player|p2|ASkipInTime|2","|gametype|singles","|gen|6","|tier|Random Battle","|rated","|rule|Sleep Clause Mod: Limit one foe put to sleep","|rule|HP Percentage Mod: HP is shown in percentages","|","|start","|switch|p1a: Lumineon|Lumineon, L83, F|250/250","|switch|p2a: Magmortar|Magmortar, L81, M|254/254","|turn|1","|","|switch|p2a: Victreebel|Victreebel, L82, F|265/265","|move|p1a: Lumineon|Scald|p2a: Victreebel","|-resisted|p2a: Victreebel","|-damage|p2a: Victreebel|226/265","|-status|p2a: Victreebel|brn","|","|-heal|p2a: Victreebel|242/265 brn|[from] item: Black Sludge","|-damage|p2a: Victreebel|209/265 brn|[from] brn","|turn|2","|","|move|p1a: Lumineon|U-turn|p2a: Victreebel","|-damage|p2a: Victreebel|163/265 brn","|","|switch|p1a: Drapion|Drapion, L79, F|240/240","|move|p2a: Victreebel|Sleep Powder|p1a: Drapion","|-status|p1a: Drapion|slp","|","|-heal|p2a: Victreebel|179/265 brn|[from] item: Black Sludge","|-damage|p2a: Victreebel|146/265 brn|[from] brn","|turn|3","|","|switch|p2a: Blaziken|Blaziken, L74, M|240/240","|cant|p1a: Drapion|slp","|","|turn|4","|","|switch|p1a: Lumineon|Lumineon, L83, F|250/250","|detailschange|p2a: Blaziken|Blaziken-Mega, L74, M","|-mega|p2a: Blaziken|Blaziken|Blazikenite","|move|p2a: Blaziken|Swords Dance|p2a: Blaziken","|-boost|p2a: Blaziken|atk|2","|","|-boost|p2a: Blaziken|spe|1|[from] ability: Speed Boost","|turn|5","|","|move|p2a: Blaziken|Baton Pass|p2a: Blaziken","|","|switch|p2a: Arceus-Ice|Arceus-Ice, L73|295/295","|move|p1a: Lumineon|Toxic|p2a: Arceus-Ice","|-status|p2a: Arceus-Ice|tox","|","|-damage|p2a: Arceus-Ice|277/295 tox|[from] psn","|turn|6","|","|move|p2a: Arceus-Ice|Thunderbolt|p1a: Lumineon","|-supereffective|p1a: Lumineon","|-damage|p1a: Lumineon|118/250","|move|p1a: Lumineon|U-turn|p2a: Arceus-Ice","|-damage|p2a: Arceus-Ice|245/295 tox","|","|switch|p1a: Aurorus|Aurorus, L81, F|331/331","|-weather|Hail","|","|-weather|Hail|[upkeep]","|-damage|p2a: Arceus-Ice|209/295 tox|[from] psn","|turn|7","|","|switch|p2a: Magmortar|Magmortar, L81, M|254/254","|move|p1a: Aurorus|Blizzard|p2a: Magmortar","|-resisted|p2a: Magmortar","|-damage|p2a: Magmortar|202/254","|","|-weather|Hail|[upkeep]","|-damage|p2a: Magmortar|187/254|[from] hail","|-heal|p2a: Magmortar|202/254|[from] item: Leftovers","|turn|8","|","|switch|p1a: Krookodile|Krookodile, L77, F|273/273","|-ability|p1a: Krookodile|Intimidate","|-unboost|p2a: Magmortar|atk|1","|move|p2a: Magmortar|Earthquake|p1a: Krookodile","|-damage|p1a: Krookodile|221/273","|","|-weather|Hail|[upkeep]","|-damage|p1a: Krookodile|204/273|[from] hail","|-damage|p2a: Magmortar|187/254|[from] hail","|-heal|p2a: Magmortar|202/254|[from] item: Leftovers","|turn|9","|","|move|p1a: Krookodile|Pursuit|p2a: Magmortar","|-damage|p2a: Magmortar|151/254","|-status|p1a: Krookodile|brn","|move|p2a: Magmortar|Hidden Power|p1a: Krookodile","|-supereffective|p1a: Krookodile","|-damage|p1a: Krookodile|88/273 brn","|","|-weather|Hail|[upkeep]","|-damage|p1a: Krookodile|71/273 brn|[from] hail","|-damage|p2a: Magmortar|136/254|[from] hail","|-heal|p2a: Magmortar|151/254|[from] item: Leftovers","|-damage|p1a: Krookodile|37/273 brn|[from] brn","|turn|10","|","|switch|p1a: Lumineon|Lumineon, L83, F|118/250","|move|p2a: Magmortar|Hidden Power|p1a: Lumineon","|-supereffective|p1a: Lumineon","|-damage|p1a: Lumineon|18/250","|","|-weather|none","|-heal|p2a: Magmortar|166/254|[from] item: Leftovers","|turn|11","|","|switch|p2a: Kyurem-Black|Kyurem-Black, L75|311/311","|-ability|p2a: Kyurem-Black|Teravolt","|move|p1a: Lumineon|Toxic|p2a: Kyurem-Black","|-status|p2a: Kyurem-Black|tox","|","|-damage|p2a: Kyurem-Black|292/311 tox|[from] psn","|turn|12","|","|move|p1a: Lumineon|U-turn|p2a: Kyurem-Black","|-damage|p2a: Kyurem-Black|253/311 tox","|","|switch|p1a: Aurorus|Aurorus, L81, F|331/331","|-weather|Hail","|move|p2a: Kyurem-Black|Dragon Claw|p1a: Aurorus","|-damage|p1a: Aurorus|202/331","|","|-weather|Hail|[upkeep]","|-heal|p2a: Kyurem-Black|272/311 tox|[from] item: Leftovers","|-heal|p1a: Aurorus|222/331|[from] item: Leftovers","|-damage|p2a: Kyurem-Black|234/311 tox|[from] psn","|turn|13","|","|move|p2a: Kyurem-Black|Earth Power|p1a: Aurorus","|-supereffective|p1a: Aurorus","|-damage|p1a: Aurorus|94/331","|move|p1a: Aurorus|Blizzard|p2a: Kyurem-Black","|-damage|p2a: Kyurem-Black|105/311 tox","|","|-weather|Hail|[upkeep]","|-heal|p2a: Kyurem-Black|124/311 tox|[from] item: Leftovers","|-heal|p1a: Aurorus|114/331|[from] item: Leftovers","|-damage|p2a: Kyurem-Black|67/311 tox|[from] psn","|turn|14","|","|switch|p1a: Latios|Latios, L90, M|290/290","|move|p2a: Kyurem-Black|Earth Power|p1a: Latios","|-damage|p1a: Latios|242/290","|","|-weather|Hail|[upkeep]","|-damage|p1a: Latios|224/290|[from] hail","|-heal|p2a: Kyurem-Black|86/311 tox|[from] item: Leftovers","|-damage|p2a: Kyurem-Black|10/311 tox|[from] psn","|turn|15","|","|detailschange|p1a: Latios|Latios-Mega, L90, M","|-mega|p1a: Latios|Latios|Latiosite","|move|p1a: Latios|Psyshock|p2a: Kyurem-Black","|-damage|p2a: Kyurem-Black|0 fnt","|faint|p2a: Kyurem-Black","|","|-weather|Hail|[upkeep]","|-damage|p1a: Latios|206/290|[from] hail","|","|switch|p2a: Arceus-Ice|Arceus-Ice, L73|209/295 tox","|turn|16","|","|switch|p1a: Krookodile|Krookodile, L77, F|37/273 brn","|-ability|p1a: Krookodile|Intimidate","|-unboost|p2a: Arceus-Ice|atk|1","|move|p2a: Arceus-Ice|Judgment|p1a: Krookodile","|-supereffective|p1a: Krookodile","|-damage|p1a: Krookodile|0 fnt","|faint|p1a: Krookodile","|","|-weather|none","|-damage|p2a: Arceus-Ice|191/295 tox|[from] psn","|","|switch|p1a: Drapion|Drapion, L79, F|240/240 slp","|turn|17","|","|move|p2a: Arceus-Ice|Judgment|p1a: Drapion","|-damage|p1a: Drapion|101/240 slp","|cant|p1a: Drapion|slp","|","|-heal|p1a: Drapion|116/240 slp|[from] item: Black Sludge","|-damage|p2a: Arceus-Ice|155/295 tox|[from] psn","|turn|18","|","|move|p2a: Arceus-Ice|Judgment|p1a: Drapion","|-damage|p1a: Drapion|0 fnt","|faint|p1a: Drapion","|","|-damage|p2a: Arceus-Ice|101/295 tox|[from] psn","|","|switch|p1a: Lumineon|Lumineon, L83, F|18/250","|turn|19","|","|move|p2a: Arceus-Ice|Thunderbolt|p1a: Lumineon","|-supereffective|p1a: Lumineon","|-damage|p1a: Lumineon|0 fnt","|faint|p1a: Lumineon","|","|-damage|p2a: Arceus-Ice|29/295 tox|[from] psn","|","|switch|p1a: Aurorus|Aurorus, L81, F|114/331","|-weather|Hail","|turn|20","|","|switch|p2a: Magmortar|Magmortar, L81, M|166/254","|move|p1a: Aurorus|Thunderbolt|p2a: Magmortar","|-damage|p2a: Magmortar|109/254","|","|-weather|Hail|[upkeep]","|-damage|p2a: Magmortar|94/254|[from] hail","|-heal|p2a: Magmortar|109/254|[from] item: Leftovers","|-heal|p1a: Aurorus|134/331|[from] item: Leftovers","|turn|21","|","|switch|p1a: Latios|Latios-Mega, L90, M|206/290","|move|p2a: Magmortar|Fire Blast|p1a: Latios","|-resisted|p1a: Latios","|-damage|p1a: Latios|161/290","|","|-weather|Hail|[upkeep]","|-damage|p1a: Latios|143/290|[from] hail","|-damage|p2a: Magmortar|94/254|[from] hail","|-heal|p2a: Magmortar|109/254|[from] item: Leftovers","|turn|22","|","|move|p1a: Latios|Draco Meteor|p2a: Magmortar","|-damage|p2a: Magmortar|0 fnt","|-unboost|p1a: Latios|spa|2","|faint|p2a: Magmortar","|","|-weather|Hail|[upkeep]","|-damage|p1a: Latios|125/290|[from] hail","|","|switch|p2a: Blaziken|Blaziken-Mega, L74, M|240/240","|turn|23","|","|switch|p1a: Aurorus|Aurorus, L81, F|134/331","|move|p2a: Blaziken|Knock Off|p1a: Aurorus","|-damage|p1a: Aurorus|39/331","|-enditem|p1a: Aurorus|Leftovers|[from] move: Knock Off|[of] p2a: Blaziken","|","|-weather|Hail|[upkeep]","|-damage|p2a: Blaziken|225/240|[from] hail","|-boost|p2a: Blaziken|spe|1|[from] ability: Speed Boost","|turn|24","|","|move|p2a: Blaziken|Knock Off|p1a: Aurorus","|-damage|p1a: Aurorus|0 fnt","|faint|p1a: Aurorus","|","|-weather|none","|-boost|p2a: Blaziken|spe|1|[from] ability: Speed Boost","|","|switch|p1a: Luxray|Luxray, L83, M|268/268","|turn|25","|","|move|p2a: Blaziken|Flare Blitz|p1a: Luxray","|-damage|p1a: Luxray|109/268","|-damage|p2a: Blaziken|173/240|[from] recoil|[of] p1a: Luxray","|move|p1a: Luxray|Wild Charge|p2a: Blaziken","|-damage|p2a: Blaziken|40/240","|-damage|p1a: Luxray|76/268|[from] recoil|[of] p2a: Blaziken","|","|-boost|p2a: Blaziken|spe|1|[from] ability: Speed Boost","|-status|p1a: Luxray|tox|[from] item: Toxic Orb","|turn|26","|","|move|p2a: Blaziken|Knock Off|p1a: Luxray","|-damage|p1a: Luxray|0 fnt","|-enditem|p1a: Luxray|Toxic Orb|[from] move: Knock Off|[of] p2a: Blaziken","|faint|p1a: Luxray","|","|-boost|p2a: Blaziken|spe|1|[from] ability: Speed Boost","|","|switch|p1a: Latios|Latios-Mega, L90, M|125/290","|turn|27","|","|move|p2a: Blaziken|Knock Off|p1a: Latios","|-supereffective|p1a: Latios","|-damage|p1a: Latios|33/290","|move|p1a: Latios|Psyshock|p2a: Blaziken","|-supereffective|p2a: Blaziken","|-damage|p2a: Blaziken|0 fnt","|faint|p2a: Blaziken","|","|","|switch|p2a: Hitmonchan|Hitmonchan, L81, M|214/214","|turn|28","|","|move|p1a: Latios|Roost|p1a: Latios","|-heal|p1a: Latios|178/290","|move|p2a: Hitmonchan|Ice Punch|p1a: Latios","|-supereffective|p1a: Latios","|-damage|p1a: Latios|32/290","|-damage|p2a: Hitmonchan|193/214|[from] item: Life Orb","|","|turn|29","|","|move|p1a: Latios|Roost|p1a: Latios","|-heal|p1a: Latios|177/290","|move|p2a: Hitmonchan|Ice Punch|p1a: Latios","|-supereffective|p1a: Latios","|-damage|p1a: Latios|39/290","|-damage|p2a: Hitmonchan|172/214|[from] item: Life Orb","|","|turn|30","|","|move|p1a: Latios|Roost|p1a: Latios","|-heal|p1a: Latios|184/290","|move|p2a: Hitmonchan|Ice Punch|p1a: Latios","|-supereffective|p1a: Latios","|-damage|p1a: Latios|46/290","|-damage|p2a: Hitmonchan|151/214|[from] item: Life Orb","|","|turn|31","|","|move|p1a: Latios|Roost|p1a: Latios","|-heal|p1a: Latios|191/290","|move|p2a: Hitmonchan|Ice Punch|p1a: Latios","|-supereffective|p1a: Latios","|-damage|p1a: Latios|53/290","|-status|p1a: Latios|frz","|-damage|p2a: Hitmonchan|130/214|[from] item: Life Orb","|","|turn|32","|","|cant|p1a: Latios|frz","|move|p2a: Hitmonchan|Ice Punch|p1a: Latios","|-supereffective|p1a: Latios","|-damage|p1a: Latios|0 fnt","|-damage|p2a: Hitmonchan|109/214|[from] item: Life Orb","|faint|p1a: Latios","|","|win|ASkipInTime"],"p1rating":{"entryid":755692,"formatid":"randombattle","userid":"pokecreepa314","username":"PokeCreepa314","r":1500,"rd":130,"sigma":0,"rpr":1459.8393856612,"rprd":122.8583080769,"rpsigma":0,"rptime":1441098000,"w":0,"l":1,"t":0,"gxe":45,"acre":1000,"lacre":1000,"oldacre":1000},"p2rating":{"entryid":"755009","serverid":"eos","formatid":"randombattle","userid":"askipintime","username":"ASkipInTime","w":2,"l":"0","t":"0","gxe":59.1,"r":"1500","rd":"130","sigma":"0","rptime":"1441098000","rpr":1573.2447644371,"rprd":116.62234935053,"rpsigma":"0","acre":1073.6456820867,"lacre":1073.6456820867,"oldacre":"1044.584930701"},"endType":"normal"}