{"seed":[60764,36521,12087,19614],"turns":20,"p1":"TheSylveonSweeper","p2":"Arrem","p1team":[{"name":"Heatmor","moves":["knockoff","fireblast","suckerpunch","focusblast"],"ability":"Flash Fire","evs":{"hp":85,"atk":85,"def":85,"spa":85,"spd":85,"spe":85},"ivs":{"hp":31,"atk":31,"def":31,"spa":31,"spd":31,"spe":31},"item":"Life Orb","level":83,"shiny":false},{"name":"Plusle","moves":["encore","substitute","batonpass","thunderbolt"],"ability":"Lightning Rod","evs":{"hp":85,"atk":85,"def":85,"spa":85,"spd":85,"spe":85},"ivs":{"hp":31,"atk":31,"def":31,"spa":31,"spd":31,"spe":31},"item":"Leftovers","level":83,"shiny":false},{"name":"Mienshao","moves":["highjumpkick","substitute","swordsdance","stoneedge"],"ability":"Regenerator","evs":{"hp":85,"atk":85,"def":85,"spa":85,"spd":85,"spe":85},"ivs":{"hp":31,"atk":31,"def":31,"spa":31,"spd":31,"spe":31},"item":"Leftovers","level":77,"shiny":false},{"name":"Abomasnow","moves":["iceshard","blizzard","earthquake","woodhammer"],"ability":"Snow Warning","evs":{"hp":81,"atk":89,"def":85,"spa":85,"spd":85,"spe":85},"ivs":{"hp":31,"atk":31,"def":31,"spa":31,"spd":31,"spe":31},"item":"Abomasite","level":90,"shiny":false},{"name":"Cloyster","moves":["spikes","hydropump","toxicspikes","rockblast"],"ability":"Skill Link","evs":{"hp":81,"atk":85,"def":85,"spa":89,"spd":85,"spe":85},"ivs":{"hp":31,"atk":31,"def":31,"spa":31,"spd":31,"spe":31},"item":"Leftovers","level":77,"shiny":false},{"name":"Manaphy","moves":["tailglow","energyball","icebeam","surf"],"ability":"Hydration","evs":{"hp":85,"atk":85,"def":85,"spa":85,"spd":85,"spe":85},"ivs":{"hp":31,"atk":31,"def":31,"spa":31,"spd":31,"spe":31},"item":"Leftovers","level":75,"shiny":false}],"p2team":[{"name":"Mienshao","moves":["swordsdance","stoneedge","substitute","highjumpkick"],"ability":"Regenerator","evs":{"hp":85,"atk":85,"def":85,"spa":85,"spd":85,"spe":85},"ivs":{"hp":31,"atk":31,"def":31,"spa":31,"spd":31,"spe":31},"item":"Leftovers","level":77,"shiny":false},{"name":"Mismagius","moves":["willowisp","destinybond","taunt","shadowball"],"ability":"Levitate","evs":{"hp":85,"atk":85,"def":85,"spa":85,"spd":85,"spe":85},"ivs":{"hp":31,"atk":31,"def":31,"spa":31,"spd":31,"spe":31},"item":"Leftovers","level":81,"shiny":false},{"name":"Chansey","moves":["thunderwave","protect","stealthrock","toxic"],"ability":"Natural Cure","evs":{"hp":85,"atk":85,"def":85,"spa":85,"spd":85,"spe":85},"ivs":{"hp":31,"atk":31,"def":31,"spa":31,"spd":31,"spe":31},"item":"Eviolite","level":75,"shiny":false},{"name":"Zekrom","moves":["outrage","boltstrike","roost","honeclaws"],"ability":"Teravolt","evs":{"hp":85,"atk":85,"def":85,"spa":85,"spd":85,"spe":85},"ivs":{"hp":31,"atk":31,"def":31,"spa":31,"spd":31,"spe":31},"item":"Lum Berry","level":73,"shiny":false},{"name":"Basculin-Blue-Striped","moves":["zenheadbutt","waterfall","superpower","aquajet"],"ability":"Mold Breaker","evs":{"hp":85,"atk":85,"def":85,"spa":85,"spd":85,"spe":85},"ivs":{"hp":31,"atk":31,"def":31,"spa":31,"spd":31,"spe":31},"item":"Choice Band","level":83,"shiny":false},{"name":"Lunatone","moves":["icebeam","stealthrock","moonlight","psychic"],"ability":"Levitate","evs":{"hp":85,"atk":85,"def":85,"spa":85,"spd":85,"spe":85},"ivs":{"hp":31,"atk":31,"def":31,"spa":31,"spd":31,"spe":31},"item":"Leftovers","level":83,"shiny":false}],"log":["|player|p1|TheSylveonSweeper|265","|player|p2|Arrem|161","|gametype|singles","|gen|6","|tier|Random Battle","|rated","|rule|Sleep Clause Mod: Limit one foe put to sleep","|rule|HP Percentage Mod: HP is shown in percentages","|","|start","|switch|p1a: Heatmor|Heatmor, L83, F|277/277","|switch|p2a: Mienshao|Mienshao, L77, M|227/227","|turn|1","|","|switch|p2a: Chansey|Chansey, L75, F|499/499","|switch|p1a: Plusle|Plusle, L83, F|235/235","|","|turn|2","|","|move|p1a: Plusle|Thunderbolt|p2a: Chansey","|-damage|p2a: Chansey|442/499","|move|p2a: Chansey|Stealth Rock|p1a: Plusle","|-sidestart|p1: TheSylveonSweeper|move: Stealth Rock","|","|turn|3","|","|move|p1a: Plusle|Encore|p2a: Chansey","|-start|p2a: Chansey|Encore","|move|p2a: Chansey|Stealth Rock|p1a: Plusle","|-fail|p1a: Plusle","|","|turn|4","|","|switch|p1a: Heatmor|Heatmor, L83, F|277/277","|-damage|p1a: Heatmor|208/277|[from] Stealth Rock","|switch|p2a: Lunatone|Lunatone, L83|252/252","|","|turn|5","|","|move|p2a: Lunatone|Psychic|p1a: Heatmor","|-damage|p1a: Heatmor|85/277","|move|p1a: Heatmor|Focus Blast|p2a: Lunatone","|-damage|p2a: Lunatone|129/252","|-damage|p1a: Heatmor|58/277|[from] item: Life Orb","|","|-heal|p2a: Lunatone|144/252|[from] item: Leftovers","|turn|6","|","|move|p1a: Heatmor|Sucker Punch|p2a: Lunatone","|-supereffective|p2a: Lunatone","|-damage|p2a: Lunatone|0 fnt","|-damage|p1a: Heatmor|31/277|[from] item: Life Orb","|faint|p2a: Lunatone","|","|","|switch|p2a: Mienshao|Mienshao, L77, M|227/227","|turn|7","|","|move|p1a: Heatmor|Sucker Punch|p2a: Mienshao","|-fail|p1a: Heatmor","|move|p2a: Mienshao|Substitute|p2a: Mienshao","|-start|p2a: Mienshao|Substitute","|-damage|p2a: Mienshao|171/227","|","|-heal|p2a: Mienshao|185/227|[from] item: Leftovers","|turn|8","|","|move|p2a: Mienshao|High Jump Kick|p1a: Heatmor|[miss]","|-miss|p2a: Mienshao|p1a: Heatmor","|-damage|p2a: Mienshao|72/227|[from] highjumpkick","|move|p1a: Heatmor|Fire Blast|p2a: Mienshao|[miss]","|-miss|p1a: Heatmor|p2a: Mienshao","|","|-heal|p2a: Mienshao|86/227|[from] item: Leftovers","|turn|9","|","|move|p2a: Mienshao|High Jump Kick|p1a: Heatmor","|-damage|p1a: Heatmor|0 fnt","|faint|p1a: Heatmor","|","|-heal|p2a: Mienshao|100/227|[from] item: Leftovers","|","|switch|p1a: Plusle|Plusle, L83, F|235/235","|-damage|p1a: Plusle|206/235|[from] Stealth Rock","|turn|10","|","|move|p2a: Mienshao|High Jump Kick|p1a: Plusle","|-damage|p1a: Plusle|0 fnt","|faint|p1a: Plusle","|","|-heal|p2a: Mienshao|114/227|[from] item: Leftovers","|","|switch|p1a: Manaphy|Manaphy, L75|274/274","|-damage|p1a: Manaphy|240/274|[from] Stealth Rock","|turn|11","|","|move|p2a: Mienshao|High Jump Kick|p1a: Manaphy","|-crit|p1a: Manaphy","|-damage|p1a: Manaphy|20/274","|move|p1a: Manaphy|Surf|p2a: Mienshao","|-end|p2a: Mienshao|Substitute","|","|-heal|p2a: Mienshao|128/227|[from] item: Leftovers","|-heal|p1a: Manaphy|37/274|[from] item: Leftovers","|turn|12","|","|move|p2a: Mienshao|High Jump Kick|p1a: Manaphy","|-damage|p1a: Manaphy|0 fnt","|faint|p1a: Manaphy","|","|-heal|p2a: Mienshao|142/227|[from] item: Leftovers","|","|switch|p1a: Mienshao|Mienshao, L77, F|227/227","|-damage|p1a: Mienshao|213/227|[from] Stealth Rock","|turn|13","|","|switch|p2a: Mismagius|Mismagius, L81, F|230/230","|move|p1a: Mienshao|Stone Edge|p2a: Mismagius","|-damage|p2a: Mismagius|129/230","|","|-heal|p2a: Mismagius|143/230|[from] item: Leftovers","|-heal|p1a: Mienshao|227/227|[from] item: Leftovers","|turn|14","|","|switch|p1a: Cloyster|Cloyster, L77, M|203/203","|-damage|p1a: Cloyster|153/203|[from] Stealth Rock","|move|p2a: Mismagius|Will-O-Wisp|p1a: Cloyster","|-status|p1a: Cloyster|brn","|","|-heal|p2a: Mismagius|157/230|[from] item: Leftovers","|-heal|p1a: Cloyster|165/203 brn|[from] item: Leftovers","|-damage|p1a: Cloyster|140/203 brn|[from] brn","|turn|15","|","|move|p2a: Mismagius|Shadow Ball|p1a: Cloyster","|-damage|p1a: Cloyster|0 fnt","|faint|p1a: Cloyster","|","|-heal|p2a: Mismagius|171/230|[from] item: Leftovers","|","|switch|p1a: Abomasnow|Abomasnow, L90, F|307/307","|-damage|p1a: Abomasnow|231/307|[from] Stealth Rock","|-weather|Hail","|turn|16","|","|switch|p2a: Chansey|Chansey, L75, F|442/499","|detailschange|p1a: Abomasnow|Abomasnow-Mega, L90, F","|-mega|p1a: Abomasnow|Abomasnow|Abomasite","|move|p1a: Abomasnow|Blizzard|p2a: Chansey","|-damage|p2a: Chansey|327/499","|","|-weather|Hail|[upkeep]","|-damage|p2a: Chansey|296/499|[from] hail","|turn|17","|","|move|p2a: Chansey|Toxic|p1a: Abomasnow","|-status|p1a: Abomasnow|tox","|move|p1a: Abomasnow|Wood Hammer|p2a: Chansey","|-damage|p2a: Chansey|0 fnt","|-damage|p1a: Abomasnow|133/307 tox|[from] recoil|[of] p2a: Chansey","|faint|p2a: Chansey","|","|-weather|Hail|[upkeep]","|-damage|p1a: Abomasnow|114/307 tox|[from] psn","|","|switch|p2a: Mienshao|Mienshao, L77, M|217/227","|turn|18","|","|move|p1a: Abomasnow|Ice Shard|p2a: Mienshao","|-damage|p2a: Mienshao|127/227","|move|p2a: Mienshao|High Jump Kick|p1a: Abomasnow","|-supereffective|p1a: Abomasnow","|-damage|p1a: Abomasnow|0 fnt","|faint|p1a: Abomasnow","|","|-weather|Hail|[upkeep]","|-damage|p2a: Mienshao|113/227|[from] hail","|-heal|p2a: Mienshao|127/227|[from] item: Leftovers","|","|switch|p1a: Mienshao|Mienshao, L77, F|227/227","|-damage|p1a: Mienshao|213/227|[from] Stealth Rock","|turn|19","|","|move|p2a: Mienshao|High Jump Kick|p1a: Mienshao","|-damage|p1a: Mienshao|24/227","|move|p1a: Mienshao|High Jump Kick|p2a: Mienshao","|-damage|p2a: Mienshao|0 fnt","|faint|p2a: Mienshao","|","|-weather|Hail|[upkeep]","|-damage|p1a: Mienshao|10/227|[from] hail","|-heal|p1a: Mienshao|24/227|[from] item: Leftovers","|","|switch|p2a: Basculin-Blue-Stripe|Basculin-Blue-Striped, L83, M|252/252","|-ability|p2a: Basculin-Blue-Stripe|Mold Breaker","|turn|20","|","|move|p2a: Basculin-Blue-Stripe|Aqua Jet|p1a: Mienshao","|-damage|p1a: Mienshao|0 fnt","|faint|p1a: Mienshao","|","|win|Arrem"],"p1rating":{"entryid":738981,"formatid":"randombattle","userid":"thesylveonsweeper","username":"TheSylveonSweeper","r":1500,"rd":130,"sigma":0,"rpr":1475.1507991928,"rprd":123.61086077405,"rpsigma":0,"rptime":1441098000,"w":0,"l":1,"t":0,"gxe":46.9,"acre":1000,"lacre":1000,"oldacre":1000},"p2rating":{"entryid":"546956","serverid":"eos","formatid":"randombattle","userid":"arrem","username":"Arrem","w":9,"l":"0","t":"0","gxe":73.5,"r":"1657.5205346209","rd":"100.40535962802","sigma":"0","rptime":"1441098000","rpr":1698.9047201267,"rprd":92.333999785071,"rpsigma":"0","acre":1199.8634315034,"lacre":1199.8634315034,"oldacre":"1187.1635115201"},"endType":"normal"}