{"seed":[51696,22816,56686,33159],"turns":24,"p1":"tonyy18","p2":"redkamel","p1team":[{"name":"Deoxys-Defense","moves":["stealthrock","recover","toxic","seismictoss"],"ability":"Pressure","evs":{"hp":85,"atk":85,"def":85,"spa":85,"spd":85,"spe":85},"ivs":{"hp":31,"atk":31,"def":31,"spa":31,"spd":31,"spe":31},"item":"Leftovers","level":73,"shiny":false},{"name":"Trevenant","moves":["substitute","shadowclaw","hornleech","rest"],"ability":"Natural Cure","evs":{"hp":85,"atk":85,"def":85,"spa":85,"spd":85,"spe":85},"ivs":{"hp":31,"atk":31,"def":31,"spa":31,"spd":31,"spe":31},"item":"Leftovers","level":79,"shiny":false},{"name":"Hydreigon","moves":["darkpulse","earthpower","uturn","roost"],"ability":"Levitate","evs":{"hp":85,"atk":85,"def":85,"spa":85,"spd":85,"spe":85},"ivs":{"hp":31,"atk":31,"def":31,"spa":31,"spd":31,"spe":31},"item":"Life Orb","level":77,"shiny":false},{"name":"Yveltal","moves":["hurricane","darkpulse","taunt","suckerpunch"],"ability":"Dark Aura","evs":{"hp":81,"atk":85,"def":85,"spa":89,"spd":85,"spe":85},"ivs":{"hp":31,"atk":31,"def":31,"spa":31,"spd":31,"spe":31},"item":"Leftovers","level":73,"shiny":false},{"name":"Raikou","moves":["thunderbolt","calmmind","hiddenpowerice","aurasphere"],"ability":"Volt Absorb","evs":{"hp":85,"atk":85,"def":85,"spa":85,"spd":85,"spe":85},"ivs":{"hp":31,"atk":30,"def":30,"spa":31,"spd":31,"spe":31},"item":"Life Orb","level":75,"shiny":false},{"name":"Raticate","moves":["uturn","protect","facade","suckerpunch"],"ability":"Guts","evs":{"hp":85,"atk":85,"def":85,"spa":85,"spd":85,"spe":85},"ivs":{"hp":31,"atk":31,"def":31,"spa":31,"spd":31,"spe":31},"item":"Toxic Orb","level":83,"shiny":false}],"p2team":[{"name":"Primeape","moves":["uturn","closecombat","encore","gunkshot"],"ability":"Anger Point","evs":{"hp":85,"atk":85,"def":85,"spa":85,"spd":85,"spe":85},"ivs":{"hp":31,"atk":31,"def":31,"spa":31,"spd":31,"spe":31},"item":"Life Orb","level":81,"shiny":false},{"name":"Girafarig","moves":["thunderbolt","hypervoice","nastyplot","batonpass"],"ability":"Sap Sipper","evs":{"hp":85,"atk":85,"def":85,"spa":85,"spd":85,"spe":85},"ivs":{"hp":31,"atk":31,"def":31,"spa":31,"spd":31,"spe":31},"item":"Leftovers","level":83,"shiny":false},{"name":"Tentacruel","moves":["toxicspikes","protect","sludgebomb","rapidspin"],"ability":"Clear Body","evs":{"hp":85,"atk":85,"def":85,"spa":85,"spd":85,"spe":85},"ivs":{"hp":31,"atk":31,"def":31,"spa":31,"spd":31,"spe":31},"item":"Black Sludge","level":77,"shiny":false},{"name":"Heracross","moves":["pinmissile","rockblast","substitute","swordsdance"],"ability":"Moxie","evs":{"hp":85,"atk":85,"def":85,"spa":85,"spd":85,"spe":85},"ivs":{"hp":31,"atk":31,"def":31,"spa":31,"spd":31,"spe":31},"item":"Heracronite","level":76,"shiny":false},{"name":"Hydreigon","moves":["superpower","flashcannon","darkpulse","dracometeor"],"ability":"Levitate","evs":{"hp":85,"atk":85,"def":85,"spa":85,"spd":85,"spe":85},"ivs":{"hp":31,"atk":31,"def":31,"spa":31,"spd":31,"spe":31},"item":"Expert Belt","level":77,"shiny":false},{"name":"Swellow","moves":["facade","uturn","quickattack","endeavor"],"ability":"Guts","evs":{"hp":85,"atk":85,"def":85,"spa":85,"spd":85,"spe":85},"ivs":{"hp":31,"atk":31,"def":31,"spa":31,"spd":31,"spe":31},"item":"Toxic Orb","level":81,"shiny":false}],"log":["|player|p1|tonyy18|229","|player|p2|redkamel|277","|gametype|singles","|gen|6","|tier|Random Battle","|rated","|rule|Sleep Clause Mod: Limit one foe put to sleep","|rule|HP Percentage Mod: HP is shown in percentages","|","|start","|switch|p1a: Deoxys-Defense|Deoxys-Defense, L73|193/193","|switch|p2a: Primeape|Primeape, L81, M|238/238","|-ability|p1a: Deoxys-Defense|Pressure","|turn|1","|","|move|p2a: Primeape|U-turn|p1a: Deoxys-Defense","|-supereffective|p1a: Deoxys-Defense","|-damage|p1a: Deoxys-Defense|102/193","|-damage|p2a: Primeape|215/238|[from] item: Life Orb","|","|switch|p2a: Heracross|Heracross, L76, F|247/247","|move|p1a: Deoxys-Defense|Stealth Rock|p2a: Heracross","|-sidestart|p2: redkamel|move: Stealth Rock","|","|-heal|p1a: Deoxys-Defense|114/193|[from] item: Leftovers","|turn|2","|","|switch|p1a: Trevenant|Trevenant, L79, F|264/264","|detailschange|p2a: Heracross|Heracross-Mega, L76, F","|-mega|p2a: Heracross|Heracross|Heracronite","|move|p2a: Heracross|Swords Dance|p2a: Heracross","|-boost|p2a: Heracross|atk|2","|","|turn|3","|","|switch|p1a: Yveltal|Yveltal, L73|304/304","|-ability|p1a: Yveltal|Dark Aura","|move|p2a: Heracross|Pin Missile|p1a: Yveltal","|-crit|p1a: Yveltal","|-damage|p1a: Yveltal|193/304","|-damage|p1a: Yveltal|109/304","|-damage|p1a: Yveltal|30/304","|-damage|p1a: Yveltal|0 fnt","|-hitcount|p1a: Yveltal|4","|faint|p1a: Yveltal","|","|","|switch|p1a: Deoxys-Defense|Deoxys-Defense, L73|114/193","|-ability|p1a: Deoxys-Defense|Pressure","|turn|4","|","|move|p1a: Deoxys-Defense|Toxic|p2a: Heracross","|-status|p2a: Heracross|tox","|move|p2a: Heracross|Pin Missile|p1a: Deoxys-Defense","|-supereffective|p1a: Deoxys-Defense","|-damage|p1a: Deoxys-Defense|6/193","|-supereffective|p1a: Deoxys-Defense","|-damage|p1a: Deoxys-Defense|0 fnt","|-hitcount|p1a: Deoxys-Defense|2","|faint|p1a: Deoxys-Defense","|","|-damage|p2a: Heracross|232/247 tox|[from] psn","|","|switch|p1a: Raticate|Raticate, L83, M|227/227","|turn|5","|","|move|p1a: Raticate|Protect|p1a: Raticate","|-singleturn|p1a: Raticate|Protect","|move|p2a: Heracross|Pin Missile|p1a: Raticate","|-activate|p1a: Raticate|Protect","|","|-damage|p2a: Heracross|202/247 tox|[from] psn","|-status|p1a: Raticate|tox|[from] item: Toxic Orb","|turn|6","|","|move|p1a: Raticate|Facade|p2a: Heracross","|-damage|p2a: Heracross|30/247 tox","|move|p2a: Heracross|Pin Missile|p1a: Raticate","|-damage|p1a: Raticate|136/227 tox","|-damage|p1a: Raticate|33/227 tox","|-damage|p1a: Raticate|0 fnt","|-hitcount|p1a: Raticate|3","|faint|p1a: Raticate","|","|-damage|p2a: Heracross|0 fnt|[from] psn","|faint|p2a: Heracross","|","|switch|p1a: Hydreigon|Hydreigon, L77, M|268/268","|switch|p2a: Hydreigon|Hydreigon, L77, F|268/268","|-damage|p2a: Hydreigon|235/268|[from] Stealth Rock","|turn|7","|","|move|p2a: Hydreigon|Draco Meteor|p1a: Hydreigon","|-supereffective|p1a: Hydreigon","|-damage|p1a: Hydreigon|0 fnt","|-unboost|p2a: Hydreigon|spa|2","|faint|p1a: Hydreigon","|","|","|switch|p1a: Raikou|Raikou, L75|259/259","|turn|8","|","|move|p1a: Raikou|Calm Mind|p1a: Raikou","|-boost|p1a: Raikou|spa|1","|-boost|p1a: Raikou|spd|1","|move|p2a: Hydreigon|Superpower|p1a: Raikou","|-damage|p1a: Raikou|164/259","|-unboost|p2a: Hydreigon|atk|1","|-unboost|p2a: Hydreigon|def|1","|","|turn|9","|","|move|p1a: Raikou|Aura Sphere|p2a: Hydreigon","|-supereffective|p2a: Hydreigon","|-damage|p2a: Hydreigon|17/268","|-damage|p1a: Raikou|139/259|[from] item: Life Orb","|move|p2a: Hydreigon|Flash Cannon|p1a: Raikou","|-resisted|p1a: Raikou","|-damage|p1a: Raikou|129/259","|","|turn|10","|","|move|p1a: Raikou|Calm Mind|p1a: Raikou","|-boost|p1a: Raikou|spa|1","|-boost|p1a: Raikou|spd|1","|move|p2a: Hydreigon|Dark Pulse|p1a: Raikou","|-damage|p1a: Raikou|107/259","|","|turn|11","|","|move|p1a: Raikou|Calm Mind|p1a: Raikou","|-boost|p1a: Raikou|spa|1","|-boost|p1a: Raikou|spd|1","|move|p2a: Hydreigon|Draco Meteor|p1a: Raikou","|-damage|p1a: Raikou|79/259","|-unboost|p2a: Hydreigon|spa|2","|","|turn|12","|","|move|p1a: Raikou|Aura Sphere|p2a: Hydreigon","|-supereffective|p2a: Hydreigon","|-damage|p2a: Hydreigon|0 fnt","|-damage|p1a: Raikou|54/259|[from] item: Life Orb","|faint|p2a: Hydreigon","|","|","|switch|p2a: Primeape|Primeape, L81, M|215/238","|-damage|p2a: Primeape|201/238|[from] Stealth Rock","|turn|13","|","|move|p1a: Raikou|Thunderbolt|p2a: Primeape","|-damage|p2a: Primeape|0 fnt","|-damage|p1a: Raikou|29/259|[from] item: Life Orb","|faint|p2a: Primeape","|","|","|switch|p2a: Swellow|Swellow, L81, M|230/230","|-damage|p2a: Swellow|173/230|[from] Stealth Rock","|turn|14","|","|move|p2a: Swellow|Quick Attack|p1a: Raikou","|-damage|p1a: Raikou|0 fnt","|faint|p1a: Raikou","|","|-status|p2a: Swellow|tox|[from] item: Toxic Orb","|","|switch|p1a: Trevenant|Trevenant, L79, F|264/264","|turn|15","|","|move|p2a: Swellow|U-turn|p1a: Trevenant","|-damage|p1a: Trevenant|192/264","|","|switch|p2a: Tentacruel|Tentacruel, L77, M|250/250","|-damage|p2a: Tentacruel|219/250|[from] Stealth Rock","|move|p1a: Trevenant|Horn Leech|p2a: Tentacruel","|-damage|p2a: Tentacruel|108/250","|-heal|p1a: Trevenant|248/264|[from] drain|[of] p2a: Tentacruel","|","|-heal|p2a: Tentacruel|123/250|[from] item: Black Sludge","|-heal|p1a: Trevenant|264/264|[from] item: Leftovers","|turn|16","|","|move|p2a: Tentacruel|Sludge Bomb|p1a: Trevenant","|-damage|p1a: Trevenant|188/264","|move|p1a: Trevenant|Horn Leech|p2a: Tentacruel","|-damage|p2a: Tentacruel|11/250","|-heal|p1a: Trevenant|244/264|[from] drain|[of] p2a: Tentacruel","|","|-heal|p2a: Tentacruel|26/250|[from] item: Black Sludge","|-heal|p1a: Trevenant|260/264|[from] item: Leftovers","|turn|17","|","|move|p2a: Tentacruel|Sludge Bomb|p1a: Trevenant","|-damage|p1a: Trevenant|184/264","|move|p1a: Trevenant|Horn Leech|p2a: Tentacruel","|-damage|p2a: Tentacruel|0 fnt","|-heal|p1a: Trevenant|197/264|[from] drain|[of] p2a: Tentacruel","|faint|p2a: Tentacruel","|","|-heal|p1a: Trevenant|213/264|[from] item: Leftovers","|","|switch|p2a: Girafarig|Girafarig, L83, F|252/252","|-damage|p2a: Girafarig|221/252|[from] Stealth Rock","|turn|18","|","|move|p2a: Girafarig|Nasty Plot|p2a: Girafarig","|-boost|p2a: Girafarig|spa|2","|move|p1a: Trevenant|Shadow Claw|p2a: Girafarig","|-immune|p2a: Girafarig|[msg]","|","|-heal|p2a: Girafarig|236/252|[from] item: Leftovers","|-heal|p1a: Trevenant|229/264|[from] item: Leftovers","|turn|19","|","|move|p2a: Girafarig|Nasty Plot|p2a: Girafarig","|-boost|p2a: Girafarig|spa|2","|move|p1a: Trevenant|Horn Leech|p2a: Girafarig","|-boost|p2a: Girafarig|atk|1|[from] ability: Sap Sipper","|","|-heal|p2a: Girafarig|251/252|[from] item: Leftovers","|-heal|p1a: Trevenant|245/264|[from] item: Leftovers","|turn|20","|","|move|p2a: Girafarig|Nasty Plot|p2a: Girafarig","|-boost|p2a: Girafarig|spa|2","|move|p1a: Trevenant|Substitute|p1a: Trevenant","|-start|p1a: Trevenant|Substitute","|-damage|p1a: Trevenant|179/264","|","|-heal|p2a: Girafarig|252/252|[from] item: Leftovers","|-heal|p1a: Trevenant|195/264|[from] item: Leftovers","|turn|21","|","|move|p2a: Girafarig|Thunderbolt|p1a: Trevenant","|-resisted|p1a: Trevenant","|-end|p1a: Trevenant|Substitute","|move|p1a: Trevenant|Rest|p1a: Trevenant","|-status|p1a: Trevenant|slp","|-heal|p1a: Trevenant|264/264 slp|[silent]","|-status|p1a: Trevenant|slp|[from] move: Rest","|","|turn|22","|","|move|p2a: Girafarig|Thunderbolt|p1a: Trevenant","|-resisted|p1a: Trevenant","|-damage|p1a: Trevenant|122/264 slp","|cant|p1a: Trevenant|slp","|","|-heal|p1a: Trevenant|138/264 slp|[from] item: Leftovers","|turn|23","|","|move|p2a: Girafarig|Thunderbolt|p1a: Trevenant","|-resisted|p1a: Trevenant","|-damage|p1a: Trevenant|5/264 slp","|cant|p1a: Trevenant|slp","|","|-heal|p1a: Trevenant|21/264 slp|[from] item: Leftovers","|turn|24","|","|move|p2a: Girafarig|Thunderbolt|p1a: Trevenant","|-resisted|p1a: Trevenant","|-damage|p1a: Trevenant|0 fnt","|faint|p1a: Trevenant","|","|win|redkamel"],"p1rating":{"entryid":"7631275","serverid":"eos","formatid":"randombattle","userid":"tonyy18","username":"tonyy18","w":"1","l":3,"t":"0","gxe":44.6,"r":"1500","rd":"130","sigma":"0","rptime":"1439542800","rpr":1457.07992692,"rprd":107.49313441185,"rpsigma":"0","acre":1023.0656963824,"lacre":1023.0656963824,"oldacre":"1038.8385807171"},"p2rating":{"entryid":"6223852","serverid":"eos","formatid":"randombattle","userid":"redkamel","username":"Redkamel","w":2,"l":"0","t":"0","gxe":59.6,"r":"1540.1606143388","rd":133.13495892581,"sigma":"0","rptime":1439542800,"rpr":1577.6498639899,"rprd":125.57354349419,"rpsigma":"0","acre":1073.8863440874,"lacre":1073.8863440874,"oldacre":"1040"},"endType":"normal"}