{"seed":[32249,51889,1840,16820],"turns":22,"p1":"DJReginaLXO","p2":"jwnobbles","p1team":[{"name":"Rotom-Mow","moves":["voltswitch","leafstorm","willowisp","painsplit"],"ability":"Levitate","evs":{"hp":85,"atk":85,"def":85,"spa":85,"spd":85,"spe":85},"ivs":{"hp":31,"atk":31,"def":31,"spa":31,"spd":31,"spe":31},"item":"Focus Sash","level":79,"shiny":false},{"name":"Mewtwo","moves":["aurasphere","shadowball","recover","calmmind"],"ability":"Pressure","evs":{"hp":85,"atk":85,"def":85,"spa":85,"spd":85,"spe":85},"ivs":{"hp":31,"atk":31,"def":31,"spa":31,"spd":31,"spe":31},"item":"Mewtwonite Y","level":73,"shiny":false},{"name":"Leavanny","moves":["swordsdance","leafblade","batonpass","stickyweb"],"ability":"Overcoat","evs":{"hp":81,"atk":89,"def":85,"spa":85,"spd":85,"spe":85},"ivs":{"hp":31,"atk":31,"def":31,"spa":31,"spd":31,"spe":31},"item":"Leftovers","level":83,"shiny":false},{"name":"Hoopa","moves":["focusblast","shadowball","nastyplot","psyshock"],"ability":"Magician","evs":{"hp":85,"atk":85,"def":85,"spa":85,"spd":85,"spe":85},"ivs":{"hp":31,"atk":31,"def":31,"spa":31,"spd":31,"spe":31},"item":"Life Orb","level":75,"shiny":false},{"name":"Shuckle","moves":["stealthrock","toxic","infestation","knockoff"],"ability":"Sturdy","evs":{"hp":85,"atk":85,"def":85,"spa":85,"spd":85,"spe":85},"ivs":{"hp":31,"atk":31,"def":31,"spa":31,"spd":31,"spe":31},"item":"Leftovers","level":78,"shiny":false},{"name":"Slurpuff","moves":["surf","substitute","return","drainingkiss"],"ability":"Unburden","evs":{"hp":85,"atk":85,"def":85,"spa":85,"spd":85,"spe":85},"ivs":{"hp":31,"atk":31,"def":31,"spa":31,"spd":31,"spe":31},"item":"Sitrus Berry","level":77,"shiny":false}],"p2team":[{"name":"Rotom-Wash","moves":["willowisp","painsplit","voltswitch","hydropump"],"ability":"Levitate","evs":{"hp":85,"atk":85,"def":85,"spa":85,"spd":85,"spe":85},"ivs":{"hp":31,"atk":31,"def":31,"spa":31,"spd":31,"spe":31},"item":"Focus Sash","level":75,"shiny":false},{"name":"Girafarig","moves":["nastyplot","batonpass","substitute","hypervoice"],"ability":"Sap Sipper","evs":{"hp":85,"atk":85,"def":85,"spa":85,"spd":85,"spe":85},"ivs":{"hp":31,"atk":31,"def":31,"spa":31,"spd":31,"spe":31},"item":"Leftovers","level":83,"shiny":false},{"name":"Dunsparce","moves":["bodyslam","coil","bite","rockslide"],"ability":"Serene Grace","evs":{"hp":85,"atk":85,"def":85,"spa":85,"spd":85,"spe":85},"ivs":{"hp":31,"atk":31,"def":31,"spa":31,"spd":31,"spe":31},"item":"Life Orb","level":83,"shiny":false},{"name":"Latios","moves":["roost","defog","psyshock","hiddenpowerfire"],"ability":"Levitate","evs":{"hp":85,"atk":85,"def":85,"spa":85,"spd":85,"spe":85},"ivs":{"hp":31,"atk":30,"def":31,"spa":30,"spd":31,"spe":30},"item":"Latiosite","level":75,"shiny":false},{"name":"Dragalge","moves":["focusblast","hiddenpowerfire","toxicspikes","sludgewave"],"ability":"Adaptability","evs":{"hp":85,"atk":85,"def":85,"spa":85,"spd":85,"spe":85},"ivs":{"hp":31,"atk":30,"def":31,"spa":30,"spd":31,"spe":30},"item":"Life Orb","level":77,"shiny":false},{"name":"Typhlosion","moves":["focusblast","eruption","extrasensory","fireblast"],"ability":"Flash Fire","evs":{"hp":85,"atk":85,"def":85,"spa":85,"spd":85,"spe":85},"ivs":{"hp":31,"atk":31,"def":31,"spa":31,"spd":31,"spe":31},"item":"Choice Scarf","level":79,"shiny":false}],"log":["|player|p1|DJReginaLXO|217","|player|p2|jwnobbles|265","|gametype|singles","|gen|6","|tier|Random Battle","|rated","|rule|Sleep Clause Mod: Limit one foe put to sleep","|rule|HP Percentage Mod: HP is shown in percentages","|","|start","|switch|p1a: Rotom-Mow|Rotom-Mow, L79|209/209","|switch|p2a: Rotom-Wash|Rotom-Wash, L75|199/199","|turn|1","|","|move|p1a: Rotom-Mow|Will-O-Wisp|p2a: Rotom-Wash","|-status|p2a: Rotom-Wash|brn","|move|p2a: Rotom-Wash|Will-O-Wisp|p1a: Rotom-Mow","|-status|p1a: Rotom-Mow|brn","|","|-damage|p1a: Rotom-Mow|183/209 brn|[from] brn","|-damage|p2a: Rotom-Wash|175/199 brn|[from] brn","|turn|2","|","|move|p1a: Rotom-Mow|Volt Switch|p2a: Rotom-Wash","|-damage|p2a: Rotom-Wash|112/199 brn","|","|switch|p1a: Shuckle|Shuckle, L78, F|159/159","|move|p2a: Rotom-Wash|Hydro Pump|p1a: Shuckle|[miss]","|-miss|p2a: Rotom-Wash|p1a: Shuckle","|","|-damage|p2a: Rotom-Wash|88/199 brn|[from] brn","|turn|3","|","|switch|p1a: Rotom-Mow|Rotom-Mow, L79|183/209 brn","|move|p2a: Rotom-Wash|Pain Split|p1a: Rotom-Mow","|-sethp|p1a: Rotom-Mow|135/209 brn|p2a: Rotom-Wash|135/199 brn|[from] move: Pain Split","|","|-damage|p1a: Rotom-Mow|109/209 brn|[from] brn","|-damage|p2a: Rotom-Wash|111/199 brn|[from] brn","|turn|4","|","|move|p1a: Rotom-Mow|Leaf Storm|p2a: Rotom-Wash","|-supereffective|p2a: Rotom-Wash","|-damage|p2a: Rotom-Wash|0 fnt","|-unboost|p1a: Rotom-Mow|spa|2","|faint|p2a: Rotom-Wash","|","|-damage|p1a: Rotom-Mow|83/209 brn|[from] brn","|","|switch|p2a: Typhlosion|Typhlosion, L79, F|253/253","|turn|5","|","|move|p2a: Typhlosion|Eruption|p1a: Rotom-Mow","|-supereffective|p1a: Rotom-Mow","|-damage|p1a: Rotom-Mow|0 fnt","|faint|p1a: Rotom-Mow","|","|","|switch|p1a: Shuckle|Shuckle, L78, F|159/159","|turn|6","|","|move|p2a: Typhlosion|Eruption|p1a: Shuckle","|-damage|p1a: Shuckle|81/159","|move|p1a: Shuckle|Knock Off|p2a: Typhlosion","|-damage|p2a: Typhlosion|232/253","|-enditem|p2a: Typhlosion|Choice Scarf|[from] move: Knock Off|[of] p1a: Shuckle","|","|-heal|p1a: Shuckle|90/159|[from] item: Leftovers","|turn|7","|","|move|p2a: Typhlosion|Eruption|p1a: Shuckle","|-damage|p1a: Shuckle|24/159","|move|p1a: Shuckle|Stealth Rock|p2a: Typhlosion","|-sidestart|p2: jwnobbles|move: Stealth Rock","|","|-heal|p1a: Shuckle|33/159|[from] item: Leftovers","|turn|8","|","|move|p2a: Typhlosion|Eruption|p1a: Shuckle","|-damage|p1a: Shuckle|0 fnt","|faint|p1a: Shuckle","|","|","|switch|p1a: Slurpuff|Slurpuff, L77, F|253/253","|turn|9","|","|move|p2a: Typhlosion|Eruption|p1a: Slurpuff","|-damage|p1a: Slurpuff|76/253","|-enditem|p1a: Slurpuff|Sitrus Berry|[eat]","|-heal|p1a: Slurpuff|139/253|[from] item: Sitrus Berry","|move|p1a: Slurpuff|Surf|p2a: Typhlosion","|-supereffective|p2a: Typhlosion","|-damage|p2a: Typhlosion|126/253","|","|turn|10","|","|move|p1a: Slurpuff|Surf|p2a: Typhlosion","|-supereffective|p2a: Typhlosion","|-damage|p2a: Typhlosion|20/253","|move|p2a: Typhlosion|Fire Blast|p1a: Slurpuff","|-damage|p1a: Slurpuff|0 fnt","|faint|p1a: Slurpuff","|","|","|switch|p1a: Leavanny|Leavanny, L83, F|259/259","|turn|11","|","|move|p2a: Typhlosion|Fire Blast|p1a: Leavanny","|-supereffective|p1a: Leavanny","|-damage|p1a: Leavanny|0 fnt","|faint|p1a: Leavanny","|","|","|switch|p1a: Mewtwo|Mewtwo, L73|275/275","|-ability|p1a: Mewtwo|Pressure","|turn|12","|","|detailschange|p1a: Mewtwo|Mewtwo-Mega-Y, L73","|-mega|p1a: Mewtwo|Mewtwo|Mewtwonite Y","|move|p1a: Mewtwo|Aura Sphere|p2a: Typhlosion","|-crit|p2a: Typhlosion","|-damage|p2a: Typhlosion|0 fnt","|faint|p2a: Typhlosion","|","|","|switch|p2a: Dragalge|Dragalge, L77, M|227/227","|-damage|p2a: Dragalge|199/227|[from] Stealth Rock","|turn|13","|","|move|p1a: Mewtwo|Shadow Ball|p2a: Dragalge","|-damage|p2a: Dragalge|133/227","|-unboost|p2a: Dragalge|spd|1","|move|p2a: Dragalge|Sludge Wave|p1a: Mewtwo","|-damage|p1a: Mewtwo|137/275","|-status|p1a: Mewtwo|psn","|-damage|p2a: Dragalge|111/227|[from] item: Life Orb","|","|-damage|p1a: Mewtwo|103/275 psn|[from] psn","|turn|14","|","|move|p1a: Mewtwo|Recover|p1a: Mewtwo","|-heal|p1a: Mewtwo|241/275 psn","|move|p2a: Dragalge|Sludge Wave|p1a: Mewtwo","|-damage|p1a: Mewtwo|106/275 psn","|-damage|p2a: Dragalge|89/227|[from] item: Life Orb","|","|-damage|p1a: Mewtwo|72/275 psn|[from] psn","|turn|15","|","|move|p1a: Mewtwo|Shadow Ball|p2a: Dragalge","|-crit|p2a: Dragalge","|-damage|p2a: Dragalge|0 fnt","|faint|p2a: Dragalge","|","|-damage|p1a: Mewtwo|38/275 psn|[from] psn","|","|switch|p2a: Latios|Latios, L75, M|244/244","|-damage|p2a: Latios|214/244|[from] Stealth Rock","|turn|16","|","|detailschange|p2a: Latios|Latios-Mega, L75, M","|-mega|p2a: Latios|Latios|Latiosite","|move|p1a: Mewtwo|Shadow Ball|p2a: Latios","|-supereffective|p2a: Latios","|-damage|p2a: Latios|88/244","|-unboost|p2a: Latios|spd|1","|move|p2a: Latios|Psyshock|p1a: Mewtwo","|-resisted|p1a: Mewtwo","|-damage|p1a: Mewtwo|0 fnt","|faint|p1a: Mewtwo","|","|","|switch|p1a: Hoopa|Hoopa, L75|244/244","|turn|17","|","|move|p2a: Latios|Defog|p1a: Hoopa","|-unboost|p1a: Hoopa|evasion|1","|-sideend|p2: jwnobbles|Stealth Rock|[from] move: Defog|[of] p2a: Latios","|move|p1a: Hoopa|Shadow Ball|p2a: Latios","|-supereffective|p2a: Latios","|-damage|p2a: Latios|0 fnt","|-damage|p1a: Hoopa|220/244|[from] item: Life Orb","|faint|p2a: Latios","|","|","|switch|p2a: Dunsparce|Dunsparce, L83, M|302/302","|turn|18","|","|move|p1a: Hoopa|Nasty Plot|p1a: Hoopa","|-boost|p1a: Hoopa|spa|2","|move|p2a: Dunsparce|Body Slam|p1a: Hoopa","|-immune|p1a: Hoopa|[msg]","|","|turn|19","|","|move|p1a: Hoopa|Focus Blast|p2a: Dunsparce|[miss]","|-miss|p1a: Hoopa|p2a: Dunsparce","|move|p2a: Dunsparce|Rock Slide|p1a: Hoopa","|-damage|p1a: Hoopa|145/244","|-damage|p2a: Dunsparce|272/302|[from] item: Life Orb","|","|turn|20","|","|move|p1a: Hoopa|Focus Blast|p2a: Dunsparce|[miss]","|-miss|p1a: Hoopa|p2a: Dunsparce","|move|p2a: Dunsparce|Rock Slide|p1a: Hoopa","|-damage|p1a: Hoopa|72/244","|-damage|p2a: Dunsparce|242/302|[from] item: Life Orb","|","|turn|21","|","|move|p1a: Hoopa|Focus Blast|p2a: Dunsparce","|-crit|p2a: Dunsparce","|-supereffective|p2a: Dunsparce","|-damage|p2a: Dunsparce|0 fnt","|-damage|p1a: Hoopa|48/244|[from] item: Life Orb","|faint|p2a: Dunsparce","|","|","|switch|p2a: Girafarig|Girafarig, L83, M|252/252","|turn|22","|","|move|p2a: Girafarig|Hyper Voice|p1a: Hoopa","|-immune|p1a: Hoopa|[msg]","|move|p1a: Hoopa|Focus Blast|p2a: Girafarig","|-damage|p2a: Girafarig|0 fnt","|-damage|p1a: Hoopa|24/244|[from] item: Life Orb","|faint|p2a: Girafarig","|","|win|DJReginaLXO"],"p1rating":{"entryid":"7237979","serverid":"eos","formatid":"randombattle","userid":"djreginalxo","username":"DJ Regina LXO","w":2,"l":"2","t":"0","gxe":50.3,"r":"1465.9545750379","rd":"113.97552160296","sigma":"0","rptime":"1439542800","rpr":1502.2490895871,"rprd":108.95707015913,"rpsigma":"0","acre":1078.4344781428,"lacre":1078.4344781428,"oldacre":"1046.6509023901"},"p2rating":{"entryid":"7168946","serverid":"eos","formatid":"randombattle","userid":"jwnobbles","username":"jwnobbles","w":"2","l":4,"t":"0","gxe":43.9,"r":"1512.6203606688","rd":"110.86471331211","sigma":"0","rptime":"1439542800","rpr":1452.0125552051,"rprd":102.2530717451,"rpsigma":"0","acre":1019.2986433221,"lacre":1019.2986433221,"oldacre":"1033.8141465607"},"endType":"normal"}