{"seed":[38688,12023,30394,40850],"turns":21,"p1":"Ynfynyt Scroll","p2":"Basic24","p1team":[{"name":"Lucario","moves":["closecombat","crunch","flashcannon","bulletpunch"],"ability":"Inner Focus","evs":{"hp":85,"atk":85,"def":85,"spa":85,"spd":85,"spe":85},"ivs":{"hp":31,"atk":31,"def":31,"spa":31,"spd":31,"spe":31},"item":"Lucarionite","level":74,"shiny":false},{"name":"Slowbro","moves":["scald","slackoff","foulplay","toxic"],"ability":"Regenerator","evs":{"hp":85,"atk":85,"def":85,"spa":85,"spd":85,"spe":85},"ivs":{"hp":31,"atk":31,"def":31,"spa":31,"spd":31,"spe":31},"item":"Leftovers","level":75,"shiny":false},{"name":"Heatmor","moves":["gigadrain","fireblast","suckerpunch","knockoff"],"ability":"Flash Fire","evs":{"hp":85,"atk":85,"def":85,"spa":85,"spd":85,"spe":85},"ivs":{"hp":31,"atk":31,"def":31,"spa":31,"spd":31,"spe":31},"item":"Life Orb","level":83,"shiny":false},{"name":"Conkeldurr","moves":["icepunch","drainpunch","machpunch","knockoff"],"ability":"Sheer Force","evs":{"hp":85,"atk":85,"def":85,"spa":85,"spd":85,"spe":85},"ivs":{"hp":31,"atk":31,"def":31,"spa":31,"spd":31,"spe":31},"item":"Life Orb","level":75,"shiny":false},{"name":"Klefki","moves":["lightscreen","spikes","foulplay","playrough"],"ability":"Prankster","evs":{"hp":85,"atk":85,"def":85,"spa":85,"spd":85,"spe":85},"ivs":{"hp":31,"atk":31,"def":31,"spa":31,"spd":31,"spe":31},"item":"Light Clay","level":75,"shiny":false},{"name":"Ursaring","moves":["crunch","swordsdance","facade","closecombat"],"ability":"Guts","evs":{"hp":85,"atk":85,"def":85,"spa":85,"spd":85,"spe":85},"ivs":{"hp":31,"atk":31,"def":31,"spa":31,"spd":31,"spe":31},"item":"Toxic Orb","level":83,"shiny":false}],"p2team":[{"name":"Registeel","moves":["thunderwave","rest","ironhead","seismictoss"],"ability":"Clear Body","evs":{"hp":85,"atk":85,"def":85,"spa":85,"spd":85,"spe":85},"ivs":{"hp":31,"atk":31,"def":31,"spa":31,"spd":31,"spe":31},"item":"Chesto Berry","level":79,"shiny":false},{"name":"Rotom-Heat","moves":["overheat","thunderbolt","trick","willowisp"],"ability":"Levitate","evs":{"hp":81,"atk":85,"def":85,"spa":89,"spd":85,"spe":85},"ivs":{"hp":31,"atk":31,"def":31,"spa":31,"spd":31,"spe":31},"item":"Choice Scarf","level":77,"shiny":false},{"name":"Deoxys-Speed","moves":["knockoff","taunt","stealthrock","psychoboost"],"ability":"Pressure","evs":{"hp":85,"atk":85,"def":85,"spa":85,"spd":85,"spe":85},"ivs":{"hp":31,"atk":31,"def":31,"spa":31,"spd":31,"spe":31},"item":"Leftovers","level":73,"shiny":false},{"name":"Goodra","moves":["thunderbolt","dracometeor","sludgebomb","earthquake"],"ability":"Sap Sipper","evs":{"hp":85,"atk":85,"def":85,"spa":85,"spd":85,"spe":85},"ivs":{"hp":31,"atk":31,"def":31,"spa":31,"spd":31,"spe":31},"item":"Assault Vest","level":77,"shiny":false},{"name":"Kecleon","moves":["shadowsneak","stealthrock","suckerpunch","knockoff"],"ability":"Protean","evs":{"hp":85,"atk":85,"def":85,"spa":85,"spd":85,"spe":85},"ivs":{"hp":31,"atk":31,"def":31,"spa":31,"spd":31,"spe":31},"item":"Life Orb","level":81,"shiny":false},{"name":"Durant","moves":["xscissor","batonpass","ironhead","honeclaws"],"ability":"Hustle","evs":{"hp":85,"atk":85,"def":85,"spa":85,"spd":85,"spe":85},"ivs":{"hp":31,"atk":31,"def":31,"spa":31,"spd":31,"spe":31},"item":"Leftovers","level":79,"shiny":false}],"log":["|player|p1|Ynfynyt Scroll|169","|player|p2|Basic24|265","|gametype|singles","|gen|6","|tier|Random Battle","|rated","|rule|Sleep Clause Mod: Limit one foe put to sleep","|rule|HP Percentage Mod: HP is shown in percentages","|","|start","|switch|p1a: Lucario|Lucario, L74, M|226/226","|switch|p2a: Registeel|Registeel, L79|256/256","|turn|1","|","|detailschange|p1a: Lucario|Lucario-Mega, L74, M","|-mega|p1a: Lucario|Lucario|Lucarionite","|move|p1a: Lucario|Close Combat|p2a: Registeel","|-supereffective|p2a: Registeel","|-damage|p2a: Registeel|12/256","|-unboost|p1a: Lucario|def|1","|-unboost|p1a: Lucario|spd|1","|move|p2a: Registeel|Rest|p2a: Registeel","|-status|p2a: Registeel|slp","|-heal|p2a: Registeel|256/256 slp|[silent]","|-status|p2a: Registeel|slp|[from] move: Rest","|-enditem|p2a: Registeel|Chesto Berry|[eat]","|-curestatus|p2a: Registeel|slp","|","|turn|2","|","|move|p1a: Lucario|Close Combat|p2a: Registeel","|-supereffective|p2a: Registeel","|-damage|p2a: Registeel|0 fnt","|-unboost|p1a: Lucario|def|1","|-unboost|p1a: Lucario|spd|1","|faint|p2a: Registeel","|","|","|switch|p2a: Rotom-Heat|Rotom-Heat, L77|203/203","|turn|3","|","|switch|p1a: Heatmor|Heatmor, L83, M|277/277","|move|p2a: Rotom-Heat|Will-O-Wisp|p1a: Heatmor","|-start|p1a: Heatmor|ability: Flash Fire","|","|turn|4","|","|move|p2a: Rotom-Heat|Will-O-Wisp|p1a: Heatmor","|-immune|p1a: Heatmor|[msg]","|move|p1a: Heatmor|Knock Off|p2a: Rotom-Heat","|-damage|p2a: Rotom-Heat|119/203","|-enditem|p2a: Rotom-Heat|Choice Scarf|[from] move: Knock Off|[of] p1a: Heatmor","|-damage|p1a: Heatmor|250/277|[from] item: Life Orb","|","|turn|5","|","|move|p2a: Rotom-Heat|Thunderbolt|p1a: Heatmor","|-damage|p1a: Heatmor|142/277","|-status|p1a: Heatmor|par","|cant|p1a: Heatmor|par","|","|turn|6","|","|move|p2a: Rotom-Heat|Thunderbolt|p1a: Heatmor","|-damage|p1a: Heatmor|33/277 par","|cant|p1a: Heatmor|par","|","|turn|7","|","|cant|p1a: Heatmor|par","|move|p2a: Rotom-Heat|Thunderbolt|p1a: Heatmor","|-damage|p1a: Heatmor|0 fnt","|faint|p1a: Heatmor","|","|","|switch|p1a: Lucario|Lucario-Mega, L74, M|226/226","|turn|8","|","|move|p1a: Lucario|Close Combat|p2a: Rotom-Heat","|-damage|p2a: Rotom-Heat|0 fnt","|-unboost|p1a: Lucario|def|1","|-unboost|p1a: Lucario|spd|1","|faint|p2a: Rotom-Heat","|","|","|switch|p2a: Deoxys-Speed|Deoxys-Speed, L73|193/193","|-ability|p2a: Deoxys-Speed|Pressure","|turn|9","|","|move|p2a: Deoxys-Speed|Psycho Boost|p1a: Lucario","|-damage|p1a: Lucario|3/226","|-unboost|p2a: Deoxys-Speed|spa|2","|move|p1a: Lucario|Flash Cannon|p2a: Deoxys-Speed","|-damage|p2a: Deoxys-Speed|65/193","|","|-heal|p2a: Deoxys-Speed|77/193|[from] item: Leftovers","|turn|10","|","|move|p1a: Lucario|Bullet Punch|p2a: Deoxys-Speed","|-damage|p2a: Deoxys-Speed|13/193","|move|p2a: Deoxys-Speed|Psycho Boost|p1a: Lucario","|-damage|p1a: Lucario|0 fnt","|-unboost|p2a: Deoxys-Speed|spa|2","|faint|p1a: Lucario","|","|-heal|p2a: Deoxys-Speed|25/193|[from] item: Leftovers","|","|switch|p1a: Ursaring|Ursaring, L83, F|285/285","|turn|11","|","|switch|p2a: Goodra|Goodra, L77, F|265/265","|move|p1a: Ursaring|Swords Dance|p1a: Ursaring","|-boost|p1a: Ursaring|atk|2","|","|-status|p1a: Ursaring|tox|[from] item: Toxic Orb","|turn|12","|","|move|p2a: Goodra|Sludge Bomb|p1a: Ursaring","|-damage|p1a: Ursaring|214/285 tox","|move|p1a: Ursaring|Facade|p2a: Goodra","|-damage|p2a: Goodra|0 fnt","|faint|p2a: Goodra","|","|-damage|p1a: Ursaring|197/285 tox|[from] psn","|","|switch|p2a: Durant|Durant, L79, F|221/221","|turn|13","|","|move|p2a: Durant|Iron Head|p1a: Ursaring|[miss]","|-miss|p2a: Durant|p1a: Ursaring","|move|p1a: Ursaring|Close Combat|p2a: Durant","|-damage|p2a: Durant|0 fnt","|-unboost|p1a: Ursaring|def|1","|-unboost|p1a: Ursaring|spd|1","|faint|p2a: Durant","|","|-damage|p1a: Ursaring|163/285 tox|[from] psn","|","|switch|p2a: Kecleon|Kecleon, L81, M|230/230","|turn|14","|","|move|p2a: Kecleon|Shadow Sneak|p1a: Ursaring","|-start|p2a: Kecleon|typechange|Ghost|[from] Protean","|-immune|p1a: Ursaring|[msg]","|move|p1a: Ursaring|Facade|p2a: Kecleon","|-immune|p2a: Kecleon|[msg]","|","|-damage|p1a: Ursaring|112/285 tox|[from] psn","|turn|15","|","|move|p2a: Kecleon|Sucker Punch|p1a: Ursaring","|-start|p2a: Kecleon|typechange|Dark|[from] Protean","|-damage|p1a: Ursaring|0 fnt","|-damage|p2a: Kecleon|207/230|[from] item: Life Orb","|faint|p1a: Ursaring","|","|","|switch|p1a: Klefki|Klefki, L75, F|209/209","|turn|16","|","|move|p1a: Klefki|Spikes|p2a: Kecleon","|-sidestart|p2: Basic24|Spikes","|move|p2a: Kecleon|Knock Off|p1a: Klefki","|-resisted|p1a: Klefki","|-damage|p1a: Klefki|145/209","|-enditem|p1a: Klefki|Light Clay|[from] move: Knock Off|[of] p2a: Kecleon","|-damage|p2a: Kecleon|184/230|[from] item: Life Orb","|","|turn|17","|","|move|p1a: Klefki|Spikes|p2a: Kecleon","|-sidestart|p2: Basic24|Spikes","|move|p2a: Kecleon|Sucker Punch|p1a: Klefki","|-fail|p2a: Kecleon","|","|turn|18","|","|move|p1a: Klefki|Spikes|p2a: Kecleon","|-sidestart|p2: Basic24|Spikes","|move|p2a: Kecleon|Stealth Rock|p1a: Klefki","|-start|p2a: Kecleon|typechange|Rock|[from] Protean","|-sidestart|p1: Ynfynyt Scroll|move: Stealth Rock","|","|turn|19","|","|move|p1a: Klefki|Play Rough|p2a: Kecleon","|-damage|p2a: Kecleon|97/230","|-unboost|p2a: Kecleon|atk|1","|move|p2a: Kecleon|Stealth Rock|p1a: Klefki","|-fail|p1a: Klefki","|","|turn|20","|","|move|p1a: Klefki|Foul Play|p2a: Kecleon","|-damage|p2a: Kecleon|53/230","|move|p2a: Kecleon|Knock Off|p1a: Klefki","|-start|p2a: Kecleon|typechange|Dark|[from] Protean","|-resisted|p1a: Klefki","|-damage|p1a: Klefki|114/209","|-damage|p2a: Kecleon|30/230|[from] item: Life Orb","|","|turn|21","|","|move|p2a: Kecleon|Shadow Sneak|p1a: Klefki","|-start|p2a: Kecleon|typechange|Ghost|[from] Protean","|-damage|p1a: Klefki|78/209","|-damage|p2a: Kecleon|7/230|[from] item: Life Orb","|move|p1a: Klefki|Play Rough|p2a: Kecleon","|-damage|p2a: Kecleon|0 fnt","|faint|p2a: Kecleon","|","|","|switch|p2a: Deoxys-Speed|Deoxys-Speed, L73|25/193","|-damage|p2a: Deoxys-Speed|0 fnt|[from] Spikes","|faint|p2a: Deoxys-Speed","|","|win|Ynfynyt Scroll"],"p1rating":{"entryid":"7631274","serverid":"eos","formatid":"randombattle","userid":"ynfynytscroll","username":"Ynfynyt Scroll","w":11,"l":"2","t":"0","gxe":68.3,"r":"1500","rd":"130","sigma":"0","rptime":"1439542800","rpr":1648.0411802765,"rprd":81.12042114773,"rpsigma":"0","acre":1200.1339528697,"lacre":1200.1339528697,"oldacre":"1187.449630839"},"p2rating":{"entryid":7638987,"formatid":"randombattle","userid":"basic24","username":"Basic24","r":1500,"rd":130,"sigma":0,"rpr":1459.8393856612,"rprd":122.8583080769,"rpsigma":0,"rptime":1439542800,"w":0,"l":1,"t":0,"gxe":45,"acre":1000,"lacre":1000,"oldacre":1000},"endType":"normal"}