{"seed":[48039,33991,46265,60958],"turns":22,"p1":"tonyy18","p2":"DpxYT","p1team":[{"name":"Gastrodon","moves":["clearsmog","recover","earthquake","icebeam"],"ability":"Storm Drain","evs":{"hp":85,"atk":85,"def":85,"spa":85,"spd":85,"spe":85},"ivs":{"hp":31,"atk":31,"def":31,"spa":31,"spd":31,"spe":31},"item":"Leftovers","level":79,"shiny":false},{"name":"Claydol","moves":["stealthrock","icebeam","toxic","psychic"],"ability":"Levitate","evs":{"hp":85,"atk":85,"def":85,"spa":85,"spd":85,"spe":85},"ivs":{"hp":31,"atk":31,"def":31,"spa":31,"spd":31,"spe":31},"item":"Leftovers","level":81,"shiny":false},{"name":"Weezing","moves":["fireblast","painsplit","sludgebomb","protect"],"ability":"Levitate","evs":{"hp":85,"atk":85,"def":85,"spa":85,"spd":85,"spe":85},"ivs":{"hp":31,"atk":31,"def":31,"spa":31,"spd":31,"spe":31},"item":"Black Sludge","level":81,"shiny":false},{"name":"Venomoth","moves":["bugbuzz","batonpass","substitute","quiverdance"],"ability":"Tinted Lens","evs":{"hp":81,"atk":85,"def":85,"spa":89,"spd":85,"spe":85},"ivs":{"hp":31,"atk":31,"def":31,"spa":31,"spd":31,"spe":31},"item":"Black Sludge","level":79,"shiny":false},{"name":"Jynx","moves":["icebeam","focusblast","psyshock","lovelykiss"],"ability":"Dry Skin","evs":{"hp":85,"atk":85,"def":85,"spa":85,"spd":85,"spe":85},"ivs":{"hp":31,"atk":31,"def":31,"spa":31,"spd":31,"spe":31},"item":"Life Orb","level":81,"shiny":false},{"name":"Lanturn","moves":["healbell","voltswitch","icebeam","hydropump"],"ability":"Volt Absorb","evs":{"hp":85,"atk":85,"def":85,"spa":85,"spd":85,"spe":85},"ivs":{"hp":31,"atk":31,"def":31,"spa":31,"spd":31,"spe":31},"item":"Life Orb","level":81,"shiny":false}],"p2team":[{"name":"Garchomp","moves":["outrage","fireblast","stoneedge","earthquake"],"ability":"Rough Skin","evs":{"hp":85,"atk":85,"def":85,"spa":85,"spd":85,"spe":85},"ivs":{"hp":31,"atk":31,"def":31,"spa":31,"spd":31,"spe":31},"item":"Garchompite","level":75,"shiny":false},{"name":"Watchog","moves":["hypnosis","substitute","superfang","return"],"ability":"Analytic","evs":{"hp":85,"atk":85,"def":85,"spa":85,"spd":85,"spe":85},"ivs":{"hp":31,"atk":31,"def":31,"spa":31,"spd":31,"spe":31},"item":"Leftovers","level":83,"shiny":false},{"name":"Empoleon","moves":["icebeam","toxic","hydropump","hiddenpowerfire"],"ability":"Torrent","evs":{"hp":85,"atk":85,"def":85,"spa":85,"spd":85,"spe":85},"ivs":{"hp":31,"atk":30,"def":31,"spa":30,"spd":31,"spe":30},"item":"Life Orb","level":77,"shiny":false},{"name":"Avalugg","moves":["rapidspin","roar","toxic","avalanche"],"ability":"Sturdy","evs":{"hp":85,"atk":85,"def":85,"spa":85,"spd":85,"spe":85},"ivs":{"hp":31,"atk":31,"def":31,"spa":31,"spd":31,"spe":31},"item":"Leftovers","level":83,"shiny":false},{"name":"Gligar","moves":["knockoff","earthquake","defog","toxic"],"ability":"Immunity","evs":{"hp":85,"atk":85,"def":85,"spa":85,"spd":85,"spe":85},"ivs":{"hp":31,"atk":31,"def":31,"spa":31,"spd":31,"spe":31},"item":"Eviolite","level":77,"shiny":false},{"name":"Jolteon","moves":["thunderbolt","voltswitch","hiddenpowerice","signalbeam"],"ability":"Volt Absorb","evs":{"hp":85,"atk":85,"def":85,"spa":85,"spd":85,"spe":85},"ivs":{"hp":31,"atk":30,"def":30,"spa":31,"spd":31,"spe":31},"item":"Choice Specs","level":79,"shiny":false}],"log":["|player|p1|tonyy18|229","|player|p2|DpxYT|80","|gametype|singles","|gen|6","|tier|Random Battle","|rated","|rule|Sleep Clause Mod: Limit one foe put to sleep","|rule|HP Percentage Mod: HP is shown in percentages","|","|start","|switch|p1a: Gastrodon|Gastrodon, L79, F|305/305","|switch|p2a: Garchomp|Garchomp, L75, F|286/286","|turn|1","|","|detailschange|p2a: Garchomp|Garchomp-Mega, L75, F","|-mega|p2a: Garchomp|Garchomp|Garchompite","|move|p2a: Garchomp|Outrage|p1a: Gastrodon","|-damage|p1a: Gastrodon|89/305","|move|p1a: Gastrodon|Ice Beam|p2a: Garchomp","|-supereffective|p2a: Garchomp","|-damage|p2a: Garchomp|74/286","|","|-heal|p1a: Gastrodon|108/305|[from] item: Leftovers","|turn|2","|","|switch|p1a: Jynx|Jynx, L81, F|238/238","|move|p2a: Garchomp|Outrage|p1a: Jynx|[from]lockedmove","|-damage|p1a: Jynx|0 fnt","|faint|p1a: Jynx","|","|","|switch|p1a: Claydol|Claydol, L81|230/230","|turn|3","|","|move|p2a: Garchomp|Outrage|p1a: Claydol|[from]lockedmove","|-damage|p1a: Claydol|70/230","|-start|p2a: Garchomp|confusion|[fatigue]","|move|p1a: Claydol|Stealth Rock|p2a: Garchomp","|-sidestart|p2: DpxYT|move: Stealth Rock","|","|-heal|p1a: Claydol|84/230|[from] item: Leftovers","|turn|4","|","|-activate|p2a: Garchomp|confusion","|-damage|p2a: Garchomp|38/286|[from] confusion","|move|p1a: Claydol|Ice Beam|p2a: Garchomp","|-supereffective|p2a: Garchomp","|-damage|p2a: Garchomp|0 fnt","|faint|p2a: Garchomp","|","|-heal|p1a: Claydol|98/230|[from] item: Leftovers","|","|switch|p2a: Avalugg|Avalugg, L83, F|293/293","|-damage|p2a: Avalugg|220/293|[from] Stealth Rock","|turn|5","|","|move|p1a: Claydol|Toxic|p2a: Avalugg","|-status|p2a: Avalugg|tox","|move|p2a: Avalugg|Rapid Spin|p1a: Claydol","|-damage|p1a: Claydol|84/230","|-sideend|p2: DpxYT|Stealth Rock|[from] move: Rapid Spin|[of] p2a: Avalugg","|","|-heal|p1a: Claydol|98/230|[from] item: Leftovers","|-heal|p2a: Avalugg|238/293 tox|[from] item: Leftovers","|-damage|p2a: Avalugg|220/293 tox|[from] psn","|turn|6","|","|move|p1a: Claydol|Stealth Rock|p2a: Avalugg","|-sidestart|p2: DpxYT|move: Stealth Rock","|move|p2a: Avalugg|Avalanche|p1a: Claydol","|-supereffective|p1a: Claydol","|-damage|p1a: Claydol|0 fnt","|faint|p1a: Claydol","|","|-heal|p2a: Avalugg|238/293 tox|[from] item: Leftovers","|-damage|p2a: Avalugg|202/293 tox|[from] psn","|","|switch|p1a: Gastrodon|Gastrodon, L79, F|108/305","|turn|7","|","|move|p1a: Gastrodon|Earthquake|p2a: Avalugg","|-damage|p2a: Avalugg|154/293 tox","|move|p2a: Avalugg|Toxic|p1a: Gastrodon","|-status|p1a: Gastrodon|tox","|","|-heal|p1a: Gastrodon|127/305 tox|[from] item: Leftovers","|-heal|p2a: Avalugg|172/293 tox|[from] item: Leftovers","|-damage|p1a: Gastrodon|108/305 tox|[from] psn","|-damage|p2a: Avalugg|118/293 tox|[from] psn","|turn|8","|","|move|p1a: Gastrodon|Recover|p1a: Gastrodon","|-heal|p1a: Gastrodon|261/305 tox","|move|p2a: Avalugg|Avalanche|p1a: Gastrodon","|-damage|p1a: Gastrodon|164/305 tox","|","|-heal|p1a: Gastrodon|183/305 tox|[from] item: Leftovers","|-heal|p2a: Avalugg|136/293 tox|[from] item: Leftovers","|-damage|p1a: Gastrodon|145/305 tox|[from] psn","|-damage|p2a: Avalugg|64/293 tox|[from] psn","|turn|9","|","|move|p1a: Gastrodon|Recover|p1a: Gastrodon","|-heal|p1a: Gastrodon|298/305 tox","|move|p2a: Avalugg|Avalanche|p1a: Gastrodon","|-damage|p1a: Gastrodon|205/305 tox","|","|-heal|p1a: Gastrodon|224/305 tox|[from] item: Leftovers","|-heal|p2a: Avalugg|82/293 tox|[from] item: Leftovers","|-damage|p1a: Gastrodon|167/305 tox|[from] psn","|-damage|p2a: Avalugg|0 fnt|[from] psn","|faint|p2a: Avalugg","|","|switch|p2a: Gligar|Gligar, L77, F|227/227","|-damage|p2a: Gligar|199/227|[from] Stealth Rock","|turn|10","|","|move|p2a: Gligar|Defog|p1a: Gastrodon","|-unboost|p1a: Gastrodon|evasion|1","|-sideend|p2: DpxYT|Stealth Rock|[from] move: Defog|[of] p2a: Gligar","|move|p1a: Gastrodon|Ice Beam|p2a: Gligar","|-supereffective|p2a: Gligar","|-damage|p2a: Gligar|7/227","|","|-heal|p1a: Gastrodon|186/305 tox|[from] item: Leftovers","|-damage|p1a: Gastrodon|110/305 tox|[from] psn","|turn|11","|","|move|p2a: Gligar|Knock Off|p1a: Gastrodon","|-damage|p1a: Gastrodon|50/305 tox","|-enditem|p1a: Gastrodon|Leftovers|[from] move: Knock Off|[of] p2a: Gligar","|move|p1a: Gastrodon|Recover|p1a: Gastrodon","|-heal|p1a: Gastrodon|203/305 tox","|","|-damage|p1a: Gastrodon|108/305 tox|[from] psn","|turn|12","|","|move|p2a: Gligar|Earthquake|p1a: Gastrodon","|-damage|p1a: Gastrodon|20/305 tox","|move|p1a: Gastrodon|Ice Beam|p2a: Gligar","|-supereffective|p2a: Gligar","|-damage|p2a: Gligar|0 fnt","|faint|p2a: Gligar","|","|-damage|p1a: Gastrodon|0 fnt|[from] psn","|faint|p1a: Gastrodon","|","|switch|p2a: Jolteon|Jolteon, L79, M|232/232","|switch|p1a: Venomoth|Venomoth, L79, F|239/239","|turn|13","|","|switch|p1a: Lanturn|Lanturn, L81, F|335/335","|move|p2a: Jolteon|Volt Switch|p1a: Lanturn","|-immune|p1a: Lanturn|[msg]","|","|turn|14","|","|switch|p2a: Watchog|Watchog, L83, F|235/235","|move|p1a: Lanturn|Ice Beam|p2a: Watchog","|-damage|p2a: Watchog|158/235","|-damage|p1a: Lanturn|302/335|[from] item: Life Orb","|","|-heal|p2a: Watchog|172/235|[from] item: Leftovers","|turn|15","|","|move|p2a: Watchog|Hypnosis|p1a: Lanturn","|-status|p1a: Lanturn|slp","|cant|p1a: Lanturn|slp","|","|-heal|p2a: Watchog|186/235|[from] item: Leftovers","|turn|16","|","|move|p2a: Watchog|Super Fang|p1a: Lanturn","|-damage|p1a: Lanturn|151/335 slp","|-curestatus|p1a: Lanturn|slp","|move|p1a: Lanturn|Hydro Pump|p2a: Watchog","|-damage|p2a: Watchog|52/235","|-damage|p1a: Lanturn|118/335|[from] item: Life Orb","|","|-heal|p2a: Watchog|66/235|[from] item: Leftovers","|turn|17","|","|move|p2a: Watchog|Return|p1a: Lanturn","|-damage|p1a: Lanturn|0 fnt","|faint|p1a: Lanturn","|","|-heal|p2a: Watchog|80/235|[from] item: Leftovers","|","|switch|p1a: Venomoth|Venomoth, L79, F|239/239","|turn|18","|","|move|p1a: Venomoth|Quiver Dance|p1a: Venomoth","|-boost|p1a: Venomoth|spa|1","|-boost|p1a: Venomoth|spd|1","|-boost|p1a: Venomoth|spe|1","|move|p2a: Watchog|Substitute|p2a: Watchog","|-start|p2a: Watchog|Substitute","|-damage|p2a: Watchog|22/235","|","|-heal|p2a: Watchog|36/235|[from] item: Leftovers","|turn|19","|","|move|p1a: Venomoth|Bug Buzz|p2a: Watchog","|-damage|p2a: Watchog|0 fnt","|faint|p2a: Watchog","|","|","|switch|p2a: Empoleon|Empoleon, L77, F|256/256","|turn|20","|","|move|p1a: Venomoth|Substitute|p1a: Venomoth","|-start|p1a: Venomoth|Substitute","|-damage|p1a: Venomoth|180/239","|move|p2a: Empoleon|Ice Beam|p1a: Venomoth","|-activate|p1a: Venomoth|Substitute|[damage]","|-damage|p2a: Empoleon|231/256|[from] item: Life Orb","|","|-heal|p1a: Venomoth|194/239|[from] item: Black Sludge","|turn|21","|","|move|p1a: Venomoth|Quiver Dance|p1a: Venomoth","|-boost|p1a: Venomoth|spa|1","|-boost|p1a: Venomoth|spd|1","|-boost|p1a: Venomoth|spe|1","|move|p2a: Empoleon|Hidden Power|p1a: Venomoth","|-supereffective|p1a: Venomoth","|-end|p1a: Venomoth|Substitute","|-damage|p2a: Empoleon|206/256|[from] item: Life Orb","|","|-heal|p1a: Venomoth|208/239|[from] item: Black Sludge","|turn|22","|","|win|tonyy18"],"p1rating":{"entryid":"7631275","serverid":"eos","formatid":"randombattle","userid":"tonyy18","username":"tonyy18","w":3,"l":"5","t":"0","gxe":46.2,"r":"1500","rd":"130","sigma":"0","rptime":"1439542800","rpr":1470.4458966085,"rprd":92.707574690814,"rpsigma":"0","acre":1067.1183107193,"lacre":1067.1183107193,"oldacre":"1029.3853653601"},"p2rating":{"entryid":"5752056","serverid":"eos","formatid":"randombattle","userid":"dpxyt","username":"DpxYT","w":"6","l":9,"t":"0","gxe":44.1,"r":"1471.3964187373","rd":"85.792422623838","sigma":"0","rptime":"1439542800","rpr":1454.1917716041,"rprd":83.65298067556,"rpsigma":"0","acre":1031.7061987361,"lacre":1031.7061987361,"oldacre":"1050.3076947868"},"endType":"forfeit"}