{"seed":[63672,30712,33361,63780],"turns":20,"p1":"tonyy18","p2":"Pikapig123","p1team":[{"name":"Rotom-Wash","moves":["trick","thunderbolt","hiddenpowerice","willowisp"],"ability":"Levitate","evs":{"hp":85,"atk":85,"def":85,"spa":85,"spd":85,"spe":85},"ivs":{"hp":31,"atk":30,"def":30,"spa":31,"spd":31,"spe":31},"item":"Choice Scarf","level":75,"shiny":false},{"name":"Togekiss","moves":["nastyplot","healbell","batonpass","airslash"],"ability":"Serene Grace","evs":{"hp":85,"atk":85,"def":85,"spa":85,"spd":85,"spe":85},"ivs":{"hp":31,"atk":31,"def":31,"spa":31,"spd":31,"spe":31},"item":"Leftovers","level":76,"shiny":false},{"name":"Jumpluff","moves":["sleeppowder","encore","leechseed","acrobatics"],"ability":"Infiltrator","evs":{"hp":81,"atk":89,"def":85,"spa":85,"spd":85,"spe":85},"ivs":{"hp":31,"atk":31,"def":31,"spa":31,"spd":31,"spe":31},"item":"Flying Gem","level":83,"shiny":false},{"name":"Tauros","moves":["doubleedge","rockslide","earthquake","zenheadbutt"],"ability":"Intimidate","evs":{"hp":85,"atk":85,"def":85,"spa":85,"spd":85,"spe":85},"ivs":{"hp":31,"atk":31,"def":31,"spa":31,"spd":31,"spe":31},"item":"Choice Band","level":81,"shiny":false},{"name":"Arceus-Ghost","moves":["judgment","calmmind","focusblast","recover"],"ability":"Multitype","evs":{"hp":85,"atk":85,"def":85,"spa":85,"spd":85,"spe":85},"ivs":{"hp":31,"atk":31,"def":31,"spa":31,"spd":31,"spe":31},"item":"Spooky Plate","level":73,"shiny":false},{"name":"Lucario","moves":["nastyplot","darkpulse","bulletpunch","closecombat"],"ability":"Justified","evs":{"hp":85,"atk":85,"def":85,"spa":85,"spd":85,"spe":85},"ivs":{"hp":31,"atk":31,"def":31,"spa":31,"spd":31,"spe":31},"item":"Lucarionite","level":74,"shiny":false}],"p2team":[{"name":"Cresselia","moves":["toxic","icebeam","psychic","substitute"],"ability":"Levitate","evs":{"hp":85,"atk":85,"def":85,"spa":85,"spd":85,"spe":85},"ivs":{"hp":31,"atk":31,"def":31,"spa":31,"spd":31,"spe":31},"item":"Leftovers","level":77,"shiny":false},{"name":"Beedrill","moves":["xscissor","poisonjab","drillrun","knockoff"],"ability":"Swarm","evs":{"hp":85,"atk":85,"def":85,"spa":85,"spd":85,"spe":85},"ivs":{"hp":31,"atk":31,"def":31,"spa":31,"spd":31,"spe":31},"item":"Beedrillite","level":77,"shiny":false},{"name":"Groudon","moves":["stoneedge","toxic","rockpolish","precipiceblades"],"ability":"Drought","evs":{"hp":85,"atk":85,"def":85,"spa":85,"spd":85,"spe":85},"ivs":{"hp":31,"atk":31,"def":31,"spa":31,"spd":31,"spe":31},"item":"Leftovers","level":73,"shiny":false},{"name":"Heliolisk","moves":["thunderbolt","hiddenpowerice","hypervoice","raindance"],"ability":"Dry Skin","evs":{"hp":85,"atk":85,"def":85,"spa":85,"spd":85,"spe":85},"ivs":{"hp":31,"atk":30,"def":30,"spa":31,"spd":31,"spe":31},"item":"Damp Rock","level":77,"shiny":false},{"name":"Moltres","moves":["hiddenpowergrass","fireblast","willowisp","hurricane"],"ability":"Flame Body","evs":{"hp":81,"atk":85,"def":85,"spa":89,"spd":85,"spe":85},"ivs":{"hp":31,"atk":30,"def":31,"spa":30,"spd":31,"spe":31},"item":"Life Orb","level":78,"shiny":false},{"name":"Masquerain","moves":["airslash","stickyweb","roost","bugbuzz"],"ability":"Intimidate","evs":{"hp":81,"atk":85,"def":85,"spa":89,"spd":85,"spe":85},"ivs":{"hp":31,"atk":31,"def":31,"spa":31,"spd":31,"spe":31},"item":"Leftovers","level":83,"shiny":false}],"log":["|player|p1|tonyy18|229","|player|p2|Pikapig123|120","|gametype|singles","|gen|6","|tier|Random Battle","|rated","|rule|Sleep Clause Mod: Limit one foe put to sleep","|rule|HP Percentage Mod: HP is shown in percentages","|","|start","|switch|p1a: Rotom-Wash|Rotom-Wash, L75|199/199","|switch|p2a: Cresselia|Cresselia, L77, F|311/311","|turn|1","|","|move|p1a: Rotom-Wash|Thunderbolt|p2a: Cresselia","|-damage|p2a: Cresselia|245/311","|move|p2a: Cresselia|Psychic|p1a: Rotom-Wash","|-damage|p1a: Rotom-Wash|132/199","|","|-heal|p2a: Cresselia|264/311|[from] item: Leftovers","|turn|2","|","|switch|p1a: Togekiss|Togekiss, L76, F|254/254","|move|p2a: Cresselia|Psychic|p1a: Togekiss","|-damage|p1a: Togekiss|194/254","|","|-heal|p2a: Cresselia|283/311|[from] item: Leftovers","|-heal|p1a: Togekiss|209/254|[from] item: Leftovers","|turn|3","|","|move|p2a: Cresselia|Ice Beam|p1a: Togekiss","|-supereffective|p1a: Togekiss","|-damage|p1a: Togekiss|121/254","|move|p1a: Togekiss|Air Slash|p2a: Cresselia","|-damage|p2a: Cresselia|223/311","|","|-heal|p2a: Cresselia|242/311|[from] item: Leftovers","|-heal|p1a: Togekiss|136/254|[from] item: Leftovers","|turn|4","|","|move|p2a: Cresselia|Ice Beam|p1a: Togekiss","|-supereffective|p1a: Togekiss","|-damage|p1a: Togekiss|62/254","|-status|p1a: Togekiss|frz","|-curestatus|p1a: Togekiss|frz","|move|p1a: Togekiss|Heal Bell|p1a: Togekiss","|-cureteam|p1a: Togekiss|[from] move: HealBell","|","|-heal|p2a: Cresselia|261/311|[from] item: Leftovers","|-heal|p1a: Togekiss|77/254|[from] item: Leftovers","|turn|5","|","|move|p2a: Cresselia|Ice Beam|p1a: Togekiss","|-supereffective|p1a: Togekiss","|-damage|p1a: Togekiss|3/254","|move|p1a: Togekiss|Nasty Plot|p1a: Togekiss","|-boost|p1a: Togekiss|spa|2","|","|-heal|p2a: Cresselia|280/311|[from] item: Leftovers","|-heal|p1a: Togekiss|18/254|[from] item: Leftovers","|turn|6","|","|move|p2a: Cresselia|Ice Beam|p1a: Togekiss","|-supereffective|p1a: Togekiss","|-damage|p1a: Togekiss|0 fnt","|faint|p1a: Togekiss","|","|-heal|p2a: Cresselia|299/311|[from] item: Leftovers","|","|switch|p1a: Arceus-Ghost|Arceus-Ghost, L73|296/296","|turn|7","|","|move|p1a: Arceus-Ghost|Calm Mind|p1a: Arceus-Ghost","|-boost|p1a: Arceus-Ghost|spa|1","|-boost|p1a: Arceus-Ghost|spd|1","|move|p2a: Cresselia|Psychic|p1a: Arceus-Ghost","|-damage|p1a: Arceus-Ghost|256/296","|","|-heal|p2a: Cresselia|311/311|[from] item: Leftovers","|turn|8","|","|move|p1a: Arceus-Ghost|Calm Mind|p1a: Arceus-Ghost","|-boost|p1a: Arceus-Ghost|spa|1","|-boost|p1a: Arceus-Ghost|spd|1","|move|p2a: Cresselia|Ice Beam|p1a: Arceus-Ghost","|-damage|p1a: Arceus-Ghost|235/296","|","|turn|9","|","|move|p1a: Arceus-Ghost|Judgment|p2a: Cresselia","|-supereffective|p2a: Cresselia","|-damage|p2a: Cresselia|0 fnt","|faint|p2a: Cresselia","|","|","|switch|p2a: Heliolisk|Heliolisk, L77, M|222/222","|turn|10","|","|move|p1a: Arceus-Ghost|Focus Blast|p2a: Heliolisk|[miss]","|-miss|p1a: Arceus-Ghost|p2a: Heliolisk","|move|p2a: Heliolisk|Hyper Voice|p1a: Arceus-Ghost","|-immune|p1a: Arceus-Ghost|[msg]","|","|turn|11","|","|move|p1a: Arceus-Ghost|Focus Blast|p2a: Heliolisk|[miss]","|-miss|p1a: Arceus-Ghost|p2a: Heliolisk","|move|p2a: Heliolisk|Thunderbolt|p1a: Arceus-Ghost","|-crit|p1a: Arceus-Ghost","|-damage|p1a: Arceus-Ghost|117/296","|","|turn|12","|","|move|p1a: Arceus-Ghost|Focus Blast|p2a: Heliolisk","|-supereffective|p2a: Heliolisk","|-damage|p2a: Heliolisk|0 fnt","|faint|p2a: Heliolisk","|","|","|switch|p2a: Beedrill|Beedrill, L77, M|227/227","|turn|13","|","|detailschange|p2a: Beedrill|Beedrill-Mega, L77, M","|-mega|p2a: Beedrill|Beedrill|Beedrillite","|move|p1a: Arceus-Ghost|Recover|p1a: Arceus-Ghost","|-heal|p1a: Arceus-Ghost|265/296","|move|p2a: Beedrill|Knock Off|p1a: Arceus-Ghost","|-supereffective|p1a: Arceus-Ghost","|-damage|p1a: Arceus-Ghost|167/296","|","|turn|14","|","|move|p2a: Beedrill|Poison Jab|p1a: Arceus-Ghost","|-resisted|p1a: Arceus-Ghost","|-damage|p1a: Arceus-Ghost|109/296","|move|p1a: Arceus-Ghost|Focus Blast|p2a: Beedrill","|-resisted|p2a: Beedrill","|-damage|p2a: Beedrill|183/227","|","|turn|15","|","|move|p2a: Beedrill|X-Scissor|p1a: Arceus-Ghost","|-resisted|p1a: Arceus-Ghost","|-damage|p1a: Arceus-Ghost|53/296","|move|p1a: Arceus-Ghost|Recover|p1a: Arceus-Ghost","|-heal|p1a: Arceus-Ghost|201/296","|","|turn|16","|","|move|p2a: Beedrill|Knock Off|p1a: Arceus-Ghost","|-supereffective|p1a: Arceus-Ghost","|-damage|p1a: Arceus-Ghost|99/296","|move|p1a: Arceus-Ghost|Recover|p1a: Arceus-Ghost","|-heal|p1a: Arceus-Ghost|247/296","|","|turn|17","|","|move|p2a: Beedrill|Knock Off|p1a: Arceus-Ghost","|-supereffective|p1a: Arceus-Ghost","|-damage|p1a: Arceus-Ghost|155/296","|move|p1a: Arceus-Ghost|Judgment|p2a: Beedrill","|-damage|p2a: Beedrill|0 fnt","|faint|p2a: Beedrill","|","|","|switch|p2a: Masquerain|Masquerain, L83, F|251/251","|-ability|p2a: Masquerain|Intimidate","|-unboost|p1a: Arceus-Ghost|atk|1","|turn|18","|","|move|p1a: Arceus-Ghost|Recover|p1a: Arceus-Ghost","|-heal|p1a: Arceus-Ghost|296/296","|move|p2a: Masquerain|Air Slash|p1a: Arceus-Ghost","|-damage|p1a: Arceus-Ghost|266/296","|","|turn|19","|","|move|p1a: Arceus-Ghost|Judgment|p2a: Masquerain","|-damage|p2a: Masquerain|25/251","|move|p2a: Masquerain|Bug Buzz|p1a: Arceus-Ghost","|-resisted|p1a: Arceus-Ghost","|-damage|p1a: Arceus-Ghost|247/296","|","|-heal|p2a: Masquerain|40/251|[from] item: Leftovers","|turn|20","|","|win|tonyy18"],"p1rating":{"entryid":"7631275","serverid":"eos","formatid":"randombattle","userid":"tonyy18","username":"tonyy18","w":2,"l":"3","t":"0","gxe":48.8,"r":"1500","rd":"130","sigma":"0","rptime":"1439542800","rpr":1490.8258005104,"rprd":103.20850436552,"rpsigma":"0","acre":1064.5227779799,"lacre":1064.5227779799,"oldacre":"1023.0656963824"},"p2rating":{"entryid":"7512737","serverid":"eos","formatid":"randombattle","userid":"pikapig123","username":"Pikapig123","w":"2","l":2,"t":"0","gxe":48.3,"r":"1519.2234552441","rd":"112.01160573664","sigma":"0","rptime":"1439542800","rpr":1486.9905747238,"rprd":107.35723799044,"rpsigma":"0","acre":1046.8267796578,"lacre":1046.8267796578,"oldacre":"1070.1028089042"},"endType":"forfeit"}