{"seed":[39378,45858,30917,38807],"turns":15,"p1":"Warden Indie Bunny","p2":"Thorf","p1team":[{"name":"Vanilluxe","moves":["freezedry","autotomize","flashcannon","explosion"],"ability":"Ice Body","evs":{"hp":85,"atk":85,"def":85,"spa":85,"spd":85,"spe":85},"ivs":{"hp":31,"atk":31,"def":31,"spa":31,"spd":31,"spe":31},"item":"Life Orb","level":83,"shiny":false},{"name":"Flygon","moves":["uturn","defog","roost","outrage"],"ability":"Levitate","evs":{"hp":85,"atk":85,"def":85,"spa":85,"spd":85,"spe":85},"ivs":{"hp":31,"atk":31,"def":31,"spa":31,"spd":31,"spe":31},"item":"Leftovers","level":79,"shiny":false},{"name":"Klinklang","moves":["return","wildcharge","geargrind","substitute"],"ability":"Clear Body","evs":{"hp":85,"atk":85,"def":85,"spa":85,"spd":85,"spe":85},"ivs":{"hp":31,"atk":31,"def":31,"spa":31,"spd":31,"spe":31},"item":"Leftovers","level":81,"shiny":false},{"name":"Arbok","moves":["gunkshot","suckerpunch","aquatail","earthquake"],"ability":"Intimidate","evs":{"hp":85,"atk":85,"def":85,"spa":85,"spd":85,"spe":85},"ivs":{"hp":31,"atk":31,"def":31,"spa":31,"spd":31,"spe":31},"item":"Life Orb","level":83,"shiny":false},{"name":"Gastrodon","moves":["toxic","scald","icebeam","clearsmog"],"ability":"Storm Drain","evs":{"hp":85,"atk":85,"def":85,"spa":85,"spd":85,"spe":85},"ivs":{"hp":31,"atk":31,"def":31,"spa":31,"spd":31,"spe":31},"item":"Leftovers","level":79,"shiny":false},{"name":"Scyther","moves":["knockoff","brickbreak","aerialace","bugbite"],"ability":"Technician","evs":{"hp":81,"atk":89,"def":85,"spa":85,"spd":85,"spe":85},"ivs":{"hp":31,"atk":31,"def":31,"spa":31,"spd":31,"spe":31},"item":"Eviolite","level":81,"shiny":false}],"p2team":[{"name":"Lumineon","moves":["icebeam","defog","uturn","waterfall"],"ability":"Storm Drain","evs":{"hp":85,"atk":85,"def":85,"spa":85,"spd":85,"spe":85},"ivs":{"hp":31,"atk":31,"def":31,"spa":31,"spd":31,"spe":31},"item":"Life Orb","level":83,"shiny":false},{"name":"Deoxys-Attack","moves":["extremespeed","firepunch","psychoboost","superpower"],"ability":"Pressure","evs":{"hp":85,"atk":85,"def":85,"spa":85,"spd":85,"spe":85},"ivs":{"hp":31,"atk":31,"def":31,"spa":31,"spd":31,"spe":31},"item":"Life Orb","level":73,"shiny":false},{"name":"Cacturne","moves":["spikes","substitute","suckerpunch","drainpunch"],"ability":"Water Absorb","evs":{"hp":85,"atk":85,"def":85,"spa":85,"spd":85,"spe":85},"ivs":{"hp":31,"atk":31,"def":31,"spa":31,"spd":31,"spe":31},"item":"Leftovers","level":81,"shiny":false},{"name":"Jirachi","moves":["uturn","bodyslam","ironhead","trick"],"ability":"Serene Grace","evs":{"hp":85,"atk":85,"def":85,"spa":85,"spd":85,"spe":85},"ivs":{"hp":31,"atk":31,"def":31,"spa":31,"spd":31,"spe":31},"item":"Choice Band","level":75,"shiny":false},{"name":"Sylveon","moves":["batonpass","calmmind","protect","hypervoice"],"ability":"Pixilate","evs":{"hp":85,"atk":85,"def":85,"spa":85,"spd":85,"spe":85},"ivs":{"hp":31,"atk":31,"def":31,"spa":31,"spd":31,"spe":31},"item":"Leftovers","level":75,"shiny":false},{"name":"Beedrill","moves":["swordsdance","drillrun","knockoff","xscissor"],"ability":"Swarm","evs":{"hp":85,"atk":85,"def":85,"spa":85,"spd":85,"spe":85},"ivs":{"hp":31,"atk":31,"def":31,"spa":31,"spd":31,"spe":31},"item":"Beedrillite","level":77,"shiny":false}],"log":["|player|p1|Warden Indie Bunny|28","|player|p2|Thorf|170","|gametype|singles","|gen|6","|tier|Random Battle","|rated","|rule|Sleep Clause Mod: Limit one foe put to sleep","|rule|HP Percentage Mod: HP is shown in percentages","|","|start","|switch|p1a: Vanilluxe|Vanilluxe, L83, M|254/254","|switch|p2a: Lumineon|Lumineon, L83, F|250/250","|turn|1","|","|move|p2a: Lumineon|U-turn|p1a: Vanilluxe","|-damage|p1a: Vanilluxe|199/254","|-damage|p2a: Lumineon|225/250|[from] item: Life Orb","|","|switch|p2a: Jirachi|Jirachi, L75|274/274","|move|p1a: Vanilluxe|Autotomize|p1a: Vanilluxe","|-boost|p1a: Vanilluxe|spe|2","|-start|p1a: Vanilluxe|Autotomize","|","|turn|2","|","|move|p1a: Vanilluxe|Flash Cannon|p2a: Jirachi","|-resisted|p2a: Jirachi","|-damage|p2a: Jirachi|235/274","|-unboost|p2a: Jirachi|spd|1","|-damage|p1a: Vanilluxe|174/254|[from] item: Life Orb","|move|p2a: Jirachi|Iron Head|p1a: Vanilluxe","|-supereffective|p1a: Vanilluxe","|-damage|p1a: Vanilluxe|0 fnt","|faint|p1a: Vanilluxe","|","|","|switch|p1a: Arbok|Arbok, L83, M|235/235","|-ability|p1a: Arbok|Intimidate","|-unboost|p2a: Jirachi|atk|1","|turn|3","|","|switch|p2a: Lumineon|Lumineon, L83, F|225/250","|move|p1a: Arbok|Earthquake|p2a: Lumineon","|-damage|p2a: Lumineon|126/250","|-damage|p1a: Arbok|212/235|[from] item: Life Orb","|","|turn|4","|","|move|p2a: Lumineon|Waterfall|p1a: Arbok","|-damage|p1a: Arbok|99/235","|-damage|p2a: Lumineon|101/250|[from] item: Life Orb","|move|p1a: Arbok|Gunk Shot|p2a: Lumineon","|-damage|p2a: Lumineon|0 fnt","|-damage|p1a: Arbok|76/235|[from] item: Life Orb","|faint|p2a: Lumineon","|","|","|switch|p2a: Jirachi|Jirachi, L75|235/274","|turn|5","|","|move|p1a: Arbok|Sucker Punch|p2a: Jirachi","|-supereffective|p2a: Jirachi","|-damage|p2a: Jirachi|105/274","|-damage|p1a: Arbok|53/235|[from] item: Life Orb","|move|p2a: Jirachi|Iron Head|p1a: Arbok","|-crit|p1a: Arbok","|-damage|p1a: Arbok|0 fnt","|faint|p1a: Arbok","|","|","|switch|p1a: Scyther|Scyther, L81, F|245/245","|turn|6","|","|move|p1a: Scyther|Knock Off|p2a: Jirachi","|-supereffective|p2a: Jirachi","|-damage|p2a: Jirachi|0 fnt","|-enditem|p2a: Jirachi|Choice Band|[from] move: Knock Off|[of] p1a: Scyther","|faint|p2a: Jirachi","|","|","|switch|p2a: Beedrill|Beedrill, L77, F|227/227","|turn|7","|","|detailschange|p2a: Beedrill|Beedrill-Mega, L77, F","|-mega|p2a: Beedrill|Beedrill|Beedrillite","|move|p1a: Scyther|Aerial Ace|p2a: Beedrill","|-supereffective|p2a: Beedrill","|-damage|p2a: Beedrill|0 fnt","|faint|p2a: Beedrill","|","|","|switch|p2a: Deoxys-Attack|Deoxys-Attack, L73|193/193","|-ability|p2a: Deoxys-Attack|Pressure","|turn|8","|","|move|p2a: Deoxys-Attack|Psycho Boost|p1a: Scyther","|-damage|p1a: Scyther|46/245","|-unboost|p2a: Deoxys-Attack|spa|2","|-damage|p2a: Deoxys-Attack|174/193|[from] item: Life Orb","|move|p1a: Scyther|Bug Bite|p2a: Deoxys-Attack","|-supereffective|p2a: Deoxys-Attack","|-damage|p2a: Deoxys-Attack|0 fnt","|faint|p2a: Deoxys-Attack","|","|","|switch|p2a: Cacturne|Cacturne, L81, F|246/246","|turn|9","|","|move|p2a: Cacturne|Sucker Punch|p1a: Scyther","|-damage|p1a: Scyther|0 fnt","|faint|p1a: Scyther","|","|","|switch|p1a: Flygon|Flygon, L79, F|256/256","|turn|10","|","|move|p1a: Flygon|U-turn|p2a: Cacturne","|-supereffective|p2a: Cacturne","|-damage|p2a: Cacturne|14/246","|","|switch|p1a: Klinklang|Klinklang, L81|230/230","|move|p2a: Cacturne|Drain Punch|p1a: Klinklang","|-supereffective|p1a: Klinklang","|-damage|p1a: Klinklang|128/230","|-heal|p2a: Cacturne|65/246|[from] drain|[of] p1a: Klinklang","|","|-heal|p1a: Klinklang|142/230|[from] item: Leftovers","|-heal|p2a: Cacturne|80/246|[from] item: Leftovers","|turn|11","|","|move|p1a: Klinklang|Gear Grind|p2a: Cacturne","|-damage|p2a: Cacturne|8/246","|-damage|p2a: Cacturne|0 fnt","|-hitcount|p2a: Cacturne|2","|faint|p2a: Cacturne","|","|-heal|p1a: Klinklang|156/230|[from] item: Leftovers","|","|switch|p2a: Sylveon|Sylveon, L75, M|266/266","|turn|12","|","|move|p1a: Klinklang|Gear Grind|p2a: Sylveon|[miss]","|-miss|p1a: Klinklang|p2a: Sylveon","|move|p2a: Sylveon|Hyper Voice|p1a: Klinklang","|-resisted|p1a: Klinklang","|-damage|p1a: Klinklang|101/230","|","|-heal|p1a: Klinklang|115/230|[from] item: Leftovers","|turn|13","|","|move|p1a: Klinklang|Gear Grind|p2a: Sylveon|[miss]","|-miss|p1a: Klinklang|p2a: Sylveon","|move|p2a: Sylveon|Calm Mind|p2a: Sylveon","|-boost|p2a: Sylveon|spa|1","|-boost|p2a: Sylveon|spd|1","|","|-heal|p1a: Klinklang|129/230|[from] item: Leftovers","|turn|14","|","|move|p1a: Klinklang|Gear Grind|p2a: Sylveon|[miss]","|-miss|p1a: Klinklang|p2a: Sylveon","|move|p2a: Sylveon|Hyper Voice|p1a: Klinklang","|-resisted|p1a: Klinklang","|-damage|p1a: Klinklang|42/230","|","|-heal|p1a: Klinklang|56/230|[from] item: Leftovers","|turn|15","|","|move|p1a: Klinklang|Gear Grind|p2a: Sylveon","|-supereffective|p2a: Sylveon","|-damage|p2a: Sylveon|132/266","|-supereffective|p2a: Sylveon","|-damage|p2a: Sylveon|0 fnt","|-hitcount|p2a: Sylveon|2","|faint|p2a: Sylveon","|","|win|Warden Indie Bunny"],"p1rating":{"entryid":"7605998","serverid":"eos","formatid":"randombattle","userid":"wardenindiebunny","username":"Warden Indie Bunny","w":2,"l":"0","t":"0","gxe":59,"r":1540.1606143388,"rd":122.8583080769,"sigma":"0","rptime":1439542800,"rpr":1572.6173197679,"rprd":116.84146468108,"rpsigma":"0","acre":1074.7547731706,"lacre":1074.7547731706,"oldacre":"1046.0151257808"},"p2rating":{"entryid":7623481,"formatid":"randombattle","userid":"thorf","username":"Thorf","r":1500,"rd":130,"sigma":0,"rpr":1459.8393856612,"rprd":122.8583080769,"rpsigma":0,"rptime":1439542800,"w":0,"l":1,"t":0,"gxe":45,"acre":1000,"lacre":1000,"oldacre":1000},"endType":"normal"}