{"seed":[25703,55918,25004,62227],"turns":23,"p1":"Ynfynyt Scroll","p2":"opukjk","p1team":[{"name":"Heatran","moves":["flashcannon","roar","earthpower","lavaplume"],"ability":"Flash Fire","evs":{"hp":85,"atk":85,"def":85,"spa":85,"spd":85,"spe":85},"ivs":{"hp":31,"atk":31,"def":31,"spa":31,"spd":31,"spe":31},"item":"Air Balloon","level":75,"shiny":false},{"name":"Scrafty","moves":["drainpunch","icepunch","bulkup","knockoff"],"ability":"Shed Skin","evs":{"hp":85,"atk":85,"def":85,"spa":85,"spd":85,"spe":85},"ivs":{"hp":31,"atk":31,"def":31,"spa":31,"spd":31,"spe":31},"item":"Leftovers","level":79,"shiny":false},{"name":"Chesnaught","moves":["spikyshield","spikes","leechseed","woodhammer"],"ability":"Bulletproof","evs":{"hp":85,"atk":85,"def":85,"spa":85,"spd":85,"spe":85},"ivs":{"hp":31,"atk":31,"def":31,"spa":31,"spd":31,"spe":31},"item":"Leftovers","level":77,"shiny":false},{"name":"Darkrai","moves":["nastyplot","darkvoid","darkpulse","sludgebomb"],"ability":"Bad Dreams","evs":{"hp":85,"atk":85,"def":85,"spa":85,"spd":85,"spe":85},"ivs":{"hp":31,"atk":31,"def":31,"spa":31,"spd":31,"spe":31},"item":"Leftovers","level":73,"shiny":false},{"name":"Meganium","moves":["aromatherapy","lightscreen","dragontail","gigadrain"],"ability":"Overgrow","evs":{"hp":85,"atk":85,"def":85,"spa":85,"spd":85,"spe":85},"ivs":{"hp":31,"atk":31,"def":31,"spa":31,"spd":31,"spe":31},"item":"Light Clay","level":83,"shiny":false},{"name":"Ariados","moves":["poisonjab","stickyweb","megahorn","suckerpunch"],"ability":"Swarm","evs":{"hp":81,"atk":89,"def":85,"spa":85,"spd":85,"spe":85},"ivs":{"hp":31,"atk":31,"def":31,"spa":31,"spd":31,"spe":31},"item":"Life Orb","level":83,"shiny":false}],"p2team":[{"name":"Rotom-Wash","moves":["voltswitch","trick","hydropump","thunderbolt"],"ability":"Levitate","evs":{"hp":85,"atk":85,"def":85,"spa":85,"spd":85,"spe":85},"ivs":{"hp":31,"atk":31,"def":31,"spa":31,"spd":31,"spe":31},"item":"Choice Specs","level":75,"shiny":false},{"name":"Miltank","moves":["bodyslam","milkdrink","healbell","stealthrock"],"ability":"Thick Fat","evs":{"hp":85,"atk":85,"def":85,"spa":85,"spd":85,"spe":85},"ivs":{"hp":31,"atk":31,"def":31,"spa":31,"spd":31,"spe":31},"item":"Leftovers","level":81,"shiny":false},{"name":"Cradily","moves":["curse","recover","rockslide","seedbomb"],"ability":"Storm Drain","evs":{"hp":85,"atk":85,"def":85,"spa":85,"spd":85,"spe":85},"ivs":{"hp":31,"atk":31,"def":31,"spa":31,"spd":31,"spe":31},"item":"Leftovers","level":81,"shiny":false},{"name":"Aegislash","moves":["kingsshield","shadowball","ironhead","hiddenpowerice"],"ability":"Stance Change","evs":{"hp":85,"atk":85,"def":85,"spa":85,"spd":85,"spe":85},"ivs":{"hp":31,"atk":30,"def":30,"spa":31,"spd":31,"spe":31},"item":"Life Orb","level":74,"shiny":false},{"name":"Gogoat","moves":["earthquake","bulkup","substitute","hornleech"],"ability":"Sap Sipper","evs":{"hp":85,"atk":85,"def":85,"spa":85,"spd":85,"spe":85},"ivs":{"hp":31,"atk":31,"def":31,"spa":31,"spd":31,"spe":31},"item":"Leftovers","level":83,"shiny":false},{"name":"Arcanine","moves":["roar","morningsun","willowisp","flareblitz"],"ability":"Intimidate","evs":{"hp":85,"atk":85,"def":85,"spa":85,"spd":85,"spe":85},"ivs":{"hp":31,"atk":31,"def":31,"spa":31,"spd":31,"spe":31},"item":"Leftovers","level":77,"shiny":false}],"log":["|player|p1|Ynfynyt Scroll|169","|player|p2|opukjk|266","|gametype|singles","|gen|6","|tier|Random Battle","|rated","|rule|Sleep Clause Mod: Limit one foe put to sleep","|rule|HP Percentage Mod: HP is shown in percentages","|","|start","|switch|p1a: Heatran|Heatran, L75, M|260/260","|switch|p2a: Rotom-Wash|Rotom-Wash, L75|199/199","|-item|p1a: Heatran|Air Balloon","|turn|1","|","|switch|p1a: Meganium|Meganium, L83, F|268/268","|move|p2a: Rotom-Wash|Trick|p1a: Meganium","|-activate|p2a: Rotom-Wash|move: Trick|[of] p1a: Meganium","|-item|p1a: Meganium|Choice Specs|[from] move: Trick","|-item|p2a: Rotom-Wash|Light Clay|[from] move: Trick","|","|turn|2","|","|move|p1a: Meganium|Giga Drain|p2a: Rotom-Wash","|-supereffective|p2a: Rotom-Wash","|-damage|p2a: Rotom-Wash|0 fnt","|faint|p2a: Rotom-Wash","|","|","|switch|p2a: Arcanine|Arcanine, L77, F|265/265","|-ability|p2a: Arcanine|Intimidate","|-unboost|p1a: Meganium|atk|1","|turn|3","|","|switch|p1a: Heatran|Heatran, L75, M|260/260","|-item|p1a: Heatran|Air Balloon","|move|p2a: Arcanine|Will-O-Wisp|p1a: Heatran","|-start|p1a: Heatran|ability: Flash Fire","|","|turn|4","|","|move|p1a: Heatran|Earth Power|p2a: Arcanine","|-supereffective|p2a: Arcanine","|-damage|p2a: Arcanine|119/265","|move|p2a: Arcanine|Roar|p1a: Heatran","|-end|p1a: Heatran|ability: Flash Fire|[silent]","|drag|p1a: Meganium|Meganium, L83, F|268/268","|","|-heal|p2a: Arcanine|135/265|[from] item: Leftovers","|turn|5","|","|switch|p1a: Heatran|Heatran, L75, M|260/260","|-item|p1a: Heatran|Air Balloon","|move|p2a: Arcanine|Will-O-Wisp|p1a: Heatran","|-start|p1a: Heatran|ability: Flash Fire","|","|-heal|p2a: Arcanine|151/265|[from] item: Leftovers","|turn|6","|","|move|p1a: Heatran|Earth Power|p2a: Arcanine","|-supereffective|p2a: Arcanine","|-damage|p2a: Arcanine|0 fnt","|faint|p2a: Arcanine","|","|","|switch|p2a: Miltank|Miltank, L81, F|287/287","|turn|7","|","|move|p2a: Miltank|Stealth Rock|p1a: Heatran","|-sidestart|p1: Ynfynyt Scroll|move: Stealth Rock","|move|p1a: Heatran|Lava Plume|p2a: Miltank","|-damage|p2a: Miltank|212/287","|-status|p2a: Miltank|brn","|","|-heal|p2a: Miltank|229/287 brn|[from] item: Leftovers","|-damage|p2a: Miltank|194/287 brn|[from] brn","|turn|8","|","|move|p2a: Miltank|Milk Drink|p2a: Miltank","|-heal|p2a: Miltank|287/287 brn","|move|p1a: Heatran|Flash Cannon|p2a: Miltank","|-damage|p2a: Miltank|176/287 brn","|","|-heal|p2a: Miltank|193/287 brn|[from] item: Leftovers","|-damage|p2a: Miltank|158/287 brn|[from] brn","|turn|9","|","|move|p2a: Miltank|Heal Bell|p2a: Miltank","|-cureteam|p2a: Miltank|[from] move: HealBell","|move|p1a: Heatran|Flash Cannon|p2a: Miltank","|-damage|p2a: Miltank|49/287","|","|-heal|p2a: Miltank|66/287|[from] item: Leftovers","|turn|10","|","|move|p2a: Miltank|Milk Drink|p2a: Miltank","|-heal|p2a: Miltank|210/287","|move|p1a: Heatran|Lava Plume|p2a: Miltank","|-damage|p2a: Miltank|134/287","|","|-heal|p2a: Miltank|151/287|[from] item: Leftovers","|turn|11","|","|move|p2a: Miltank|Milk Drink|p2a: Miltank","|-heal|p2a: Miltank|287/287","|move|p1a: Heatran|Lava Plume|p2a: Miltank","|-damage|p2a: Miltank|212/287","|","|-heal|p2a: Miltank|229/287|[from] item: Leftovers","|turn|12","|","|move|p2a: Miltank|Body Slam|p1a: Heatran","|-crit|p1a: Heatran","|-resisted|p1a: Heatran","|-damage|p1a: Heatran|209/260","|-enditem|p1a: Heatran|Air Balloon","|move|p1a: Heatran|Lava Plume|p2a: Miltank","|-damage|p2a: Miltank|154/287","|-status|p2a: Miltank|brn","|","|-heal|p2a: Miltank|171/287 brn|[from] item: Leftovers","|-damage|p2a: Miltank|136/287 brn|[from] brn","|turn|13","|","|switch|p2a: Aegislash|Aegislash, L74, M|211/211","|move|p1a: Heatran|Flash Cannon|p2a: Aegislash","|-resisted|p2a: Aegislash","|-damage|p2a: Aegislash|176/211","|","|turn|14","|","|move|p2a: Aegislash|King's Shield|p2a: Aegislash","|-singleturn|p2a: Aegislash|Protect","|move|p1a: Heatran|Lava Plume|p2a: Aegislash","|-activate|p2a: Aegislash|Protect","|","|turn|15","|","|move|p1a: Heatran|Lava Plume|p2a: Aegislash","|-supereffective|p2a: Aegislash","|-damage|p2a: Aegislash|0 fnt","|faint|p2a: Aegislash","|","|","|switch|p2a: Cradily|Cradily, L81, M|272/272","|turn|16","|","|move|p1a: Heatran|Flash Cannon|p2a: Cradily","|-supereffective|p2a: Cradily","|-damage|p2a: Cradily|114/272","|move|p2a: Cradily|Curse|p2a: Cradily","|-unboost|p2a: Cradily|spe|1","|-boost|p2a: Cradily|atk|1","|-boost|p2a: Cradily|def|1","|","|-heal|p2a: Cradily|131/272|[from] item: Leftovers","|turn|17","|","|switch|p2a: Gogoat|Gogoat, L83, F|340/340","|move|p1a: Heatran|Flash Cannon|p2a: Gogoat","|-damage|p2a: Gogoat|244/340","|","|-heal|p2a: Gogoat|265/340|[from] item: Leftovers","|turn|18","|","|move|p2a: Gogoat|Earthquake|p1a: Heatran","|-supereffective|p1a: Heatran","|-damage|p1a: Heatran|0 fnt","|faint|p1a: Heatran","|","|-heal|p2a: Gogoat|286/340|[from] item: Leftovers","|","|switch|p1a: Ariados|Ariados, L83, M|251/251","|-damage|p1a: Ariados|189/251|[from] Stealth Rock","|turn|19","|","|move|p2a: Gogoat|Earthquake|p1a: Ariados","|-damage|p1a: Ariados|101/251","|move|p1a: Ariados|Megahorn|p2a: Gogoat","|-supereffective|p2a: Gogoat","|-damage|p2a: Gogoat|0 fnt","|-damage|p1a: Ariados|76/251|[from] item: Life Orb","|faint|p2a: Gogoat","|","|","|switch|p2a: Miltank|Miltank, L81, F|136/287 brn","|turn|20","|","|move|p2a: Miltank|Milk Drink|p2a: Miltank","|-heal|p2a: Miltank|280/287 brn","|move|p1a: Ariados|Megahorn|p2a: Miltank|[miss]","|-miss|p1a: Ariados|p2a: Miltank","|","|-heal|p2a: Miltank|287/287 brn|[from] item: Leftovers","|-damage|p2a: Miltank|252/287 brn|[from] brn","|turn|21","|","|move|p2a: Miltank|Heal Bell|p2a: Miltank","|-cureteam|p2a: Miltank|[from] move: HealBell","|move|p1a: Ariados|Megahorn|p2a: Miltank","|-damage|p2a: Miltank|45/287","|-damage|p1a: Ariados|51/251|[from] item: Life Orb","|","|-heal|p2a: Miltank|62/287|[from] item: Leftovers","|turn|22","|","|move|p2a: Miltank|Milk Drink|p2a: Miltank","|-heal|p2a: Miltank|206/287","|move|p1a: Ariados|Megahorn|p2a: Miltank","|-damage|p2a: Miltank|6/287","|-damage|p1a: Ariados|26/251|[from] item: Life Orb","|","|-heal|p2a: Miltank|23/287|[from] item: Leftovers","|turn|23","|","|move|p2a: Miltank|Milk Drink|p2a: Miltank","|-heal|p2a: Miltank|167/287","|move|p1a: Ariados|Megahorn|p2a: Miltank","|-damage|p2a: Miltank|0 fnt","|-damage|p1a: Ariados|1/251|[from] item: Life Orb","|faint|p2a: Miltank","|","|","|win|Ynfynyt Scroll"],"p1rating":{"entryid":"7631274","serverid":"eos","formatid":"randombattle","userid":"ynfynytscroll","username":"Ynfynyt Scroll","w":9,"l":"2","t":"0","gxe":65.5,"r":"1500","rd":"130","sigma":"0","rptime":"1439542800","rpr":1623.8216325605,"rprd":85.273628116702,"rpsigma":"0","acre":1171.1685471759,"lacre":1171.1685471759,"oldacre":"1156.7392715199"},"p2rating":{"entryid":7634868,"formatid":"randombattle","userid":"opukjk","username":"opukjk","r":1500,"rd":130,"sigma":0,"rpr":1459.8393856612,"rprd":122.8583080769,"rpsigma":0,"rptime":1439542800,"w":0,"l":1,"t":0,"gxe":45,"acre":1000,"lacre":1000,"oldacre":1000},"endType":"forfeit"}