{"seed":[1879,2902,10146,62859],"turns":26,"p1":"Ynfynyt Scroll","p2":"EnflamedEnigma","p1team":[{"name":"Kangaskhan","moves":["return","crunch","earthquake","suckerpunch"],"ability":"Scrappy","evs":{"hp":85,"atk":85,"def":85,"spa":85,"spd":85,"spe":85},"ivs":{"hp":31,"atk":31,"def":31,"spa":31,"spd":31,"spe":31},"item":"Kangaskhanite","level":74,"shiny":false},{"name":"Lucario","moves":["closecombat","swordsdance","extremespeed","crunch"],"ability":"Inner Focus","evs":{"hp":85,"atk":85,"def":85,"spa":85,"spd":85,"spe":85},"ivs":{"hp":31,"atk":31,"def":31,"spa":31,"spd":31,"spe":31},"item":"Life Orb","level":77,"shiny":false},{"name":"Kyurem-Black","moves":["outrage","icebeam","substitute","roost"],"ability":"Teravolt","evs":{"hp":85,"atk":85,"def":85,"spa":85,"spd":85,"spe":85},"ivs":{"hp":31,"atk":31,"def":31,"spa":31,"spd":31,"spe":31},"item":"Leftovers","level":75,"shiny":false},{"name":"Heliolisk","moves":["surf","darkpulse","raindance","hypervoice"],"ability":"Dry Skin","evs":{"hp":85,"atk":85,"def":85,"spa":85,"spd":85,"spe":85},"ivs":{"hp":31,"atk":31,"def":31,"spa":31,"spd":31,"spe":31},"item":"Damp Rock","level":77,"shiny":false},{"name":"Chandelure","moves":["shadowball","trick","hiddenpowerground","energyball"],"ability":"Infiltrator","evs":{"hp":85,"atk":85,"def":85,"spa":85,"spd":85,"spe":85},"ivs":{"hp":31,"atk":31,"def":31,"spa":30,"spd":30,"spe":31},"item":"Choice Specs","level":77,"shiny":false},{"name":"Plusle","moves":["thunderbolt","encore","hiddenpowerice","substitute"],"ability":"Lightning Rod","evs":{"hp":85,"atk":85,"def":85,"spa":85,"spd":85,"spe":85},"ivs":{"hp":31,"atk":30,"def":30,"spa":31,"spd":31,"spe":31},"item":"Leftovers","level":83,"shiny":false}],"p2team":[{"name":"Vileplume","moves":["sleeppowder","synthesis","hiddenpowerfire","sludgebomb"],"ability":"Effect Spore","evs":{"hp":85,"atk":85,"def":85,"spa":85,"spd":85,"spe":85},"ivs":{"hp":31,"atk":30,"def":31,"spa":30,"spd":31,"spe":30},"item":"Focus Sash","level":81,"shiny":false},{"name":"Chansey","moves":["healbell","wish","protect","thunderwave"],"ability":"Natural Cure","evs":{"hp":85,"atk":85,"def":85,"spa":85,"spd":85,"spe":85},"ivs":{"hp":31,"atk":31,"def":31,"spa":31,"spd":31,"spe":31},"item":"Eviolite","level":75,"shiny":false},{"name":"Wailord","moves":["hiddenpowergrass","waterspout","icebeam","hydropump"],"ability":"Water Veil","evs":{"hp":85,"atk":85,"def":85,"spa":85,"spd":85,"spe":85},"ivs":{"hp":31,"atk":30,"def":31,"spa":30,"spd":31,"spe":31},"item":"Choice Specs","level":83,"shiny":false},{"name":"Minun","moves":["batonpass","substitute","nastyplot","thunderbolt"],"ability":"Volt Absorb","evs":{"hp":85,"atk":85,"def":85,"spa":85,"spd":85,"spe":85},"ivs":{"hp":31,"atk":31,"def":31,"spa":31,"spd":31,"spe":31},"item":"Leftovers","level":83,"shiny":false},{"name":"Lilligant","moves":["healingwish","sleeppowder","gigadrain","hiddenpowerfire"],"ability":"Chlorophyll","evs":{"hp":85,"atk":85,"def":85,"spa":85,"spd":85,"spe":85},"ivs":{"hp":31,"atk":30,"def":31,"spa":30,"spd":31,"spe":30},"item":"Leftovers","level":81,"shiny":false},{"name":"Medicham","moves":["icepunch","fakeout","highjumpkick","zenheadbutt"],"ability":"Pure Power","evs":{"hp":85,"atk":85,"def":85,"spa":85,"spd":85,"spe":85},"ivs":{"hp":31,"atk":31,"def":31,"spa":31,"spd":31,"spe":31},"item":"Medichamite","level":76,"shiny":false}],"log":["|player|p1|Ynfynyt Scroll|169","|player|p2|EnflamedEnigma|70","|gametype|singles","|gen|6","|tier|Random Battle","|rated","|rule|Sleep Clause Mod: Limit one foe put to sleep","|rule|HP Percentage Mod: HP is shown in percentages","|","|start","|switch|p1a: Kangaskhan|Kangaskhan, L74, F|277/277","|switch|p2a: Vileplume|Vileplume, L81, M|254/254","|turn|1","|","|switch|p1a: Plusle|Plusle, L83, M|235/235","|move|p2a: Vileplume|Sleep Powder|p1a: Plusle","|-status|p1a: Plusle|slp","|","|turn|2","|","|switch|p1a: Chandelure|Chandelure, L77, F|219/219","|move|p2a: Vileplume|Sludge Bomb|p1a: Chandelure","|-resisted|p1a: Chandelure","|-damage|p1a: Chandelure|168/219","|-status|p1a: Chandelure|psn","|","|-damage|p1a: Chandelure|141/219 psn|[from] psn","|turn|3","|","|move|p1a: Chandelure|Trick|p2a: Vileplume","|-activate|p1a: Chandelure|move: Trick|[of] p2a: Vileplume","|-item|p2a: Vileplume|Choice Specs|[from] move: Trick","|-item|p1a: Chandelure|Focus Sash|[from] move: Trick","|move|p2a: Vileplume|Hidden Power|p1a: Chandelure","|-resisted|p1a: Chandelure","|-damage|p1a: Chandelure|108/219 psn","|","|-damage|p1a: Chandelure|81/219 psn|[from] psn","|turn|4","|","|switch|p2a: Wailord|Wailord, L83, F|418/418","|move|p1a: Chandelure|Shadow Ball|p2a: Wailord","|-damage|p2a: Wailord|271/418","|","|-damage|p1a: Chandelure|54/219 psn|[from] psn","|turn|5","|","|move|p1a: Chandelure|Shadow Ball|p2a: Wailord","|-damage|p2a: Wailord|112/418","|move|p2a: Wailord|Hydro Pump|p1a: Chandelure","|-supereffective|p1a: Chandelure","|-damage|p1a: Chandelure|0 fnt","|faint|p1a: Chandelure","|","|","|switch|p1a: Heliolisk|Heliolisk, L77, M|222/222","|turn|6","|","|move|p1a: Heliolisk|Hyper Voice|p2a: Wailord","|-crit|p2a: Wailord","|-damage|p2a: Wailord|0 fnt","|faint|p2a: Wailord","|","|","|switch|p2a: Lilligant|Lilligant, L81, F|246/246","|turn|7","|","|move|p1a: Heliolisk|Hyper Voice|p2a: Lilligant","|-damage|p2a: Lilligant|140/246","|move|p2a: Lilligant|Hidden Power|p1a: Heliolisk","|-damage|p1a: Heliolisk|168/222","|","|-heal|p2a: Lilligant|155/246|[from] item: Leftovers","|turn|8","|","|move|p1a: Heliolisk|Rain Dance|p1a: Heliolisk","|-weather|RainDance","|move|p2a: Lilligant|Giga Drain|p1a: Heliolisk","|-damage|p1a: Heliolisk|83/222","|-heal|p2a: Lilligant|198/246|[from] drain|[of] p1a: Heliolisk","|","|-weather|RainDance|[upkeep]","|-heal|p1a: Heliolisk|110/222|[from] ability: Dry Skin","|-heal|p2a: Lilligant|213/246|[from] item: Leftovers","|turn|9","|","|switch|p1a: Kyurem-Black|Kyurem-Black, L75|311/311","|-ability|p1a: Kyurem-Black|Teravolt","|move|p2a: Lilligant|Sleep Powder|p1a: Kyurem-Black","|-message|Sleep Clause Mod activated.","|-immune|p1a: Kyurem-Black|[msg]","|","|-weather|RainDance|[upkeep]","|-heal|p2a: Lilligant|228/246|[from] item: Leftovers","|turn|10","|","|switch|p2a: Medicham|Medicham, L76, M|216/216","|move|p1a: Kyurem-Black|Substitute|p1a: Kyurem-Black","|-start|p1a: Kyurem-Black|Substitute","|-damage|p1a: Kyurem-Black|234/311","|","|-weather|RainDance|[upkeep]","|-heal|p1a: Kyurem-Black|253/311|[from] item: Leftovers","|turn|11","|","|detailschange|p2a: Medicham|Medicham-Mega, L76, M","|-mega|p2a: Medicham|Medicham|Medichamite","|move|p2a: Medicham|Fake Out|p1a: Kyurem-Black","|-activate|p1a: Kyurem-Black|Substitute|[damage]","|move|p1a: Kyurem-Black|Ice Beam|p2a: Medicham","|-damage|p2a: Medicham|117/216","|","|-weather|RainDance|[upkeep]","|-heal|p1a: Kyurem-Black|272/311|[from] item: Leftovers","|turn|12","|","|move|p2a: Medicham|Zen Headbutt|p1a: Kyurem-Black","|-end|p1a: Kyurem-Black|Substitute","|move|p1a: Kyurem-Black|Ice Beam|p2a: Medicham","|-damage|p2a: Medicham|3/216","|","|-weather|RainDance|[upkeep]","|-heal|p1a: Kyurem-Black|291/311|[from] item: Leftovers","|turn|13","|","|move|p2a: Medicham|Zen Headbutt|p1a: Kyurem-Black","|-damage|p1a: Kyurem-Black|150/311","|cant|p1a: Kyurem-Black|flinch","|","|-weather|RainDance|[upkeep]","|-heal|p1a: Kyurem-Black|169/311|[from] item: Leftovers","|turn|14","|","|move|p2a: Medicham|Zen Headbutt|p1a: Kyurem-Black","|-damage|p1a: Kyurem-Black|34/311","|move|p1a: Kyurem-Black|Ice Beam|p2a: Medicham","|-damage|p2a: Medicham|0 fnt","|faint|p2a: Medicham","|","|-weather|RainDance|[upkeep]","|-heal|p1a: Kyurem-Black|53/311|[from] item: Leftovers","|","|switch|p2a: Minun|Minun, L83, F|235/235","|turn|15","|","|switch|p1a: Plusle|Plusle, L83, M|235/235 slp","|move|p2a: Minun|Substitute|p2a: Minun","|-start|p2a: Minun|Substitute","|-damage|p2a: Minun|177/235","|","|-weather|none","|-heal|p2a: Minun|191/235|[from] item: Leftovers","|turn|16","|","|cant|p1a: Plusle|slp","|move|p2a: Minun|Thunderbolt|p1a: Plusle","|-boost|p1a: Plusle|spa|1|[from] ability: Lightning Rod","|","|-heal|p2a: Minun|205/235|[from] item: Leftovers","|turn|17","|","|switch|p2a: Vileplume|Vileplume, L81, M|254/254","|-curestatus|p1a: Plusle|slp","|move|p1a: Plusle|Encore|p2a: Vileplume","|-fail|p2a: Vileplume","|","|turn|18","|","|move|p1a: Plusle|Substitute|p1a: Plusle","|-start|p1a: Plusle|Substitute","|-damage|p1a: Plusle|177/235","|move|p2a: Vileplume|Sleep Powder|p1a: Plusle","|-fail|p1a: Plusle","|","|-heal|p1a: Plusle|191/235|[from] item: Leftovers","|turn|19","|","|switch|p2a: Lilligant|Lilligant, L81, F|228/246","|move|p1a: Plusle|Hidden Power|p2a: Lilligant","|-supereffective|p2a: Lilligant","|-damage|p2a: Lilligant|102/246","|","|-heal|p1a: Plusle|205/235|[from] item: Leftovers","|-heal|p2a: Lilligant|117/246|[from] item: Leftovers","|turn|20","|","|move|p1a: Plusle|Hidden Power|p2a: Lilligant","|-supereffective|p2a: Lilligant","|-damage|p2a: Lilligant|0 fnt","|faint|p2a: Lilligant","|","|-heal|p1a: Plusle|219/235|[from] item: Leftovers","|","|switch|p2a: Chansey|Chansey, L75, F|499/499","|turn|21","|","|move|p1a: Plusle|Thunderbolt|p2a: Chansey","|-damage|p2a: Chansey|415/499","|move|p2a: Chansey|Heal Bell|p2a: Chansey","|-cureteam|p2a: Chansey|[from] move: HealBell","|","|-heal|p1a: Plusle|233/235|[from] item: Leftovers","|turn|22","|","|move|p1a: Plusle|Encore|p2a: Chansey","|-start|p2a: Chansey|Encore","|move|p2a: Chansey|Heal Bell|p2a: Chansey","|-cureteam|p2a: Chansey|[from] move: HealBell","|","|-heal|p1a: Plusle|235/235|[from] item: Leftovers","|turn|23","|","|switch|p2a: Minun|Minun, L83, F|205/235","|move|p1a: Plusle|Thunderbolt|p2a: Minun","|-heal|p2a: Minun|235/235|[from] ability: Volt Absorb|[of] p1a: Plusle","|","|turn|24","|","|move|p2a: Minun|Nasty Plot|p2a: Minun","|-boost|p2a: Minun|spa|2","|move|p1a: Plusle|Hidden Power|p2a: Minun","|-damage|p2a: Minun|175/235","|","|-heal|p2a: Minun|189/235|[from] item: Leftovers","|turn|25","|","|move|p1a: Plusle|Hidden Power|p2a: Minun","|-damage|p2a: Minun|130/235","|move|p2a: Minun|Baton Pass|p2a: Minun","|","|switch|p2a: Chansey|Chansey, L75, F|415/499","|","|turn|26","|","|win|Ynfynyt Scroll"],"p1rating":{"entryid":"7631274","serverid":"eos","formatid":"randombattle","userid":"ynfynytscroll","username":"Ynfynyt Scroll","w":12,"l":"2","t":"0","gxe":69.4,"r":"1500","rd":"130","sigma":"0","rptime":"1439542800","rpr":1658.1809828013,"rprd":79.294490585238,"rpsigma":"0","acre":1212.1395704919,"lacre":1212.1395704919,"oldacre":"1200.1339528697"},"p2rating":{"entryid":7639728,"formatid":"randombattle","userid":"enflamedenigma","username":"EnflamedEnigma","r":1500,"rd":130,"sigma":0,"rpr":1459.8393856612,"rprd":122.8583080769,"rpsigma":0,"rptime":1439542800,"w":0,"l":1,"t":0,"gxe":45,"acre":1000,"lacre":1000,"oldacre":1000},"endType":"forfeit"}