{"seed":[10982,17455,60101,43687],"turns":30,"p1":"dangerdude","p2":"poopiemcnuggets","p1team":[{"name":"Kyogre","moves":["icebeam","thunder","scald","calmmind"],"ability":"Drizzle","evs":{"hp":85,"atk":85,"def":85,"spa":85,"spd":85,"spe":85},"ivs":{"hp":31,"atk":31,"def":31,"spa":31,"spd":31,"spe":31},"item":"Blue Orb","level":73,"shiny":false},{"name":"Lilligant","moves":["petaldance","quiverdance","healingwish","hiddenpowerfire"],"ability":"Own Tempo","evs":{"hp":85,"atk":85,"def":85,"spa":85,"spd":85,"spe":85},"ivs":{"hp":31,"atk":30,"def":31,"spa":30,"spd":31,"spe":30},"item":"Leftovers","level":81,"shiny":false},{"name":"Ariados","moves":["suckerpunch","toxicspikes","poisonjab","megahorn"],"ability":"Swarm","evs":{"hp":81,"atk":89,"def":85,"spa":85,"spd":85,"spe":85},"ivs":{"hp":31,"atk":31,"def":31,"spa":31,"spd":31,"spe":31},"item":"Life Orb","level":83,"shiny":false},{"name":"Shaymin-Sky","moves":["leechseed","earthpower","substitute","airslash"],"ability":"Serene Grace","evs":{"hp":85,"atk":85,"def":85,"spa":85,"spd":85,"spe":85},"ivs":{"hp":31,"atk":31,"def":31,"spa":31,"spd":31,"spe":31},"item":"Leftovers","level":73,"shiny":false},{"name":"Heatmor","moves":["gigadrain","fireblast","focusblast","knockoff"],"ability":"Flash Fire","evs":{"hp":85,"atk":85,"def":85,"spa":85,"spd":85,"spe":85},"ivs":{"hp":31,"atk":31,"def":31,"spa":31,"spd":31,"spe":31},"item":"Expert Belt","level":83,"shiny":false},{"name":"Honchkrow","moves":["pursuit","roost","suckerpunch","bravebird"],"ability":"Moxie","evs":{"hp":85,"atk":85,"def":85,"spa":85,"spd":85,"spe":85},"ivs":{"hp":31,"atk":31,"def":31,"spa":31,"spd":31,"spe":31},"item":"Life Orb","level":77,"shiny":false}],"p2team":[{"name":"Ho-Oh","moves":["substitute","roost","toxic","sacredfire"],"ability":"Regenerator","evs":{"hp":85,"atk":85,"def":85,"spa":85,"spd":85,"spe":85},"ivs":{"hp":31,"atk":31,"def":31,"spa":31,"spd":31,"spe":31},"item":"Leftovers","level":73,"shiny":false},{"name":"Bisharp","moves":["swordsdance","ironhead","suckerpunch","brickbreak"],"ability":"Defiant","evs":{"hp":85,"atk":85,"def":85,"spa":85,"spd":85,"spe":85},"ivs":{"hp":31,"atk":31,"def":31,"spa":31,"spd":31,"spe":31},"item":"Life Orb","level":75,"shiny":false},{"name":"Diggersby","moves":["wildcharge","agility","swordsdance","earthquake"],"ability":"Huge Power","evs":{"hp":85,"atk":85,"def":85,"spa":85,"spd":85,"spe":85},"ivs":{"hp":31,"atk":31,"def":31,"spa":31,"spd":31,"spe":31},"item":"Leftovers","level":76,"shiny":false},{"name":"Scizor","moves":["superpower","bulletpunch","pursuit","roost"],"ability":"Technician","evs":{"hp":85,"atk":85,"def":85,"spa":85,"spd":85,"spe":85},"ivs":{"hp":31,"atk":31,"def":31,"spa":31,"spd":31,"spe":31},"item":"Scizorite","level":75,"shiny":false},{"name":"Gastrodon","moves":["recover","earthquake","icebeam","scald"],"ability":"Storm Drain","evs":{"hp":85,"atk":85,"def":85,"spa":85,"spd":85,"spe":85},"ivs":{"hp":31,"atk":31,"def":31,"spa":31,"spd":31,"spe":31},"item":"Life Orb","level":79,"shiny":false},{"name":"Hitmonlee","moves":["stoneedge","fakeout","knockoff","highjumpkick"],"ability":"Unburden","evs":{"hp":85,"atk":85,"def":85,"spa":85,"spd":85,"spe":85},"ivs":{"hp":31,"atk":31,"def":31,"spa":31,"spd":31,"spe":31},"item":"Normal Gem","level":79,"shiny":false}],"log":["|player|p1|dangerdude|92","|player|p2|poopiemcnuggets|1","|gametype|singles","|gen|6","|tier|Random Battle","|rated","|rule|Sleep Clause Mod: Limit one foe put to sleep","|rule|HP Percentage Mod: HP is shown in percentages","|","|start","|switch|p1a: Kyogre|Kyogre, L73|266/266","|switch|p2a: Ho-Oh|Ho-Oh, L73|275/275","|detailschange|p1a: Kyogre|Kyogre-Primal, L73","|message|Kyogre's Primal Reversion! It reverted to its primal form!","|-weather|PrimordialSea","|turn|1","|","|switch|p2a: Gastrodon|Gastrodon, L79, F|305/305","|move|p1a: Kyogre|Scald|p2a: Gastrodon","|-boost|p2a: Gastrodon|spa|1|[from] ability: Storm Drain","|","|-weather|PrimordialSea|[upkeep]","|turn|2","|","|move|p1a: Kyogre|Ice Beam|p2a: Gastrodon","|-damage|p2a: Gastrodon|213/305","|move|p2a: Gastrodon|Earthquake|p1a: Kyogre","|-damage|p1a: Kyogre|137/266","|-damage|p2a: Gastrodon|183/305|[from] item: Life Orb","|","|-weather|PrimordialSea|[upkeep]","|turn|3","|","|move|p1a: Kyogre|Calm Mind|p1a: Kyogre","|-boost|p1a: Kyogre|spa|1","|-boost|p1a: Kyogre|spd|1","|move|p2a: Gastrodon|Recover|p2a: Gastrodon","|-heal|p2a: Gastrodon|305/305","|","|-weather|PrimordialSea|[upkeep]","|turn|4","|","|move|p1a: Kyogre|Ice Beam|p2a: Gastrodon","|-damage|p2a: Gastrodon|163/305","|-status|p2a: Gastrodon|frz","|-curestatus|p2a: Gastrodon|frz","|move|p2a: Gastrodon|Earthquake|p1a: Kyogre","|-damage|p1a: Kyogre|15/266","|-damage|p2a: Gastrodon|133/305|[from] item: Life Orb","|","|-weather|PrimordialSea|[upkeep]","|turn|5","|","|-weather|none","|switch|p1a: Shaymin-Sky|Shaymin-Sky, L73|266/266","|switch|p2a: Scizor|Scizor, L75, M|229/229","|","|turn|6","|","|detailschange|p2a: Scizor|Scizor-Mega, L75, M","|-mega|p2a: Scizor|Scizor|Scizorite","|move|p1a: Shaymin-Sky|Leech Seed|p2a: Scizor","|-start|p2a: Scizor|move: Leech Seed","|move|p2a: Scizor|Pursuit|p1a: Shaymin-Sky","|-damage|p1a: Shaymin-Sky|200/266","|","|-heal|p1a: Shaymin-Sky|216/266|[from] item: Leftovers","|-damage|p2a: Scizor|201/229|[from] Leech Seed|[of] p1a: Shaymin-Sky","|-heal|p1a: Shaymin-Sky|244/266|[silent]","|turn|7","|","|switch|p2a: Ho-Oh|Ho-Oh, L73|275/275","|move|p1a: Shaymin-Sky|Air Slash|p2a: Ho-Oh","|-crit|p2a: Ho-Oh","|-damage|p2a: Ho-Oh|194/275","|","|-heal|p1a: Shaymin-Sky|260/266|[from] item: Leftovers","|-heal|p2a: Ho-Oh|211/275|[from] item: Leftovers","|turn|8","|","|switch|p1a: Heatmor|Heatmor, L83, F|277/277","|move|p2a: Ho-Oh|Substitute|p2a: Ho-Oh","|-start|p2a: Ho-Oh|Substitute","|-damage|p2a: Ho-Oh|143/275","|","|-heal|p2a: Ho-Oh|160/275|[from] item: Leftovers","|turn|9","|","|move|p2a: Ho-Oh|Toxic|p1a: Heatmor","|-status|p1a: Heatmor|tox","|move|p1a: Heatmor|Knock Off|p2a: Ho-Oh","|-end|p2a: Ho-Oh|Substitute","|","|-heal|p2a: Ho-Oh|177/275|[from] item: Leftovers","|-damage|p1a: Heatmor|260/277 tox|[from] psn","|turn|10","|","|move|p2a: Ho-Oh|Roost|p2a: Ho-Oh","|-heal|p2a: Ho-Oh|275/275","|move|p1a: Heatmor|Knock Off|p2a: Ho-Oh","|-damage|p2a: Ho-Oh|197/275","|-enditem|p2a: Ho-Oh|Leftovers|[from] move: Knock Off|[of] p1a: Heatmor","|","|-damage|p1a: Heatmor|226/277 tox|[from] psn","|turn|11","|","|switch|p1a: Honchkrow|Honchkrow, L77, M|281/281","|move|p2a: Ho-Oh|Toxic|p1a: Honchkrow","|-status|p1a: Honchkrow|tox","|","|-damage|p1a: Honchkrow|264/281 tox|[from] psn","|turn|12","|","|move|p2a: Ho-Oh|Roost|p2a: Ho-Oh","|-heal|p2a: Ho-Oh|275/275","|move|p1a: Honchkrow|Brave Bird|p2a: Ho-Oh","|-damage|p2a: Ho-Oh|96/275","|-damage|p1a: Honchkrow|205/281 tox|[from] recoil|[of] p2a: Ho-Oh","|-damage|p1a: Honchkrow|177/281 tox|[from] item: Life Orb","|","|-damage|p1a: Honchkrow|143/281 tox|[from] psn","|turn|13","|","|move|p2a: Ho-Oh|Roost|p2a: Ho-Oh","|-heal|p2a: Ho-Oh|234/275","|move|p1a: Honchkrow|Pursuit|p2a: Ho-Oh","|-damage|p2a: Ho-Oh|176/275","|-damage|p1a: Honchkrow|115/281 tox|[from] item: Life Orb","|","|-damage|p1a: Honchkrow|64/281 tox|[from] psn","|turn|14","|","|move|p2a: Ho-Oh|Sacred Fire|p1a: Honchkrow","|-crit|p1a: Honchkrow","|-damage|p1a: Honchkrow|0 fnt","|faint|p1a: Honchkrow","|","|","|switch|p1a: Kyogre|Kyogre-Primal, L73|15/266","|-weather|PrimordialSea","|turn|15","|","|move|p1a: Kyogre|Thunder|p2a: Ho-Oh","|-supereffective|p2a: Ho-Oh","|-damage|p2a: Ho-Oh|42/275","|move|p2a: Ho-Oh|Sacred Fire|p1a: Kyogre","|-fail|p1a: Kyogre|Sacred Fire|[from] Primordial Sea","|","|-weather|PrimordialSea|[upkeep]","|turn|16","|","|switch|p2a: Diggersby|Diggersby, L76, F|254/254","|move|p1a: Kyogre|Scald|p2a: Diggersby","|-supereffective|p2a: Diggersby","|-damage|p2a: Diggersby|0 fnt","|faint|p2a: Diggersby","|","|-weather|PrimordialSea|[upkeep]","|","|switch|p2a: Bisharp|Bisharp, L75, F|221/221","|turn|17","|","|move|p2a: Bisharp|Sucker Punch|p1a: Kyogre","|-damage|p1a: Kyogre|0 fnt","|-damage|p2a: Bisharp|199/221|[from] item: Life Orb","|faint|p1a: Kyogre","|-weather|none","|","|","|switch|p1a: Heatmor|Heatmor, L83, F|226/277 tox","|turn|18","|","|switch|p2a: Gastrodon|Gastrodon, L79, F|133/305","|move|p1a: Heatmor|Fire Blast|p2a: Gastrodon|[miss]","|-miss|p1a: Heatmor|p2a: Gastrodon","|","|-damage|p1a: Heatmor|209/277 tox|[from] psn","|turn|19","|","|move|p1a: Heatmor|Giga Drain|p2a: Gastrodon","|-supereffective|p2a: Gastrodon","|-damage|p2a: Gastrodon|0 fnt","|-heal|p1a: Heatmor|276/277 tox|[from] drain|[of] p2a: Gastrodon","|faint|p2a: Gastrodon","|","|-damage|p1a: Heatmor|242/277 tox|[from] psn","|","|switch|p2a: Hitmonlee|Hitmonlee, L79, M|209/209","|turn|20","|","|switch|p1a: Shaymin-Sky|Shaymin-Sky, L73|260/266","|move|p2a: Hitmonlee|Fake Out|p1a: Shaymin-Sky","|-enditem|p2a: Hitmonlee|Normal Gem|[from] gem|[move] Fake Out","|-damage|p1a: Shaymin-Sky|211/266","|","|-heal|p1a: Shaymin-Sky|227/266|[from] item: Leftovers","|turn|21","|","|switch|p2a: Scizor|Scizor-Mega, L75, M|201/229","|move|p1a: Shaymin-Sky|Substitute|p1a: Shaymin-Sky","|-start|p1a: Shaymin-Sky|Substitute","|-damage|p1a: Shaymin-Sky|161/266","|","|-heal|p1a: Shaymin-Sky|177/266|[from] item: Leftovers","|turn|22","|","|move|p2a: Scizor|Bullet Punch|p1a: Shaymin-Sky","|-crit|p1a: Shaymin-Sky","|-end|p1a: Shaymin-Sky|Substitute","|move|p1a: Shaymin-Sky|Air Slash|p2a: Scizor|[miss]","|-miss|p1a: Shaymin-Sky|p2a: Scizor","|","|-heal|p1a: Shaymin-Sky|193/266|[from] item: Leftovers","|turn|23","|","|switch|p1a: Heatmor|Heatmor, L83, F|242/277 tox","|move|p2a: Scizor|Bullet Punch|p1a: Heatmor","|-resisted|p1a: Heatmor","|-damage|p1a: Heatmor|194/277 tox","|","|-damage|p1a: Heatmor|177/277 tox|[from] psn","|turn|24","|","|switch|p2a: Ho-Oh|Ho-Oh, L73|133/275","|move|p1a: Heatmor|Fire Blast|p2a: Ho-Oh|[miss]","|-miss|p1a: Heatmor|p2a: Ho-Oh","|","|-damage|p1a: Heatmor|143/277 tox|[from] psn","|turn|25","|","|move|p2a: Ho-Oh|Substitute|p2a: Ho-Oh","|-start|p2a: Ho-Oh|Substitute","|-damage|p2a: Ho-Oh|65/275","|move|p1a: Heatmor|Knock Off|p2a: Ho-Oh","|-activate|p2a: Ho-Oh|Substitute|[damage]","|","|-damage|p1a: Heatmor|92/277 tox|[from] psn","|turn|26","|","|move|p2a: Ho-Oh|Roost|p2a: Ho-Oh","|-heal|p2a: Ho-Oh|203/275","|move|p1a: Heatmor|Knock Off|p2a: Ho-Oh","|-end|p2a: Ho-Oh|Substitute","|","|-damage|p1a: Heatmor|24/277 tox|[from] psn","|turn|27","|","|move|p2a: Ho-Oh|Roost|p2a: Ho-Oh","|-heal|p2a: Ho-Oh|275/275","|move|p1a: Heatmor|Giga Drain|p2a: Ho-Oh","|-resisted|p2a: Ho-Oh","|-damage|p2a: Ho-Oh|254/275","|-heal|p1a: Heatmor|35/277 tox|[from] drain|[of] p2a: Ho-Oh","|","|-damage|p1a: Heatmor|0 fnt|[from] psn","|faint|p1a: Heatmor","|","|switch|p1a: Lilligant|Lilligant, L81, F|246/246","|turn|28","|","|move|p1a: Lilligant|Quiver Dance|p1a: Lilligant","|-boost|p1a: Lilligant|spa|1","|-boost|p1a: Lilligant|spd|1","|-boost|p1a: Lilligant|spe|1","|move|p2a: Ho-Oh|Substitute|p2a: Ho-Oh","|-start|p2a: Ho-Oh|Substitute","|-damage|p2a: Ho-Oh|186/275","|","|turn|29","|","|move|p1a: Lilligant|Petal Dance|p2a: Ho-Oh","|-resisted|p2a: Ho-Oh","|-activate|p2a: Ho-Oh|Substitute|[damage]","|move|p2a: Ho-Oh|Toxic|p1a: Lilligant","|-status|p1a: Lilligant|tox","|","|-damage|p1a: Lilligant|231/246 tox|[from] psn","|turn|30","|","|win|poopiemcnuggets"],"p1rating":{"entryid":"7624652","serverid":"eos","formatid":"randombattle","userid":"dangerdude","username":"dangerdude","w":"2","l":1,"t":"0","gxe":54.2,"r":"1500","rd":"130","sigma":"0","rptime":"1439542800","rpr":1533.0891783611,"rprd":111.51861011339,"rpsigma":"0","acre":1049.5029333234,"lacre":1049.5029333234,"oldacre":"1073.6456820867"},"p2rating":{"entryid":"7101672","serverid":"eos","formatid":"randombattle","userid":"poopiemcnuggets","username":"poopiemcnuggets","w":2,"l":"1","t":"0","gxe":54.4,"r":1500,"rd":120.90472526161,"sigma":"0","rptime":1439542800,"rpr":1535.2461900571,"rprd":115.09605702446,"rpsigma":"0","acre":1064.2358637035,"lacre":1064.2358637035,"oldacre":"1022.1660277196"},"endType":"forfeit"}