{"seed":[34347,57939,60379,23061],"turns":21,"p1":"Guard Fancii - ⓔⓐⓣ","p2":"NHGropius","p1team":[{"name":"Crustle","moves":["earthquake","xscissor","stoneedge","stealthrock"],"ability":"Sturdy","evs":{"hp":85,"atk":85,"def":85,"spa":85,"spd":85,"spe":85},"ivs":{"hp":31,"atk":31,"def":31,"spa":31,"spd":31,"spe":31},"item":"Leftovers","level":81,"shiny":false},{"name":"Drifblim","moves":["willowisp","acrobatics","substitute","destinybond"],"ability":"Unburden","evs":{"hp":85,"atk":85,"def":85,"spa":85,"spd":85,"spe":85},"ivs":{"hp":31,"atk":31,"def":31,"spa":31,"spd":31,"spe":31},"item":"Flying Gem","level":83,"shiny":false},{"name":"Tropius","moves":["leechseed","protect","airslash","substitute"],"ability":"Harvest","evs":{"hp":81,"atk":85,"def":85,"spa":89,"spd":85,"spe":85},"ivs":{"hp":31,"atk":31,"def":31,"spa":31,"spd":31,"spe":31},"item":"Sitrus Berry","level":83,"shiny":false},{"name":"Zoroark","moves":["uturn","darkpulse","trick","knockoff"],"ability":"Illusion","evs":{"hp":85,"atk":85,"def":85,"spa":85,"spd":85,"spe":85},"ivs":{"hp":31,"atk":31,"def":31,"spa":31,"spd":31,"spe":31},"item":"Choice Scarf","level":78,"shiny":false},{"name":"Galvantula","moves":["bugbuzz","stickyweb","hiddenpowerice","voltswitch"],"ability":"Swarm","evs":{"hp":85,"atk":85,"def":85,"spa":85,"spd":85,"spe":85},"ivs":{"hp":31,"atk":30,"def":30,"spa":31,"spd":31,"spe":31},"item":"Life Orb","level":77,"shiny":false},{"name":"Camerupt","moves":["fireblast","ancientpower","willowisp","earthpower"],"ability":"Solid Rock","evs":{"hp":85,"atk":85,"def":85,"spa":85,"spd":85,"spe":85},"ivs":{"hp":31,"atk":31,"def":31,"spa":31,"spd":31,"spe":31},"item":"Cameruptite","level":79,"shiny":false}],"p2team":[{"name":"Regice","moves":["focusblast","thunderbolt","rockpolish","icebeam"],"ability":"Clear Body","evs":{"hp":81,"atk":85,"def":85,"spa":89,"spd":85,"spe":85},"ivs":{"hp":31,"atk":31,"def":31,"spa":31,"spd":31,"spe":31},"item":"Weakness Policy","level":83,"shiny":false},{"name":"Scrafty","moves":["knockoff","highjumpkick","dragondance","icepunch"],"ability":"Shed Skin","evs":{"hp":85,"atk":85,"def":85,"spa":85,"spd":85,"spe":85},"ivs":{"hp":31,"atk":31,"def":31,"spa":31,"spd":31,"spe":31},"item":"Leftovers","level":79,"shiny":false},{"name":"Absol","moves":["swordsdance","knockoff","playrough","superpower"],"ability":"Justified","evs":{"hp":85,"atk":85,"def":85,"spa":85,"spd":85,"spe":85},"ivs":{"hp":31,"atk":31,"def":31,"spa":31,"spd":31,"spe":31},"item":"Absolite","level":77,"shiny":false},{"name":"Rapidash","moves":["solarbeam","morningsun","willowisp","flareblitz"],"ability":"Flash Fire","evs":{"hp":81,"atk":85,"def":85,"spa":89,"spd":85,"spe":85},"ivs":{"hp":31,"atk":31,"def":31,"spa":31,"spd":31,"spe":31},"item":"Leftovers","level":83,"shiny":false},{"name":"Deoxys-Attack","moves":["stealthrock","extremespeed","knockoff","psychoboost"],"ability":"Pressure","evs":{"hp":85,"atk":85,"def":85,"spa":85,"spd":85,"spe":85},"ivs":{"hp":31,"atk":31,"def":31,"spa":31,"spd":31,"spe":31},"item":"Life Orb","level":73,"shiny":false},{"name":"Smeargle","moves":["spikes","stealthrock","destinybond","stickyweb"],"ability":"Technician","evs":{"hp":85,"atk":85,"def":85,"spa":85,"spd":85,"spe":85},"ivs":{"hp":31,"atk":31,"def":31,"spa":31,"spd":31,"spe":31},"item":"Leftovers","level":77,"shiny":false}],"log":["|player|p1|Guard Fancii - ⓔⓐⓣ|guardfancii.gif","|player|p2|NHGropius|279","|gametype|singles","|gen|6","|tier|Random Battle","|rated","|rule|Sleep Clause Mod: Limit one foe put to sleep","|rule|HP Percentage Mod: HP is shown in percentages","|","|start","|switch|p1a: Crustle|Crustle, L81, M|246/246","|switch|p2a: Regice|Regice, L83|268/268","|turn|1","|","|switch|p2a: Scrafty|Scrafty, L79, M|232/232","|move|p1a: Crustle|Stealth Rock|p2a: Scrafty","|-sidestart|p2: NHGropius|move: Stealth Rock","|","|turn|2","|","|move|p2a: Scrafty|Dragon Dance|p2a: Scrafty","|-boost|p2a: Scrafty|atk|1","|-boost|p2a: Scrafty|spe|1","|move|p1a: Crustle|X-Scissor|p2a: Scrafty","|-damage|p2a: Scrafty|159/232","|","|-heal|p2a: Scrafty|173/232|[from] item: Leftovers","|turn|3","|","|move|p2a: Scrafty|Knock Off|p1a: Crustle","|-damage|p1a: Crustle|149/246","|-enditem|p1a: Crustle|Leftovers|[from] move: Knock Off|[of] p2a: Scrafty","|move|p1a: Crustle|X-Scissor|p2a: Scrafty","|-damage|p2a: Scrafty|103/232","|","|-heal|p2a: Scrafty|117/232|[from] item: Leftovers","|turn|4","|","|move|p2a: Scrafty|High Jump Kick|p1a: Crustle","|-damage|p1a: Crustle|11/246","|move|p1a: Crustle|X-Scissor|p2a: Scrafty","|-crit|p2a: Scrafty","|-damage|p2a: Scrafty|17/232","|","|-heal|p2a: Scrafty|31/232|[from] item: Leftovers","|turn|5","|","|switch|p1a: Drifblim|Drifblim, L83, F|385/385","|move|p2a: Scrafty|Knock Off|p1a: Drifblim","|-supereffective|p1a: Drifblim","|-damage|p1a: Drifblim|0 fnt","|-enditem|p1a: Drifblim|Flying Gem|[from] move: Knock Off|[of] p2a: Scrafty","|faint|p1a: Drifblim","|","|-heal|p2a: Scrafty|45/232|[from] item: Leftovers","|","|switch|p1a: Camerupt|Camerupt, L79, M|222/222","|turn|6","|","|move|p1a: Camerupt|U-turn|p2a: Scrafty","|-damage|p2a: Scrafty|7/232","|","|switch|p1a: Tropius|Tropius, L83, M|299/299","|move|p2a: Scrafty|Knock Off|p1a: Tropius","|-crit|p1a: Tropius","|-damage|p1a: Tropius|82/299","|-enditem|p1a: Tropius|Sitrus Berry|[from] move: Knock Off|[of] p2a: Scrafty","|","|-heal|p2a: Scrafty|21/232|[from] item: Leftovers","|turn|7","|","|move|p1a: Tropius|Protect|p1a: Tropius","|-singleturn|p1a: Tropius|Protect","|move|p2a: Scrafty|Ice Punch|p1a: Tropius","|-activate|p1a: Tropius|Protect","|","|-heal|p2a: Scrafty|35/232|[from] item: Leftovers","|turn|8","|","|move|p2a: Scrafty|Knock Off|p1a: Tropius","|-damage|p1a: Tropius|0 fnt","|faint|p1a: Tropius","|","|-heal|p2a: Scrafty|49/232|[from] item: Leftovers","|","|switch|p1a: Crustle|Crustle, L81, M|11/246","|turn|9","|","|move|p2a: Scrafty|Knock Off|p1a: Crustle","|-crit|p1a: Crustle","|-damage|p1a: Crustle|0 fnt","|faint|p1a: Crustle","|","|-heal|p2a: Scrafty|63/232|[from] item: Leftovers","|","|switch|p1a: Galvantula|Galvantula, L77, M|234/234","|turn|10","|","|switch|p2a: Rapidash|Rapidash, L83, F|243/243","|-damage|p2a: Rapidash|183/243|[from] Stealth Rock","|move|p1a: Galvantula|Sticky Web|p2a: Rapidash","|-sidestart|p2: NHGropius|move: Sticky Web","|","|-heal|p2a: Rapidash|198/243|[from] item: Leftovers","|turn|11","|","|move|p2a: Rapidash|Morning Sun|p2a: Rapidash","|-heal|p2a: Rapidash|243/243","|move|p1a: Galvantula|Volt Switch|p2a: Rapidash","|-damage|p2a: Rapidash|152/243","|-damage|p1a: Galvantula|211/234|[from] item: Life Orb","|","|switch|p1a: Camerupt|Camerupt, L79, M|222/222","|","|-heal|p2a: Rapidash|167/243|[from] item: Leftovers","|turn|12","|","|move|p1a: Camerupt|Trick|p2a: Rapidash","|-activate|p1a: Camerupt|move: Trick|[of] p2a: Rapidash","|-item|p2a: Rapidash|Choice Scarf|[from] move: Trick","|-item|p1a: Camerupt|Leftovers|[from] move: Trick","|move|p2a: Rapidash|Solar Beam|p1a: Camerupt|[still]","|-prepare|p2a: Rapidash|Solar Beam|p1a: Camerupt","|","|turn|13","|","|switch|p1a: Camerupt|Camerupt, L79, M|240/240","|move|p2a: Rapidash|Solar Beam|p1a: Camerupt|[from]lockedmove","|-crit|p1a: Camerupt","|-damage|p1a: Camerupt|112/240","|","|turn|14","|","|switch|p2a: Smeargle|Smeargle, L77, M|211/211","|-activate|p2a: Smeargle|move: Sticky Web","|-unboost|p2a: Smeargle|spe|1","|-damage|p2a: Smeargle|185/211|[from] Stealth Rock","|detailschange|p1a: Camerupt|Camerupt-Mega, L79, M","|-mega|p1a: Camerupt|Camerupt|Cameruptite","|move|p1a: Camerupt|Earth Power|p2a: Smeargle","|-damage|p2a: Smeargle|0 fnt","|faint|p2a: Smeargle","|","|","|switch|p2a: Deoxys-Attack|Deoxys-Attack, L73|193/193","|-activate|p2a: Deoxys-Attack|move: Sticky Web","|-unboost|p2a: Deoxys-Attack|spe|1","|-damage|p2a: Deoxys-Attack|169/193|[from] Stealth Rock","|-ability|p2a: Deoxys-Attack|Pressure","|turn|15","|","|move|p2a: Deoxys-Attack|Psycho Boost|p1a: Camerupt|[miss]","|-miss|p2a: Deoxys-Attack|p1a: Camerupt","|move|p1a: Camerupt|Earth Power|p2a: Deoxys-Attack","|-damage|p2a: Deoxys-Attack|0 fnt","|faint|p2a: Deoxys-Attack","|","|","|switch|p2a: Absol|Absol, L77, M|227/227","|-damage|p2a: Absol|199/227|[from] Stealth Rock","|-activate|p2a: Absol|move: Sticky Web","|-unboost|p2a: Absol|spe|1","|turn|16","|","|detailschange|p2a: Absol|Absol-Mega, L77, M","|-mega|p2a: Absol|Absol|Absolite","|move|p2a: Absol|Knock Off|p1a: Camerupt","|-crit|p1a: Camerupt","|-damage|p1a: Camerupt|0 fnt","|faint|p1a: Camerupt","|","|","|switch|p1a: Galvantula|Galvantula, L77, M|211/234","|turn|17","|","|move|p1a: Galvantula|Bug Buzz|p2a: Absol","|-supereffective|p2a: Absol","|-damage|p2a: Absol|0 fnt","|-damage|p1a: Galvantula|188/234|[from] item: Life Orb","|faint|p2a: Absol","|","|","|switch|p2a: Regice|Regice, L83|268/268","|-damage|p2a: Regice|201/268|[from] Stealth Rock","|-activate|p2a: Regice|move: Sticky Web","|-fail|p2a: Regice|unboost|[from] ability: Clear Body|[of] p2a: Regice","|turn|18","|","|move|p1a: Galvantula|Bug Buzz|p2a: Regice","|-damage|p2a: Regice|141/268","|-damage|p1a: Galvantula|165/234|[from] item: Life Orb","|move|p2a: Regice|Ice Beam|p1a: Galvantula","|-damage|p1a: Galvantula|33/234","|","|turn|19","|","|move|p1a: Galvantula|Volt Switch|p2a: Regice","|-damage|p2a: Regice|101/268","|-damage|p1a: Galvantula|10/234|[from] item: Life Orb","|","|switch|p1a: Zoroark|Zoroark, L78, F|222/222","|move|p2a: Regice|Ice Beam|p1a: Zoroark","|-crit|p1a: Zoroark","|-damage|p1a: Zoroark|23/222","|","|-heal|p1a: Zoroark|36/222|[from] item: Leftovers","|turn|20","|","|move|p1a: Zoroark|Dark Pulse|p2a: Regice","|-crit|p2a: Regice","|-damage|p2a: Regice|37/268","|move|p2a: Regice|Ice Beam|p1a: Zoroark","|-damage|p1a: Zoroark|0 fnt","|faint|p1a: Zoroark","|","|","|switch|p1a: Galvantula|Galvantula, L77, M|10/234","|turn|21","|","|move|p1a: Galvantula|Volt Switch|p2a: Regice","|-damage|p2a: Regice|0 fnt","|-damage|p1a: Galvantula|0 fnt|[from] item: Life Orb","|faint|p2a: Regice","|faint|p1a: Galvantula","|","|win|NHGropius"],"p1rating":{"entryid":"7611741","serverid":"eos","formatid":"randombattle","userid":"guardfancii","username":"Guard Fancii - ⓢⓐⓓ","w":"1","l":1,"t":"0","gxe":50,"r":1540.1606143388,"rd":122.8583080769,"sigma":"0","rptime":1439542800,"rpr":1499.970724027,"rprd":116.84146468108,"rpsigma":"0","acre":1022.1660277196,"lacre":1022.1660277196,"oldacre":"1040"},"p2rating":{"entryid":7628219,"formatid":"randombattle","userid":"nhgropius","username":"NHGropius","r":1500,"rd":130,"sigma":0,"rpr":1540.1606143388,"rprd":122.8583080769,"rpsigma":0,"rptime":1439542800,"w":1,"l":0,"t":0,"gxe":55,"acre":1044.584930701,"lacre":1044.584930701,"oldacre":1000},"endType":"normal"}