{"seed":[43142,2753,51486,35165],"turns":20,"p1":"Vsjejsuuf","p2":"jwnobbles","p1team":[{"name":"Glaceon","moves":["protect","toxic","healbell","icebeam"],"ability":"Ice Body","evs":{"hp":81,"atk":85,"def":85,"spa":89,"spd":85,"spe":85},"ivs":{"hp":31,"atk":31,"def":31,"spa":31,"spd":31,"spe":31},"item":"Leftovers","level":83,"shiny":false},{"name":"Alomomola","moves":["toxic","wish","protect","scald"],"ability":"Regenerator","evs":{"hp":85,"atk":85,"def":85,"spa":85,"spd":85,"spe":85},"ivs":{"hp":31,"atk":31,"def":31,"spa":31,"spd":31,"spe":31},"item":"Leftovers","level":79,"shiny":false},{"name":"Xatu","moves":["thunderwave","lightscreen","reflect","psychic"],"ability":"Magic Bounce","evs":{"hp":85,"atk":85,"def":85,"spa":85,"spd":85,"spe":85},"ivs":{"hp":31,"atk":31,"def":31,"spa":31,"spd":31,"spe":31},"item":"Light Clay","level":81,"shiny":false},{"name":"Throh","moves":["knockoff","stormthrow","circlethrow","icepunch"],"ability":"Guts","evs":{"hp":85,"atk":85,"def":85,"spa":85,"spd":85,"spe":85},"ivs":{"hp":31,"atk":31,"def":31,"spa":31,"spd":31,"spe":31},"item":"Toxic Orb","level":82,"shiny":false},{"name":"Blaziken","moves":["knockoff","batonpass","highjumpkick","stoneedge"],"ability":"Speed Boost","evs":{"hp":85,"atk":85,"def":85,"spa":85,"spd":85,"spe":85},"ivs":{"hp":31,"atk":31,"def":31,"spa":31,"spd":31,"spe":31},"item":"Blazikenite","level":74,"shiny":false},{"name":"Darmanitan","moves":["superpower","uturn","earthquake","flareblitz"],"ability":"Sheer Force","evs":{"hp":81,"atk":89,"def":85,"spa":85,"spd":85,"spe":85},"ivs":{"hp":31,"atk":31,"def":31,"spa":31,"spd":31,"spe":31},"item":"Life Orb","level":77,"shiny":false}],"p2team":[{"name":"Chandelure","moves":["trick","painsplit","fireblast","energyball"],"ability":"Infiltrator","evs":{"hp":85,"atk":85,"def":85,"spa":85,"spd":85,"spe":85},"ivs":{"hp":31,"atk":31,"def":31,"spa":31,"spd":31,"spe":31},"item":"Choice Scarf","level":77,"shiny":false},{"name":"Togekiss","moves":["healbell","nastyplot","aurasphere","airslash"],"ability":"Serene Grace","evs":{"hp":85,"atk":85,"def":85,"spa":85,"spd":85,"spe":85},"ivs":{"hp":31,"atk":31,"def":31,"spa":31,"spd":31,"spe":31},"item":"Leftovers","level":76,"shiny":false},{"name":"Seviper","moves":["suckerpunch","sludgewave","switcheroo","gigadrain"],"ability":"Shed Skin","evs":{"hp":85,"atk":85,"def":85,"spa":85,"spd":85,"spe":85},"ivs":{"hp":31,"atk":31,"def":31,"spa":31,"spd":31,"spe":31},"item":"Choice Scarf","level":83,"shiny":false},{"name":"Dodrio","moves":["quickattack","knockoff","bravebird","return"],"ability":"Early Bird","evs":{"hp":85,"atk":85,"def":85,"spa":85,"spd":85,"spe":85},"ivs":{"hp":31,"atk":31,"def":31,"spa":31,"spd":31,"spe":31},"item":"Choice Band","level":83,"shiny":false},{"name":"Mienshao","moves":["highjumpkick","knockoff","uturn","stoneedge"],"ability":"Regenerator","evs":{"hp":85,"atk":85,"def":85,"spa":85,"spd":85,"spe":85},"ivs":{"hp":31,"atk":31,"def":31,"spa":31,"spd":31,"spe":31},"item":"Choice Scarf","level":77,"shiny":false},{"name":"Camerupt","moves":["stealthrock","willowisp","earthpower","ancientpower"],"ability":"Solid Rock","evs":{"hp":85,"atk":85,"def":85,"spa":85,"spd":85,"spe":85},"ivs":{"hp":31,"atk":31,"def":31,"spa":31,"spd":31,"spe":31},"item":"Cameruptite","level":79,"shiny":false}],"log":["|player|p1|Vsjejsuuf|1","|player|p2|jwnobbles|275","|gametype|singles","|gen|6","|tier|Random Battle","|rated","|rule|Sleep Clause Mod: Limit one foe put to sleep","|rule|HP Percentage Mod: HP is shown in percentages","|","|start","|switch|p1a: Glaceon|Glaceon, L83, M|243/243","|switch|p2a: Chandelure|Chandelure, L77, F|219/219","|turn|1","|","|move|p2a: Chandelure|Trick|p1a: Glaceon","|-activate|p2a: Chandelure|move: Trick|[of] p1a: Glaceon","|-item|p1a: Glaceon|Choice Scarf|[from] move: Trick","|-item|p2a: Chandelure|Leftovers|[from] move: Trick","|move|p1a: Glaceon|Ice Beam|p2a: Chandelure","|-resisted|p2a: Chandelure","|-damage|p2a: Chandelure|153/219","|-status|p2a: Chandelure|frz","|","|-heal|p2a: Chandelure|166/219 frz|[from] item: Leftovers","|turn|2","|","|move|p1a: Glaceon|Ice Beam|p2a: Chandelure","|-resisted|p2a: Chandelure","|-damage|p2a: Chandelure|103/219 frz","|-curestatus|p2a: Chandelure|frz","|move|p2a: Chandelure|Fire Blast|p1a: Glaceon","|-supereffective|p1a: Glaceon","|-damage|p1a: Glaceon|0 fnt","|faint|p1a: Glaceon","|","|-heal|p2a: Chandelure|116/219|[from] item: Leftovers","|","|switch|p1a: Blaziken|Blaziken, L74, M|240/240","|turn|3","|","|move|p2a: Chandelure|Pain Split|p1a: Blaziken","|-sethp|p1a: Blaziken|178/240|p2a: Chandelure|178/219|[from] move: Pain Split","|move|p1a: Blaziken|High Jump Kick|p2a: Chandelure","|-immune|p2a: Chandelure|[msg]","|-damage|p1a: Blaziken|58/240|[from] highjumpkick","|","|-heal|p2a: Chandelure|191/219|[from] item: Leftovers","|-boost|p1a: Blaziken|spe|1|[from] ability: Speed Boost","|turn|4","|","|detailschange|p1a: Blaziken|Blaziken-Mega, L74, M","|-mega|p1a: Blaziken|Blaziken|Blazikenite","|move|p1a: Blaziken|Stone Edge|p2a: Chandelure","|-supereffective|p2a: Chandelure","|-damage|p2a: Chandelure|0 fnt","|faint|p2a: Chandelure","|","|-boost|p1a: Blaziken|spe|1|[from] ability: Speed Boost","|","|switch|p2a: Camerupt|Camerupt, L79, M|240/240","|turn|5","|","|detailschange|p2a: Camerupt|Camerupt-Mega, L79, M","|-mega|p2a: Camerupt|Camerupt|Cameruptite","|move|p1a: Blaziken|Knock Off|p2a: Camerupt","|-damage|p2a: Camerupt|185/240","|move|p2a: Camerupt|Ancient Power|p1a: Blaziken","|-damage|p1a: Blaziken|0 fnt","|faint|p1a: Blaziken","|","|","|switch|p1a: Alomomola|Alomomola, L79, M|390/390","|turn|6","|","|switch|p2a: Seviper|Seviper, L83, M|257/257","|move|p1a: Alomomola|Protect|p1a: Alomomola","|-fail|p1a: Alomomola","|","|turn|7","|","|move|p2a: Seviper|Switcheroo|p1a: Alomomola","|-activate|p2a: Seviper|move: Trick|[of] p1a: Alomomola","|-item|p1a: Alomomola|Choice Scarf|[from] Trick","|-item|p2a: Seviper|Leftovers|[from] Trick","|move|p1a: Alomomola|Scald|p2a: Seviper","|-damage|p2a: Seviper|203/257","|","|-heal|p2a: Seviper|219/257|[from] item: Leftovers","|turn|8","|","|move|p1a: Alomomola|Scald|p2a: Seviper","|-damage|p2a: Seviper|162/257","|move|p2a: Seviper|Giga Drain|p1a: Alomomola","|-supereffective|p1a: Alomomola","|-damage|p1a: Alomomola|196/390","|-heal|p2a: Seviper|257/257|[from] drain|[of] p1a: Alomomola","|","|turn|9","|","|move|p1a: Alomomola|Scald|p2a: Seviper","|-damage|p2a: Seviper|203/257","|move|p2a: Seviper|Giga Drain|p1a: Alomomola","|-supereffective|p1a: Alomomola","|-damage|p1a: Alomomola|30/390","|-heal|p2a: Seviper|257/257|[from] drain|[of] p1a: Alomomola","|","|turn|10","|","|switch|p1a: Darmanitan|Darmanitan, L77, F|287/287","|move|p2a: Seviper|Sucker Punch|p1a: Darmanitan","|-fail|p2a: Seviper","|","|turn|11","|","|move|p1a: Darmanitan|Flare Blitz|p2a: Seviper","|-damage|p2a: Seviper|0 fnt","|-damage|p1a: Darmanitan|202/287|[from] recoil|[of] p2a: Seviper","|faint|p2a: Seviper","|","|","|switch|p2a: Mienshao|Mienshao, L77, F|227/227","|turn|12","|","|move|p2a: Mienshao|Stone Edge|p1a: Darmanitan","|-supereffective|p1a: Darmanitan","|-damage|p1a: Darmanitan|0 fnt","|faint|p1a: Darmanitan","|","|","|switch|p1a: Xatu|Xatu, L81, M|238/238","|turn|13","|","|switch|p2a: Dodrio|Dodrio, L83, F|235/235","|move|p1a: Xatu|Thunder Wave|p2a: Dodrio","|-status|p2a: Dodrio|par","|","|turn|14","|","|move|p1a: Xatu|Light Screen|p1a: Xatu","|-sidestart|p1: Vsjejsuuf|move: Light Screen","|move|p2a: Dodrio|Knock Off|p1a: Xatu","|-supereffective|p1a: Xatu","|-damage|p1a: Xatu|0 fnt","|-enditem|p1a: Xatu|Light Clay|[from] move: Knock Off|[of] p2a: Dodrio","|faint|p1a: Xatu","|","|","|switch|p1a: Alomomola|Alomomola, L79, M|160/390","|turn|15","|","|move|p1a: Alomomola|Toxic|p2a: Dodrio","|-fail|p2a: Dodrio","|move|p2a: Dodrio|Knock Off|p1a: Alomomola","|-damage|p1a: Alomomola|31/390","|-enditem|p1a: Alomomola|Choice Scarf|[from] move: Knock Off|[of] p2a: Dodrio","|","|turn|16","|","|move|p1a: Alomomola|Scald|p2a: Dodrio","|-damage|p2a: Dodrio|177/235 par","|move|p2a: Dodrio|Knock Off|p1a: Alomomola","|-damage|p1a: Alomomola|0 fnt","|faint|p1a: Alomomola","|","|","|switch|p1a: Throh|Throh, L82, M|331/331","|turn|17","|","|move|p1a: Throh|Ice Punch|p2a: Dodrio","|-supereffective|p2a: Dodrio","|-damage|p2a: Dodrio|63/235 par","|cant|p2a: Dodrio|par","|","|-status|p1a: Throh|tox|[from] item: Toxic Orb","|turn|18","|","|move|p1a: Throh|Ice Punch|p2a: Dodrio","|-supereffective|p2a: Dodrio","|-damage|p2a: Dodrio|0 fnt","|faint|p2a: Dodrio","|","|-damage|p1a: Throh|311/331 tox|[from] psn","|","|switch|p2a: Mienshao|Mienshao, L77, F|227/227","|turn|19","|","|move|p2a: Mienshao|High Jump Kick|p1a: Throh|[miss]","|-miss|p2a: Mienshao|p1a: Throh","|-damage|p2a: Mienshao|114/227|[from] highjumpkick","|move|p1a: Throh|Ice Punch|p2a: Mienshao","|-damage|p2a: Mienshao|0 fnt","|faint|p2a: Mienshao","|","|-damage|p1a: Throh|271/331 tox|[from] psn","|","|switch|p2a: Camerupt|Camerupt-Mega, L79, M|185/240","|turn|20","|","|move|p1a: Throh|Ice Punch|p2a: Camerupt","|-damage|p2a: Camerupt|113/240","|move|p2a: Camerupt|Earth Power|p1a: Throh","|-crit|p1a: Throh","|-damage|p1a: Throh|13/331 tox","|","|-damage|p1a: Throh|0 fnt|[from] psn","|faint|p1a: Throh","|","|win|jwnobbles"],"p1rating":{"entryid":7638585,"formatid":"randombattle","userid":"vsjejsuuf","username":"Vsjejsuuf","r":1500,"rd":130,"sigma":0,"rpr":1460.5907777784,"rprd":122.59601386177,"rpsigma":0,"rptime":1439542800,"w":0,"l":1,"t":0,"gxe":45.1,"acre":1000,"lacre":1000,"oldacre":1000},"p2rating":{"entryid":"7168946","serverid":"eos","formatid":"randombattle","userid":"jwnobbles","username":"jwnobbles","w":3,"l":"4","t":"0","gxe":47.6,"r":"1512.6203606688","rd":"110.86471331211","sigma":"0","rptime":"1439542800","rpr":1481.2195336053,"rprd":98.670542334072,"rpsigma":"0","acre":1054.3449197251,"lacre":1054.3449197251,"oldacre":"1019.2986433221"},"endType":"normal"}