{"seed":[26077,64772,5866,56118],"turns":22,"p1":"Ynfynyt Scroll","p2":"tonyy18","p1team":[{"name":"Mr. Mime","moves":["nastyplot","psyshock","shadowball","encore"],"ability":"Filter","evs":{"hp":85,"atk":85,"def":85,"spa":85,"spd":85,"spe":85},"ivs":{"hp":31,"atk":31,"def":31,"spa":31,"spd":31,"spe":31},"item":"Focus Sash","level":83,"shiny":false},{"name":"Deoxys","moves":["stealthrock","spikes","taunt","psychoboost"],"ability":"Pressure","evs":{"hp":85,"atk":85,"def":85,"spa":85,"spd":85,"spe":85},"ivs":{"hp":31,"atk":31,"def":31,"spa":31,"spd":31,"spe":31},"item":"Leftovers","level":73,"shiny":false},{"name":"Milotic","moves":["sleeptalk","icebeam","recover","scald"],"ability":"Marvel Scale","evs":{"hp":85,"atk":85,"def":85,"spa":85,"spd":85,"spe":85},"ivs":{"hp":31,"atk":31,"def":31,"spa":31,"spd":31,"spe":31},"item":"Leftovers","level":77,"shiny":false},{"name":"Drapion","moves":["knockoff","swordsdance","aquatail","earthquake"],"ability":"Battle Armor","evs":{"hp":85,"atk":85,"def":85,"spa":85,"spd":85,"spe":85},"ivs":{"hp":31,"atk":31,"def":31,"spa":31,"spd":31,"spe":31},"item":"Life Orb","level":79,"shiny":false},{"name":"Abomasnow","moves":["iceshard","woodhammer","hiddenpowerfire","blizzard"],"ability":"Snow Warning","evs":{"hp":85,"atk":85,"def":85,"spa":85,"spd":85,"spe":85},"ivs":{"hp":31,"atk":30,"def":31,"spa":30,"spd":31,"spe":30},"item":"Abomasite","level":77,"shiny":false},{"name":"Lopunny","moves":["switcheroo","icepunch","return","healingwish"],"ability":"Klutz","evs":{"hp":85,"atk":85,"def":85,"spa":85,"spd":85,"spe":85},"ivs":{"hp":31,"atk":31,"def":31,"spa":31,"spd":31,"spe":31},"item":"Assault Vest","level":83,"shiny":false}],"p2team":[{"name":"Breloom","moves":["machpunch","bulletseed","swordsdance","rocktomb"],"ability":"Technician","evs":{"hp":85,"atk":85,"def":85,"spa":85,"spd":85,"spe":85},"ivs":{"hp":31,"atk":31,"def":31,"spa":31,"spd":31,"spe":31},"item":"Life Orb","level":75,"shiny":false},{"name":"Scyther","moves":["uturn","roost","quickattack","aerialace"],"ability":"Technician","evs":{"hp":81,"atk":89,"def":85,"spa":85,"spd":85,"spe":85},"ivs":{"hp":31,"atk":31,"def":31,"spa":31,"spd":31,"spe":31},"item":"Eviolite","level":81,"shiny":false},{"name":"Klefki","moves":["thunderwave","playrough","foulplay","magnetrise"],"ability":"Prankster","evs":{"hp":85,"atk":85,"def":85,"spa":85,"spd":85,"spe":85},"ivs":{"hp":31,"atk":31,"def":31,"spa":31,"spd":31,"spe":31},"item":"Leftovers","level":75,"shiny":false},{"name":"Bibarel","moves":["return","rest","quickattack","curse"],"ability":"Simple","evs":{"hp":85,"atk":85,"def":85,"spa":85,"spd":85,"spe":85},"ivs":{"hp":31,"atk":31,"def":31,"spa":31,"spd":31,"spe":31},"item":"Chesto Berry","level":83,"shiny":false},{"name":"Granbull","moves":["healbell","crunch","thunderwave","playrough"],"ability":"Intimidate","evs":{"hp":85,"atk":85,"def":85,"spa":85,"spd":85,"spe":85},"ivs":{"hp":31,"atk":31,"def":31,"spa":31,"spd":31,"spe":31},"item":"Leftovers","level":81,"shiny":false},{"name":"Chimecho","moves":["yawn","taunt","healbell","psychic"],"ability":"Levitate","evs":{"hp":85,"atk":85,"def":85,"spa":85,"spd":85,"spe":85},"ivs":{"hp":31,"atk":31,"def":31,"spa":31,"spd":31,"spe":31},"item":"Leftovers","level":83,"shiny":false}],"log":["|player|p1|Ynfynyt Scroll|169","|player|p2|tonyy18|229","|gametype|singles","|gen|6","|tier|Random Battle","|rated","|rule|Sleep Clause Mod: Limit one foe put to sleep","|rule|HP Percentage Mod: HP is shown in percentages","|","|start","|switch|p1a: Mr. Mime|Mr. Mime, L83, M|202/202","|switch|p2a: Breloom|Breloom, L75, M|214/214","|turn|1","|","|switch|p2a: Klefki|Klefki, L75, M|209/209","|move|p1a: Mr. Mime|Psyshock|p2a: Klefki","|-resisted|p2a: Klefki","|-damage|p2a: Klefki|161/209","|","|-heal|p2a: Klefki|174/209|[from] item: Leftovers","|turn|2","|","|move|p2a: Klefki|Thunder Wave|p1a: Mr. Mime","|-status|p1a: Mr. Mime|par","|move|p1a: Mr. Mime|Nasty Plot|p1a: Mr. Mime","|-boost|p1a: Mr. Mime|spa|2","|","|-heal|p2a: Klefki|187/209|[from] item: Leftovers","|turn|3","|","|move|p2a: Klefki|Foul Play|p1a: Mr. Mime","|-damage|p1a: Mr. Mime|155/202 par","|move|p1a: Mr. Mime|Shadow Ball|p2a: Klefki","|-damage|p2a: Klefki|62/209","|","|-heal|p2a: Klefki|75/209|[from] item: Leftovers","|turn|4","|","|move|p2a: Klefki|Foul Play|p1a: Mr. Mime","|-damage|p1a: Mr. Mime|110/202 par","|cant|p1a: Mr. Mime|par","|","|-heal|p2a: Klefki|88/209|[from] item: Leftovers","|turn|5","|","|move|p2a: Klefki|Foul Play|p1a: Mr. Mime","|-damage|p1a: Mr. Mime|69/202 par","|move|p1a: Mr. Mime|Shadow Ball|p2a: Klefki","|-damage|p2a: Klefki|0 fnt","|faint|p2a: Klefki","|","|","|switch|p2a: Scyther|Scyther, L81, M|245/245","|turn|6","|","|move|p2a: Scyther|U-turn|p1a: Mr. Mime","|-damage|p1a: Mr. Mime|0 fnt","|faint|p1a: Mr. Mime","|","|switch|p2a: Breloom|Breloom, L75, M|214/214","|","|","|switch|p1a: Deoxys|Deoxys, L73|193/193","|-ability|p1a: Deoxys|Pressure","|turn|7","|","|move|p1a: Deoxys|Psycho Boost|p2a: Breloom","|-supereffective|p2a: Breloom","|-damage|p2a: Breloom|0 fnt","|-unboost|p1a: Deoxys|spa|2","|faint|p2a: Breloom","|","|","|switch|p2a: Granbull|Granbull, L81, M|278/278","|-ability|p2a: Granbull|Intimidate","|-unboost|p1a: Deoxys|atk|1","|turn|8","|","|move|p1a: Deoxys|Stealth Rock|p2a: Granbull","|-sidestart|p2: tonyy18|move: Stealth Rock","|move|p2a: Granbull|Crunch|p1a: Deoxys","|-supereffective|p1a: Deoxys","|-damage|p1a: Deoxys|0 fnt","|faint|p1a: Deoxys","|","|","|switch|p1a: Milotic|Milotic, L77, M|273/273","|turn|9","|","|move|p1a: Milotic|Scald|p2a: Granbull","|-damage|p2a: Granbull|187/278","|-status|p2a: Granbull|brn","|move|p2a: Granbull|Thunder Wave|p1a: Milotic","|-status|p1a: Milotic|par","|","|-heal|p2a: Granbull|204/278 brn|[from] item: Leftovers","|-damage|p2a: Granbull|170/278 brn|[from] brn","|turn|10","|","|move|p2a: Granbull|Crunch|p1a: Milotic","|-damage|p1a: Milotic|247/273 par","|cant|p1a: Milotic|par","|","|-heal|p2a: Granbull|187/278 brn|[from] item: Leftovers","|-heal|p1a: Milotic|264/273 par|[from] item: Leftovers","|-damage|p2a: Granbull|153/278 brn|[from] brn","|turn|11","|","|move|p2a: Granbull|Heal Bell|p2a: Granbull","|-cureteam|p2a: Granbull|[from] move: HealBell","|move|p1a: Milotic|Scald|p2a: Granbull","|-damage|p2a: Granbull|45/278","|","|-heal|p2a: Granbull|62/278|[from] item: Leftovers","|-heal|p1a: Milotic|273/273 par|[from] item: Leftovers","|turn|12","|","|switch|p2a: Chimecho|Chimecho, L83, F|244/244","|-damage|p2a: Chimecho|214/244|[from] Stealth Rock","|cant|p1a: Milotic|par","|","|-heal|p2a: Chimecho|229/244|[from] item: Leftovers","|turn|13","|","|switch|p1a: Drapion|Drapion, L79, F|240/240","|move|p2a: Chimecho|Taunt|p1a: Drapion","|-start|p1a: Drapion|move: Taunt","|","|-heal|p2a: Chimecho|244/244|[from] item: Leftovers","|turn|14","|","|switch|p2a: Bibarel|Bibarel, L83, F|267/267","|-damage|p2a: Bibarel|234/267|[from] Stealth Rock","|move|p1a: Drapion|Knock Off|p2a: Bibarel","|-crit|p2a: Bibarel","|-damage|p2a: Bibarel|22/267","|-enditem|p2a: Bibarel|Chesto Berry|[from] move: Knock Off|[of] p1a: Drapion","|-damage|p1a: Drapion|216/240|[from] item: Life Orb","|","|turn|15","|","|move|p1a: Drapion|Earthquake|p2a: Bibarel","|-damage|p2a: Bibarel|0 fnt","|-damage|p1a: Drapion|192/240|[from] item: Life Orb","|faint|p2a: Bibarel","|","|-end|p1a: Drapion|move: Taunt","|","|switch|p2a: Granbull|Granbull, L81, M|62/278","|-damage|p2a: Granbull|28/278|[from] Stealth Rock","|-ability|p2a: Granbull|Intimidate","|-unboost|p1a: Drapion|atk|1","|turn|16","|","|move|p1a: Drapion|Earthquake|p2a: Granbull","|-damage|p2a: Granbull|0 fnt","|-damage|p1a: Drapion|168/240|[from] item: Life Orb","|faint|p2a: Granbull","|","|","|switch|p2a: Scyther|Scyther, L81, M|245/245","|-damage|p2a: Scyther|123/245|[from] Stealth Rock","|turn|17","|","|move|p2a: Scyther|Aerial Ace|p1a: Drapion","|-damage|p1a: Drapion|80/240","|move|p1a: Drapion|Knock Off|p2a: Scyther","|-damage|p2a: Scyther|61/245","|-enditem|p2a: Scyther|Eviolite|[from] move: Knock Off|[of] p1a: Drapion","|-damage|p1a: Drapion|56/240|[from] item: Life Orb","|","|turn|18","|","|switch|p1a: Milotic|Milotic, L77, M|273/273 par","|move|p2a: Scyther|Aerial Ace|p1a: Milotic","|-damage|p1a: Milotic|198/273 par","|","|-heal|p1a: Milotic|215/273 par|[from] item: Leftovers","|turn|19","|","|move|p2a: Scyther|Roost|p2a: Scyther","|-heal|p2a: Scyther|184/245","|move|p1a: Milotic|Scald|p2a: Scyther","|-damage|p2a: Scyther|99/245","|","|-heal|p1a: Milotic|232/273 par|[from] item: Leftovers","|turn|20","|","|move|p2a: Scyther|U-turn|p1a: Milotic","|-damage|p1a: Milotic|171/273 par","|","|switch|p2a: Chimecho|Chimecho, L83, F|244/244","|-damage|p2a: Chimecho|214/244|[from] Stealth Rock","|move|p1a: Milotic|Scald|p2a: Chimecho","|-damage|p2a: Chimecho|141/244","|","|-heal|p2a: Chimecho|156/244|[from] item: Leftovers","|-heal|p1a: Milotic|188/273 par|[from] item: Leftovers","|turn|21","|","|move|p2a: Chimecho|Yawn|p1a: Milotic","|-fail|p1a: Milotic","|move|p1a: Milotic|Scald|p2a: Chimecho","|-damage|p2a: Chimecho|75/244","|","|-heal|p2a: Chimecho|90/244|[from] item: Leftovers","|-heal|p1a: Milotic|205/273 par|[from] item: Leftovers","|turn|22","|","|move|p2a: Chimecho|Psychic|p1a: Milotic","|-damage|p1a: Milotic|132/273 par","|-unboost|p1a: Milotic|spd|1","|move|p1a: Milotic|Scald|p2a: Chimecho","|-damage|p2a: Chimecho|6/244","|-status|p2a: Chimecho|brn","|","|-heal|p2a: Chimecho|21/244 brn|[from] item: Leftovers","|-heal|p1a: Milotic|149/273 par|[from] item: Leftovers","|-damage|p2a: Chimecho|0 fnt|[from] brn","|faint|p2a: Chimecho","|","|switch|p2a: Scyther|Scyther, L81, M|99/245","|-damage|p2a: Scyther|0 fnt|[from] Stealth Rock","|faint|p2a: Scyther","|","|win|Ynfynyt Scroll"],"p1rating":{"entryid":"7631274","serverid":"eos","formatid":"randombattle","userid":"ynfynytscroll","username":"Ynfynyt Scroll","w":4,"l":"1","t":"0","gxe":60.2,"r":"1500","rd":"130","sigma":"0","rptime":"1439542800","rpr":1581.1799018726,"rprd":102.46467308878,"rpsigma":"0","acre":1114.2786123518,"lacre":1114.2786123518,"oldacre":"1091.6236474519"},"p2rating":{"entryid":"7631275","serverid":"eos","formatid":"randombattle","userid":"tonyy18","username":"tonyy18","w":"2","l":5,"t":"0","gxe":43,"r":"1500","rd":"130","sigma":"0","rptime":"1439542800","rpr":1444.8357175082,"rprd":95.920506399293,"rpsigma":"0","acre":1029.3853653601,"lacre":1029.3853653601,"oldacre":"1043.6650634895"},"endType":"normal"}