{"seed":[56804,23482,38232,6123],"turns":29,"p1":"Ynfynyt Scroll","p2":"DpxYT","p1team":[{"name":"Mantine","moves":["sleeptalk","airslash","rest","scald"],"ability":"Water Absorb","evs":{"hp":85,"atk":85,"def":85,"spa":85,"spd":85,"spe":85},"ivs":{"hp":31,"atk":31,"def":31,"spa":31,"spd":31,"spe":31},"item":"Focus Sash","level":81,"shiny":false},{"name":"Suicune","moves":["sleeptalk","scald","rest","hiddenpowergrass"],"ability":"Water Absorb","evs":{"hp":85,"atk":85,"def":85,"spa":85,"spd":85,"spe":85},"ivs":{"hp":31,"atk":30,"def":31,"spa":30,"spd":31,"spe":31},"item":"Leftovers","level":77,"shiny":false},{"name":"Emboar","moves":["superpower","suckerpunch","wildcharge","stoneedge"],"ability":"Reckless","evs":{"hp":85,"atk":85,"def":85,"spa":85,"spd":85,"spe":85},"ivs":{"hp":31,"atk":31,"def":31,"spa":31,"spd":31,"spe":31},"item":"Life Orb","level":79,"shiny":false},{"name":"Swampert","moves":["waterfall","superpower","raindance","icepunch"],"ability":"Torrent","evs":{"hp":85,"atk":85,"def":85,"spa":85,"spd":85,"spe":85},"ivs":{"hp":31,"atk":31,"def":31,"spa":31,"spd":31,"spe":31},"item":"Swampertite","level":77,"shiny":false},{"name":"Mew","moves":["nastyplot","knockoff","roost","psyshock"],"ability":"Synchronize","evs":{"hp":85,"atk":85,"def":85,"spa":85,"spd":85,"spe":85},"ivs":{"hp":31,"atk":31,"def":31,"spa":31,"spd":31,"spe":31},"item":"Leftovers","level":75,"shiny":false},{"name":"Weavile","moves":["iciclecrash","knockoff","swordsdance","lowkick"],"ability":"Pickpocket","evs":{"hp":85,"atk":85,"def":85,"spa":85,"spd":85,"spe":85},"ivs":{"hp":31,"atk":31,"def":31,"spa":31,"spd":31,"spe":31},"item":"Life Orb","level":75,"shiny":false}],"p2team":[{"name":"Shuckle","moves":["encore","stickyweb","toxic","stealthrock"],"ability":"Sturdy","evs":{"hp":85,"atk":85,"def":85,"spa":85,"spd":85,"spe":85},"ivs":{"hp":31,"atk":31,"def":31,"spa":31,"spd":31,"spe":31},"item":"Leftovers","level":78,"shiny":false},{"name":"Aggron","moves":["stealthrock","thunderwave","roar","heavyslam"],"ability":"Sturdy","evs":{"hp":85,"atk":85,"def":85,"spa":85,"spd":85,"spe":85},"ivs":{"hp":31,"atk":31,"def":31,"spa":31,"spd":31,"spe":31},"item":"Aggronite","level":77,"shiny":false},{"name":"Jirachi","moves":["wish","toxic","uturn","ironhead"],"ability":"Serene Grace","evs":{"hp":85,"atk":85,"def":85,"spa":85,"spd":85,"spe":85},"ivs":{"hp":31,"atk":31,"def":31,"spa":31,"spd":31,"spe":31},"item":"Air Balloon","level":75,"shiny":false},{"name":"Garbodor","moves":["toxicspikes","spikes","rockblast","gunkshot"],"ability":"Aftermath","evs":{"hp":85,"atk":85,"def":85,"spa":85,"spd":85,"spe":85},"ivs":{"hp":31,"atk":31,"def":31,"spa":31,"spd":31,"spe":31},"item":"Black Sludge","level":81,"shiny":false},{"name":"Sawk","moves":["closecombat","icepunch","poisonjab","earthquake"],"ability":"Mold Breaker","evs":{"hp":85,"atk":85,"def":85,"spa":85,"spd":85,"spe":85},"ivs":{"hp":31,"atk":31,"def":31,"spa":31,"spd":31,"spe":31},"item":"Choice Band","level":81,"shiny":false},{"name":"Pidgeot","moves":["roost","uturn","bravebird","doubleedge"],"ability":"Tangled Feet","evs":{"hp":85,"atk":85,"def":85,"spa":85,"spd":85,"spe":85},"ivs":{"hp":31,"atk":31,"def":31,"spa":31,"spd":31,"spe":31},"item":"Life Orb","level":83,"shiny":false}],"log":["|player|p1|Ynfynyt Scroll|169","|player|p2|DpxYT|80","|gametype|singles","|gen|6","|tier|Random Battle","|rated","|rule|Sleep Clause Mod: Limit one foe put to sleep","|rule|HP Percentage Mod: HP is shown in percentages","|","|start","|switch|p1a: Mantine|Mantine, L81, M|238/238","|switch|p2a: Shuckle|Shuckle, L78, M|159/159","|turn|1","|","|move|p1a: Mantine|Scald|p2a: Shuckle","|-supereffective|p2a: Shuckle","|-damage|p2a: Shuckle|93/159","|move|p2a: Shuckle|Sticky Web|p1a: Mantine","|-sidestart|p1: Ynfynyt Scroll|move: Sticky Web","|","|-heal|p2a: Shuckle|102/159|[from] item: Leftovers","|turn|2","|","|move|p1a: Mantine|Scald|p2a: Shuckle","|-supereffective|p2a: Shuckle","|-damage|p2a: Shuckle|36/159","|-status|p2a: Shuckle|brn","|move|p2a: Shuckle|Stealth Rock|p1a: Mantine","|-sidestart|p1: Ynfynyt Scroll|move: Stealth Rock","|","|-heal|p2a: Shuckle|45/159 brn|[from] item: Leftovers","|-damage|p2a: Shuckle|26/159 brn|[from] brn","|turn|3","|","|move|p1a: Mantine|Scald|p2a: Shuckle","|-supereffective|p2a: Shuckle","|-damage|p2a: Shuckle|0 fnt","|faint|p2a: Shuckle","|","|","|switch|p2a: Jirachi|Jirachi, L75|274/274","|-item|p2a: Jirachi|Air Balloon","|turn|4","|","|move|p2a: Jirachi|Toxic|p1a: Mantine","|-status|p1a: Mantine|tox","|move|p1a: Mantine|Scald|p2a: Jirachi","|-damage|p2a: Jirachi|205/274","|-enditem|p2a: Jirachi|Air Balloon","|","|-damage|p1a: Mantine|224/238 tox|[from] psn","|turn|5","|","|move|p2a: Jirachi|Iron Head|p1a: Mantine","|-resisted|p1a: Mantine","|-damage|p1a: Mantine|181/238 tox","|cant|p1a: Mantine|flinch","|","|-damage|p1a: Mantine|153/238 tox|[from] psn","|turn|6","|","|move|p2a: Jirachi|Wish|p2a: Jirachi","|move|p1a: Mantine|Scald|p2a: Jirachi","|-damage|p2a: Jirachi|133/274","|","|-damage|p1a: Mantine|111/238 tox|[from] psn","|turn|7","|","|move|p2a: Jirachi|Iron Head|p1a: Mantine","|-resisted|p1a: Mantine","|-damage|p1a: Mantine|68/238 tox","|cant|p1a: Mantine|flinch","|","|-heal|p2a: Jirachi|270/274|[from] move: Wish|[wisher] Jirachi","|-damage|p1a: Mantine|12/238 tox|[from] psn","|turn|8","|","|move|p2a: Jirachi|Iron Head|p1a: Mantine","|-resisted|p1a: Mantine","|-damage|p1a: Mantine|0 fnt","|faint|p1a: Mantine","|","|","|switch|p1a: Weavile|Weavile, L75, M|229/229","|-damage|p1a: Weavile|172/229|[from] Stealth Rock","|-activate|p1a: Weavile|move: Sticky Web","|-unboost|p1a: Weavile|spe|1","|turn|9","|","|move|p2a: Jirachi|Iron Head|p1a: Weavile","|-supereffective|p1a: Weavile","|-damage|p1a: Weavile|0 fnt","|faint|p1a: Weavile","|","|","|switch|p1a: Swampert|Swampert, L77, F|281/281","|-damage|p1a: Swampert|264/281|[from] Stealth Rock","|-activate|p1a: Swampert|move: Sticky Web","|-unboost|p1a: Swampert|spe|1","|turn|10","|","|detailschange|p1a: Swampert|Swampert-Mega, L77, F","|-mega|p1a: Swampert|Swampert|Swampertite","|move|p2a: Jirachi|U-turn|p1a: Swampert","|-damage|p1a: Swampert|224/281","|","|switch|p2a: Pidgeot|Pidgeot, L83, M|273/273","|move|p1a: Swampert|Rain Dance|p1a: Swampert","|-weather|RainDance","|","|-weather|RainDance|[upkeep]","|turn|11","|","|move|p2a: Pidgeot|Brave Bird|p1a: Swampert","|-damage|p1a: Swampert|99/281","|-damage|p2a: Pidgeot|232/273|[from] recoil|[of] p1a: Swampert","|-damage|p2a: Pidgeot|205/273|[from] item: Life Orb","|move|p1a: Swampert|Waterfall|p2a: Pidgeot","|-damage|p2a: Pidgeot|24/273","|","|-weather|RainDance|[upkeep]","|turn|12","|","|move|p2a: Pidgeot|Double-Edge|p1a: Swampert","|-damage|p1a: Swampert|0 fnt","|-damage|p2a: Pidgeot|0 fnt|[from] recoil|[of] p1a: Swampert","|faint|p1a: Swampert","|faint|p2a: Pidgeot","|","|-weather|RainDance|[upkeep]","|","|switch|p1a: Mew|Mew, L75|274/274","|switch|p2a: Aggron|Aggron, L77, M|234/234","|-activate|p1a: Mew|move: Sticky Web","|-unboost|p1a: Mew|spe|1","|-damage|p1a: Mew|240/274|[from] Stealth Rock","|turn|13","|","|switch|p1a: Suicune|Suicune, L77|281/281","|-damage|p1a: Suicune|246/281|[from] Stealth Rock","|-activate|p1a: Suicune|move: Sticky Web","|-unboost|p1a: Suicune|spe|1","|detailschange|p2a: Aggron|Aggron-Mega, L77, M","|-mega|p2a: Aggron|Aggron|Aggronite","|move|p2a: Aggron|Thunder Wave|p1a: Suicune","|-status|p1a: Suicune|par","|","|-weather|RainDance|[upkeep]","|-heal|p1a: Suicune|263/281 par|[from] item: Leftovers","|turn|14","|","|move|p1a: Suicune|Scald|p2a: Aggron","|-damage|p2a: Aggron|125/234","|-status|p2a: Aggron|brn","|move|p2a: Aggron|Roar|p1a: Suicune","|drag|p1a: Emboar|Emboar, L79, M|303/303","|-activate|p1a: Emboar|move: Sticky Web","|-unboost|p1a: Emboar|spe|1","|-damage|p1a: Emboar|266/303|[from] Stealth Rock","|","|-weather|none","|-damage|p2a: Aggron|96/234 brn|[from] brn","|turn|15","|","|switch|p2a: Garbodor|Garbodor, L81, F|262/262","|switch|p1a: Suicune|Suicune, L77|263/281 par","|-activate|p1a: Suicune|move: Sticky Web","|-unboost|p1a: Suicune|spe|1","|-damage|p1a: Suicune|228/281 par|[from] Stealth Rock","|","|-heal|p1a: Suicune|245/281 par|[from] item: Leftovers","|turn|16","|","|move|p2a: Garbodor|Toxic Spikes|p1a: Suicune","|-sidestart|p1: Ynfynyt Scroll|move: Toxic Spikes","|move|p1a: Suicune|Scald|p2a: Garbodor","|-damage|p2a: Garbodor|183/262","|","|-heal|p2a: Garbodor|199/262|[from] item: Black Sludge","|-heal|p1a: Suicune|262/281 par|[from] item: Leftovers","|turn|17","|","|move|p2a: Garbodor|Toxic Spikes|p1a: Suicune","|-sidestart|p1: Ynfynyt Scroll|move: Toxic Spikes","|move|p1a: Suicune|Scald|p2a: Garbodor","|-damage|p2a: Garbodor|123/262","|","|-heal|p2a: Garbodor|139/262|[from] item: Black Sludge","|-heal|p1a: Suicune|279/281 par|[from] item: Leftovers","|turn|18","|","|move|p2a: Garbodor|Spikes|p1a: Suicune","|-sidestart|p1: Ynfynyt Scroll|Spikes","|cant|p1a: Suicune|par","|","|-heal|p2a: Garbodor|155/262|[from] item: Black Sludge","|-heal|p1a: Suicune|281/281 par|[from] item: Leftovers","|turn|19","|","|move|p2a: Garbodor|Spikes|p1a: Suicune","|-sidestart|p1: Ynfynyt Scroll|Spikes","|move|p1a: Suicune|Scald|p2a: Garbodor","|-damage|p2a: Garbodor|86/262","|-status|p2a: Garbodor|brn","|","|-heal|p2a: Garbodor|102/262 brn|[from] item: Black Sludge","|-damage|p2a: Garbodor|70/262 brn|[from] brn","|turn|20","|","|move|p2a: Garbodor|Gunk Shot|p1a: Suicune|[miss]","|-miss|p2a: Garbodor|p1a: Suicune","|move|p1a: Suicune|Scald|p2a: Garbodor","|-damage|p2a: Garbodor|0 fnt","|faint|p2a: Garbodor","|","|","|switch|p2a: Jirachi|Jirachi, L75|270/274","|turn|21","|","|move|p2a: Jirachi|Wish|p2a: Jirachi","|move|p1a: Suicune|Scald|p2a: Jirachi","|-damage|p2a: Jirachi|201/274","|","|turn|22","|","|switch|p2a: Aggron|Aggron-Mega, L77, M|96/234 brn","|move|p1a: Suicune|Scald|p2a: Aggron","|-damage|p2a: Aggron|23/234 brn","|","|-heal|p2a: Aggron|160/234 brn|[from] move: Wish|[wisher] Jirachi","|-damage|p2a: Aggron|131/234 brn|[from] brn","|turn|23","|","|move|p2a: Aggron|Heavy Slam|p1a: Suicune","|-resisted|p1a: Suicune","|-damage|p1a: Suicune|266/281 par","|move|p1a: Suicune|Scald|p2a: Aggron","|-damage|p2a: Aggron|50/234 brn","|","|-heal|p1a: Suicune|281/281 par|[from] item: Leftovers","|-damage|p2a: Aggron|21/234 brn|[from] brn","|turn|24","|","|move|p1a: Suicune|Hidden Power|p2a: Aggron","|-resisted|p2a: Aggron","|-damage|p2a: Aggron|2/234 brn","|move|p2a: Aggron|Roar|p1a: Suicune","|drag|p1a: Emboar|Emboar, L79, M|266/303","|-activate|p1a: Emboar|move: Sticky Web","|-unboost|p1a: Emboar|spe|1","|-damage|p1a: Emboar|229/303|[from] Stealth Rock","|-status|p1a: Emboar|tox","|-damage|p1a: Emboar|179/303 tox|[from] Spikes","|","|-damage|p2a: Aggron|0 fnt|[from] brn","|-damage|p1a: Emboar|161/303 tox|[from] psn","|faint|p2a: Aggron","|","|switch|p2a: Sawk|Sawk, L81, M|254/254","|-ability|p2a: Sawk|Mold Breaker","|turn|25","|","|move|p2a: Sawk|Earthquake|p1a: Emboar","|-crit|p1a: Emboar","|-supereffective|p1a: Emboar","|-damage|p1a: Emboar|0 fnt","|faint|p1a: Emboar","|","|","|switch|p1a: Suicune|Suicune, L77|281/281 par","|-activate|p1a: Suicune|move: Sticky Web","|-unboost|p1a: Suicune|spe|1","|-damage|p1a: Suicune|235/281 par|[from] Spikes","|-damage|p1a: Suicune|200/281 par|[from] Stealth Rock","|turn|26","|","|move|p2a: Sawk|Earthquake|p1a: Suicune","|-damage|p1a: Suicune|95/281 par","|move|p1a: Suicune|Scald|p2a: Sawk","|-damage|p2a: Sawk|170/254","|","|-heal|p1a: Suicune|112/281 par|[from] item: Leftovers","|turn|27","|","|move|p2a: Sawk|Earthquake|p1a: Suicune","|-damage|p1a: Suicune|2/281 par","|cant|p1a: Suicune|par","|","|-heal|p1a: Suicune|19/281 par|[from] item: Leftovers","|turn|28","|","|move|p2a: Sawk|Earthquake|p1a: Suicune","|-damage|p1a: Suicune|0 fnt","|faint|p1a: Suicune","|","|","|switch|p1a: Mew|Mew, L75|240/274","|-activate|p1a: Mew|move: Sticky Web","|-unboost|p1a: Mew|spe|1","|-damage|p1a: Mew|206/274|[from] Stealth Rock","|-status|p1a: Mew|tox","|-damage|p1a: Mew|161/274 tox|[from] Spikes","|turn|29","|","|move|p2a: Sawk|Earthquake|p1a: Mew","|-crit|p1a: Mew","|-damage|p1a: Mew|0 fnt","|faint|p1a: Mew","|","|win|DpxYT"],"p1rating":{"entryid":"7631274","serverid":"eos","formatid":"randombattle","userid":"ynfynytscroll","username":"Ynfynyt Scroll","w":"4","l":2,"t":"0","gxe":55.9,"r":"1500","rd":"130","sigma":"0","rptime":"1439542800","rpr":1546.0094300123,"rprd":98.575494511297,"rpsigma":"0","acre":1083.4464453156,"lacre":1083.4464453156,"oldacre":"1114.2786123518"},"p2rating":{"entryid":"5752056","serverid":"eos","formatid":"randombattle","userid":"dpxyt","username":"DpxYT","w":7,"l":"9","t":"0","gxe":46.7,"r":"1471.3964187373","rd":"85.792422623838","sigma":"0","rptime":"1439542800","rpr":1474.0921604437,"rprd":81.666005994547,"rpsigma":"0","acre":1075.1722411009,"lacre":1075.1722411009,"oldacre":"1031.7061987361"},"endType":"normal"}