{"seed":[40651,38626,1512,48890],"turns":20,"p1":"Ynfynyt Scroll","p2":"Servidor57","p1team":[{"name":"Azumarill","moves":["playrough","knockoff","waterfall","bellydrum"],"ability":"Huge Power","evs":{"hp":85,"atk":85,"def":85,"spa":85,"spd":85,"spe":85},"ivs":{"hp":31,"atk":31,"def":31,"spa":31,"spd":31,"spe":31},"item":"Sitrus Berry","level":75,"shiny":false},{"name":"Snorlax","moves":["sleeptalk","rest","curse","bodyslam"],"ability":"Thick Fat","evs":{"hp":85,"atk":85,"def":85,"spa":85,"spd":85,"spe":85},"ivs":{"hp":31,"atk":31,"def":31,"spa":31,"spd":31,"spe":31},"item":"Leftovers","level":77,"shiny":false},{"name":"Musharna","moves":["signalbeam","healbell","moonlight","psychic"],"ability":"Synchronize","evs":{"hp":85,"atk":85,"def":85,"spa":85,"spd":85,"spe":85},"ivs":{"hp":31,"atk":31,"def":31,"spa":31,"spd":31,"spe":31},"item":"Leftovers","level":81,"shiny":false},{"name":"Butterfree","moves":["psychic","bugbuzz","shadowball","substitute"],"ability":"Tinted Lens","evs":{"hp":85,"atk":85,"def":85,"spa":85,"spd":85,"spe":85},"ivs":{"hp":31,"atk":31,"def":31,"spa":31,"spd":31,"spe":31},"item":"Leftovers","level":83,"shiny":false},{"name":"Jirachi","moves":["wish","firepunch","toxic","ironhead"],"ability":"Serene Grace","evs":{"hp":85,"atk":85,"def":85,"spa":85,"spd":85,"spe":85},"ivs":{"hp":31,"atk":31,"def":31,"spa":31,"spd":31,"spe":31},"item":"Air Balloon","level":75,"shiny":false},{"name":"Kyurem-White","moves":["substitute","roost","toxic","icebeam"],"ability":"Turboblaze","evs":{"hp":85,"atk":85,"def":85,"spa":85,"spd":85,"spe":85},"ivs":{"hp":31,"atk":31,"def":31,"spa":31,"spd":31,"spe":31},"item":"Leftovers","level":73,"shiny":false}],"p2team":[{"name":"Ludicolo","moves":["scald","icebeam","focusblast","gigadrain"],"ability":"Rain Dish","evs":{"hp":85,"atk":85,"def":85,"spa":85,"spd":85,"spe":85},"ivs":{"hp":31,"atk":31,"def":31,"spa":31,"spd":31,"spe":31},"item":"Choice Specs","level":81,"shiny":false},{"name":"Dragonite","moves":["roost","extremespeed","firepunch","outrage"],"ability":"Multiscale","evs":{"hp":81,"atk":89,"def":85,"spa":85,"spd":85,"spe":85},"ivs":{"hp":31,"atk":31,"def":31,"spa":31,"spd":31,"spe":31},"item":"Lum Berry","level":75,"shiny":false},{"name":"Whimsicott","moves":["moonblast","tailwind","taunt","memento"],"ability":"Prankster","evs":{"hp":85,"atk":85,"def":85,"spa":85,"spd":85,"spe":85},"ivs":{"hp":31,"atk":31,"def":31,"spa":31,"spd":31,"spe":31},"item":"Leftovers","level":77,"shiny":false},{"name":"Floatzel","moves":["brickbreak","batonpass","aquajet","substitute"],"ability":"Water Veil","evs":{"hp":85,"atk":85,"def":85,"spa":85,"spd":85,"spe":85},"ivs":{"hp":31,"atk":31,"def":31,"spa":31,"spd":31,"spe":31},"item":"Leftovers","level":83,"shiny":false},{"name":"Zapdos","moves":["heatwave","roost","hiddenpowerice","thunderbolt"],"ability":"Static","evs":{"hp":85,"atk":85,"def":85,"spa":85,"spd":85,"spe":85},"ivs":{"hp":31,"atk":30,"def":30,"spa":31,"spd":31,"spe":31},"item":"Life Orb","level":75,"shiny":false},{"name":"Medicham","moves":["zenheadbutt","fakeout","highjumpkick","icepunch"],"ability":"Pure Power","evs":{"hp":85,"atk":85,"def":85,"spa":85,"spd":85,"spe":85},"ivs":{"hp":31,"atk":31,"def":31,"spa":31,"spd":31,"spe":31},"item":"Medichamite","level":76,"shiny":false}],"log":["|player|p1|Ynfynyt Scroll|169","|player|p2|Servidor57|68","|gametype|singles","|gen|6","|tier|Random Battle","|rated","|rule|Sleep Clause Mod: Limit one foe put to sleep","|rule|HP Percentage Mod: HP is shown in percentages","|","|start","|switch|p1a: Azumarill|Azumarill, L75, F|274/274","|switch|p2a: Ludicolo|Ludicolo, L81, M|262/262","|turn|1","|","|move|p2a: Ludicolo|Giga Drain|p1a: Azumarill","|-supereffective|p1a: Azumarill","|-damage|p1a: Azumarill|8/274","|-enditem|p1a: Azumarill|Sitrus Berry|[eat]","|-heal|p1a: Azumarill|76/274|[from] item: Sitrus Berry","|move|p1a: Azumarill|Play Rough|p2a: Ludicolo","|-damage|p2a: Ludicolo|148/262","|","|turn|2","|","|switch|p1a: Butterfree|Butterfree, L83, M|235/235","|move|p2a: Ludicolo|Giga Drain|p1a: Butterfree","|-resisted|p1a: Butterfree","|-damage|p1a: Butterfree|208/235","|-heal|p2a: Ludicolo|162/262|[from] drain|[of] p1a: Butterfree","|","|-heal|p1a: Butterfree|222/235|[from] item: Leftovers","|turn|3","|","|switch|p2a: Zapdos|Zapdos, L75|259/259","|move|p1a: Butterfree|Bug Buzz|p2a: Zapdos","|-resisted|p2a: Zapdos","|-damage|p2a: Zapdos|165/259","|","|-heal|p1a: Butterfree|235/235|[from] item: Leftovers","|turn|4","|","|switch|p1a: Kyurem-White|Kyurem-White, L73|303/303","|-ability|p1a: Kyurem-White|Turboblaze","|move|p2a: Zapdos|Heat Wave|p1a: Kyurem-White","|-damage|p1a: Kyurem-White|220/303","|-damage|p2a: Zapdos|140/259|[from] item: Life Orb","|","|-heal|p1a: Kyurem-White|238/303|[from] item: Leftovers","|turn|5","|","|switch|p2a: Ludicolo|Ludicolo, L81, M|162/262","|move|p1a: Kyurem-White|Ice Beam|p2a: Ludicolo","|-damage|p2a: Ludicolo|59/262","|","|-heal|p1a: Kyurem-White|256/303|[from] item: Leftovers","|turn|6","|","|move|p1a: Kyurem-White|Ice Beam|p2a: Ludicolo","|-damage|p2a: Ludicolo|0 fnt","|faint|p2a: Ludicolo","|","|-heal|p1a: Kyurem-White|274/303|[from] item: Leftovers","|","|switch|p2a: Zapdos|Zapdos, L75|140/259","|turn|7","|","|move|p2a: Zapdos|Heat Wave|p1a: Kyurem-White","|-damage|p1a: Kyurem-White|188/303","|-damage|p2a: Zapdos|115/259|[from] item: Life Orb","|move|p1a: Kyurem-White|Ice Beam|p2a: Zapdos","|-supereffective|p2a: Zapdos","|-damage|p2a: Zapdos|0 fnt","|faint|p2a: Zapdos","|","|-heal|p1a: Kyurem-White|206/303|[from] item: Leftovers","|","|switch|p2a: Medicham|Medicham, L76, M|216/216","|turn|8","|","|move|p2a: Medicham|Fake Out|p1a: Kyurem-White","|-damage|p1a: Kyurem-White|169/303","|cant|p1a: Kyurem-White|flinch","|","|-heal|p1a: Kyurem-White|187/303|[from] item: Leftovers","|turn|9","|","|detailschange|p2a: Medicham|Medicham-Mega, L76, M","|-mega|p2a: Medicham|Medicham|Medichamite","|move|p1a: Kyurem-White|Substitute|p1a: Kyurem-White","|-start|p1a: Kyurem-White|Substitute","|-damage|p1a: Kyurem-White|112/303","|move|p2a: Medicham|Ice Punch|p1a: Kyurem-White","|-end|p1a: Kyurem-White|Substitute","|","|-heal|p1a: Kyurem-White|130/303|[from] item: Leftovers","|turn|10","|","|switch|p1a: Azumarill|Azumarill, L75, F|76/274","|move|p2a: Medicham|High Jump Kick|p1a: Azumarill","|-resisted|p1a: Azumarill","|-damage|p1a: Azumarill|0 fnt","|faint|p1a: Azumarill","|","|","|switch|p1a: Musharna|Musharna, L81, F|321/321","|turn|11","|","|move|p2a: Medicham|Fake Out|p1a: Musharna","|-fail|p2a: Medicham","|-hint|Fake Out only works on your first turn out.","|move|p1a: Musharna|Psychic|p2a: Medicham","|-damage|p2a: Medicham|99/216","|","|turn|12","|","|move|p2a: Medicham|High Jump Kick|p1a: Musharna","|-resisted|p1a: Musharna","|-damage|p1a: Musharna|200/321","|move|p1a: Musharna|Psychic|p2a: Medicham","|-damage|p2a: Medicham|0 fnt","|faint|p2a: Medicham","|","|-heal|p1a: Musharna|220/321|[from] item: Leftovers","|","|switch|p2a: Floatzel|Floatzel, L83, M|277/277","|turn|13","|","|move|p2a: Floatzel|Aqua Jet|p1a: Musharna","|-damage|p1a: Musharna|175/321","|move|p1a: Musharna|Psychic|p2a: Floatzel","|-damage|p2a: Floatzel|142/277","|","|-heal|p2a: Floatzel|159/277|[from] item: Leftovers","|-heal|p1a: Musharna|195/321|[from] item: Leftovers","|turn|14","|","|move|p2a: Floatzel|Aqua Jet|p1a: Musharna","|-damage|p1a: Musharna|144/321","|move|p1a: Musharna|Psychic|p2a: Floatzel","|-damage|p2a: Floatzel|20/277","|","|-heal|p2a: Floatzel|37/277|[from] item: Leftovers","|-heal|p1a: Musharna|164/321|[from] item: Leftovers","|turn|15","|","|move|p2a: Floatzel|Aqua Jet|p1a: Musharna","|-damage|p1a: Musharna|115/321","|move|p1a: Musharna|Moonlight|p1a: Musharna","|-heal|p1a: Musharna|275/321","|","|-heal|p2a: Floatzel|54/277|[from] item: Leftovers","|-heal|p1a: Musharna|295/321|[from] item: Leftovers","|turn|16","|","|move|p2a: Floatzel|Brick Break|p1a: Musharna","|-crit|p1a: Musharna","|-resisted|p1a: Musharna","|-damage|p1a: Musharna|248/321","|move|p1a: Musharna|Psychic|p2a: Floatzel","|-damage|p2a: Floatzel|0 fnt","|faint|p2a: Floatzel","|","|-heal|p1a: Musharna|268/321|[from] item: Leftovers","|","|switch|p2a: Whimsicott|Whimsicott, L77, M|219/219","|turn|17","|","|move|p2a: Whimsicott|Moonblast|p1a: Musharna","|-damage|p1a: Musharna|202/321","|move|p1a: Musharna|Psychic|p2a: Whimsicott","|-damage|p2a: Whimsicott|101/219","|","|-heal|p2a: Whimsicott|114/219|[from] item: Leftovers","|-heal|p1a: Musharna|222/321|[from] item: Leftovers","|turn|18","|","|move|p2a: Whimsicott|Memento|p1a: Musharna","|-unboost|p1a: Musharna|atk|2","|-unboost|p1a: Musharna|spa|2","|faint|p2a: Whimsicott","|move|p1a: Musharna|Psychic|p2: Whimsicott|[notarget]","|-notarget","|","|-heal|p1a: Musharna|242/321|[from] item: Leftovers","|","|switch|p2a: Dragonite|Dragonite, L75, F|259/259","|turn|19","|","|switch|p1a: Snorlax|Snorlax, L77, F|373/373","|move|p2a: Dragonite|Fire Punch|p1a: Snorlax","|-damage|p1a: Snorlax|334/373","|","|-heal|p1a: Snorlax|357/373|[from] item: Leftovers","|turn|20","|","|win|Ynfynyt Scroll"],"p1rating":{"entryid":"7631274","serverid":"eos","formatid":"randombattle","userid":"ynfynytscroll","username":"Ynfynyt Scroll","w":5,"l":"2","t":"0","gxe":58.5,"r":"1500","rd":"130","sigma":"0","rptime":"1439542800","rpr":1567.2382496121,"rprd":95.350489786491,"rpsigma":"0","acre":1107.5105571253,"lacre":1107.5105571253,"oldacre":"1083.4464453156"},"p2rating":{"entryid":"7634185","serverid":"eos","formatid":"randombattle","userid":"servidor57","username":"Servidor57","w":"1","l":1,"t":"0","gxe":50,"r":"1500","rd":"130","sigma":"0","rptime":"1439542800","rpr":1500,"rprd":116.77753930647,"rpsigma":"0","acre":1025.9904186661,"lacre":1025.9904186661,"oldacre":"1040"},"endType":"forfeit"}