{"seed":[54021,31118,43940,42760],"turns":27,"p1":"Literally a Noob","p2":"pokemonuru","p1team":[{"name":"Weezing","moves":["willowisp","painsplit","sludgebomb","toxicspikes"],"ability":"Levitate","evs":{"hp":85,"atk":85,"def":85,"spa":85,"spd":85,"spe":85},"ivs":{"hp":31,"atk":31,"def":31,"spa":31,"spd":31,"spe":31},"item":"Focus Sash","level":81,"shiny":false},{"name":"Swampert","moves":["superpower","icepunch","earthquake","raindance"],"ability":"Torrent","evs":{"hp":85,"atk":85,"def":85,"spa":85,"spd":85,"spe":85},"ivs":{"hp":31,"atk":31,"def":31,"spa":31,"spd":31,"spe":31},"item":"Swampertite","level":77,"shiny":false},{"name":"Mantine","moves":["scald","defog","airslash","toxic"],"ability":"Water Absorb","evs":{"hp":85,"atk":85,"def":85,"spa":85,"spd":85,"spe":85},"ivs":{"hp":31,"atk":31,"def":31,"spa":31,"spd":31,"spe":31},"item":"Leftovers","level":81,"shiny":false},{"name":"Infernape","moves":["thunderpunch","flareblitz","machpunch","swordsdance"],"ability":"Iron Fist","evs":{"hp":85,"atk":85,"def":85,"spa":85,"spd":85,"spe":85},"ivs":{"hp":31,"atk":31,"def":31,"spa":31,"spd":31,"spe":31},"item":"Life Orb","level":77,"shiny":false},{"name":"Venusaur","moves":["sludgebomb","sunnyday","hiddenpowerfire","sleeppowder"],"ability":"Chlorophyll","evs":{"hp":85,"atk":85,"def":85,"spa":85,"spd":85,"spe":85},"ivs":{"hp":31,"atk":30,"def":31,"spa":30,"spd":31,"spe":30},"item":"Heat Rock","level":79,"shiny":false},{"name":"Sableye","moves":["foulplay","recover","willowisp","taunt"],"ability":"Prankster","evs":{"hp":85,"atk":85,"def":85,"spa":85,"spd":85,"spe":85},"ivs":{"hp":31,"atk":31,"def":31,"spa":31,"spd":31,"spe":31},"item":"Leftovers","level":77,"shiny":false}],"p2team":[{"name":"Illumise","moves":["thunderbolt","bugbuzz","thunderwave","uturn"],"ability":"Prankster","evs":{"hp":81,"atk":85,"def":85,"spa":89,"spd":85,"spe":85},"ivs":{"hp":31,"atk":31,"def":31,"spa":31,"spd":31,"spe":31},"item":"Life Orb","level":83,"shiny":false},{"name":"Malamar","moves":["superpower","substitute","knockoff","psychocut"],"ability":"Contrary","evs":{"hp":85,"atk":85,"def":85,"spa":85,"spd":85,"spe":85},"ivs":{"hp":31,"atk":31,"def":31,"spa":31,"spd":31,"spe":31},"item":"Leftovers","level":81,"shiny":false},{"name":"Entei","moves":["bulldoze","extremespeed","stoneedge","flareblitz"],"ability":"Flash Fire","evs":{"hp":81,"atk":89,"def":85,"spa":85,"spd":85,"spe":85},"ivs":{"hp":31,"atk":31,"def":31,"spa":31,"spd":31,"spe":31},"item":"Choice Band","level":77,"shiny":false},{"name":"Dodrio","moves":["knockoff","doubleedge","bravebird","roost"],"ability":"Early Bird","evs":{"hp":85,"atk":85,"def":85,"spa":85,"spd":85,"spe":85},"ivs":{"hp":31,"atk":31,"def":31,"spa":31,"spd":31,"spe":31},"item":"Life Orb","level":83,"shiny":false},{"name":"Donphan","moves":["rapidspin","earthquake","iceshard","stealthrock"],"ability":"Sturdy","evs":{"hp":85,"atk":85,"def":85,"spa":85,"spd":85,"spe":85},"ivs":{"hp":31,"atk":31,"def":31,"spa":31,"spd":31,"spe":31},"item":"Leftovers","level":77,"shiny":false},{"name":"Gastrodon","moves":["clearsmog","toxic","earthquake","scald"],"ability":"Storm Drain","evs":{"hp":85,"atk":85,"def":85,"spa":85,"spd":85,"spe":85},"ivs":{"hp":31,"atk":31,"def":31,"spa":31,"spd":31,"spe":31},"item":"Leftovers","level":79,"shiny":false}],"log":["|player|p1|Literally a Noob|239","|player|p2|pokemonuru|170","|gametype|singles","|gen|6","|tier|Random Battle","|rated","|rule|Sleep Clause Mod: Limit one foe put to sleep","|rule|HP Percentage Mod: HP is shown in percentages","|","|start","|switch|p1a: Weezing|Weezing, L81, F|238/238","|switch|p2a: Illumise|Illumise, L83, F|243/243","|turn|1","|","|move|p2a: Illumise|U-turn|p1a: Weezing","|-resisted|p1a: Weezing","|-damage|p1a: Weezing|215/238","|-damage|p2a: Illumise|219/243|[from] item: Life Orb","|","|switch|p2a: Gastrodon|Gastrodon, L79, F|305/305","|move|p1a: Weezing|Toxic Spikes|p2a: Gastrodon","|-sidestart|p2: pokemonuru|move: Toxic Spikes","|","|turn|2","|","|move|p1a: Weezing|Toxic Spikes|p2a: Gastrodon","|-sidestart|p2: pokemonuru|move: Toxic Spikes","|move|p2a: Gastrodon|Earthquake|p1a: Weezing","|-immune|p1a: Weezing|[msg]","|","|turn|3","|","|switch|p1a: Mantine|Mantine, L81, M|238/238","|move|p2a: Gastrodon|Clear Smog|p1a: Mantine","|-damage|p1a: Mantine|216/238","|-clearboost|p1a: Mantine","|","|-heal|p1a: Mantine|230/238|[from] item: Leftovers","|turn|4","|","|move|p1a: Mantine|Toxic|p2a: Gastrodon","|-status|p2a: Gastrodon|tox","|move|p2a: Gastrodon|Scald|p1a: Mantine","|-heal|p1a: Mantine|238/238|[from] ability: Water Absorb|[of] p2a: Gastrodon","|","|-damage|p2a: Gastrodon|286/305 tox|[from] psn","|turn|5","|","|move|p1a: Mantine|Air Slash|p2a: Gastrodon","|-damage|p2a: Gastrodon|210/305 tox","|move|p2a: Gastrodon|Clear Smog|p1a: Mantine","|-damage|p1a: Mantine|215/238","|-clearboost|p1a: Mantine","|","|-heal|p1a: Mantine|229/238|[from] item: Leftovers","|-heal|p2a: Gastrodon|229/305 tox|[from] item: Leftovers","|-damage|p2a: Gastrodon|191/305 tox|[from] psn","|turn|6","|","|switch|p2a: Malamar|Malamar, L81, M|272/272","|-status|p2a: Malamar|tox","|move|p1a: Mantine|Air Slash|p2a: Malamar","|-damage|p2a: Malamar|197/272 tox","|","|-heal|p2a: Malamar|214/272 tox|[from] item: Leftovers","|-heal|p1a: Mantine|238/238|[from] item: Leftovers","|-damage|p2a: Malamar|197/272 tox|[from] psn","|turn|7","|","|move|p2a: Malamar|Superpower|p1a: Mantine","|-resisted|p1a: Mantine","|-damage|p1a: Mantine|193/238","|-boost|p2a: Malamar|atk|1","|-boost|p2a: Malamar|def|1","|move|p1a: Mantine|Air Slash|p2a: Malamar","|-damage|p2a: Malamar|127/272 tox","|","|-heal|p2a: Malamar|144/272 tox|[from] item: Leftovers","|-heal|p1a: Mantine|207/238|[from] item: Leftovers","|-damage|p2a: Malamar|110/272 tox|[from] psn","|turn|8","|","|switch|p1a: Sableye|Sableye, L77, F|204/204","|move|p2a: Malamar|Substitute|p2a: Malamar","|-start|p2a: Malamar|Substitute","|-damage|p2a: Malamar|42/272 tox","|","|-heal|p2a: Malamar|59/272 tox|[from] item: Leftovers","|-damage|p2a: Malamar|8/272 tox|[from] psn","|turn|9","|","|switch|p2a: Illumise|Illumise, L83, F|219/243","|-status|p2a: Illumise|tox","|move|p1a: Sableye|Foul Play|p2a: Illumise","|-damage|p2a: Illumise|143/243 tox","|","|-damage|p2a: Illumise|128/243 tox|[from] psn","|turn|10","|","|move|p2a: Illumise|Thunder Wave|p1a: Sableye","|-status|p1a: Sableye|par","|move|p1a: Sableye|Taunt|p2a: Illumise","|-start|p2a: Illumise|move: Taunt","|","|-damage|p2a: Illumise|98/243 tox|[from] psn","|turn|11","|","|switch|p2a: Dodrio|Dodrio, L83, M|235/235","|cant|p1a: Sableye|par","|","|turn|12","|","|move|p1a: Sableye|Will-O-Wisp|p2a: Dodrio","|-status|p2a: Dodrio|brn","|move|p2a: Dodrio|Brave Bird|p1a: Sableye","|-damage|p1a: Sableye|99/204 par","|-damage|p2a: Dodrio|200/235 brn|[from] recoil|[of] p1a: Sableye","|-damage|p2a: Dodrio|177/235 brn|[from] item: Life Orb","|","|-heal|p1a: Sableye|111/204 par|[from] item: Leftovers","|-damage|p2a: Dodrio|148/235 brn|[from] brn","|turn|13","|","|cant|p1a: Sableye|par","|move|p2a: Dodrio|Brave Bird|p1a: Sableye","|-crit|p1a: Sableye","|-damage|p1a: Sableye|0 fnt","|-damage|p2a: Dodrio|111/235 brn|[from] recoil|[of] p1a: Sableye","|-damage|p2a: Dodrio|88/235 brn|[from] item: Life Orb","|faint|p1a: Sableye","|","|-damage|p2a: Dodrio|59/235 brn|[from] brn","|","|switch|p1a: Weezing|Weezing, L81, F|215/238","|turn|14","|","|move|p2a: Dodrio|Brave Bird|p1a: Weezing","|-damage|p1a: Weezing|147/238","|-damage|p2a: Dodrio|37/235 brn|[from] recoil|[of] p1a: Weezing","|-damage|p2a: Dodrio|14/235 brn|[from] item: Life Orb","|move|p1a: Weezing|Sludge Bomb|p2a: Dodrio","|-damage|p2a: Dodrio|0 fnt","|faint|p2a: Dodrio","|","|","|switch|p2a: Donphan|Donphan, L77, F|265/265","|-status|p2a: Donphan|tox","|turn|15","|","|move|p2a: Donphan|Ice Shard|p1a: Weezing","|-damage|p1a: Weezing|123/238","|move|p1a: Weezing|Pain Split|p2a: Donphan","|-sethp|p2a: Donphan|194/265 tox|p1a: Weezing|194/238|[from] move: Pain Split","|","|-heal|p2a: Donphan|210/265 tox|[from] item: Leftovers","|-damage|p2a: Donphan|194/265 tox|[from] psn","|turn|16","|","|move|p2a: Donphan|Ice Shard|p1a: Weezing","|-damage|p1a: Weezing|171/238","|move|p1a: Weezing|Sludge Bomb|p2a: Donphan","|-resisted|p2a: Donphan","|-damage|p2a: Donphan|136/265 tox","|","|-heal|p2a: Donphan|152/265 tox|[from] item: Leftovers","|-damage|p2a: Donphan|120/265 tox|[from] psn","|turn|17","|","|move|p1a: Weezing|Sludge Bomb|p2a: Donphan","|-resisted|p2a: Donphan","|-damage|p2a: Donphan|66/265 tox","|move|p2a: Donphan|Rapid Spin|p1a: Weezing","|-damage|p1a: Weezing|159/238","|-sideend|p2: pokemonuru|Toxic Spikes|[from] move: Rapid Spin|[of] p2a: Donphan","|","|-heal|p2a: Donphan|82/265 tox|[from] item: Leftovers","|-damage|p2a: Donphan|34/265 tox|[from] psn","|turn|18","|","|move|p2a: Donphan|Ice Shard|p1a: Weezing","|-damage|p1a: Weezing|133/238","|move|p1a: Weezing|Sludge Bomb|p2a: Donphan","|-resisted|p2a: Donphan","|-damage|p2a: Donphan|0 fnt","|faint|p2a: Donphan","|","|","|switch|p2a: Entei|Entei, L77|303/303","|turn|19","|","|move|p2a: Entei|Stone Edge|p1a: Weezing|[miss]","|-miss|p2a: Entei|p1a: Weezing","|move|p1a: Weezing|Pain Split|p2a: Entei","|-sethp|p2a: Entei|218/303|p1a: Weezing|218/238|[from] move: Pain Split","|","|turn|20","|","|move|p2a: Entei|Stone Edge|p1a: Weezing","|-damage|p1a: Weezing|128/238","|move|p1a: Weezing|Sludge Bomb|p2a: Entei","|-damage|p2a: Entei|115/303","|","|turn|21","|","|move|p2a: Entei|Stone Edge|p1a: Weezing","|-damage|p1a: Weezing|48/238","|move|p1a: Weezing|Sludge Bomb|p2a: Entei","|-damage|p2a: Entei|19/303","|","|turn|22","|","|move|p2a: Entei|Stone Edge|p1a: Weezing","|-crit|p1a: Weezing","|-damage|p1a: Weezing|0 fnt","|faint|p1a: Weezing","|","|","|switch|p1a: Infernape|Infernape, L77, F|244/244","|turn|23","|","|move|p1a: Infernape|Mach Punch|p2a: Entei","|-damage|p2a: Entei|0 fnt","|-damage|p1a: Infernape|220/244|[from] item: Life Orb","|faint|p2a: Entei","|","|","|switch|p2a: Gastrodon|Gastrodon, L79, F|191/305 tox","|turn|24","|","|switch|p1a: Mantine|Mantine, L81, M|207/238","|move|p2a: Gastrodon|Earthquake|p1a: Mantine","|-immune|p1a: Mantine|[msg]","|","|-heal|p1a: Mantine|221/238|[from] item: Leftovers","|-heal|p2a: Gastrodon|210/305 tox|[from] item: Leftovers","|-damage|p2a: Gastrodon|191/305 tox|[from] psn","|turn|25","|","|move|p1a: Mantine|Air Slash|p2a: Gastrodon","|-damage|p2a: Gastrodon|122/305 tox","|cant|p2a: Gastrodon|flinch","|","|-heal|p1a: Mantine|235/238|[from] item: Leftovers","|-heal|p2a: Gastrodon|141/305 tox|[from] item: Leftovers","|-damage|p2a: Gastrodon|103/305 tox|[from] psn","|turn|26","|","|move|p1a: Mantine|Air Slash|p2a: Gastrodon","|-damage|p2a: Gastrodon|27/305 tox","|move|p2a: Gastrodon|Toxic|p1a: Mantine","|-status|p1a: Mantine|tox","|","|-heal|p1a: Mantine|238/238 tox|[from] item: Leftovers","|-heal|p2a: Gastrodon|46/305 tox|[from] item: Leftovers","|-damage|p1a: Mantine|224/238 tox|[from] psn","|-damage|p2a: Gastrodon|0 fnt|[from] psn","|faint|p2a: Gastrodon","|","|switch|p2a: Illumise|Illumise, L83, F|98/243 tox","|turn|27","|","|move|p2a: Illumise|Thunder Wave|p1a: Mantine","|-fail|p1a: Mantine","|move|p1a: Mantine|Air Slash|p2a: Illumise","|-supereffective|p2a: Illumise","|-damage|p2a: Illumise|0 fnt","|faint|p2a: Illumise","|","|-heal|p1a: Mantine|238/238 tox|[from] item: Leftovers","|-damage|p1a: Mantine|210/238 tox|[from] psn","|player|p2","|","|win|Literally a Noob"],"p1rating":{"entryid":7631233,"formatid":"randombattle","userid":"literallyanoob","username":"Literally a Noob","r":1500,"rd":130,"sigma":0,"rpr":1540.1606143388,"rprd":122.8583080769,"rpsigma":0,"rptime":1439542800,"w":1,"l":0,"t":0,"gxe":55,"acre":1040,"lacre":1040,"oldacre":1000},"p2rating":{"entryid":7631234,"formatid":"randombattle","userid":"pokemonuru","username":"pokemonuru","r":1500,"rd":130,"sigma":0,"rpr":1459.8393856612,"rprd":122.8583080769,"rpsigma":0,"rptime":1439542800,"w":0,"l":1,"t":0,"gxe":45,"acre":1000,"lacre":1000,"oldacre":1000},"endType":"forfeit"}