{"seed":[17703,9274,58178,29723],"turns":33,"p1":"ThunderDriver","p2":"tonyy18","p1team":[{"name":"Deoxys-Attack","moves":["superpower","stealthrock","icebeam","psychoboost"],"ability":"Pressure","evs":{"hp":85,"atk":85,"def":85,"spa":85,"spd":85,"spe":85},"ivs":{"hp":31,"atk":31,"def":31,"spa":31,"spd":31,"spe":31},"item":"Focus Sash","level":73,"shiny":false},{"name":"Lugia","moves":["whirlwind","aeroblast","substitute","roost"],"ability":"Multiscale","evs":{"hp":85,"atk":85,"def":85,"spa":85,"spd":85,"spe":85},"ivs":{"hp":31,"atk":31,"def":31,"spa":31,"spd":31,"spe":31},"item":"Leftovers","level":73,"shiny":false},{"name":"Haxorus","moves":["poisonjab","taunt","dragonclaw","swordsdance"],"ability":"Mold Breaker","evs":{"hp":85,"atk":85,"def":85,"spa":85,"spd":85,"spe":85},"ivs":{"hp":31,"atk":31,"def":31,"spa":31,"spd":31,"spe":31},"item":"Leftovers","level":77,"shiny":false},{"name":"Furret","moves":["firepunch","knockoff","doubleedge","trick"],"ability":"Keen Eye","evs":{"hp":85,"atk":85,"def":85,"spa":85,"spd":85,"spe":85},"ivs":{"hp":31,"atk":31,"def":31,"spa":31,"spd":31,"spe":31},"item":"Choice Band","level":83,"shiny":false},{"name":"Wormadam","moves":["protect","synthesis","toxic","signalbeam"],"ability":"Overcoat","evs":{"hp":85,"atk":85,"def":85,"spa":85,"spd":85,"spe":85},"ivs":{"hp":31,"atk":31,"def":31,"spa":31,"spd":31,"spe":31},"item":"Leftovers","level":83,"shiny":false},{"name":"Entei","moves":["flareblitz","extremespeed","stoneedge","bulldoze"],"ability":"Flash Fire","evs":{"hp":81,"atk":89,"def":85,"spa":85,"spd":85,"spe":85},"ivs":{"hp":31,"atk":31,"def":31,"spa":31,"spd":31,"spe":31},"item":"Choice Band","level":77,"shiny":false}],"p2team":[{"name":"Skuntank","moves":["suckerpunch","defog","poisonjab","pursuit"],"ability":"Aftermath","evs":{"hp":85,"atk":85,"def":85,"spa":85,"spd":85,"spe":85},"ivs":{"hp":31,"atk":31,"def":31,"spa":31,"spd":31,"spe":31},"item":"Life Orb","level":81,"shiny":false},{"name":"Exploud","moves":["surf","fireblast","boomburst","icebeam"],"ability":"Scrappy","evs":{"hp":85,"atk":85,"def":85,"spa":85,"spd":85,"spe":85},"ivs":{"hp":31,"atk":31,"def":31,"spa":31,"spd":31,"spe":31},"item":"Choice Specs","level":79,"shiny":false},{"name":"Seaking","moves":["knockoff","megahorn","icebeam","scald"],"ability":"Lightning Rod","evs":{"hp":85,"atk":85,"def":85,"spa":85,"spd":85,"spe":85},"ivs":{"hp":31,"atk":31,"def":31,"spa":31,"spd":31,"spe":31},"item":"Expert Belt","level":83,"shiny":false},{"name":"Espeon","moves":["psyshock","dazzlinggleam","shadowball","morningsun"],"ability":"Magic Bounce","evs":{"hp":85,"atk":85,"def":85,"spa":85,"spd":85,"spe":85},"ivs":{"hp":31,"atk":31,"def":31,"spa":31,"spd":31,"spe":31},"item":"Life Orb","level":77,"shiny":false},{"name":"Typhlosion","moves":["extrasensory","fireblast","hiddenpowergrass","focusblast"],"ability":"Flash Fire","evs":{"hp":85,"atk":85,"def":85,"spa":85,"spd":85,"spe":85},"ivs":{"hp":31,"atk":30,"def":31,"spa":30,"spd":31,"spe":31},"item":"Choice Scarf","level":79,"shiny":false},{"name":"Froslass","moves":["spikes","destinybond","shadowball","icebeam"],"ability":"Cursed Body","evs":{"hp":85,"atk":85,"def":85,"spa":85,"spd":85,"spe":85},"ivs":{"hp":31,"atk":31,"def":31,"spa":31,"spd":31,"spe":31},"item":"Leftovers","level":78,"shiny":false}],"log":["|player|p1|ThunderDriver|thunderdriver.gif","|player|p2|tonyy18|229","|gametype|singles","|gen|6","|tier|Random Battle","|rated","|rule|Sleep Clause Mod: Limit one foe put to sleep","|rule|HP Percentage Mod: HP is shown in percentages","|","|start","|switch|p1a: Deoxys-Attack|Deoxys-Attack, L73|193/193","|switch|p2a: Skuntank|Skuntank, L81, M|299/299","|-ability|p1a: Deoxys-Attack|Pressure","|turn|1","|","|move|p2a: Skuntank|Sucker Punch|p1a: Deoxys-Attack","|-fail|p2a: Skuntank","|move|p1a: Deoxys-Attack|Stealth Rock|p2a: Skuntank","|-sidestart|p2: tonyy18|move: Stealth Rock","|","|turn|2","|","|switch|p1a: Entei|Entei, L77|303/303","|move|p2a: Skuntank|Defog|p1a: Entei","|-unboost|p1a: Entei|evasion|1","|-sideend|p2: tonyy18|Stealth Rock|[from] move: Defog|[of] p2a: Skuntank","|","|turn|3","|","|switch|p2a: Seaking|Seaking, L83, M|268/268","|move|p1a: Entei|Bulldoze|p2a: Seaking","|-crit|p2a: Seaking","|-damage|p2a: Seaking|144/268","|-unboost|p2a: Seaking|spe|1","|","|turn|4","|","|switch|p1a: Wormadam|Wormadam, L83, F|235/235","|move|p2a: Seaking|Scald|p1a: Wormadam","|-resisted|p1a: Wormadam","|-damage|p1a: Wormadam|208/235","|-status|p1a: Wormadam|brn","|","|-heal|p1a: Wormadam|222/235 brn|[from] item: Leftovers","|-damage|p1a: Wormadam|193/235 brn|[from] brn","|turn|5","|","|switch|p2a: Skuntank|Skuntank, L81, M|299/299","|move|p1a: Wormadam|Signal Beam|p2a: Skuntank","|-damage|p2a: Skuntank|200/299","|","|-heal|p1a: Wormadam|207/235 brn|[from] item: Leftovers","|-damage|p1a: Wormadam|178/235 brn|[from] brn","|turn|6","|","|move|p2a: Skuntank|Poison Jab|p1a: Wormadam","|-supereffective|p1a: Wormadam","|-damage|p1a: Wormadam|0 fnt","|-damage|p2a: Skuntank|171/299|[from] item: Life Orb","|faint|p1a: Wormadam","|","|","|switch|p1a: Haxorus|Haxorus, L77, F|244/244","|-ability|p1a: Haxorus|Mold Breaker","|turn|7","|","|move|p2a: Skuntank|Sucker Punch|p1a: Haxorus","|-fail|p2a: Skuntank","|move|p1a: Haxorus|Swords Dance|p1a: Haxorus","|-boost|p1a: Haxorus|atk|2","|","|turn|8","|","|move|p2a: Skuntank|Sucker Punch|p1a: Haxorus","|-damage|p1a: Haxorus|137/244","|-damage|p2a: Skuntank|142/299|[from] item: Life Orb","|move|p1a: Haxorus|Dragon Claw|p2a: Skuntank","|-damage|p2a: Skuntank|0 fnt","|-damage|p1a: Haxorus|76/244|[from] ability: Aftermath|[of] p2a: Skuntank","|faint|p2a: Skuntank","|","|-heal|p1a: Haxorus|91/244|[from] item: Leftovers","|","|switch|p2a: Froslass|Froslass, L78, F|237/237","|turn|9","|","|move|p2a: Froslass|Ice Beam|p1a: Haxorus","|-supereffective|p1a: Haxorus","|-damage|p1a: Haxorus|0 fnt","|faint|p1a: Haxorus","|","|","|switch|p1a: Deoxys-Attack|Deoxys-Attack, L73|193/193","|-ability|p1a: Deoxys-Attack|Pressure","|turn|10","|","|switch|p2a: Espeon|Espeon, L77, F|227/227","|move|p1a: Deoxys-Attack|Stealth Rock|p2a: Espeon","|move|p2a: Espeon|Stealth Rock|p1a: Deoxys-Attack|[from]Magic Bounce","|-sidestart|p1: ThunderDriver|move: Stealth Rock","|","|turn|11","|","|move|p1a: Deoxys-Attack|Ice Beam|p2a: Espeon","|-damage|p2a: Espeon|142/227","|move|p2a: Espeon|Shadow Ball|p1a: Deoxys-Attack","|-supereffective|p1a: Deoxys-Attack","|-enditem|p1a: Deoxys-Attack|Focus Sash","|-damage|p1a: Deoxys-Attack|1/193","|-unboost|p1a: Deoxys-Attack|spd|1","|-damage|p2a: Espeon|120/227|[from] item: Life Orb","|","|turn|12","|","|move|p1a: Deoxys-Attack|Ice Beam|p2a: Espeon","|-damage|p2a: Espeon|42/227","|move|p2a: Espeon|Morning Sun|p2a: Espeon","|-heal|p2a: Espeon|155/227","|","|turn|13","|","|switch|p2a: Typhlosion|Typhlosion, L79, F|253/253","|move|p1a: Deoxys-Attack|Ice Beam|p2a: Typhlosion","|-resisted|p2a: Typhlosion","|-damage|p2a: Typhlosion|211/253","|","|turn|14","|","|move|p2a: Typhlosion|Hidden Power|p1a: Deoxys-Attack","|-damage|p1a: Deoxys-Attack|0 fnt","|faint|p1a: Deoxys-Attack","|","|","|switch|p1a: Entei|Entei, L77|303/303","|-damage|p1a: Entei|228/303|[from] Stealth Rock","|turn|15","|","|switch|p2a: Seaking|Seaking, L83, M|144/268","|move|p1a: Entei|Bulldoze|p2a: Seaking","|-damage|p2a: Seaking|62/268","|-unboost|p2a: Seaking|spe|1","|","|turn|16","|","|move|p1a: Entei|Bulldoze|p2a: Seaking","|-damage|p2a: Seaking|0 fnt","|faint|p2a: Seaking","|","|","|switch|p2a: Froslass|Froslass, L78, F|237/237","|turn|17","|","|move|p2a: Froslass|Spikes|p1a: Entei","|-sidestart|p1: ThunderDriver|Spikes","|move|p1a: Entei|Bulldoze|p2a: Froslass","|-damage|p2a: Froslass|157/237","|-unboost|p2a: Froslass|spe|1","|","|-heal|p2a: Froslass|171/237|[from] item: Leftovers","|turn|18","|","|switch|p1a: Lugia|Lugia, L73|275/275","|-damage|p1a: Lugia|207/275|[from] Stealth Rock","|move|p2a: Froslass|Spikes|p1a: Lugia","|-sidestart|p1: ThunderDriver|Spikes","|","|-heal|p1a: Lugia|224/275|[from] item: Leftovers","|-heal|p2a: Froslass|185/237|[from] item: Leftovers","|turn|19","|","|move|p1a: Lugia|Aeroblast|p2a: Froslass","|-damage|p2a: Froslass|79/237","|move|p2a: Froslass|Destiny Bond|p2a: Froslass","|-singlemove|p2a: Froslass|Destiny Bond","|","|-heal|p1a: Lugia|241/275|[from] item: Leftovers","|-heal|p2a: Froslass|93/237|[from] item: Leftovers","|turn|20","|","|move|p1a: Lugia|Substitute|p1a: Lugia","|-start|p1a: Lugia|Substitute","|-damage|p1a: Lugia|173/275","|move|p2a: Froslass|Spikes|p1a: Lugia","|-sidestart|p1: ThunderDriver|Spikes","|","|-heal|p1a: Lugia|190/275|[from] item: Leftovers","|-heal|p2a: Froslass|107/237|[from] item: Leftovers","|turn|21","|","|move|p1a: Lugia|Aeroblast|p2a: Froslass","|-damage|p2a: Froslass|16/237","|-start|p1a: Lugia|Disable|Aeroblast","|move|p2a: Froslass|Destiny Bond|p2a: Froslass","|-singlemove|p2a: Froslass|Destiny Bond","|","|-heal|p1a: Lugia|207/275|[from] item: Leftovers","|-heal|p2a: Froslass|30/237|[from] item: Leftovers","|turn|22","|","|move|p1a: Lugia|Roost|p1a: Lugia","|-heal|p1a: Lugia|275/275","|move|p2a: Froslass|Ice Beam|p1a: Lugia","|-activate|p1a: Lugia|Substitute|[damage]","|","|-heal|p2a: Froslass|44/237|[from] item: Leftovers","|turn|23","|","|switch|p2a: Exploud|Exploud, L79, M|294/294","|move|p1a: Lugia|Substitute|p1a: Lugia","|-fail|p1a: Lugia|move: Substitute","|","|turn|24","|","|move|p2a: Exploud|Boomburst|p1a: Lugia","|-damage|p1a: Lugia|201/275","|move|p1a: Lugia|Whirlwind|p2a: Exploud","|drag|p2a: Typhlosion|Typhlosion, L79, F|211/253","|","|-heal|p1a: Lugia|218/275|[from] item: Leftovers","|turn|25","|","|move|p2a: Typhlosion|Fire Blast|p1a: Lugia","|-end|p1a: Lugia|Substitute","|move|p1a: Lugia|Roost|p1a: Lugia","|-heal|p1a: Lugia|275/275","|","|-end|p1a: Lugia|Disable","|turn|26","|","|move|p2a: Typhlosion|Fire Blast|p1a: Lugia|[miss]","|-miss|p2a: Typhlosion|p1a: Lugia","|move|p1a: Lugia|Aeroblast|p2a: Typhlosion","|-damage|p2a: Typhlosion|127/253","|","|turn|27","|","|move|p2a: Typhlosion|Fire Blast|p1a: Lugia","|-damage|p1a: Lugia|233/275","|move|p1a: Lugia|Aeroblast|p2a: Typhlosion","|-crit|p2a: Typhlosion","|-damage|p2a: Typhlosion|0 fnt","|faint|p2a: Typhlosion","|","|-heal|p1a: Lugia|250/275|[from] item: Leftovers","|","|switch|p2a: Froslass|Froslass, L78, F|44/237","|turn|28","|","|move|p2a: Froslass|Shadow Ball|p1a: Lugia","|-supereffective|p1a: Lugia","|-damage|p1a: Lugia|158/275","|-unboost|p1a: Lugia|spd|1","|move|p1a: Lugia|Aeroblast|p2a: Froslass","|-damage|p2a: Froslass|0 fnt","|faint|p2a: Froslass","|","|-heal|p1a: Lugia|175/275|[from] item: Leftovers","|","|switch|p2a: Espeon|Espeon, L77, F|155/227","|turn|29","|","|move|p2a: Espeon|Shadow Ball|p1a: Lugia","|-supereffective|p1a: Lugia","|-damage|p1a: Lugia|3/275","|-damage|p2a: Espeon|133/227|[from] item: Life Orb","|move|p1a: Lugia|Aeroblast|p2a: Espeon","|-damage|p2a: Espeon|60/227","|","|-heal|p1a: Lugia|20/275|[from] item: Leftovers","|turn|30","|","|move|p2a: Espeon|Shadow Ball|p1a: Lugia","|-supereffective|p1a: Lugia","|-damage|p1a: Lugia|0 fnt","|-damage|p2a: Espeon|38/227|[from] item: Life Orb","|faint|p1a: Lugia","|","|","|switch|p1a: Entei|Entei, L77|228/303","|-damage|p1a: Entei|153/303|[from] Spikes","|-damage|p1a: Entei|78/303|[from] Stealth Rock","|turn|31","|","|move|p1a: Entei|Extreme Speed|p2a: Espeon","|-damage|p2a: Espeon|0 fnt","|faint|p2a: Espeon","|","|","|switch|p2a: Exploud|Exploud, L79, M|294/294","|turn|32","|","|move|p1a: Entei|Extreme Speed|p2a: Exploud","|-damage|p2a: Exploud|177/294","|move|p2a: Exploud|Surf|p1a: Entei","|-supereffective|p1a: Entei","|-damage|p1a: Entei|0 fnt","|faint|p1a: Entei","|","|","|switch|p1a: Furret|Furret, L83, F|277/277","|-damage|p1a: Furret|208/277|[from] Spikes","|-damage|p1a: Furret|174/277|[from] Stealth Rock","|turn|33","|","|move|p1a: Furret|Double-Edge|p2a: Exploud","|-damage|p2a: Exploud|0 fnt","|-damage|p1a: Furret|116/277|[from] recoil|[of] p2a: Exploud","|faint|p2a: Exploud","|","|win|ThunderDriver"],"p1rating":{"entryid":"6122325","serverid":"eos","formatid":"randombattle","userid":"thunderdriver","username":"ThunderDriver","w":13,"l":"10","t":"0","gxe":55.3,"r":1528.0513387337,"rd":74.589024754289,"sigma":"0","rptime":1439542800,"rpr":1541.2349306723,"rprd":73.16988067319,"rpsigma":"0","acre":1079.1295514647,"lacre":1079.1295514647,"oldacre":"1043.6765081771"},"p2rating":{"entryid":"7631275","serverid":"eos","formatid":"randombattle","userid":"tonyy18","username":"tonyy18","w":"2","l":4,"t":"0","gxe":45.8,"r":"1500","rd":"130","sigma":"0","rptime":"1439542800","rpr":1467.1780622928,"rprd":99.205717367513,"rpsigma":"0","acre":1043.6650634895,"lacre":1043.6650634895,"oldacre":"1064.5227779799"},"endType":"normal"}