{"seed":[47281,16411,64186,43097],"turns":17,"p1":"Sovereign WetWater","p2":"Chandemau","p1team":[{"name":"Basculin-Blue-Striped","moves":["zenheadbutt","waterfall","superpower","aquajet"],"ability":"Mold Breaker","evs":{"hp":85,"atk":85,"def":85,"spa":85,"spd":85,"spe":85},"ivs":{"hp":31,"atk":31,"def":31,"spa":31,"spd":31,"spe":31},"item":"Choice Band","level":83,"shiny":false},{"name":"Venomoth","moves":["sludgebomb","substitute","quiverdance","batonpass"],"ability":"Tinted Lens","evs":{"hp":81,"atk":85,"def":85,"spa":89,"spd":85,"spe":85},"ivs":{"hp":31,"atk":31,"def":31,"spa":31,"spd":31,"spe":31},"item":"Black Sludge","level":79,"shiny":false},{"name":"Skuntank","moves":["defog","fireblast","crunch","pursuit"],"ability":"Aftermath","evs":{"hp":85,"atk":85,"def":85,"spa":85,"spd":85,"spe":85},"ivs":{"hp":31,"atk":31,"def":31,"spa":31,"spd":31,"spe":31},"item":"Life Orb","level":81,"shiny":false},{"name":"Parasect","moves":["spore","seedbomb","xscissor","substitute"],"ability":"Dry Skin","evs":{"hp":85,"atk":85,"def":85,"spa":85,"spd":85,"spe":85},"ivs":{"hp":31,"atk":31,"def":31,"spa":31,"spd":31,"spe":31},"item":"Leftovers","level":83,"shiny":false},{"name":"Deoxys","moves":["firepunch","taunt","stealthrock","psychoboost"],"ability":"Pressure","evs":{"hp":85,"atk":85,"def":85,"spa":85,"spd":85,"spe":85},"ivs":{"hp":31,"atk":31,"def":31,"spa":31,"spd":31,"spe":31},"item":"Leftovers","level":73,"shiny":false},{"name":"Abomasnow","moves":["iceshard","gigadrain","blizzard","earthquake"],"ability":"Snow Warning","evs":{"hp":85,"atk":85,"def":85,"spa":85,"spd":85,"spe":85},"ivs":{"hp":31,"atk":31,"def":31,"spa":31,"spd":31,"spe":31},"item":"Abomasite","level":77,"shiny":false}],"p2team":[{"name":"Gligar","moves":["earthquake","knockoff","stealthrock","uturn"],"ability":"Immunity","evs":{"hp":85,"atk":85,"def":85,"spa":85,"spd":85,"spe":85},"ivs":{"hp":31,"atk":31,"def":31,"spa":31,"spd":31,"spe":31},"item":"Eviolite","level":77,"shiny":false},{"name":"Gigalith","moves":["earthquake","superpower","rockblast","explosion"],"ability":"Sturdy","evs":{"hp":85,"atk":85,"def":85,"spa":85,"spd":85,"spe":85},"ivs":{"hp":31,"atk":31,"def":31,"spa":31,"spd":31,"spe":31},"item":"Choice Band","level":83,"shiny":false},{"name":"Lopunny","moves":["substitute","return","thunderpunch","highjumpkick"],"ability":"Limber","evs":{"hp":85,"atk":85,"def":85,"spa":85,"spd":85,"spe":85},"ivs":{"hp":31,"atk":31,"def":31,"spa":31,"spd":31,"spe":31},"item":"Lopunnite","level":75,"shiny":false},{"name":"Victreebel","moves":["gigadrain","growth","powerwhip","sludgebomb"],"ability":"Chlorophyll","evs":{"hp":85,"atk":85,"def":85,"spa":85,"spd":85,"spe":85},"ivs":{"hp":31,"atk":31,"def":31,"spa":31,"spd":31,"spe":31},"item":"Life Orb","level":82,"shiny":false},{"name":"Mamoswine","moves":["earthquake","knockoff","iceshard","stealthrock"],"ability":"Thick Fat","evs":{"hp":85,"atk":85,"def":85,"spa":85,"spd":85,"spe":85},"ivs":{"hp":31,"atk":31,"def":31,"spa":31,"spd":31,"spe":31},"item":"Life Orb","level":77,"shiny":false},{"name":"Jynx","moves":["psyshock","substitute","trick","icebeam"],"ability":"Dry Skin","evs":{"hp":85,"atk":85,"def":85,"spa":85,"spd":85,"spe":85},"ivs":{"hp":31,"atk":31,"def":31,"spa":31,"spd":31,"spe":31},"item":"Choice Scarf","level":81,"shiny":false}],"log":["|player|p1|Sovereign WetWater|12","|player|p2|Chandemau|137","|gametype|singles","|gen|6","|tier|Random Battle","|rated","|rule|Sleep Clause Mod: Limit one foe put to sleep","|rule|HP Percentage Mod: HP is shown in percentages","|","|start","|switch|p1a: Basculin-Blue-Stripe|Basculin-Blue-Striped, L83, F|252/252","|switch|p2a: Gligar|Gligar, L77, M|227/227","|-ability|p1a: Basculin-Blue-Stripe|Mold Breaker","|turn|1","|","|move|p1a: Basculin-Blue-Stripe|Waterfall|p2a: Gligar","|-supereffective|p2a: Gligar","|-damage|p2a: Gligar|63/227","|move|p2a: Gligar|U-turn|p1a: Basculin-Blue-Stripe","|-damage|p1a: Basculin-Blue-Stripe|210/252","|","|switch|p2a: Victreebel|Victreebel, L82, M|265/265","|","|turn|2","|","|switch|p1a: Parasect|Parasect, L83, F|235/235","|move|p2a: Victreebel|Power Whip|p1a: Parasect","|-resisted|p1a: Parasect","|-damage|p1a: Parasect|191/235","|-damage|p2a: Victreebel|239/265|[from] item: Life Orb","|","|-heal|p1a: Parasect|205/235|[from] item: Leftovers","|turn|3","|","|switch|p2a: Jynx|Jynx, L81, F|238/238","|move|p1a: Parasect|X-Scissor|p2a: Jynx","|-supereffective|p2a: Jynx","|-damage|p2a: Jynx|0 fnt","|faint|p2a: Jynx","|","|-heal|p1a: Parasect|219/235|[from] item: Leftovers","|","|switch|p2a: Mamoswine|Mamoswine, L77, M|296/296","|turn|4","|","|move|p2a: Mamoswine|Ice Shard|p1a: Parasect","|-supereffective|p1a: Parasect","|-damage|p1a: Parasect|99/235","|-damage|p2a: Mamoswine|267/296|[from] item: Life Orb","|move|p1a: Parasect|Spore|p2a: Mamoswine","|-status|p2a: Mamoswine|slp","|","|-heal|p1a: Parasect|113/235|[from] item: Leftovers","|turn|5","|","|cant|p2a: Mamoswine|slp","|move|p1a: Parasect|Seed Bomb|p2a: Mamoswine","|-crit|p2a: Mamoswine","|-supereffective|p2a: Mamoswine","|-damage|p2a: Mamoswine|0 fnt","|faint|p2a: Mamoswine","|","|-heal|p1a: Parasect|127/235|[from] item: Leftovers","|","|switch|p2a: Gigalith|Gigalith, L83, M|277/277","|turn|6","|","|move|p1a: Parasect|Seed Bomb|p2a: Gigalith","|-supereffective|p2a: Gigalith","|-damage|p2a: Gigalith|157/277","|move|p2a: Gigalith|Superpower|p1a: Parasect","|-resisted|p1a: Parasect","|-damage|p1a: Parasect|34/235","|-unboost|p2a: Gigalith|atk|1","|-unboost|p2a: Gigalith|def|1","|","|-heal|p1a: Parasect|48/235|[from] item: Leftovers","|turn|7","|","|switch|p2a: Victreebel|Victreebel, L82, M|239/265","|move|p1a: Parasect|Seed Bomb|p2a: Victreebel","|-resisted|p2a: Victreebel","|-damage|p2a: Victreebel|211/265","|","|-heal|p1a: Parasect|62/235|[from] item: Leftovers","|turn|8","|","|move|p2a: Victreebel|Sludge Bomb|p1a: Parasect","|-supereffective|p1a: Parasect","|-damage|p1a: Parasect|0 fnt","|-damage|p2a: Victreebel|185/265|[from] item: Life Orb","|faint|p1a: Parasect","|","|","|switch|p1a: Abomasnow|Abomasnow, L77, F|265/265","|-weather|Hail","|turn|9","|","|detailschange|p1a: Abomasnow|Abomasnow-Mega, L77, F","|-mega|p1a: Abomasnow|Abomasnow|Abomasite","|move|p1a: Abomasnow|Ice Shard|p2a: Victreebel","|-supereffective|p2a: Victreebel","|-damage|p2a: Victreebel|77/265","|move|p2a: Victreebel|Sludge Bomb|p1a: Abomasnow","|-supereffective|p1a: Abomasnow","|-damage|p1a: Abomasnow|23/265","|-damage|p2a: Victreebel|51/265|[from] item: Life Orb","|","|-weather|Hail|[upkeep]","|-damage|p2a: Victreebel|35/265|[from] hail","|turn|10","|","|switch|p2a: Gigalith|Gigalith, L83, M|157/277","|move|p1a: Abomasnow|Ice Shard|p2a: Gigalith","|-damage|p2a: Gigalith|121/277","|","|-weather|Hail|[upkeep]","|-damage|p2a: Gigalith|104/277|[from] hail","|turn|11","|","|move|p1a: Abomasnow|Giga Drain|p2a: Gigalith","|-supereffective|p2a: Gigalith","|-damage|p2a: Gigalith|0 fnt","|-heal|p1a: Abomasnow|75/265|[from] drain|[of] p2a: Gigalith","|faint|p2a: Gigalith","|","|-weather|Hail|[upkeep]","|","|switch|p2a: Lopunny|Lopunny, L75, F|221/221","|turn|12","|","|detailschange|p2a: Lopunny|Lopunny-Mega, L75, F","|-mega|p2a: Lopunny|Lopunny|Lopunnite","|move|p1a: Abomasnow|Ice Shard|p2a: Lopunny","|-damage|p2a: Lopunny|173/221","|move|p2a: Lopunny|High Jump Kick|p1a: Abomasnow","|-supereffective|p1a: Abomasnow","|-damage|p1a: Abomasnow|0 fnt","|faint|p1a: Abomasnow","|","|-weather|Hail|[upkeep]","|-damage|p2a: Lopunny|160/221|[from] hail","|","|switch|p1a: Deoxys|Deoxys, L73|193/193","|-ability|p1a: Deoxys|Pressure","|turn|13","|","|move|p1a: Deoxys|Psycho Boost|p2a: Lopunny","|-supereffective|p2a: Lopunny","|-damage|p2a: Lopunny|0 fnt","|-unboost|p1a: Deoxys|spa|2","|faint|p2a: Lopunny","|","|-weather|none","|","|switch|p2a: Victreebel|Victreebel, L82, M|35/265","|turn|14","|","|move|p1a: Deoxys|Fire Punch|p2a: Victreebel","|-supereffective|p2a: Victreebel","|-damage|p2a: Victreebel|0 fnt","|faint|p2a: Victreebel","|","|","|switch|p2a: Gligar|Gligar, L77, M|63/227","|turn|15","|","|move|p1a: Deoxys|Taunt|p2a: Gligar","|-start|p2a: Gligar|move: Taunt","|move|p2a: Gligar|U-turn|p1a: Deoxys","|-supereffective|p1a: Deoxys","|-damage|p1a: Deoxys|65/193","|","|-heal|p1a: Deoxys|77/193|[from] item: Leftovers","|turn|16","|","|move|p1a: Deoxys|Fire Punch|p2a: Gligar","|-damage|p2a: Gligar|24/227","|move|p2a: Gligar|U-turn|p1a: Deoxys","|-supereffective|p1a: Deoxys","|-damage|p1a: Deoxys|0 fnt","|faint|p1a: Deoxys","|","|","|switch|p1a: Basculin-Blue-Stripe|Basculin-Blue-Striped, L83, F|210/252","|-ability|p1a: Basculin-Blue-Stripe|Mold Breaker","|turn|17","|","|move|p1a: Basculin-Blue-Stripe|Superpower|p2a: Gligar","|-resisted|p2a: Gligar","|-damage|p2a: Gligar|0 fnt","|-unboost|p1a: Basculin-Blue-Stripe|atk|1","|-unboost|p1a: Basculin-Blue-Stripe|def|1","|faint|p2a: Gligar","|","|win|Sovereign WetWater"],"p1rating":{"entryid":7635977,"formatid":"randombattle","userid":"sovereignwetwater","username":"Sovereign WetWater","r":1500,"rd":130,"sigma":0,"rpr":1540.1606143388,"rprd":122.8583080769,"rpsigma":0,"rptime":1439542800,"w":1,"l":0,"t":0,"gxe":55,"acre":1045.6788764755,"lacre":1045.6788764755,"oldacre":1000},"p2rating":{"entryid":"7635479","serverid":"eos","formatid":"randombattle","userid":"chandemau","username":"Chandemau","w":"1","l":1,"t":"0","gxe":50.3,"r":"1500","rd":"130","sigma":"0","rptime":"1439542800","rpr":1502.2550751162,"rprd":116.4271328854,"rpsigma":"0","acre":1029.7350305474,"lacre":1029.7350305474,"oldacre":"1049.6615668292"},"endType":"normal"}