{"seed":[29579,26494,18677,46256],"turns":24,"p1":"jusher","p2":"Alliance - decent","p1team":[{"name":"Samurott","moves":["aquajet","superpower","megahorn","icebeam"],"ability":"Torrent","evs":{"hp":85,"atk":85,"def":85,"spa":85,"spd":85,"spe":85},"ivs":{"hp":31,"atk":31,"def":31,"spa":31,"spd":31,"spe":31},"item":"Expert Belt","level":81,"shiny":false},{"name":"Vanilluxe","moves":["explosion","autotomize","hiddenpowerground","freezedry"],"ability":"Ice Body","evs":{"hp":85,"atk":85,"def":85,"spa":85,"spd":85,"spe":85},"ivs":{"hp":31,"atk":31,"def":31,"spa":30,"spd":30,"spe":31},"item":"Life Orb","level":83,"shiny":false},{"name":"Throh","moves":["icepunch","sleeptalk","rest","stormthrow"],"ability":"Guts","evs":{"hp":85,"atk":85,"def":85,"spa":85,"spd":85,"spe":85},"ivs":{"hp":31,"atk":31,"def":31,"spa":31,"spd":31,"spe":31},"item":"Toxic Orb","level":82,"shiny":false},{"name":"Illumise","moves":["thunderwave","uturn","tailwind","thunderbolt"],"ability":"Prankster","evs":{"hp":81,"atk":85,"def":85,"spa":89,"spd":85,"spe":85},"ivs":{"hp":31,"atk":31,"def":31,"spa":31,"spd":31,"spe":31},"item":"Leftovers","level":83,"shiny":false},{"name":"Breloom","moves":["rocktomb","machpunch","bulletseed","spore"],"ability":"Technician","evs":{"hp":85,"atk":85,"def":85,"spa":85,"spd":85,"spe":85},"ivs":{"hp":31,"atk":31,"def":31,"spa":31,"spd":31,"spe":31},"item":"Life Orb","level":75,"shiny":false},{"name":"Zapdos","moves":["roost","thunderbolt","hiddenpowerice","heatwave"],"ability":"Static","evs":{"hp":85,"atk":85,"def":85,"spa":85,"spd":85,"spe":85},"ivs":{"hp":31,"atk":30,"def":30,"spa":31,"spd":31,"spe":31},"item":"Life Orb","level":75,"shiny":false}],"p2team":[{"name":"Landorus-Therian","moves":["earthquake","stoneedge","swordsdance","rockpolish"],"ability":"Intimidate","evs":{"hp":85,"atk":85,"def":85,"spa":85,"spd":85,"spe":85},"ivs":{"hp":31,"atk":31,"def":31,"spa":31,"spd":31,"spe":31},"item":"Focus Sash","level":75,"shiny":false},{"name":"Ledian","moves":["toxic","reflect","roost","uturn"],"ability":"Early Bird","evs":{"hp":85,"atk":85,"def":85,"spa":85,"spd":85,"spe":85},"ivs":{"hp":31,"atk":31,"def":31,"spa":31,"spd":31,"spe":31},"item":"Light Clay","level":83,"shiny":false},{"name":"Linoone","moves":["shadowclaw","bellydrum","extremespeed","seedbomb"],"ability":"Quick Feet","evs":{"hp":81,"atk":89,"def":85,"spa":85,"spd":85,"spe":85},"ivs":{"hp":31,"atk":31,"def":31,"spa":31,"spd":31,"spe":31},"item":"Sitrus Berry","level":83,"shiny":false},{"name":"Garbodor","moves":["painsplit","rockblast","gunkshot","haze"],"ability":"Aftermath","evs":{"hp":85,"atk":85,"def":85,"spa":85,"spd":85,"spe":85},"ivs":{"hp":31,"atk":31,"def":31,"spa":31,"spd":31,"spe":31},"item":"Black Sludge","level":81,"shiny":false},{"name":"Infernape","moves":["grassknot","closecombat","machpunch","flareblitz"],"ability":"Iron Fist","evs":{"hp":85,"atk":85,"def":85,"spa":85,"spd":85,"spe":85},"ivs":{"hp":31,"atk":31,"def":31,"spa":31,"spd":31,"spe":31},"item":"Expert Belt","level":77,"shiny":false},{"name":"Celebi","moves":["recover","gigadrain","uturn","earthpower"],"ability":"Natural Cure","evs":{"hp":85,"atk":85,"def":85,"spa":85,"spd":85,"spe":85},"ivs":{"hp":31,"atk":31,"def":31,"spa":31,"spd":31,"spe":31},"item":"Leftovers","level":75,"shiny":false}],"log":["|player|p1|jusher|170","|player|p2|Alliance - decent|271","|gametype|singles","|gen|6","|tier|Random Battle","|rated","|rule|Sleep Clause Mod: Limit one foe put to sleep","|rule|HP Percentage Mod: HP is shown in percentages","|","|start","|switch|p1a: Samurott|Samurott, L81, M|287/287","|switch|p2a: Landorus-Therian|Landorus-Therian, L75, M|257/257","|-ability|p2a: Landorus-Therian|Intimidate","|-unboost|p1a: Samurott|atk|1","|turn|1","|","|switch|p2a: Celebi|Celebi, L75|274/274","|move|p1a: Samurott|Megahorn|p2a: Celebi","|-supereffective|p2a: Celebi","|-damage|p2a: Celebi|5/274","|","|-heal|p2a: Celebi|22/274|[from] item: Leftovers","|turn|2","|","|switch|p1a: Zapdos|Zapdos, L75|259/259","|move|p2a: Celebi|Giga Drain|p1a: Zapdos","|-crit|p1a: Zapdos","|-resisted|p1a: Zapdos","|-damage|p1a: Zapdos|205/259","|-heal|p2a: Celebi|49/274|[from] drain|[of] p1a: Zapdos","|","|-heal|p2a: Celebi|66/274|[from] item: Leftovers","|turn|3","|","|move|p2a: Celebi|U-turn|p1a: Zapdos","|-resisted|p1a: Zapdos","|-damage|p1a: Zapdos|182/259","|","|switch|p2a: Landorus-Therian|Landorus-Therian, L75, M|257/257","|-ability|p2a: Landorus-Therian|Intimidate","|-unboost|p1a: Zapdos|atk|1","|move|p1a: Zapdos|Hidden Power|p2a: Landorus-Therian","|-crit|p2a: Landorus-Therian","|-supereffective|p2a: Landorus-Therian","|-enditem|p2a: Landorus-Therian|Focus Sash","|-damage|p2a: Landorus-Therian|1/257","|-damage|p1a: Zapdos|157/259|[from] item: Life Orb","|","|turn|4","|","|move|p1a: Zapdos|Thunderbolt|p2a: Landorus-Therian","|-immune|p2a: Landorus-Therian|[msg]","|move|p2a: Landorus-Therian|Stone Edge|p1a: Zapdos|[miss]","|-miss|p2a: Landorus-Therian|p1a: Zapdos","|","|turn|5","|","|move|p1a: Zapdos|Hidden Power|p2a: Landorus-Therian","|-crit|p2a: Landorus-Therian","|-supereffective|p2a: Landorus-Therian","|-damage|p2a: Landorus-Therian|0 fnt","|-damage|p1a: Zapdos|132/259|[from] item: Life Orb","|faint|p2a: Landorus-Therian","|","|","|switch|p2a: Garbodor|Garbodor, L81, M|262/262","|turn|6","|","|move|p1a: Zapdos|Thunderbolt|p2a: Garbodor","|-damage|p2a: Garbodor|132/262","|-damage|p1a: Zapdos|107/259|[from] item: Life Orb","|move|p2a: Garbodor|Rock Blast|p1a: Zapdos|[miss]","|-miss|p2a: Garbodor|p1a: Zapdos","|","|-heal|p2a: Garbodor|148/262|[from] item: Black Sludge","|turn|7","|","|move|p1a: Zapdos|Hidden Power|p2a: Garbodor","|-damage|p2a: Garbodor|90/262","|-damage|p1a: Zapdos|82/259|[from] item: Life Orb","|move|p2a: Garbodor|Rock Blast|p1a: Zapdos","|-supereffective|p1a: Zapdos","|-damage|p1a: Zapdos|42/259","|-supereffective|p1a: Zapdos","|-damage|p1a: Zapdos|6/259","|-supereffective|p1a: Zapdos","|-damage|p1a: Zapdos|0 fnt","|-hitcount|p1a: Zapdos|3","|faint|p1a: Zapdos","|","|-heal|p2a: Garbodor|106/262|[from] item: Black Sludge","|","|switch|p1a: Vanilluxe|Vanilluxe, L83, F|254/254","|turn|8","|","|move|p1a: Vanilluxe|Hidden Power|p2a: Garbodor","|-supereffective|p2a: Garbodor","|-damage|p2a: Garbodor|0 fnt","|-damage|p1a: Vanilluxe|229/254|[from] item: Life Orb","|faint|p2a: Garbodor","|","|","|switch|p2a: Infernape|Infernape, L77, M|244/244","|turn|9","|","|move|p2a: Infernape|Flare Blitz|p1a: Vanilluxe","|-supereffective|p1a: Vanilluxe","|-damage|p1a: Vanilluxe|0 fnt","|-damage|p2a: Infernape|168/244|[from] recoil|[of] p1a: Vanilluxe","|faint|p1a: Vanilluxe","|","|","|switch|p1a: Illumise|Illumise, L83, F|243/243","|turn|10","|","|move|p2a: Infernape|Flare Blitz|p1a: Illumise","|-supereffective|p1a: Illumise","|-damage|p1a: Illumise|0 fnt","|-damage|p2a: Infernape|88/244|[from] recoil|[of] p1a: Illumise","|faint|p1a: Illumise","|","|","|switch|p1a: Throh|Throh, L82, M|331/331","|turn|11","|","|move|p2a: Infernape|Flare Blitz|p1a: Throh","|-damage|p1a: Throh|210/331","|-damage|p2a: Infernape|48/244|[from] recoil|[of] p1a: Throh","|move|p1a: Throh|Storm Throw|p2a: Infernape","|-crit|p2a: Infernape","|-damage|p2a: Infernape|0 fnt","|faint|p2a: Infernape","|","|-status|p1a: Throh|tox|[from] item: Toxic Orb","|","|switch|p2a: Celebi|Celebi, L75|66/274","|turn|12","|","|move|p2a: Celebi|Giga Drain|p1a: Throh","|-crit|p1a: Throh","|-damage|p1a: Throh|107/331 tox","|-heal|p2a: Celebi|118/274|[from] drain|[of] p1a: Throh","|move|p1a: Throh|Ice Punch|p2a: Celebi","|-supereffective|p2a: Celebi","|-damage|p2a: Celebi|0 fnt","|faint|p2a: Celebi","|","|-damage|p1a: Throh|87/331 tox|[from] psn","|","|switch|p2a: Ledian|Ledian, L83, F|227/227","|turn|13","|","|move|p2a: Ledian|Reflect|p2a: Ledian","|-sidestart|p2: Alliance - decent|Reflect","|move|p1a: Throh|Storm Throw|p2a: Ledian","|-crit|p2a: Ledian","|-resisted|p2a: Ledian","|-damage|p2a: Ledian|175/227","|","|-damage|p1a: Throh|47/331 tox|[from] psn","|turn|14","|","|move|p2a: Ledian|Roost|p2a: Ledian","|-heal|p2a: Ledian|227/227","|move|p1a: Throh|Ice Punch|p2a: Ledian","|-damage|p2a: Ledian|165/227","|","|-damage|p1a: Throh|0 fnt|[from] psn","|faint|p1a: Throh","|","|switch|p1a: Breloom|Breloom, L75, M|214/214","|turn|15","|","|move|p1a: Breloom|Mach Punch|p2a: Ledian","|-resisted|p2a: Ledian","|-damage|p2a: Ledian|149/227","|-damage|p1a: Breloom|193/214|[from] item: Life Orb","|move|p2a: Ledian|Toxic|p1a: Breloom","|-status|p1a: Breloom|tox","|","|-damage|p1a: Breloom|180/214 tox|[from] psn","|turn|16","|","|move|p2a: Ledian|Roost|p2a: Ledian","|-heal|p2a: Ledian|227/227","|move|p1a: Breloom|Spore|p2a: Ledian","|-status|p2a: Ledian|slp","|","|-damage|p1a: Breloom|154/214 tox|[from] psn","|turn|17","|","|switch|p2a: Linoone|Linoone, L83, F|264/264","|move|p1a: Breloom|Bullet Seed|p2a: Linoone","|-damage|p2a: Linoone|231/264","|-damage|p2a: Linoone|197/264","|-damage|p2a: Linoone|164/264","|-hitcount|p2a: Linoone|3","|-damage|p1a: Breloom|133/214 tox|[from] item: Life Orb","|","|-damage|p1a: Breloom|94/214 tox|[from] psn","|turn|18","|","|move|p2a: Linoone|Extreme Speed|p1a: Breloom","|-damage|p1a: Breloom|12/214 tox","|move|p1a: Breloom|Mach Punch|p2a: Linoone","|-supereffective|p2a: Linoone","|-damage|p2a: Linoone|51/264","|-damage|p1a: Breloom|0 fnt|[from] item: Life Orb","|faint|p1a: Breloom","|-enditem|p2a: Linoone|Sitrus Berry|[eat]","|-heal|p2a: Linoone|117/264|[from] item: Sitrus Berry","|","|","|switch|p1a: Samurott|Samurott, L81, M|287/287","|turn|19","|","|move|p2a: Linoone|Seed Bomb|p1a: Samurott","|-supereffective|p1a: Samurott","|-damage|p1a: Samurott|199/287","|move|p1a: Samurott|Superpower|p2a: Linoone","|-supereffective|p2a: Linoone","|-damage|p2a: Linoone|0 fnt","|-unboost|p1a: Samurott|atk|1","|-unboost|p1a: Samurott|def|1","|faint|p2a: Linoone","|","|","|switch|p2a: Ledian|Ledian, L83, F|227/227 slp","|turn|20","|","|-curestatus|p2a: Ledian|slp","|move|p2a: Ledian|Roost|p2a: Ledian","|-fail|p2a: Ledian","|move|p1a: Samurott|Superpower|p2a: Ledian","|-resisted|p2a: Ledian","|-damage|p2a: Ledian|217/227","|-unboost|p1a: Samurott|atk|1","|-unboost|p1a: Samurott|def|1","|","|-sideend|p2: Alliance - decent|Reflect","|turn|21","|","|move|p2a: Ledian|Toxic|p1a: Samurott","|-status|p1a: Samurott|tox","|move|p1a: Samurott|Megahorn|p2a: Ledian|[miss]","|-miss|p1a: Samurott|p2a: Ledian","|","|-damage|p1a: Samurott|182/287 tox|[from] psn","|turn|22","|","|move|p2a: Ledian|Reflect|p2a: Ledian","|-sidestart|p2: Alliance - decent|Reflect","|move|p1a: Samurott|Megahorn|p2a: Ledian","|-resisted|p2a: Ledian","|-damage|p2a: Ledian|202/227","|","|-damage|p1a: Samurott|148/287 tox|[from] psn","|turn|23","|","|move|p2a: Ledian|U-turn|p1a: Samurott","|-damage|p1a: Samurott|61/287 tox","|move|p1a: Samurott|Ice Beam|p2a: Ledian","|-supereffective|p2a: Ledian","|-damage|p2a: Ledian|75/227","|","|-damage|p1a: Samurott|10/287 tox|[from] psn","|turn|24","|","|move|p2a: Ledian|U-turn|p1a: Samurott","|-damage|p1a: Samurott|0 fnt","|faint|p1a: Samurott","|","|win|Alliance - decent"],"p1rating":{"entryid":7628033,"formatid":"randombattle","userid":"jusher","username":"jusher","r":1500,"rd":130,"sigma":0,"rpr":1459.8393856612,"rprd":122.8583080769,"rpsigma":0,"rptime":1439542800,"w":0,"l":1,"t":0,"gxe":45,"acre":1000,"lacre":1000,"oldacre":1000},"p2rating":{"entryid":7628035,"formatid":"randombattle","userid":"alliancedecent","username":"Alliance - decent","r":1500,"rd":130,"sigma":0,"rpr":1540.1606143388,"rprd":122.8583080769,"rpsigma":0,"rptime":1439542800,"w":1,"l":0,"t":0,"gxe":55,"acre":1040,"lacre":1040,"oldacre":1000},"endType":"normal"}