{"seed":[64383,44999,4486,65225],"turns":21,"p1":"poopiemcnuggets","p2":"dangerdude","p1team":[{"name":"Seaking","moves":["drillrun","waterfall","icebeam","knockoff"],"ability":"Lightning Rod","evs":{"hp":85,"atk":85,"def":85,"spa":85,"spd":85,"spe":85},"ivs":{"hp":31,"atk":31,"def":31,"spa":31,"spd":31,"spe":31},"item":"Expert Belt","level":83,"shiny":false},{"name":"Stoutland","moves":["wildcharge","return","superpower","crunch"],"ability":"Intimidate","evs":{"hp":85,"atk":85,"def":85,"spa":85,"spd":85,"spe":85},"ivs":{"hp":31,"atk":31,"def":31,"spa":31,"spd":31,"spe":31},"item":"Choice Band","level":83,"shiny":false},{"name":"Staraptor","moves":["bravebird","uturn","quickattack","closecombat"],"ability":"Intimidate","evs":{"hp":85,"atk":85,"def":85,"spa":85,"spd":85,"spe":85},"ivs":{"hp":31,"atk":31,"def":31,"spa":31,"spd":31,"spe":31},"item":"Choice Band","level":76,"shiny":false},{"name":"Slurpuff","moves":["surf","playrough","drainingkiss","drainpunch"],"ability":"Unburden","evs":{"hp":85,"atk":85,"def":85,"spa":85,"spd":85,"spe":85},"ivs":{"hp":31,"atk":31,"def":31,"spa":31,"spd":31,"spe":31},"item":"Fairy Gem","level":77,"shiny":false},{"name":"Archeops","moves":["earthquake","headsmash","uturn","pluck"],"ability":"Defeatist","evs":{"hp":85,"atk":85,"def":85,"spa":85,"spd":85,"spe":85},"ivs":{"hp":31,"atk":31,"def":31,"spa":31,"spd":31,"spe":31},"item":"Choice Band","level":81,"shiny":false},{"name":"Latias","moves":["roost","dracometeor","surf","psyshock"],"ability":"Levitate","evs":{"hp":85,"atk":85,"def":85,"spa":85,"spd":85,"spe":85},"ivs":{"hp":31,"atk":31,"def":31,"spa":31,"spd":31,"spe":31},"item":"Latiasite","level":75,"shiny":false}],"p2team":[{"name":"Azelf","moves":["dazzlinggleam","fireblast","stealthrock","psyshock"],"ability":"Levitate","evs":{"hp":85,"atk":85,"def":85,"spa":85,"spd":85,"spe":85},"ivs":{"hp":31,"atk":31,"def":31,"spa":31,"spd":31,"spe":31},"item":"Life Orb","level":77,"shiny":false},{"name":"Arcanine","moves":["roar","wildcharge","toxic","flareblitz"],"ability":"Intimidate","evs":{"hp":85,"atk":85,"def":85,"spa":85,"spd":85,"spe":85},"ivs":{"hp":31,"atk":31,"def":31,"spa":31,"spd":31,"spe":31},"item":"Leftovers","level":77,"shiny":false},{"name":"Rotom-Mow","moves":["voltswitch","willowisp","leafstorm","hiddenpowerfire"],"ability":"Levitate","evs":{"hp":85,"atk":85,"def":85,"spa":85,"spd":85,"spe":85},"ivs":{"hp":31,"atk":30,"def":31,"spa":30,"spd":31,"spe":30},"item":"Life Orb","level":79,"shiny":false},{"name":"Gourgeist-Super","moves":["willowisp","shadowsneak","synthesis","leechseed"],"ability":"Insomnia","evs":{"hp":85,"atk":85,"def":85,"spa":85,"spd":85,"spe":85},"ivs":{"hp":31,"atk":31,"def":31,"spa":31,"spd":31,"spe":31},"item":"Leftovers","level":83,"shiny":false},{"name":"Hippowdon","moves":["toxic","whirlwind","stealthrock","earthquake"],"ability":"Sand Stream","evs":{"hp":85,"atk":85,"def":85,"spa":85,"spd":85,"spe":85},"ivs":{"hp":31,"atk":31,"def":31,"spa":31,"spd":31,"spe":31},"item":"Leftovers","level":75,"shiny":false},{"name":"Solrock","moves":["rockslide","willowisp","explosion","morningsun"],"ability":"Levitate","evs":{"hp":85,"atk":85,"def":85,"spa":85,"spd":85,"spe":85},"ivs":{"hp":31,"atk":31,"def":31,"spa":31,"spd":31,"spe":31},"item":"Leftovers","level":83,"shiny":false}],"log":["|player|p1|poopiemcnuggets|1","|player|p2|dangerdude|92","|gametype|singles","|gen|6","|tier|Random Battle","|rated","|rule|Sleep Clause Mod: Limit one foe put to sleep","|rule|HP Percentage Mod: HP is shown in percentages","|","|start","|switch|p1a: Seaking|Seaking, L83, M|268/268","|switch|p2a: Azelf|Azelf, L77|242/242","|turn|1","|","|switch|p2a: Solrock|Solrock, L83|252/252","|switch|p1a: Stoutland|Stoutland, L83, F|277/277","|-ability|p1a: Stoutland|Intimidate","|-unboost|p2a: Solrock|atk|1","|","|turn|2","|","|move|p1a: Stoutland|Crunch|p2a: Solrock","|-supereffective|p2a: Solrock","|-damage|p2a: Solrock|70/252","|move|p2a: Solrock|Will-O-Wisp|p1a: Stoutland","|-status|p1a: Stoutland|brn","|","|-heal|p2a: Solrock|85/252|[from] item: Leftovers","|-damage|p1a: Stoutland|243/277 brn|[from] brn","|turn|3","|","|move|p1a: Stoutland|Crunch|p2a: Solrock","|-supereffective|p2a: Solrock","|-damage|p2a: Solrock|0 fnt","|faint|p2a: Solrock","|","|-damage|p1a: Stoutland|209/277 brn|[from] brn","|","|switch|p2a: Hippowdon|Hippowdon, L75, F|286/286","|-weather|Sandstorm","|turn|4","|","|switch|p1a: Staraptor|Staraptor, L76, M|254/254","|-ability|p1a: Staraptor|Intimidate","|-unboost|p2a: Hippowdon|atk|1","|move|p2a: Hippowdon|Stealth Rock|p1a: Staraptor","|-sidestart|p1: poopiemcnuggets|move: Stealth Rock","|","|-weather|Sandstorm|[upkeep]","|-damage|p1a: Staraptor|239/254|[from] sandstorm","|turn|5","|","|move|p1a: Staraptor|U-turn|p2a: Hippowdon","|-crit|p2a: Hippowdon","|-damage|p2a: Hippowdon|184/286","|","|switch|p1a: Seaking|Seaking, L83, M|268/268","|-damage|p1a: Seaking|235/268|[from] Stealth Rock","|move|p2a: Hippowdon|Whirlwind|p1a: Seaking","|drag|p1a: Latias|Latias, L75, F|244/244","|-damage|p1a: Latias|214/244|[from] Stealth Rock","|","|-weather|Sandstorm|[upkeep]","|-damage|p1a: Latias|199/244|[from] sandstorm","|-heal|p2a: Hippowdon|201/286|[from] item: Leftovers","|turn|6","|","|detailschange|p1a: Latias|Latias-Mega, L75, F","|-mega|p1a: Latias|Latias|Latiasite","|move|p1a: Latias|Surf|p2a: Hippowdon","|-supereffective|p2a: Hippowdon","|-damage|p2a: Hippowdon|21/286","|move|p2a: Hippowdon|Toxic|p1a: Latias","|-status|p1a: Latias|tox","|","|-weather|Sandstorm|[upkeep]","|-damage|p1a: Latias|184/244 tox|[from] sandstorm","|-heal|p2a: Hippowdon|38/286|[from] item: Leftovers","|-damage|p1a: Latias|169/244 tox|[from] psn","|turn|7","|","|move|p1a: Latias|Psyshock|p2a: Hippowdon","|-damage|p2a: Hippowdon|0 fnt","|faint|p2a: Hippowdon","|","|-weather|Sandstorm|[upkeep]","|-damage|p1a: Latias|154/244 tox|[from] sandstorm","|-damage|p1a: Latias|124/244 tox|[from] psn","|","|switch|p2a: Azelf|Azelf, L77|242/242","|turn|8","|","|move|p2a: Azelf|Dazzling Gleam|p1a: Latias","|-supereffective|p1a: Latias","|-damage|p1a: Latias|4/244 tox","|-damage|p2a: Azelf|218/242|[from] item: Life Orb","|move|p1a: Latias|Draco Meteor|p2a: Azelf","|-damage|p2a: Azelf|7/242","|-unboost|p1a: Latias|spa|2","|","|-weather|none","|-damage|p1a: Latias|0 fnt|[from] psn","|faint|p1a: Latias","|","|switch|p1a: Slurpuff|Slurpuff, L77, F|253/253","|-damage|p1a: Slurpuff|222/253|[from] Stealth Rock","|turn|9","|","|move|p2a: Azelf|Psyshock|p1a: Slurpuff","|-damage|p1a: Slurpuff|108/253","|-damage|p2a: Azelf|0 fnt|[from] item: Life Orb","|faint|p2a: Azelf","|move|p1a: Slurpuff|Draining Kiss|p2: Azelf|[notarget]","|-notarget","|","|","|switch|p2a: Arcanine|Arcanine, L77, F|265/265","|-ability|p2a: Arcanine|Intimidate","|-unboost|p1a: Slurpuff|atk|1","|turn|10","|","|move|p2a: Arcanine|Flare Blitz|p1a: Slurpuff","|-damage|p1a: Slurpuff|0 fnt","|-damage|p2a: Arcanine|229/265|[from] recoil|[of] p1a: Slurpuff","|faint|p1a: Slurpuff","|","|-heal|p2a: Arcanine|245/265|[from] item: Leftovers","|","|switch|p1a: Seaking|Seaking, L83, M|235/268","|-damage|p1a: Seaking|202/268|[from] Stealth Rock","|turn|11","|","|switch|p2a: Gourgeist-Super|Gourgeist-Super, L83, F|277/277","|move|p1a: Seaking|Waterfall|p2a: Gourgeist-Super","|-resisted|p2a: Gourgeist-Super","|-damage|p2a: Gourgeist-Super|246/277","|","|-heal|p2a: Gourgeist-Super|263/277|[from] item: Leftovers","|turn|12","|","|move|p1a: Seaking|Ice Beam|p2a: Gourgeist-Super","|-supereffective|p2a: Gourgeist-Super","|-damage|p2a: Gourgeist-Super|141/277","|move|p2a: Gourgeist-Super|Leech Seed|p1a: Seaking","|-start|p1a: Seaking|move: Leech Seed","|","|-heal|p2a: Gourgeist-Super|158/277|[from] item: Leftovers","|-damage|p1a: Seaking|169/268|[from] Leech Seed|[of] p2a: Gourgeist-Super","|-heal|p2a: Gourgeist-Super|191/277|[silent]","|turn|13","|","|move|p1a: Seaking|Knock Off|p2a: Gourgeist-Super","|-supereffective|p2a: Gourgeist-Super","|-damage|p2a: Gourgeist-Super|59/277","|-enditem|p2a: Gourgeist-Super|Leftovers|[from] move: Knock Off|[of] p1a: Seaking","|move|p2a: Gourgeist-Super|Synthesis|p2a: Gourgeist-Super","|-heal|p2a: Gourgeist-Super|197/277","|","|-damage|p1a: Seaking|136/268|[from] Leech Seed|[of] p2a: Gourgeist-Super","|-heal|p2a: Gourgeist-Super|230/277|[silent]","|turn|14","|","|move|p1a: Seaking|Ice Beam|p2a: Gourgeist-Super","|-supereffective|p2a: Gourgeist-Super","|-damage|p2a: Gourgeist-Super|105/277","|move|p2a: Gourgeist-Super|Will-O-Wisp|p1a: Seaking","|-status|p1a: Seaking|brn","|","|-damage|p1a: Seaking|103/268 brn|[from] Leech Seed|[of] p2a: Gourgeist-Super","|-heal|p2a: Gourgeist-Super|138/277|[silent]","|-damage|p1a: Seaking|70/268 brn|[from] brn","|turn|15","|","|move|p1a: Seaking|Ice Beam|p2a: Gourgeist-Super","|-supereffective|p2a: Gourgeist-Super","|-damage|p2a: Gourgeist-Super|13/277","|-status|p2a: Gourgeist-Super|frz","|cant|p2a: Gourgeist-Super|frz","|","|-damage|p1a: Seaking|37/268 brn|[from] Leech Seed|[of] p2a: Gourgeist-Super","|-heal|p2a: Gourgeist-Super|46/277 frz|[silent]","|-damage|p1a: Seaking|4/268 brn|[from] brn","|turn|16","|","|cant|p2a: Gourgeist-Super|frz","|move|p1a: Seaking|Ice Beam|p2a: Gourgeist-Super","|-supereffective|p2a: Gourgeist-Super","|-damage|p2a: Gourgeist-Super|0 fnt","|faint|p2a: Gourgeist-Super","|","|-damage|p1a: Seaking|0 fnt|[from] brn","|faint|p1a: Seaking","|","|switch|p2a: Arcanine|Arcanine, L77, F|245/265","|switch|p1a: Stoutland|Stoutland, L83, F|209/277 brn","|-ability|p2a: Arcanine|Intimidate","|-unboost|p1a: Stoutland|atk|1","|-damage|p1a: Stoutland|175/277 brn|[from] Stealth Rock","|-ability|p1a: Stoutland|Intimidate","|-unboost|p2a: Arcanine|atk|1","|turn|17","|","|move|p2a: Arcanine|Flare Blitz|p1a: Stoutland","|-damage|p1a: Stoutland|100/277 brn","|-damage|p2a: Arcanine|220/265|[from] recoil|[of] p1a: Stoutland","|move|p1a: Stoutland|Return|p2a: Arcanine","|-damage|p2a: Arcanine|148/265","|","|-heal|p2a: Arcanine|164/265|[from] item: Leftovers","|-damage|p1a: Stoutland|66/277 brn|[from] brn","|turn|18","|","|switch|p2a: Rotom-Mow|Rotom-Mow, L79|209/209","|move|p1a: Stoutland|Return|p2a: Rotom-Mow","|-damage|p2a: Rotom-Mow|154/209","|","|-damage|p1a: Stoutland|32/277 brn|[from] brn","|turn|19","|","|move|p2a: Rotom-Mow|Volt Switch|p1a: Stoutland","|-damage|p1a: Stoutland|0 fnt","|-damage|p2a: Rotom-Mow|134/209|[from] item: Life Orb","|faint|p1a: Stoutland","|","|switch|p2a: Arcanine|Arcanine, L77, F|164/265","|","|-heal|p2a: Arcanine|180/265|[from] item: Leftovers","|","|switch|p1a: Archeops|Archeops, L81, M|254/254","|-damage|p1a: Archeops|191/254|[from] Stealth Rock","|turn|20","|","|move|p1a: Archeops|Head Smash|p2a: Arcanine","|-supereffective|p2a: Arcanine","|-damage|p2a: Arcanine|0 fnt","|-damage|p1a: Archeops|101/254|[from] recoil|[of] p2a: Arcanine","|faint|p2a: Arcanine","|","|","|switch|p2a: Rotom-Mow|Rotom-Mow, L79|134/209","|turn|21","|","|move|p1a: Archeops|Head Smash|p2a: Rotom-Mow","|-damage|p2a: Rotom-Mow|4/209","|-damage|p1a: Archeops|36/254|[from] recoil|[of] p2a: Rotom-Mow","|move|p2a: Rotom-Mow|Volt Switch|p1a: Archeops","|-supereffective|p1a: Archeops","|-damage|p1a: Archeops|0 fnt","|-damage|p2a: Rotom-Mow|0 fnt|[from] item: Life Orb","|faint|p1a: Archeops","|faint|p2a: Rotom-Mow","|","|win|poopiemcnuggets"],"p1rating":{"entryid":"7101672","serverid":"eos","formatid":"randombattle","userid":"poopiemcnuggets","username":"poopiemcnuggets","w":4,"l":"1","t":"0","gxe":61.1,"r":"1500","rd":"120.90472526161","sigma":"0","rptime":"1439542800","rpr":1589.038726641,"rprd":105.61684724272,"rpsigma":"0","acre":1114.8043293588,"lacre":1114.8043293588,"oldacre":"1089.0496050893"},"p2rating":{"entryid":"7624652","serverid":"eos","formatid":"randombattle","userid":"dangerdude","username":"dangerdude","w":"3","l":2,"t":"0","gxe":53.5,"r":"1500","rd":"130","sigma":"0","rptime":"1439542800","rpr":1527.8129984108,"rprd":102.75516962773,"rpsigma":"0","acre":1056.5677528637,"lacre":1056.5677528637,"oldacre":"1077.467394946"},"endType":"normal"}