{"seed":[33375,56881,60394,34717],"turns":34,"p1":"A Crazy Girl","p2":"RentosYT","p1team":[{"name":"Clawitzer","moves":["icebeam","darkpulse","waterpulse","uturn"],"ability":"Mega Launcher","evs":{"hp":85,"atk":85,"def":85,"spa":85,"spd":85,"spe":85},"ivs":{"hp":31,"atk":31,"def":31,"spa":31,"spd":31,"spe":31},"item":"Expert Belt","level":79,"shiny":false},{"name":"Castform","moves":["solarbeam","sunnyday","weatherball","icebeam"],"ability":"Forecast","evs":{"hp":81,"atk":85,"def":85,"spa":89,"spd":85,"spe":85},"ivs":{"hp":31,"atk":31,"def":31,"spa":31,"spd":31,"spe":31},"item":"Heat Rock","level":83,"shiny":false},{"name":"Regigigas","moves":["return","substitute","drainpunch","thunderwave"],"ability":"Slow Start","evs":{"hp":85,"atk":85,"def":85,"spa":85,"spd":85,"spe":85},"ivs":{"hp":31,"atk":31,"def":31,"spa":31,"spd":31,"spe":31},"item":"Leftovers","level":83,"shiny":false},{"name":"Sceptile","moves":["substitute","outrage","focusblast","earthquake"],"ability":"Overgrow","evs":{"hp":85,"atk":85,"def":85,"spa":85,"spd":85,"spe":85},"ivs":{"hp":31,"atk":31,"def":31,"spa":31,"spd":31,"spe":31},"item":"Sceptilite","level":77,"shiny":false},{"name":"Sawsbuck","moves":["substitute","batonpass","swordsdance","return"],"ability":"Sap Sipper","evs":{"hp":85,"atk":85,"def":85,"spa":85,"spd":85,"spe":85},"ivs":{"hp":31,"atk":31,"def":31,"spa":31,"spd":31,"spe":31},"item":"Leftovers","level":83,"shiny":false},{"name":"Granbull","moves":["healbell","thunderwave","earthquake","playrough"],"ability":"Intimidate","evs":{"hp":85,"atk":85,"def":85,"spa":85,"spd":85,"spe":85},"ivs":{"hp":31,"atk":31,"def":31,"spa":31,"spd":31,"spe":31},"item":"Leftovers","level":81,"shiny":false}],"p2team":[{"name":"Farfetch'd","moves":["leafblade","return","nightslash","roost"],"ability":"Defiant","evs":{"hp":85,"atk":85,"def":85,"spa":85,"spd":85,"spe":85},"ivs":{"hp":31,"atk":31,"def":31,"spa":31,"spd":31,"spe":31},"item":"Stick","level":83,"shiny":false},{"name":"Dusknoir","moves":["focuspunch","shadowsneak","substitute","earthquake"],"ability":"Frisk","evs":{"hp":85,"atk":85,"def":85,"spa":85,"spd":85,"spe":85},"ivs":{"hp":31,"atk":31,"def":31,"spa":31,"spd":31,"spe":31},"item":"Leftovers","level":83,"shiny":false},{"name":"Diggersby","moves":["earthquake","return","wildcharge","knockoff"],"ability":"Huge Power","evs":{"hp":85,"atk":85,"def":85,"spa":85,"spd":85,"spe":85},"ivs":{"hp":31,"atk":31,"def":31,"spa":31,"spd":31,"spe":31},"item":"Choice Band","level":76,"shiny":false},{"name":"Klefki","moves":["magnetrise","toxic","lightscreen","playrough"],"ability":"Prankster","evs":{"hp":85,"atk":85,"def":85,"spa":85,"spd":85,"spe":85},"ivs":{"hp":31,"atk":31,"def":31,"spa":31,"spd":31,"spe":31},"item":"Light Clay","level":75,"shiny":false},{"name":"Espeon","moves":["shadowball","dazzlinggleam","psyshock","calmmind"],"ability":"Magic Bounce","evs":{"hp":85,"atk":85,"def":85,"spa":85,"spd":85,"spe":85},"ivs":{"hp":31,"atk":31,"def":31,"spa":31,"spd":31,"spe":31},"item":"Life Orb","level":77,"shiny":false},{"name":"Aggron","moves":["thunderwave","stealthrock","roar","heavyslam"],"ability":"Sturdy","evs":{"hp":85,"atk":85,"def":85,"spa":85,"spd":85,"spe":85},"ivs":{"hp":31,"atk":31,"def":31,"spa":31,"spd":31,"spe":31},"item":"Aggronite","level":77,"shiny":false}],"log":["|player|p1|A Crazy Girl|211","|player|p2|RentosYT|99","|gametype|singles","|gen|6","|tier|Random Battle","|rated","|rule|Sleep Clause Mod: Limit one foe put to sleep","|rule|HP Percentage Mod: HP is shown in percentages","|","|start","|switch|p1a: Clawitzer|Clawitzer, L79, M|242/242","|switch|p2a: Farfetch'd|Farfetch'd, L83, F|222/222","|turn|1","|","|move|p2a: Farfetch'd|Leaf Blade|p1a: Clawitzer","|-crit|p1a: Clawitzer","|-supereffective|p1a: Clawitzer","|-damage|p1a: Clawitzer|96/242","|move|p1a: Clawitzer|Water Pulse|p2a: Farfetch'd","|-damage|p2a: Farfetch'd|104/222","|","|turn|2","|","|move|p2a: Farfetch'd|Return|p1a: Clawitzer","|-crit|p1a: Clawitzer","|-damage|p1a: Clawitzer|0 fnt","|faint|p1a: Clawitzer","|","|","|switch|p1a: Regigigas|Regigigas, L83|318/318","|-start|p1a: Regigigas|Slow Start","|turn|3","|","|move|p2a: Farfetch'd|Night Slash|p1a: Regigigas","|-crit|p1a: Regigigas","|-damage|p1a: Regigigas|273/318","|move|p1a: Regigigas|Drain Punch|p2a: Farfetch'd","|-damage|p2a: Farfetch'd|47/222","|-heal|p1a: Regigigas|302/318|[from] drain|[of] p2a: Farfetch'd","|","|-heal|p1a: Regigigas|318/318|[from] item: Leftovers","|turn|4","|","|move|p2a: Farfetch'd|Return|p1a: Regigigas","|-crit|p1a: Regigigas","|-damage|p1a: Regigigas|207/318","|move|p1a: Regigigas|Thunder Wave|p2a: Farfetch'd","|-status|p2a: Farfetch'd|par","|","|-heal|p1a: Regigigas|226/318|[from] item: Leftovers","|turn|5","|","|move|p1a: Regigigas|Drain Punch|p2a: Farfetch'd","|-damage|p2a: Farfetch'd|0 fnt","|-heal|p1a: Regigigas|250/318|[from] drain|[of] p2a: Farfetch'd","|faint|p2a: Farfetch'd","|","|-heal|p1a: Regigigas|269/318|[from] item: Leftovers","|","|switch|p2a: Dusknoir|Dusknoir, L83, F|210/210","|-item|p1a: Regigigas|Leftovers|[from] ability: Frisk|[of] p2a: Dusknoir|[identify]","|turn|6","|","|-singleturn|p2a: Dusknoir|move: Focus Punch","|move|p1a: Regigigas|Thunder Wave|p2a: Dusknoir","|-status|p2a: Dusknoir|par","|cant|p2a: Dusknoir|par","|","|-heal|p1a: Regigigas|288/318|[from] item: Leftovers","|turn|7","|","|-singleturn|p2a: Dusknoir|move: Focus Punch","|move|p1a: Regigigas|Drain Punch|p2a: Dusknoir","|-immune|p2a: Dusknoir|[msg]","|move|p2a: Dusknoir|Focus Punch|p1a: Regigigas","|-supereffective|p1a: Regigigas","|-damage|p1a: Regigigas|116/318","|","|-end|p1a: Regigigas|Slow Start","|-heal|p1a: Regigigas|135/318|[from] item: Leftovers","|turn|8","|","|-singleturn|p2a: Dusknoir|move: Focus Punch","|move|p1a: Regigigas|Substitute|p1a: Regigigas","|-start|p1a: Regigigas|Substitute","|-damage|p1a: Regigigas|56/318","|move|p2a: Dusknoir|Focus Punch|p1a: Regigigas","|-supereffective|p1a: Regigigas","|-end|p1a: Regigigas|Substitute","|","|-heal|p1a: Regigigas|75/318|[from] item: Leftovers","|turn|9","|","|move|p1a: Regigigas|Drain Punch|p2a: Dusknoir","|-immune|p2a: Dusknoir|[msg]","|cant|p2a: Dusknoir|par","|","|-heal|p1a: Regigigas|94/318|[from] item: Leftovers","|turn|10","|","|move|p1a: Regigigas|Thunder Wave|p2a: Dusknoir","|-fail|p2a: Dusknoir|par","|move|p2a: Dusknoir|Earthquake|p1a: Regigigas","|-damage|p1a: Regigigas|28/318","|","|-heal|p1a: Regigigas|47/318|[from] item: Leftovers","|turn|11","|","|move|p1a: Regigigas|Drain Punch|p2a: Dusknoir","|-immune|p2a: Dusknoir|[msg]","|move|p2a: Dusknoir|Earthquake|p1a: Regigigas","|-damage|p1a: Regigigas|0 fnt","|faint|p1a: Regigigas","|-end|p1a: Regigigas|Slow Start|[silent]","|","|","|-end|p1: Regigigas|Slow Start|[silent]","|switch|p1a: Sawsbuck|Sawsbuck, L83, M|268/268","|turn|12","|","|move|p1a: Sawsbuck|Swords Dance|p1a: Sawsbuck","|-boost|p1a: Sawsbuck|atk|2","|move|p2a: Dusknoir|Earthquake|p1a: Sawsbuck","|-resisted|p1a: Sawsbuck","|-damage|p1a: Sawsbuck|223/268","|","|-heal|p1a: Sawsbuck|239/268|[from] item: Leftovers","|turn|13","|","|-singleturn|p2a: Dusknoir|move: Focus Punch","|move|p1a: Sawsbuck|Baton Pass|p1a: Sawsbuck","|","|switch|p1a: Granbull|Granbull, L81, M|278/278","|-ability|p1a: Granbull|Intimidate","|-unboost|p2a: Dusknoir|atk|1","|move|p2a: Dusknoir|Focus Punch|p1a: Granbull","|-resisted|p1a: Granbull","|-damage|p1a: Granbull|240/278","|","|-heal|p1a: Granbull|257/278|[from] item: Leftovers","|turn|14","|","|move|p2a: Dusknoir|Shadow Sneak|p1a: Granbull","|-damage|p1a: Granbull|224/278","|move|p1a: Granbull|Thunder Wave|p2a: Dusknoir","|-fail|p2a: Dusknoir|par","|","|-heal|p1a: Granbull|241/278|[from] item: Leftovers","|turn|15","|","|move|p1a: Granbull|Earthquake|p2a: Dusknoir","|-damage|p2a: Dusknoir|101/210 par","|move|p2a: Dusknoir|Earthquake|p1a: Granbull","|-damage|p1a: Granbull|185/278","|","|-heal|p1a: Granbull|202/278|[from] item: Leftovers","|-heal|p2a: Dusknoir|114/210 par|[from] item: Leftovers","|turn|16","|","|move|p1a: Granbull|Play Rough|p2a: Dusknoir","|-damage|p2a: Dusknoir|0 fnt","|faint|p2a: Dusknoir","|","|-heal|p1a: Granbull|219/278|[from] item: Leftovers","|","|switch|p2a: Diggersby|Diggersby, L76, F|254/254","|turn|17","|","|move|p2a: Diggersby|Return|p1a: Granbull","|-crit|p1a: Granbull","|-damage|p1a: Granbull|0 fnt","|faint|p1a: Granbull","|","|","|switch|p1a: Sceptile|Sceptile, L77, F|234/234","|turn|18","|","|detailschange|p1a: Sceptile|Sceptile-Mega, L77, F","|-mega|p1a: Sceptile|Sceptile|Sceptilite","|move|p1a: Sceptile|Outrage|p2a: Diggersby","|-damage|p2a: Diggersby|113/254","|move|p2a: Diggersby|Return|p1a: Sceptile","|-damage|p1a: Sceptile|23/234","|","|turn|19","|","|move|p1a: Sceptile|Outrage|p2a: Diggersby|[from]lockedmove","|-crit|p2a: Diggersby","|-damage|p2a: Diggersby|0 fnt","|faint|p2a: Diggersby","|","|","|switch|p2a: Espeon|Espeon, L77, M|227/227","|turn|20","|","|move|p1a: Sceptile|Outrage|p2a: Espeon|[from]lockedmove","|-damage|p2a: Espeon|59/227","|-start|p1a: Sceptile|confusion|[fatigue]","|move|p2a: Espeon|Shadow Ball|p1a: Sceptile","|-damage|p1a: Sceptile|0 fnt","|-damage|p2a: Espeon|37/227|[from] item: Life Orb","|faint|p1a: Sceptile","|","|","|switch|p1a: Sawsbuck|Sawsbuck, L83, M|239/268","|turn|21","|","|move|p2a: Espeon|Psyshock|p1a: Sawsbuck","|-damage|p1a: Sawsbuck|87/268","|-damage|p2a: Espeon|15/227|[from] item: Life Orb","|move|p1a: Sawsbuck|Swords Dance|p1a: Sawsbuck","|-boost|p1a: Sawsbuck|atk|2","|","|-heal|p1a: Sawsbuck|103/268|[from] item: Leftovers","|turn|22","|","|move|p2a: Espeon|Psyshock|p1a: Sawsbuck","|-damage|p1a: Sawsbuck|0 fnt","|-damage|p2a: Espeon|0 fnt|[from] item: Life Orb","|faint|p1a: Sawsbuck","|faint|p2a: Espeon","|","|","|switch|p1a: Castform|Castform, L83, F|251/251","|switch|p2a: Klefki|Klefki, L75, F|209/209","|turn|23","|","|move|p1a: Castform|Sunny Day|p1a: Castform","|-weather|SunnyDay","|-formechange|p1a: Castform|Castform-Sunny|[msg]","|move|p2a: Klefki|Play Rough|p1a: Castform","|-resisted|p1a: Castform","|-damage|p1a: Castform|213/251","|","|-weather|SunnyDay|[upkeep]","|turn|24","|","|move|p1a: Castform|Solar Beam|p2a: Klefki|[still]","|-prepare|p1a: Castform|Solar Beam|p2a: Klefki","|-anim|p1a: Castform|Solar Beam|p2a: Klefki","|-resisted|p2a: Klefki","|-damage|p2a: Klefki|171/209","|move|p2a: Klefki|Play Rough|p1a: Castform","|-resisted|p1a: Castform","|-damage|p1a: Castform|174/251","|","|-weather|SunnyDay|[upkeep]","|turn|25","|","|move|p1a: Castform|Ice Beam|p2a: Klefki","|-crit|p2a: Klefki","|-resisted|p2a: Klefki","|-damage|p2a: Klefki|126/209","|move|p2a: Klefki|Play Rough|p1a: Castform","|-resisted|p1a: Castform","|-damage|p1a: Castform|132/251","|","|-weather|SunnyDay|[upkeep]","|turn|26","|","|move|p1a: Castform|Sunny Day|p1a: Castform","|-fail|p1a: Castform","|move|p2a: Klefki|Play Rough|p1a: Castform","|-crit|p1a: Castform","|-resisted|p1a: Castform","|-damage|p1a: Castform|66/251","|","|-weather|SunnyDay|[upkeep]","|turn|27","|","|move|p2a: Klefki|Magnet Rise|p2a: Klefki","|-start|p2a: Klefki|Magnet Rise","|move|p1a: Castform|Ice Beam|p2a: Klefki","|-resisted|p2a: Klefki","|-damage|p2a: Klefki|96/209","|","|-weather|SunnyDay|[upkeep]","|turn|28","|","|move|p2a: Klefki|Magnet Rise|p2a: Klefki","|-fail|p2a: Klefki","|move|p1a: Castform|Sunny Day|p1a: Castform","|-fail|p1a: Castform","|","|-weather|SunnyDay|[upkeep]","|turn|29","|","|move|p2a: Klefki|Magnet Rise|p2a: Klefki","|-fail|p2a: Klefki","|move|p1a: Castform|Ice Beam|p2a: Klefki","|-resisted|p2a: Klefki","|-damage|p2a: Klefki|69/209","|","|-weather|SunnyDay|[upkeep]","|turn|30","|","|move|p2a: Klefki|Magnet Rise|p2a: Klefki","|-fail|p2a: Klefki","|move|p1a: Castform|Sunny Day|p1a: Castform","|-fail|p1a: Castform","|","|-weather|none","|-formechange|p1a: Castform|Castform|[msg]","|turn|31","|","|move|p2a: Klefki|Magnet Rise|p2a: Klefki","|-fail|p2a: Klefki","|move|p1a: Castform|Sunny Day|p1a: Castform","|-weather|SunnyDay","|-formechange|p1a: Castform|Castform-Sunny|[msg]","|","|-weather|SunnyDay|[upkeep]","|-end|p2a: Klefki|Magnet Rise","|turn|32","|","|move|p2a: Klefki|Magnet Rise|p2a: Klefki","|-start|p2a: Klefki|Magnet Rise","|move|p1a: Castform|Solar Beam|p2a: Klefki|[still]","|-prepare|p1a: Castform|Solar Beam|p2a: Klefki","|-anim|p1a: Castform|Solar Beam|p2a: Klefki","|-resisted|p2a: Klefki","|-damage|p2a: Klefki|35/209","|","|-weather|SunnyDay|[upkeep]","|turn|33","|","|move|p2a: Klefki|Magnet Rise|p2a: Klefki","|-fail|p2a: Klefki","|move|p1a: Castform|Solar Beam|p2a: Klefki|[still]","|-prepare|p1a: Castform|Solar Beam|p2a: Klefki","|-anim|p1a: Castform|Solar Beam|p2a: Klefki","|-crit|p2a: Klefki","|-resisted|p2a: Klefki","|-damage|p2a: Klefki|0 fnt","|faint|p2a: Klefki","|","|-weather|SunnyDay|[upkeep]","|","|switch|p2a: Aggron|Aggron, L77, M|234/234","|turn|34","|","|detailschange|p2a: Aggron|Aggron-Mega, L77, M","|-mega|p2a: Aggron|Aggron|Aggronite","|move|p1a: Castform|Sunny Day|p1a: Castform","|-fail|p1a: Castform","|move|p2a: Aggron|Heavy Slam|p1a: Castform","|-resisted|p1a: Castform","|-damage|p1a: Castform|0 fnt","|faint|p1a: Castform","|","|win|RentosYT"],"p1rating":{"entryid":345225,"formatid":"randombattle","userid":"acrazygirl","username":"A Crazy Girl","r":1500,"rd":130,"sigma":0,"rpr":1459.8393856612,"rprd":122.8583080769,"rpsigma":0,"rptime":1440320400,"w":0,"l":1,"t":0,"gxe":45,"acre":1000,"lacre":1000,"oldacre":1000},"p2rating":{"entryid":345226,"formatid":"randombattle","userid":"rentosyt","username":"RentosYT","r":1500,"rd":130,"sigma":0,"rpr":1540.1606143388,"rprd":122.8583080769,"rpsigma":0,"rptime":1440320400,"w":1,"l":0,"t":0,"gxe":55,"acre":1040,"lacre":1040,"oldacre":1000},"endType":"normal"}