{"seed":[55503,36958,529,42930],"turns":25,"p1":"icedwarrior","p2":"aoir_ReapeR","p1team":[{"name":"Aegislash","moves":["sacredsword","kingsshield","flashcannon","shadowsneak"],"ability":"Stance Change","evs":{"hp":85,"atk":85,"def":85,"spa":85,"spd":85,"spe":85},"ivs":{"hp":31,"atk":31,"def":31,"spa":31,"spd":31,"spe":31},"item":"Life Orb","level":74,"shiny":false},{"name":"Hitmontop","moves":["rapidspin","toxic","closecombat","machpunch"],"ability":"Technician","evs":{"hp":85,"atk":85,"def":85,"spa":85,"spd":85,"spe":85},"ivs":{"hp":31,"atk":31,"def":31,"spa":31,"spd":31,"spe":31},"item":"Life Orb","level":79,"shiny":false},{"name":"Pinsir","moves":["return","earthquake","closecombat","swordsdance"],"ability":"Mold Breaker","evs":{"hp":81,"atk":89,"def":85,"spa":85,"spd":85,"spe":85},"ivs":{"hp":31,"atk":31,"def":31,"spa":31,"spd":31,"spe":31},"item":"Pinsirite","level":76,"shiny":false},{"name":"Carbink","moves":["stealthrock","lightscreen","reflect","powergem"],"ability":"Sturdy","evs":{"hp":85,"atk":85,"def":85,"spa":85,"spd":85,"spe":85},"ivs":{"hp":31,"atk":31,"def":31,"spa":31,"spd":31,"spe":31},"item":"Light Clay","level":83,"shiny":false},{"name":"Swanna","moves":["raindance","airslash","defog","scald"],"ability":"Hydration","evs":{"hp":81,"atk":85,"def":85,"spa":89,"spd":85,"spe":85},"ivs":{"hp":31,"atk":31,"def":31,"spa":31,"spd":31,"spe":31},"item":"Damp Rock","level":83,"shiny":false},{"name":"Heracross","moves":["swordsdance","stoneedge","megahorn","knockoff"],"ability":"Moxie","evs":{"hp":85,"atk":85,"def":85,"spa":85,"spd":85,"spe":85},"ivs":{"hp":31,"atk":31,"def":31,"spa":31,"spd":31,"spe":31},"item":"Life Orb","level":77,"shiny":false}],"p2team":[{"name":"Blissey","moves":["healbell","wish","stealthrock","seismictoss"],"ability":"Natural Cure","evs":{"hp":85,"atk":85,"def":85,"spa":85,"spd":85,"spe":85},"ivs":{"hp":31,"atk":31,"def":31,"spa":31,"spd":31,"spe":31},"item":"Leftovers","level":77,"shiny":false},{"name":"Unfezant","moves":["uturn","pluck","hypnosis","return"],"ability":"Super Luck","evs":{"hp":81,"atk":89,"def":85,"spa":85,"spd":85,"spe":85},"ivs":{"hp":31,"atk":31,"def":31,"spa":31,"spd":31,"spe":31},"item":"Scope Lens","level":83,"shiny":false},{"name":"Sceptile","moves":["swordsdance","earthquake","substitute","outrage"],"ability":"Overgrow","evs":{"hp":85,"atk":85,"def":85,"spa":85,"spd":85,"spe":85},"ivs":{"hp":31,"atk":31,"def":31,"spa":31,"spd":31,"spe":31},"item":"Sceptilite","level":77,"shiny":false},{"name":"Ninetales","moves":["solarbeam","nastyplot","substitute","fireblast"],"ability":"Drought","evs":{"hp":85,"atk":85,"def":85,"spa":85,"spd":85,"spe":85},"ivs":{"hp":31,"atk":31,"def":31,"spa":31,"spd":31,"spe":31},"item":"Leftovers","level":79,"shiny":false},{"name":"Honchkrow","moves":["bravebird","heatwave","superpower","pursuit"],"ability":"Moxie","evs":{"hp":85,"atk":85,"def":85,"spa":85,"spd":85,"spe":85},"ivs":{"hp":31,"atk":31,"def":31,"spa":31,"spd":31,"spe":31},"item":"Expert Belt","level":77,"shiny":false},{"name":"Whiscash","moves":["stoneedge","dragondance","waterfall","zenheadbutt"],"ability":"Hydration","evs":{"hp":85,"atk":85,"def":85,"spa":85,"spd":85,"spe":85},"ivs":{"hp":31,"atk":31,"def":31,"spa":31,"spd":31,"spe":31},"item":"Life Orb","level":83,"shiny":false}],"log":["|player|p1|icedwarrior|icedwarrior.png","|player|p2|aoir_ReapeR|265","|gametype|singles","|gen|6","|tier|Random Battle","|rated","|rule|Sleep Clause Mod: Limit one foe put to sleep","|rule|HP Percentage Mod: HP is shown in percentages","|","|start","|switch|p1a: Aegislash|Aegislash, L74, F|211/211","|switch|p2a: Blissey|Blissey, L77, F|519/519","|turn|1","|","|-formechange|p1a: Aegislash|Aegislash-Blade","|move|p1a: Aegislash|Sacred Sword|p2a: Blissey","|-supereffective|p2a: Blissey","|-damage|p2a: Blissey|0 fnt","|-damage|p1a: Aegislash|190/211|[from] item: Life Orb","|faint|p2a: Blissey","|","|","|switch|p2a: Ninetales|Ninetales, L79, F|245/245","|-weather|SunnyDay","|turn|2","|","|switch|p1a: Carbink|Carbink, L83|219/219","|move|p2a: Ninetales|Fire Blast|p1a: Carbink","|-resisted|p1a: Carbink","|-damage|p1a: Carbink|173/219","|","|-weather|SunnyDay|[upkeep]","|turn|3","|","|switch|p2a: Whiscash|Whiscash, L83, F|318/318","|move|p1a: Carbink|Light Screen|p1a: Carbink","|-sidestart|p1: icedwarrior|move: Light Screen","|","|-weather|SunnyDay|[upkeep]","|turn|4","|","|move|p2a: Whiscash|Waterfall|p1a: Carbink","|-supereffective|p1a: Carbink","|-damage|p1a: Carbink|111/219","|-damage|p2a: Whiscash|287/318|[from] item: Life Orb","|move|p1a: Carbink|Reflect|p1a: Carbink","|-sidestart|p1: icedwarrior|Reflect","|","|-weather|SunnyDay|[upkeep]","|turn|5","|","|switch|p1a: Hitmontop|Hitmontop, L79, M|209/209","|move|p2a: Whiscash|Dragon Dance|p2a: Whiscash","|-boost|p2a: Whiscash|atk|1","|-boost|p2a: Whiscash|spe|1","|","|-weather|SunnyDay|[upkeep]","|turn|6","|","|move|p2a: Whiscash|Zen Headbutt|p1a: Hitmontop","|-supereffective|p1a: Hitmontop","|-damage|p1a: Hitmontop|114/209","|-damage|p2a: Whiscash|256/318|[from] item: Life Orb","|move|p1a: Hitmontop|Toxic|p2a: Whiscash","|-status|p2a: Whiscash|tox","|","|-weather|none","|-damage|p2a: Whiscash|237/318 tox|[from] psn","|turn|7","|","|move|p2a: Whiscash|Zen Headbutt|p1a: Hitmontop","|-supereffective|p1a: Hitmontop","|-damage|p1a: Hitmontop|27/209","|-damage|p2a: Whiscash|206/318 tox|[from] item: Life Orb","|cant|p1a: Hitmontop|flinch","|","|-damage|p2a: Whiscash|168/318 tox|[from] psn","|turn|8","|","|switch|p1a: Aegislash|Aegislash, L74, F|190/211","|move|p2a: Whiscash|Zen Headbutt|p1a: Aegislash|[miss]","|-miss|p2a: Whiscash|p1a: Aegislash","|","|-damage|p2a: Whiscash|111/318 tox|[from] psn","|turn|9","|","|switch|p2a: Sceptile|Sceptile, L77, M|234/234","|move|p1a: Aegislash|King's Shield|p1a: Aegislash","|-fail|p1a: Aegislash","|","|turn|10","|","|switch|p1a: Swanna|Swanna, L83, F|259/259","|move|p2a: Sceptile|Outrage|p1a: Swanna","|-damage|p1a: Swanna|219/259","|","|-sideend|p1: icedwarrior|move: Light Screen","|turn|11","|","|move|p2a: Sceptile|Outrage|p1a: Swanna|[from]lockedmove","|-damage|p1a: Swanna|179/259","|move|p1a: Swanna|Air Slash|p2a: Sceptile","|-supereffective|p2a: Sceptile","|-damage|p2a: Sceptile|82/234","|","|-sideend|p1: icedwarrior|Reflect","|turn|12","|","|move|p2a: Sceptile|Outrage|p1a: Swanna|[from]lockedmove","|-damage|p1a: Swanna|90/259","|-start|p2a: Sceptile|confusion|[fatigue]","|move|p1a: Swanna|Air Slash|p2a: Sceptile","|-supereffective|p2a: Sceptile","|-damage|p2a: Sceptile|0 fnt","|faint|p2a: Sceptile","|","|","|switch|p2a: Unfezant|Unfezant, L83, F|268/268","|turn|13","|","|move|p1a: Swanna|Scald|p2a: Unfezant","|-damage|p2a: Unfezant|160/268","|move|p2a: Unfezant|Hypnosis|p1a: Swanna|[miss]","|-miss|p2a: Unfezant|p1a: Swanna","|","|turn|14","|","|move|p1a: Swanna|Scald|p2a: Unfezant","|-damage|p2a: Unfezant|55/268","|move|p2a: Unfezant|Hypnosis|p1a: Swanna","|-status|p1a: Swanna|slp","|","|turn|15","|","|cant|p1a: Swanna|slp","|move|p2a: Unfezant|U-turn|p1a: Swanna","|-resisted|p1a: Swanna","|-damage|p1a: Swanna|55/259 slp","|","|switch|p2a: Whiscash|Whiscash, L83, F|111/318 tox","|","|-damage|p2a: Whiscash|92/318 tox|[from] psn","|turn|16","|","|cant|p1a: Swanna|slp","|move|p2a: Whiscash|Waterfall|p1a: Swanna","|-crit|p1a: Swanna","|-resisted|p1a: Swanna","|-damage|p1a: Swanna|0 fnt","|-damage|p2a: Whiscash|61/318 tox|[from] item: Life Orb","|faint|p1a: Swanna","|","|-damage|p2a: Whiscash|23/318 tox|[from] psn","|","|switch|p1a: Hitmontop|Hitmontop, L79, M|27/209","|turn|17","|","|move|p1a: Hitmontop|Mach Punch|p2a: Whiscash","|-damage|p2a: Whiscash|0 fnt","|-damage|p1a: Hitmontop|7/209|[from] item: Life Orb","|faint|p2a: Whiscash","|","|","|switch|p2a: Honchkrow|Honchkrow, L77, M|281/281","|turn|18","|","|move|p1a: Hitmontop|Mach Punch|p2a: Honchkrow","|-damage|p2a: Honchkrow|167/281","|-damage|p1a: Hitmontop|0 fnt|[from] item: Life Orb","|faint|p1a: Hitmontop","|move|p2a: Honchkrow|Brave Bird|p1: Hitmontop|[notarget]","|-notarget","|","|","|switch|p1a: Carbink|Carbink, L83|111/219","|turn|19","|","|move|p2a: Honchkrow|Superpower|p1a: Carbink","|-crit|p1a: Carbink","|-damage|p1a: Carbink|26/219","|-unboost|p2a: Honchkrow|atk|1","|-unboost|p2a: Honchkrow|def|1","|move|p1a: Carbink|Power Gem|p2a: Honchkrow","|-supereffective|p2a: Honchkrow","|-damage|p2a: Honchkrow|5/281","|","|turn|20","|","|move|p2a: Honchkrow|Superpower|p1a: Carbink","|-damage|p1a: Carbink|0 fnt","|-unboost|p2a: Honchkrow|atk|1","|-unboost|p2a: Honchkrow|def|1","|faint|p1a: Carbink","|-boost|p2a: Honchkrow|atk|1|[from] ability: Moxie","|","|","|switch|p1a: Aegislash|Aegislash, L74, F|190/211","|turn|21","|","|switch|p2a: Ninetales|Ninetales, L79, F|245/245","|-weather|SunnyDay","|-formechange|p1a: Aegislash|Aegislash-Blade","|move|p1a: Aegislash|Shadow Sneak|p2a: Ninetales","|-damage|p2a: Ninetales|170/245","|-damage|p1a: Aegislash|169/211|[from] item: Life Orb","|","|-weather|SunnyDay|[upkeep]","|-heal|p2a: Ninetales|185/245|[from] item: Leftovers","|turn|22","|","|-formechange|p1a: Aegislash|Aegislash","|move|p1a: Aegislash|King's Shield|p1a: Aegislash","|-singleturn|p1a: Aegislash|Protect","|move|p2a: Ninetales|Fire Blast|p1a: Aegislash","|-activate|p1a: Aegislash|Protect","|","|-weather|SunnyDay|[upkeep]","|-heal|p2a: Ninetales|200/245|[from] item: Leftovers","|turn|23","|","|-formechange|p1a: Aegislash|Aegislash-Blade","|move|p1a: Aegislash|Shadow Sneak|p2a: Ninetales","|-damage|p2a: Ninetales|121/245","|-damage|p1a: Aegislash|148/211|[from] item: Life Orb","|move|p2a: Ninetales|Fire Blast|p1a: Aegislash","|-supereffective|p1a: Aegislash","|-damage|p1a: Aegislash|0 fnt","|faint|p1a: Aegislash","|","|-weather|SunnyDay|[upkeep]","|-heal|p2a: Ninetales|136/245|[from] item: Leftovers","|","|switch|p1a: Heracross|Heracross, L77, F|250/250","|turn|24","|","|move|p2a: Ninetales|Fire Blast|p1a: Heracross","|-supereffective|p1a: Heracross","|-damage|p1a: Heracross|0 fnt","|faint|p1a: Heracross","|","|-weather|SunnyDay|[upkeep]","|-heal|p2a: Ninetales|151/245|[from] item: Leftovers","|","|switch|p1a: Pinsir|Pinsir, L76, F|223/223","|-ability|p1a: Pinsir|Mold Breaker","|turn|25","|","|detailschange|p1a: Pinsir|Pinsir-Mega, L76, F","|-mega|p1a: Pinsir|Pinsir|Pinsirite","|move|p2a: Ninetales|Fire Blast|p1a: Pinsir","|-supereffective|p1a: Pinsir","|-damage|p1a: Pinsir|0 fnt","|faint|p1a: Pinsir","|","|win|aoir_ReapeR"],"p1rating":{"entryid":"273327","serverid":"eos","formatid":"randombattle","userid":"icedwarrior","username":"icedwarrior","w":"1","l":1,"t":"0","gxe":52.4,"r":"1562.1918939587","rd":"123.92522816114","sigma":"0","rptime":"1440234000","rpr":1519.1807424521,"rprd":117.84806302816,"rpsigma":"0","acre":1036.6907793426,"lacre":1036.6907793426,"oldacre":"1058.6262425405"},"p2rating":{"entryid":327603,"formatid":"randombattle","userid":"aoirreaper","username":"aoir_ReapeR","r":1500,"rd":130,"sigma":0,"rpr":1547.1745296331,"rprd":122.95132665906,"rpsigma":0,"rptime":1440234000,"w":1,"l":0,"t":0,"gxe":55.9,"acre":1046.6862561479,"lacre":1046.6862561479,"oldacre":1000},"endType":"normal"}