{"seed":[23928,48883,55586,59679],"turns":21,"p1":"Emg Gl Linket","p2":"Apex✦Wguy1010","p1team":[{"name":"Rotom-Heat","moves":["willowisp","overheat","painsplit","voltswitch"],"ability":"Levitate","evs":{"hp":81,"atk":85,"def":85,"spa":89,"spd":85,"spe":85},"ivs":{"hp":31,"atk":31,"def":31,"spa":31,"spd":31,"spe":31},"item":"Focus Sash","level":77,"shiny":false},{"name":"Heatran","moves":["earthpower","protect","lavaplume","flashcannon"],"ability":"Flash Fire","evs":{"hp":85,"atk":85,"def":85,"spa":85,"spd":85,"spe":85},"ivs":{"hp":31,"atk":31,"def":31,"spa":31,"spd":31,"spe":31},"item":"Air Balloon","level":75,"shiny":false},{"name":"Mr. Mime","moves":["batonpass","dazzlinggleam","nastyplot","focusblast"],"ability":"Filter","evs":{"hp":85,"atk":85,"def":85,"spa":85,"spd":85,"spe":85},"ivs":{"hp":31,"atk":31,"def":31,"spa":31,"spd":31,"spe":31},"item":"Leftovers","level":83,"shiny":false},{"name":"Zygarde","moves":["extremespeed","stoneedge","earthquake","dragondance"],"ability":"Aura Break","evs":{"hp":85,"atk":85,"def":85,"spa":85,"spd":85,"spe":85},"ivs":{"hp":31,"atk":31,"def":31,"spa":31,"spd":31,"spe":31},"item":"Leftovers","level":76,"shiny":false},{"name":"Glalie","moves":["explosion","taunt","spikes","crunch"],"ability":"Ice Body","evs":{"hp":81,"atk":89,"def":85,"spa":85,"spd":85,"spe":85},"ivs":{"hp":31,"atk":31,"def":31,"spa":31,"spd":31,"spe":31},"item":"Glalitite","level":79,"shiny":false},{"name":"Froslass","moves":["spikes","thunderwave","destinybond","shadowball"],"ability":"Cursed Body","evs":{"hp":85,"atk":85,"def":85,"spa":85,"spd":85,"spe":85},"ivs":{"hp":31,"atk":31,"def":31,"spa":31,"spd":31,"spe":31},"item":"Leftovers","level":78,"shiny":false}],"p2team":[{"name":"Purugly","moves":["uturn","quickattack","return","knockoff"],"ability":"Thick Fat","evs":{"hp":85,"atk":85,"def":85,"spa":85,"spd":85,"spe":85},"ivs":{"hp":31,"atk":31,"def":31,"spa":31,"spd":31,"spe":31},"item":"Choice Band","level":83,"shiny":false},{"name":"Mr. Mime","moves":["healingwish","shadowball","focusblast","psyshock"],"ability":"Filter","evs":{"hp":85,"atk":85,"def":85,"spa":85,"spd":85,"spe":85},"ivs":{"hp":31,"atk":31,"def":31,"spa":31,"spd":31,"spe":31},"item":"Life Orb","level":83,"shiny":false},{"name":"Slowbro","moves":["grassknot","fireblast","psychic","slackoff"],"ability":"Regenerator","evs":{"hp":85,"atk":85,"def":85,"spa":85,"spd":85,"spe":85},"ivs":{"hp":31,"atk":31,"def":31,"spa":31,"spd":31,"spe":31},"item":"Slowbronite","level":75,"shiny":false},{"name":"Cloyster","moves":["iciclespear","shellsmash","hydropump","rockblast"],"ability":"Skill Link","evs":{"hp":81,"atk":89,"def":85,"spa":85,"spd":85,"spe":85},"ivs":{"hp":31,"atk":31,"def":31,"spa":31,"spd":31,"spe":31},"item":"White Herb","level":77,"shiny":false},{"name":"Rotom-Fan","moves":["willowisp","trick","airslash","voltswitch"],"ability":"Levitate","evs":{"hp":85,"atk":85,"def":85,"spa":85,"spd":85,"spe":85},"ivs":{"hp":31,"atk":31,"def":31,"spa":31,"spd":31,"spe":31},"item":"Air Balloon","level":81,"shiny":false},{"name":"Chatot","moves":["hiddenpowerground","uturn","boomburst","heatwave"],"ability":"Tangled Feet","evs":{"hp":85,"atk":85,"def":85,"spa":85,"spd":85,"spe":85},"ivs":{"hp":31,"atk":31,"def":31,"spa":30,"spd":30,"spe":31},"item":"Life Orb","level":83,"shiny":false}],"log":["|player|p1|Emg Gl Linket|266","|player|p2|Apex✦Wguy1010|266","|gametype|singles","|gen|6","|tier|Random Battle","|rated","|rule|Sleep Clause Mod: Limit one foe put to sleep","|rule|HP Percentage Mod: HP is shown in percentages","|","|start","|switch|p1a: Rotom-Heat|Rotom-Heat, L77|203/203","|switch|p2a: Purugly|Purugly, L83, M|254/254","|turn|1","|","|switch|p1a: Zygarde|Zygarde, L76|289/289","|-ability|p1a: Zygarde|Aura Break","|move|p2a: Purugly|Knock Off|p1a: Zygarde","|-damage|p1a: Zygarde|214/289","|-enditem|p1a: Zygarde|Leftovers|[from] move: Knock Off|[of] p2a: Purugly","|","|turn|2","|","|switch|p2a: Rotom-Fan|Rotom-Fan, L81|214/214","|-item|p2a: Rotom-Fan|Air Balloon","|move|p1a: Zygarde|Dragon Dance|p1a: Zygarde","|-boost|p1a: Zygarde|atk|1","|-boost|p1a: Zygarde|spe|1","|","|turn|3","|","|move|p1a: Zygarde|Stone Edge|p2a: Rotom-Fan","|-supereffective|p2a: Rotom-Fan","|-damage|p2a: Rotom-Fan|54/214","|-enditem|p2a: Rotom-Fan|Air Balloon","|move|p2a: Rotom-Fan|Will-O-Wisp|p1a: Zygarde","|-status|p1a: Zygarde|brn","|","|-damage|p1a: Zygarde|178/289 brn|[from] brn","|turn|4","|","|move|p1a: Zygarde|Stone Edge|p2a: Rotom-Fan","|-supereffective|p2a: Rotom-Fan","|-damage|p2a: Rotom-Fan|0 fnt","|faint|p2a: Rotom-Fan","|","|-damage|p1a: Zygarde|142/289 brn|[from] brn","|","|switch|p2a: Cloyster|Cloyster, L77, M|203/203","|turn|5","|","|move|p1a: Zygarde|Stone Edge|p2a: Cloyster","|-supereffective|p2a: Cloyster","|-damage|p2a: Cloyster|152/203","|move|p2a: Cloyster|Shell Smash|p2a: Cloyster","|-unboost|p2a: Cloyster|def|1","|-unboost|p2a: Cloyster|spd|1","|-boost|p2a: Cloyster|atk|2","|-boost|p2a: Cloyster|spa|2","|-boost|p2a: Cloyster|spe|2","|-enditem|p2a: Cloyster|White Herb","|-restoreboost|p2a: Cloyster|[silent]","|","|-damage|p1a: Zygarde|106/289 brn|[from] brn","|turn|6","|","|move|p1a: Zygarde|Extreme Speed|p2a: Cloyster","|-damage|p2a: Cloyster|131/203","|move|p2a: Cloyster|Icicle Spear|p1a: Zygarde","|-supereffective|p1a: Zygarde","|-damage|p1a: Zygarde|0 fnt","|-hitcount|p1a: Zygarde|1","|faint|p1a: Zygarde","|","|","|switch|p1a: Rotom-Heat|Rotom-Heat, L77|203/203","|turn|7","|","|move|p2a: Cloyster|Hydro Pump|p1a: Rotom-Heat","|-crit|p1a: Rotom-Heat","|-supereffective|p1a: Rotom-Heat","|-enditem|p1a: Rotom-Heat|Focus Sash","|-damage|p1a: Rotom-Heat|1/203","|move|p1a: Rotom-Heat|Volt Switch|p2a: Cloyster","|-crit|p2a: Cloyster","|-supereffective|p2a: Cloyster","|-damage|p2a: Cloyster|0 fnt","|faint|p2a: Cloyster","|","|switch|p1a: Heatran|Heatran, L75, M|260/260","|-item|p1a: Heatran|Air Balloon","|","|","|switch|p2a: Mr. Mime|Mr. Mime, L83, M|202/202","|turn|8","|","|move|p2a: Mr. Mime|Focus Blast|p1a: Heatran|[miss]","|-miss|p2a: Mr. Mime|p1a: Heatran","|move|p1a: Heatran|Flash Cannon|p2a: Mr. Mime","|-supereffective|p2a: Mr. Mime","|-damage|p2a: Mr. Mime|103/202","|","|turn|9","|","|switch|p1a: Froslass|Froslass, L78, F|237/237","|move|p2a: Mr. Mime|Focus Blast|p1a: Froslass","|-immune|p1a: Froslass|[msg]","|","|turn|10","|","|move|p1a: Froslass|Shadow Ball|p2a: Mr. Mime","|-supereffective|p2a: Mr. Mime","|-damage|p2a: Mr. Mime|31/202","|move|p2a: Mr. Mime|Shadow Ball|p1a: Froslass","|-supereffective|p1a: Froslass","|-damage|p1a: Froslass|32/237","|-damage|p2a: Mr. Mime|11/202|[from] item: Life Orb","|","|-heal|p1a: Froslass|46/237|[from] item: Leftovers","|turn|11","|","|move|p1a: Froslass|Spikes|p2a: Mr. Mime","|-sidestart|p2: Apex✦Wguy1010|Spikes","|move|p2a: Mr. Mime|Psyshock|p1a: Froslass","|-damage|p1a: Froslass|0 fnt","|-damage|p2a: Mr. Mime|0 fnt|[from] item: Life Orb","|faint|p1a: Froslass","|faint|p2a: Mr. Mime","|","|","|switch|p2a: Chatot|Chatot, L83, M|262/262","|switch|p1a: Rotom-Heat|Rotom-Heat, L77|1/203","|turn|12","|","|move|p2a: Chatot|U-turn|p1a: Rotom-Heat","|-resisted|p1a: Rotom-Heat","|-damage|p1a: Rotom-Heat|0 fnt","|-damage|p2a: Chatot|236/262|[from] item: Life Orb","|faint|p1a: Rotom-Heat","|","|switch|p2a: Slowbro|Slowbro, L75, F|266/266","|-damage|p2a: Slowbro|233/266|[from] Spikes","|","|","|switch|p1a: Glalie|Glalie, L79, F|255/255","|turn|13","|","|detailschange|p1a: Glalie|Glalie-Mega, L79, F","|-mega|p1a: Glalie|Glalie|Glalitite","|detailschange|p2a: Slowbro|Slowbro-Mega, L75, F","|-mega|p2a: Slowbro|Slowbro|Slowbronite","|move|p1a: Glalie|Crunch|p2a: Slowbro","|-supereffective|p2a: Slowbro","|-damage|p2a: Slowbro|157/266","|move|p2a: Slowbro|Fire Blast|p1a: Glalie","|-supereffective|p1a: Glalie","|-damage|p1a: Glalie|87/255","|","|turn|14","|","|move|p1a: Glalie|Explosion|p2a: Slowbro","|-resisted|p2a: Slowbro","|-damage|p2a: Slowbro|35/266","|faint|p1a: Glalie","|move|p2a: Slowbro|Fire Blast|p1: Glalie|[notarget]","|-notarget","|","|","|switch|p1a: Mr. Mime|Mr. Mime, L83, F|202/202","|turn|15","|","|move|p1a: Mr. Mime|Dazzling Gleam|p2a: Slowbro","|-damage|p2a: Slowbro|0 fnt","|faint|p2a: Slowbro","|","|","|switch|p2a: Purugly|Purugly, L83, M|254/254","|-damage|p2a: Purugly|223/254|[from] Spikes","|turn|16","|","|move|p2a: Purugly|U-turn|p1a: Mr. Mime","|-damage|p1a: Mr. Mime|114/202","|","|switch|p2a: Chatot|Chatot, L83, M|236/262","|move|p1a: Mr. Mime|Focus Blast|p2a: Chatot","|-damage|p2a: Chatot|89/262","|","|-heal|p1a: Mr. Mime|126/202|[from] item: Leftovers","|turn|17","|","|move|p2a: Chatot|Boomburst|p1a: Mr. Mime","|-damage|p1a: Mr. Mime|0 fnt","|-damage|p2a: Chatot|63/262|[from] item: Life Orb","|faint|p1a: Mr. Mime","|","|","|switch|p1a: Heatran|Heatran, L75, M|260/260","|-item|p1a: Heatran|Air Balloon","|turn|18","|","|move|p2a: Chatot|U-turn|p1a: Heatran","|-resisted|p1a: Heatran","|-damage|p1a: Heatran|248/260","|-enditem|p1a: Heatran|Air Balloon","|-damage|p2a: Chatot|37/262|[from] item: Life Orb","|","|switch|p2a: Purugly|Purugly, L83, M|223/254","|-damage|p2a: Purugly|192/254|[from] Spikes","|move|p1a: Heatran|Lava Plume|p2a: Purugly","|-damage|p2a: Purugly|128/254","|","|turn|19","|","|move|p2a: Purugly|Return|p1a: Heatran","|-resisted|p1a: Heatran","|-damage|p1a: Heatran|180/260","|move|p1a: Heatran|Lava Plume|p2a: Purugly","|-damage|p2a: Purugly|70/254","|","|turn|20","|","|move|p2a: Purugly|Return|p1a: Heatran","|-resisted|p1a: Heatran","|-damage|p1a: Heatran|114/260","|move|p1a: Heatran|Lava Plume|p2a: Purugly","|-damage|p2a: Purugly|12/254","|-status|p2a: Purugly|brn","|","|-damage|p2a: Purugly|0 fnt|[from] brn","|faint|p2a: Purugly","|","|switch|p2a: Chatot|Chatot, L83, M|37/262","|turn|21","|","|move|p2a: Chatot|Hidden Power|p1a: Heatran","|-supereffective|p1a: Heatran","|-damage|p1a: Heatran|0 fnt","|-damage|p2a: Chatot|11/262|[from] item: Life Orb","|faint|p1a: Heatran","|","|win|Apex✦Wguy1010"],"p1rating":{"entryid":"505335","serverid":"eos","formatid":"randombattle","userid":"emggllinket","username":"Emg GL Linket","w":"1","l":1,"t":"0","gxe":50,"r":"1500","rd":"130","sigma":"0","rptime":"1440579600","rpr":1500,"rprd":116.77753930647,"rpsigma":"0","acre":1022.1660277196,"lacre":1022.1660277196,"oldacre":"1040"},"p2rating":{"entryid":506671,"formatid":"randombattle","userid":"apexwguy1010","username":"Apex✦Wguy1010","r":1500,"rd":130,"sigma":0,"rpr":1540.1606143388,"rprd":122.8583080769,"rpsigma":0,"rptime":1440579600,"w":1,"l":0,"t":0,"gxe":55,"acre":1044.584930701,"lacre":1044.584930701,"oldacre":1000},"endType":"normal"}