{"seed":[26688,30452,56197,12687],"turns":27,"p1":"Sableye is a Lord","p2":"Guard Wanderer","p1team":[{"name":"Diancie","species":"Diancie","item":"leftovers","ability":"Clear Body","moves":["stealthrock","trickroom","diamondstorm","explosion"],"nature":"Brave","evs":{"hp":248,"atk":252,"def":8,"spa":0,"spd":0,"spe":0},"ivs":{"hp":31,"atk":31,"def":31,"spa":31,"spd":31,"spe":0}},{"name":"Sylveon","species":"Sylveon","item":"choicespecs","ability":"Pixilate","moves":["hypervoice","hiddenpowerfire","psyshock","shadowball"],"nature":"Quiet","evs":{"hp":248,"atk":0,"def":8,"spa":252,"spd":0,"spe":0},"gender":"M","ivs":{"hp":31,"atk":0,"def":31,"spa":30,"spd":31,"spe":0}},{"name":"Azumarill","species":"Azumarill","item":"lifeorb","ability":"Huge Power","moves":["playrough","waterfall","superpower","aquajet"],"nature":"Brave","evs":{"hp":248,"atk":252,"def":8,"spa":0,"spd":0,"spe":0},"gender":"M","ivs":{"hp":31,"atk":31,"def":31,"spa":31,"spd":31,"spe":0}},{"name":"Gardevoir","species":"Gardevoir","item":"gardevoirite","ability":"Trace","moves":["hypervoice","focusblast","trickroom","healingwish"],"nature":"Quiet","evs":{"hp":248,"atk":0,"def":8,"spa":252,"spd":0,"spe":0},"gender":"M","ivs":{"hp":31,"atk":0,"def":31,"spa":31,"spd":31,"spe":0},"shiny":true},{"name":"Klefki","species":"Klefki","item":"lightclay","ability":"Prankster","moves":["reflect","lightscreen","foulplay","spikes"],"nature":"Bold","evs":{"hp":248,"atk":0,"def":204,"spa":0,"spd":0,"spe":56},"ivs":{"hp":31,"atk":0,"def":31,"spa":31,"spd":31,"spe":31}},{"name":"Togekiss","species":"Togekiss","item":"choicescarf","ability":"Serene Grace","moves":["airslash","fireblast","dazzlinggleam","trick"],"nature":"Timid","evs":{"hp":0,"atk":0,"def":0,"spa":252,"spd":4,"spe":252},"ivs":{"hp":31,"atk":0,"def":31,"spa":31,"spd":31,"spe":31}}],"p2team":[{"name":"Weezing","species":"Weezing","item":"sitrusberry","ability":"Levitate","moves":["toxicspikes","willowisp","memento","thief"],"nature":"Careful","evs":{"hp":248,"atk":0,"def":0,"spa":0,"spd":252,"spe":0},"ivs":{"hp":31,"atk":31,"def":31,"spa":31,"spd":31,"spe":31}},{"name":"Tentacruel","species":"Tentacruel","item":"assaultvest","ability":"Liquid Ooze","moves":["scald","acidspray","gigadrain","hex"],"nature":"Timid","evs":{"hp":0,"atk":0,"def":4,"spa":252,"spd":0,"spe":252},"ivs":{"hp":31,"atk":31,"def":31,"spa":31,"spd":31,"spe":31}},{"name":"Skuntank","species":"Skuntank","item":"","ability":"Stench","moves":["snatch","thief","suckerpunch","poisonjab"],"nature":"Adamant","evs":{"hp":248,"atk":252,"def":0,"spa":0,"spd":8,"spe":0},"ivs":{"hp":31,"atk":31,"def":31,"spa":31,"spd":31,"spe":31}},{"name":"Crobat","species":"Crobat","item":"whiteherb","ability":"Infiltrator","moves":["curse","acrobatics","roost","hypnosis"],"nature":"Jolly","evs":{"hp":248,"atk":8,"def":0,"spa":0,"spd":0,"spe":252},"ivs":{"hp":31,"atk":31,"def":31,"spa":31,"spd":31,"spe":31}},{"name":"Gengar","species":"Gengar","item":"choicescarf","ability":"Levitate","moves":["trick","destinybond","venoshock","hex"],"nature":"Timid","evs":{"hp":0,"atk":0,"def":0,"spa":252,"spd":4,"spe":252},"ivs":{"hp":31,"atk":31,"def":31,"spa":31,"spd":31,"spe":31}},{"name":"Amoonguss","species":"Amoonguss","item":"blacksludge","ability":"Regenerator","moves":["spore","gigadrain","gastroacid","stunspore"],"nature":"Calm","evs":{"hp":248,"atk":0,"def":0,"spa":8,"spd":252,"spe":0},"shiny":true,"ivs":{"hp":31,"atk":31,"def":31,"spa":31,"spd":31,"spe":31}}],"log":["|player|p1|Sableye is a Lord|167","|player|p2|Guard Wanderer|235","|gametype|singles","|gen|6","|tier|Monotype","|rated","|rule|Baton Pass Clause: Limit one Baton Passer, can't pass Spe and other stats simultaneously","|rule|Swagger Clause: Swagger is banned","|rule|Same Type Clause: Pokémon in a team must share a type","|clearpoke","|poke|p1|Diancie","|poke|p1|Sylveon, M","|poke|p1|Azumarill, M","|poke|p1|Gardevoir, M, shiny","|poke|p1|Klefki, F","|poke|p1|Togekiss, M","|poke|p2|Weezing, F","|poke|p2|Tentacruel, F","|poke|p2|Skuntank, F","|poke|p2|Crobat, M","|poke|p2|Gengar, F","|poke|p2|Amoonguss, M, shiny","|rule|Sleep Clause Mod: Limit one foe put to sleep","|rule|Species Clause: Limit one of each Pokémon","|rule|OHKO Clause: OHKO moves are banned","|rule|Moody Clause: Moody is banned","|rule|Evasion Moves Clause: Evasion moves are banned","|rule|Endless Battle Clause: Forcing endless battles is banned","|rule|HP Percentage Mod: HP is shown in percentages","|teampreview","|","|start","|switch|p1a: Klefki|Klefki, F|317/317","|switch|p2a: Weezing|Weezing, F|333/333","|turn|1","|","|move|p1a: Klefki|Reflect|p1a: Klefki","|-sidestart|p1: Sableye is a Lord|Reflect","|move|p2a: Weezing|Toxic Spikes|p1a: Klefki","|-sidestart|p1: Sableye is a Lord|move: Toxic Spikes","|","|turn|2","|","|move|p1a: Klefki|Light Screen|p1a: Klefki","|-sidestart|p1: Sableye is a Lord|move: Light Screen","|move|p2a: Weezing|Will-O-Wisp|p1a: Klefki","|-status|p1a: Klefki|brn","|","|-damage|p1a: Klefki|278/317 brn|[from] brn","|turn|3","|","|switch|p1a: Togekiss|Togekiss, M|311/311","|move|p2a: Weezing|Toxic Spikes|p1a: Togekiss","|-sidestart|p1: Sableye is a Lord|move: Toxic Spikes","|","|turn|4","|","|move|p1a: Togekiss|Trick|p2a: Weezing","|-activate|p1a: Togekiss|move: Trick|[of] p2a: Weezing","|-item|p2a: Weezing|Choice Scarf|[from] move: Trick","|-item|p1a: Togekiss|Sitrus Berry|[from] move: Trick","|move|p2a: Weezing|Will-O-Wisp|p1a: Togekiss","|-status|p1a: Togekiss|brn","|","|-damage|p1a: Togekiss|273/311 brn|[from] brn","|turn|5","|","|switch|p1a: Diancie|Diancie|303/303","|-status|p1a: Diancie|tox","|switch|p2a: Tentacruel|Tentacruel, F|301/301","|","|-damage|p1a: Diancie|285/303 tox|[from] psn","|turn|6","|","|move|p2a: Tentacruel|Acid Spray|p1a: Diancie","|-damage|p1a: Diancie|267/303 tox","|move|p1a: Diancie|Stealth Rock|p2a: Tentacruel","|-sidestart|p2: Guard Wanderer|move: Stealth Rock","|","|-heal|p1a: Diancie|285/303 tox|[from] item: Leftovers","|-damage|p1a: Diancie|249/303 tox|[from] psn","|turn|7","|","|move|p2a: Tentacruel|Scald|p1a: Diancie","|-supereffective|p1a: Diancie","|-damage|p1a: Diancie|179/303 tox","|move|p1a: Diancie|Trick Room|p1a: Diancie","|-fieldstart|move: Trick Room|[of] p1a: Diancie","|","|-heal|p1a: Diancie|197/303 tox|[from] item: Leftovers","|-damage|p1a: Diancie|143/303 tox|[from] psn","|turn|8","|","|move|p1a: Diancie|Explosion|p2a: Tentacruel","|-damage|p2a: Tentacruel|0 fnt","|faint|p1a: Diancie","|faint|p2a: Tentacruel","|","|-sideend|p1: Sableye is a Lord|Reflect","|","|switch|p1a: Sylveon|Sylveon, M|393/393","|switch|p2a: Amoonguss|Amoonguss, M, shiny|431/431","|-damage|p2a: Amoonguss|378/431|[from] Stealth Rock","|-status|p1a: Sylveon|tox","|turn|9","|","|move|p2a: Amoonguss|Gastro Acid|p1a: Sylveon","|-endability|p1a: Sylveon","|move|p1a: Sylveon|Psyshock|p2a: Amoonguss","|-supereffective|p2a: Amoonguss","|-damage|p2a: Amoonguss|0 fnt","|faint|p2a: Amoonguss","|","|-damage|p1a: Sylveon|369/393 tox|[from] psn","|-sideend|p1: Sableye is a Lord|move: Light Screen","|","|switch|p2a: Skuntank|Skuntank, F|409/409","|-damage|p2a: Skuntank|358/409|[from] Stealth Rock","|turn|10","|","|switch|p1a: Klefki|Klefki, F|278/317 brn","|move|p2a: Skuntank|Thief|p1a: Klefki","|-resisted|p1a: Klefki","|-damage|p1a: Klefki|243/317 brn","|-item|p2a: Skuntank|Light Clay|[from] move: Thief|[of] p1a: Klefki","|","|-damage|p1a: Klefki|204/317 brn|[from] brn","|turn|11","|","|move|p2a: Skuntank|Snatch|p2a: Skuntank","|-singleturn|p2a: Skuntank|Snatch","|move|p1a: Klefki|Reflect|p1a: Klefki","|-activate|p2a: Skuntank|Snatch|[of] p1a: Klefki","|move|p2a: Skuntank|Reflect|p2a: Skuntank|[from]Snatch","|-sidestart|p2: Guard Wanderer|Reflect","|","|-damage|p1a: Klefki|165/317 brn|[from] brn","|-fieldend|move: Trick Room","|turn|12","|","|move|p2a: Skuntank|Snatch|p2a: Skuntank","|-singleturn|p2a: Skuntank|Snatch","|move|p1a: Klefki|Foul Play|p2a: Skuntank","|-resisted|p2a: Skuntank","|-damage|p2a: Skuntank|341/409","|","|-damage|p1a: Klefki|126/317 brn|[from] brn","|turn|13","|","|move|p2a: Skuntank|Snatch|p2a: Skuntank","|-singleturn|p2a: Skuntank|Snatch","|move|p1a: Klefki|Spikes|p2a: Skuntank","|-sidestart|p2: Guard Wanderer|Spikes","|","|-damage|p1a: Klefki|87/317 brn|[from] brn","|turn|14","|","|move|p2a: Skuntank|Snatch|p2a: Skuntank","|-singleturn|p2a: Skuntank|Snatch","|move|p1a: Klefki|Foul Play|p2a: Skuntank","|-resisted|p2a: Skuntank","|-damage|p2a: Skuntank|324/409","|","|-damage|p1a: Klefki|48/317 brn|[from] brn","|turn|15","|","|move|p2a: Skuntank|Snatch|p2a: Skuntank","|-singleturn|p2a: Skuntank|Snatch","|move|p1a: Klefki|Spikes|p2a: Skuntank","|-sidestart|p2: Guard Wanderer|Spikes","|","|-damage|p1a: Klefki|9/317 brn|[from] brn","|turn|16","|","|move|p1a: Klefki|Reflect|p1a: Klefki","|-sidestart|p1: Sableye is a Lord|Reflect","|move|p2a: Skuntank|Thief|p1a: Klefki","|-resisted|p1a: Klefki","|-damage|p1a: Klefki|0 fnt","|faint|p1a: Klefki","|","|","|switch|p1a: Gardevoir|Gardevoir, M, shiny|339/339","|-status|p1a: Gardevoir|tox","|-ability|p1a: Gardevoir|Stench|[from] ability: Trace|[of] p2a: Skuntank","|turn|17","|","|detailschange|p1a: Gardevoir|Gardevoir-Mega, M, shiny","|-mega|p1a: Gardevoir|Gardevoir|Gardevoirite","|move|p2a: Skuntank|Poison Jab|p1a: Gardevoir","|-supereffective|p1a: Gardevoir","|-damage|p1a: Gardevoir|161/339 tox","|move|p1a: Gardevoir|Trick Room|p1a: Gardevoir","|-fieldstart|move: Trick Room|[of] p1a: Gardevoir","|","|-damage|p1a: Gardevoir|140/339 tox|[from] psn","|turn|18","|","|move|p2a: Skuntank|Sucker Punch|p1a: Gardevoir","|-damage|p1a: Gardevoir|53/339 tox","|move|p1a: Gardevoir|Hyper Voice|p2a: Skuntank","|-damage|p2a: Skuntank|0 fnt","|faint|p2a: Skuntank","|","|-damage|p1a: Gardevoir|11/339 tox|[from] psn","|-sideend|p2: Guard Wanderer|Reflect","|","|switch|p2a: Weezing|Weezing, F|333/333","|-damage|p2a: Weezing|292/333|[from] Stealth Rock","|turn|19","|","|move|p1a: Gardevoir|Healing Wish|p1a: Gardevoir","|faint|p1a: Gardevoir","|move|p2a: Weezing|Thief|p1: Gardevoir|[notarget]","|-notarget","|","|","|switch|p1a: Togekiss|Togekiss, M|273/311 brn","|-heal|p1a: Togekiss|311/311|[from] move: Healing Wish","|turn|20","|","|move|p2a: Weezing|Thief|p1a: Togekiss","|-resisted|p1a: Togekiss","|-damage|p1a: Togekiss|299/311","|move|p1a: Togekiss|Air Slash|p2a: Weezing","|-damage|p2a: Weezing|172/333","|","|-sideend|p1: Sableye is a Lord|Reflect","|turn|21","|","|switch|p2a: Crobat|Crobat, M|373/373","|-damage|p2a: Crobat|280/373|[from] Stealth Rock","|move|p1a: Togekiss|Air Slash|p2a: Crobat","|-damage|p2a: Crobat|127/373","|","|-fieldend|move: Trick Room","|turn|22","|","|move|p2a: Crobat|Hypnosis|p1a: Togekiss|[miss]","|-miss|p2a: Crobat|p1a: Togekiss","|move|p1a: Togekiss|Air Slash|p2a: Crobat","|-damage|p2a: Crobat|0 fnt","|faint|p2a: Crobat","|","|","|switch|p2a: Weezing|Weezing, F|172/333","|-damage|p2a: Weezing|131/333|[from] Stealth Rock","|turn|23","|","|move|p1a: Togekiss|Air Slash|p2a: Weezing","|-damage|p2a: Weezing|16/333","|move|p2a: Weezing|Will-O-Wisp|p1a: Togekiss","|-status|p1a: Togekiss|brn","|","|-damage|p1a: Togekiss|261/311 brn|[from] brn","|turn|24","|","|move|p1a: Togekiss|Air Slash|p2a: Weezing","|-damage|p2a: Weezing|0 fnt","|faint|p2a: Weezing","|","|-damage|p1a: Togekiss|223/311 brn|[from] brn","|","|switch|p2a: Gengar|Gengar, F|261/261","|-damage|p2a: Gengar|229/261|[from] Stealth Rock","|turn|25","|","|move|p2a: Gengar|Venoshock|p1a: Togekiss","|-crit|p1a: Togekiss","|-supereffective|p1a: Togekiss","|-damage|p1a: Togekiss|0 fnt","|faint|p1a: Togekiss","|","|","|switch|p1a: Sylveon|Sylveon, M|369/393 tox","|turn|26","|","|move|p2a: Gengar|Venoshock|p1a: Sylveon","|-supereffective|p1a: Sylveon","|-damage|p1a: Sylveon|0 fnt","|faint|p1a: Sylveon","|","|","|switch|p1a: Azumarill|Azumarill, M|403/403","|-status|p1a: Azumarill|tox","|turn|27","|","|move|p1a: Azumarill|Aqua Jet|p2a: Gengar","|-damage|p2a: Gengar|57/261","|-damage|p1a: Azumarill|363/403 tox|[from] item: Life Orb","|move|p2a: Gengar|Venoshock|p1a: Azumarill","|-supereffective|p1a: Azumarill","|-damage|p1a: Azumarill|0 fnt","|faint|p1a: Azumarill","|","|win|Guard Wanderer"],"p1rating":{"entryid":"271045","serverid":"eos","formatid":"monotype","userid":"sableyeisalord","username":"Sableye is a Lord","w":"2","l":2,"t":"0","gxe":49.9,"r":"1500","rd":"130","sigma":"0","rptime":"1440147600","rpr":1498.8275376731,"rprd":106.58774599145,"rpsigma":"0","acre":1035.3642983763,"lacre":1035.3642983763,"oldacre":"1049.3319083916"},"p2rating":{"entryid":"9966","serverid":"eos","formatid":"monotype","userid":"guardwanderer","username":"Guard Wanderer","w":7,"l":"4","t":"0","gxe":56.9,"r":"1524.6959176714","rd":"96.345686616013","sigma":"0","rptime":"1440147600","rpr":1553.4598533201,"rprd":85.926171265136,"rpsigma":"0","acre":1138.8437938709,"lacre":1138.8437938709,"oldacre":"1118.7751421536"},"endType":"normal"}