{"seed":[53120,24140,2215,45714],"turns":35,"p1":"SL Realms","p2":"Crystal Blade64","p1team":[{"name":"Lanturn","species":"Lanturn","item":"leftovers","ability":"Volt Absorb","moves":["healbell","scald","thunderwave","voltswitch"],"nature":"","evs":{"hp":40,"atk":0,"def":220,"spa":40,"spd":208,"spe":0},"ivs":{"hp":31,"atk":31,"def":31,"spa":31,"spd":31,"spe":31}},{"name":"Tentacruel","species":"Tentacruel","item":"blacksludge","ability":"Liquid Ooze","moves":["rapidspin","scald","sludgebomb","gigadrain"],"nature":"Bold","evs":{"hp":156,"atk":0,"def":252,"spa":68,"spd":32,"spe":0},"ivs":{"hp":31,"atk":31,"def":31,"spa":31,"spd":31,"spe":31}},{"name":"Gyarados","species":"Gyarados","item":"leftovers","ability":"Intimidate","moves":["dragondance","waterfall","substitute","bounce"],"nature":"Jolly","evs":{"hp":88,"atk":220,"def":4,"spa":0,"spd":0,"spe":196},"ivs":{"hp":31,"atk":31,"def":31,"spa":31,"spd":31,"spe":31}},{"name":"Swampert","species":"Swampert","item":"leftovers","ability":"Torrent","moves":["stealthrock","earthquake","roar","protect"],"nature":"Relaxed","evs":{"hp":240,"atk":16,"def":252,"spa":0,"spd":0,"spe":0},"ivs":{"hp":31,"atk":31,"def":31,"spa":31,"spd":31,"spe":31}},{"name":"~Keldeo~","species":"keldeoresolute","item":"choicescarf","ability":"Justified","moves":["secretsword","hydropump","icywind","hiddenpowerfire"],"nature":"Mild","evs":{"hp":0,"atk":4,"def":0,"spa":252,"spd":0,"spe":252},"ivs":{"hp":31,"atk":30,"def":31,"spa":30,"spd":31,"spe":30}},{"name":"2mu(h$w@g","species":"blastoise","item":"blastoisinite","ability":"Torrent","moves":["hydropump","darkpulse","blizzard","aurasphere"],"nature":"Modest","evs":{"hp":248,"atk":0,"def":0,"spa":252,"spd":8,"spe":0},"ivs":{"hp":31,"atk":31,"def":31,"spa":31,"spd":31,"spe":31}}],"p2team":[{"name":"Reckless","species":"staraptor","item":"leftovers","ability":"Intimidate","moves":["bravebird","roost","featherdance","defog"],"nature":"Impish","evs":{"hp":252,"atk":4,"def":252,"spa":0,"spd":0,"spe":0},"ivs":{"hp":31,"atk":31,"def":31,"spa":31,"spd":31,"spe":31}},{"name":"BetterThanYou","species":"ditto","item":"choicescarf","ability":"Imposter","moves":["transform"],"nature":"Bold","evs":{"hp":248,"atk":0,"def":252,"spa":0,"spd":8,"spe":0},"happiness":0,"ivs":{"hp":31,"atk":31,"def":31,"spa":31,"spd":31,"spe":31}},{"name":"Nurse Joy pls","species":"chansey","item":"eviolite","ability":"Natural Cure","moves":["aromatherapy","softboiled","thunderwave","seismictoss"],"nature":"Bold","evs":{"hp":248,"atk":0,"def":252,"spa":0,"spd":8,"spe":0},"ivs":{"hp":31,"atk":31,"def":31,"spa":31,"spd":31,"spe":31}},{"name":"EnergizerBunny","species":"lopunny","item":"lopunnite","ability":"Cute Charm","moves":["fakeout","highjumpkick","icepunch","frustration"],"nature":"Jolly","evs":{"hp":4,"atk":252,"def":0,"spa":0,"spd":0,"spe":252},"happiness":0,"ivs":{"hp":31,"atk":31,"def":31,"spa":31,"spd":31,"spe":31}},{"name":"DownloadFreeRAM","species":"porygon2","item":"eviolite","ability":"Trace","moves":["toxic","recover","icebeam","discharge"],"nature":"Bold","evs":{"hp":248,"atk":0,"def":252,"spa":8,"spd":0,"spe":0},"ivs":{"hp":31,"atk":31,"def":31,"spa":31,"spd":31,"spe":31}},{"name":"Diggersby tho","species":"diggersby","item":"choiceband","ability":"Huge Power","moves":["earthquake","quickattack","frustration","uturn"],"nature":"Adamant","evs":{"hp":4,"atk":252,"def":0,"spa":0,"spd":0,"spe":252},"happiness":0,"ivs":{"hp":31,"atk":31,"def":31,"spa":31,"spd":31,"spe":31}}],"log":["|player|p1|SL Realms|118","|player|p2|Crystal Blade64|165","|gametype|singles","|gen|6","|tier|Monotype","|rated","|rule|Baton Pass Clause: Limit one Baton Passer, can't pass Spe and other stats simultaneously","|rule|Swagger Clause: Swagger is banned","|rule|Same Type Clause: Pokémon in a team must share a type","|clearpoke","|poke|p1|Lanturn, M","|poke|p1|Tentacruel, F","|poke|p1|Gyarados, M","|poke|p1|Swampert, M","|poke|p1|Keldeo-Resolute","|poke|p1|Blastoise, F","|poke|p2|Staraptor, F","|poke|p2|Ditto","|poke|p2|Chansey, F","|poke|p2|Lopunny, M","|poke|p2|Porygon2","|poke|p2|Diggersby, F","|rule|Sleep Clause Mod: Limit one foe put to sleep","|rule|Species Clause: Limit one of each Pokémon","|rule|OHKO Clause: OHKO moves are banned","|rule|Moody Clause: Moody is banned","|rule|Evasion Moves Clause: Evasion moves are banned","|rule|Endless Battle Clause: Forcing endless battles is banned","|rule|HP Percentage Mod: HP is shown in percentages","|teampreview","|","|start","|switch|p1a: Swampert|Swampert, M|401/401","|switch|p2a: EnergizerBunny|Lopunny, M|272/272","|turn|1","|","|detailschange|p2a: EnergizerBunny|Lopunny-Mega, M","|-mega|p2a: EnergizerBunny|Lopunny|Lopunnite","|move|p1a: Swampert|Protect|p1a: Swampert","|-singleturn|p1a: Swampert|Protect","|move|p2a: EnergizerBunny|Fake Out|p1a: Swampert","|-activate|p1a: Swampert|Protect","|","|turn|2","|","|move|p2a: EnergizerBunny|High Jump Kick|p1a: Swampert","|-damage|p1a: Swampert|220/401","|move|p1a: Swampert|Stealth Rock|p2a: EnergizerBunny","|-sidestart|p2: Crystal Blade64|move: Stealth Rock","|","|-heal|p1a: Swampert|245/401|[from] item: Leftovers","|turn|3","|","|move|p1a: Swampert|Protect|p1a: Swampert","|-singleturn|p1a: Swampert|Protect","|move|p2a: EnergizerBunny|Frustration|p1a: Swampert","|-activate|p1a: Swampert|Protect","|","|-heal|p1a: Swampert|270/401|[from] item: Leftovers","|turn|4","|","|move|p2a: EnergizerBunny|High Jump Kick|p1a: Swampert|[miss]","|-miss|p2a: EnergizerBunny|p1a: Swampert","|-damage|p2a: EnergizerBunny|136/272|[from] highjumpkick","|move|p1a: Swampert|Roar|p2a: EnergizerBunny","|drag|p2a: Diggersby tho|Diggersby, F|312/312","|-damage|p2a: Diggersby tho|293/312|[from] Stealth Rock","|","|-heal|p1a: Swampert|295/401|[from] item: Leftovers","|turn|5","|","|move|p2a: Diggersby tho|Frustration|p1a: Swampert","|-damage|p1a: Swampert|34/401","|move|p1a: Swampert|Earthquake|p2a: Diggersby tho","|-damage|p2a: Diggersby tho|145/312","|","|-heal|p1a: Swampert|59/401|[from] item: Leftovers","|turn|6","|","|move|p1a: Swampert|Protect|p1a: Swampert","|-singleturn|p1a: Swampert|Protect","|move|p2a: Diggersby tho|Frustration|p1a: Swampert","|-activate|p1a: Swampert|Protect","|","|-heal|p1a: Swampert|84/401|[from] item: Leftovers","|turn|7","|","|move|p2a: Diggersby tho|Frustration|p1a: Swampert","|-damage|p1a: Swampert|0 fnt","|faint|p1a: Swampert","|","|","|switch|p1a: ~Keldeo~|Keldeo-Resolute|323/323","|turn|8","|","|switch|p2a: Nurse Joy pls|Chansey, F|703/703","|-damage|p2a: Nurse Joy pls|616/703|[from] Stealth Rock","|move|p1a: ~Keldeo~|Secret Sword|p2a: Nurse Joy pls","|-supereffective|p2a: Nurse Joy pls","|-damage|p2a: Nurse Joy pls|172/703","|","|turn|9","|","|move|p1a: ~Keldeo~|Secret Sword|p2a: Nurse Joy pls","|-supereffective|p2a: Nurse Joy pls","|-damage|p2a: Nurse Joy pls|0 fnt","|faint|p2a: Nurse Joy pls","|","|","|switch|p2a: Reckless|Staraptor, F|374/374","|-damage|p2a: Reckless|281/374|[from] Stealth Rock","|-ability|p2a: Reckless|Intimidate","|-unboost|p1a: ~Keldeo~|atk|1","|turn|10","|","|move|p1a: ~Keldeo~|Secret Sword|p2a: Reckless","|-damage|p2a: Reckless|131/374","|move|p2a: Reckless|Defog|p1a: ~Keldeo~","|-unboost|p1a: ~Keldeo~|evasion|1","|-sideend|p2: Crystal Blade64|Stealth Rock|[from] move: Defog|[of] p2a: Reckless","|","|-heal|p2a: Reckless|154/374|[from] item: Leftovers","|turn|11","|","|move|p1a: ~Keldeo~|Secret Sword|p2a: Reckless","|-crit|p2a: Reckless","|-damage|p2a: Reckless|0 fnt","|faint|p2a: Reckless","|","|","|switch|p2a: EnergizerBunny|Lopunny-Mega, M|136/272","|turn|12","|","|move|p2a: EnergizerBunny|Fake Out|p1a: ~Keldeo~","|-damage|p1a: ~Keldeo~|235/323","|cant|p1a: ~Keldeo~|flinch","|","|turn|13","|","|switch|p2a: DownloadFreeRAM|Porygon2|373/373","|-ability|p2a: DownloadFreeRAM|Justified|[from] ability: Trace|[of] p1a: ~Keldeo~","|move|p1a: ~Keldeo~|Secret Sword|p2a: DownloadFreeRAM","|-supereffective|p2a: DownloadFreeRAM","|-damage|p2a: DownloadFreeRAM|199/373","|","|turn|14","|","|move|p1a: ~Keldeo~|Secret Sword|p2a: DownloadFreeRAM","|-supereffective|p2a: DownloadFreeRAM","|-damage|p2a: DownloadFreeRAM|23/373","|move|p2a: DownloadFreeRAM|Discharge|p1a: ~Keldeo~","|-supereffective|p1a: ~Keldeo~","|-damage|p1a: ~Keldeo~|91/323","|-status|p1a: ~Keldeo~|par","|","|turn|15","|","|switch|p1a: Lanturn|Lanturn, M|401/401","|move|p2a: DownloadFreeRAM|Recover|p2a: DownloadFreeRAM","|-heal|p2a: DownloadFreeRAM|210/373","|","|turn|16","|","|move|p1a: Lanturn|Thunder Wave|p2a: DownloadFreeRAM","|-status|p2a: DownloadFreeRAM|par","|move|p2a: DownloadFreeRAM|Recover|p2a: DownloadFreeRAM","|-heal|p2a: DownloadFreeRAM|373/373 par","|","|turn|17","|","|move|p1a: Lanturn|Heal Bell|p1a: Lanturn","|-cureteam|p1a: Lanturn|[from] move: HealBell","|move|p2a: DownloadFreeRAM|Toxic|p1a: Lanturn","|-status|p1a: Lanturn|tox","|","|-damage|p1a: Lanturn|376/401 tox|[from] psn","|turn|18","|","|switch|p2a: Diggersby tho|Diggersby, F|145/312","|move|p1a: Lanturn|Heal Bell|p1a: Lanturn","|-cureteam|p1a: Lanturn|[from] move: HealBell","|","|-heal|p1a: Lanturn|401/401|[from] item: Leftovers","|turn|19","|","|move|p2a: Diggersby tho|Frustration|p1a: Lanturn","|-damage|p1a: Lanturn|0 fnt","|faint|p1a: Lanturn","|","|","|switch|p1a: ~Keldeo~|Keldeo-Resolute|91/323","|turn|20","|","|switch|p2a: DownloadFreeRAM|Porygon2|373/373 par","|-ability|p2a: DownloadFreeRAM|Justified|[from] ability: Trace|[of] p1a: ~Keldeo~","|move|p1a: ~Keldeo~|Secret Sword|p2a: DownloadFreeRAM","|-supereffective|p2a: DownloadFreeRAM","|-damage|p2a: DownloadFreeRAM|209/373 par","|","|turn|21","|","|move|p1a: ~Keldeo~|Secret Sword|p2a: DownloadFreeRAM","|-supereffective|p2a: DownloadFreeRAM","|-damage|p2a: DownloadFreeRAM|29/373 par","|cant|p2a: DownloadFreeRAM|par","|","|turn|22","|","|move|p1a: ~Keldeo~|Secret Sword|p2a: DownloadFreeRAM","|-supereffective|p2a: DownloadFreeRAM","|-damage|p2a: DownloadFreeRAM|0 fnt","|faint|p2a: DownloadFreeRAM","|","|","|switch|p2a: Diggersby tho|Diggersby, F|145/312","|turn|23","|","|move|p2a: Diggersby tho|Quick Attack|p1a: ~Keldeo~","|-damage|p1a: ~Keldeo~|0 fnt","|faint|p1a: ~Keldeo~","|","|","|switch|p1a: Tentacruel|Tentacruel, F|340/340","|turn|24","|","|switch|p2a: BetterThanYou|Ditto|299/299","|-transform|p2a: BetterThanYou|p1a: Tentacruel","|move|p1a: Tentacruel|Giga Drain|p2a: BetterThanYou","|-damage|p2a: BetterThanYou|257/299","|-damage|p1a: Tentacruel|319/340|[from] ability: Liquid Ooze|[of] p2a: BetterThanYou","|","|-heal|p1a: Tentacruel|340/340|[from] item: Black Sludge","|turn|25","|","|switch|p1a: Gyarados|Gyarados, M|353/353","|-ability|p1a: Gyarados|Intimidate","|-unboost|p2a: BetterThanYou|atk|1","|move|p2a: BetterThanYou|Scald|p1a: Gyarados","|-resisted|p1a: Gyarados","|-damage|p1a: Gyarados|313/353","|","|-heal|p1a: Gyarados|335/353|[from] item: Leftovers","|turn|26","|","|move|p2a: BetterThanYou|Scald|p1a: Gyarados","|-resisted|p1a: Gyarados","|-damage|p1a: Gyarados|292/353","|-status|p1a: Gyarados|brn","|move|p1a: Gyarados|Substitute|p1a: Gyarados","|-start|p1a: Gyarados|Substitute","|-damage|p1a: Gyarados|204/353 brn","|","|-heal|p1a: Gyarados|226/353 brn|[from] item: Leftovers","|-damage|p1a: Gyarados|182/353 brn|[from] brn","|turn|27","|","|switch|p1a: 2mu(h$w@g|Blastoise, F|361/361","|move|p2a: BetterThanYou|Scald|p1a: 2mu(h$w@g","|-crit|p1a: 2mu(h$w@g","|-resisted|p1a: 2mu(h$w@g","|-damage|p1a: 2mu(h$w@g|297/361","|","|turn|28","|","|detailschange|p1a: 2mu(h$w@g|Blastoise-Mega, F","|-mega|p1a: 2mu(h$w@g|Blastoise|Blastoisinite","|move|p2a: BetterThanYou|Scald|p1a: 2mu(h$w@g","|-resisted|p1a: 2mu(h$w@g","|-damage|p1a: 2mu(h$w@g|260/361","|-status|p1a: 2mu(h$w@g|brn","|move|p1a: 2mu(h$w@g|Dark Pulse|p2a: BetterThanYou","|-damage|p2a: BetterThanYou|121/299","|","|-damage|p1a: 2mu(h$w@g|215/361 brn|[from] brn","|turn|29","|","|switch|p2a: EnergizerBunny|Lopunny-Mega, M|136/272","|move|p1a: 2mu(h$w@g|Dark Pulse|p2a: EnergizerBunny","|-resisted|p2a: EnergizerBunny","|-damage|p2a: EnergizerBunny|58/272","|","|-damage|p1a: 2mu(h$w@g|170/361 brn|[from] brn","|turn|30","|","|switch|p1a: Gyarados|Gyarados, M|182/353 brn","|-ability|p1a: Gyarados|Intimidate","|-unboost|p2a: EnergizerBunny|atk|1","|move|p2a: EnergizerBunny|Fake Out|p1a: Gyarados","|-damage|p1a: Gyarados|125/353 brn","|","|-heal|p1a: Gyarados|147/353 brn|[from] item: Leftovers","|-damage|p1a: Gyarados|103/353 brn|[from] brn","|turn|31","|","|move|p2a: EnergizerBunny|Frustration|p1a: Gyarados","|-damage|p1a: Gyarados|0 fnt","|faint|p1a: Gyarados","|","|","|switch|p1a: Tentacruel|Tentacruel, F|340/340","|turn|32","|","|switch|p2a: BetterThanYou|Ditto|121/299","|-transform|p2a: BetterThanYou|p1a: Tentacruel","|move|p1a: Tentacruel|Giga Drain|p2a: BetterThanYou","|-damage|p2a: BetterThanYou|76/299","|-damage|p1a: Tentacruel|317/340|[from] ability: Liquid Ooze|[of] p2a: BetterThanYou","|","|-heal|p1a: Tentacruel|338/340|[from] item: Black Sludge","|turn|33","|","|switch|p2a: EnergizerBunny|Lopunny-Mega, M|58/272","|move|p1a: Tentacruel|Scald|p2a: EnergizerBunny","|-crit|p2a: EnergizerBunny","|-damage|p2a: EnergizerBunny|0 fnt","|faint|p2a: EnergizerBunny","|","|-heal|p1a: Tentacruel|340/340|[from] item: Black Sludge","|","|switch|p2a: Diggersby tho|Diggersby, F|145/312","|turn|34","|","|move|p2a: Diggersby tho|Earthquake|p1a: Tentacruel","|-supereffective|p1a: Tentacruel","|-damage|p1a: Tentacruel|0 fnt","|faint|p1a: Tentacruel","|","|","|switch|p1a: 2mu(h$w@g|Blastoise-Mega, F|170/361 brn","|turn|35","|","|move|p2a: Diggersby tho|Earthquake|p1a: 2mu(h$w@g","|-damage|p1a: 2mu(h$w@g|0 fnt","|faint|p1a: 2mu(h$w@g","|","|win|Crystal Blade64"],"p1rating":{"entryid":259244,"formatid":"monotype","userid":"slrealms","username":"SL Realms","r":1500,"rd":130,"sigma":0,"rpr":1465.7033058803,"rprd":122.72536403383,"rpsigma":0,"rptime":1440147600,"w":0,"l":1,"t":0,"gxe":45.7,"acre":1000,"lacre":1000,"oldacre":1000},"p2rating":{"entryid":"73557","serverid":"eos","formatid":"monotype","userid":"crystalblade64","username":"Crystal Blade64","w":8,"l":"2","t":"0","gxe":65.8,"r":"1560.8234906758","rd":"107.32790325938","sigma":"0","rptime":"1440147600","rpr":1626.7387928087,"rprd":87.52705236015,"rpsigma":"0","acre":1177.009931249,"lacre":1177.009931249,"oldacre":"1162.9445460917"},"endType":"normal"}