{"seed":[31166,56188,45037,41215],"turns":30,"p1":"Rain ☆ S.Herbs","p2":"Inferno Jit","p1team":[{"name":"Hippowdon","species":"Hippowdon","item":"leftovers","ability":"Sand Stream","moves":["earthquake","stealthrock","slackoff","toxic"],"nature":"Careful","evs":{"hp":252,"atk":4,"def":252,"spa":0,"spd":0,"spe":0},"shiny":true,"ivs":{"hp":31,"atk":31,"def":31,"spa":31,"spd":31,"spe":31}},{"name":"Landorus","species":"Landorus","item":"assaultvest","ability":"Sheer Force","moves":["sludgewave","earthpower","stoneedge","grassknot"],"nature":"Naive","evs":{"hp":0,"atk":4,"def":0,"spa":252,"spd":0,"spe":252},"shiny":true,"ivs":{"hp":31,"atk":31,"def":31,"spa":31,"spd":31,"spe":31}},{"name":"Gliscor","species":"Gliscor","item":"toxicorb","ability":"Poison Heal","moves":["swordsdance","earthquake","knockoff","poisonjab"],"nature":"Careful","evs":{"hp":244,"atk":0,"def":8,"spa":0,"spd":200,"spe":56},"shiny":true,"ivs":{"hp":31,"atk":31,"def":31,"spa":31,"spd":31,"spe":31}},{"name":"Garchomp","species":"Garchomp","item":"garchompite","ability":"Rough Skin","moves":["dracometeor","earthquake","flamethrower","ironhead"],"nature":"Naive","evs":{"hp":0,"atk":4,"def":0,"spa":252,"spd":0,"spe":252},"shiny":true,"ivs":{"hp":31,"atk":31,"def":31,"spa":31,"spd":31,"spe":31}},{"name":"Excadrill","species":"Excadrill","item":"airballoon","ability":"Sand Rush","moves":["earthquake","ironhead","rockslide","swordsdance"],"nature":"Adamant","evs":{"hp":248,"atk":0,"def":0,"spa":8,"spd":8,"spe":0},"shiny":true,"ivs":{"hp":31,"atk":31,"def":31,"spa":31,"spd":31,"spe":31}},{"name":"Quagsire","species":"Quagsire","item":"leftovers","ability":"Unaware","moves":["scald","recover","earthquake","toxic"],"nature":"Calm","evs":{"hp":252,"atk":0,"def":252,"spa":4,"spd":0,"spe":0},"ivs":{"hp":31,"atk":31,"def":31,"spa":31,"spd":31,"spe":31}}],"p2team":[{"name":"Jirachi","species":"Jirachi","item":"choicescarf","ability":"Serene Grace","moves":["bodyslam","ironhead","zenheadbutt","poweruppunch"],"nature":"Jolly","evs":{"hp":0,"atk":252,"def":0,"spa":0,"spd":4,"spe":252},"shiny":true,"ivs":{"hp":31,"atk":31,"def":31,"spa":31,"spd":31,"spe":31}},{"name":"Mew","species":"Mew","item":"leftovers","ability":"Synchronize","moves":["dazzlinggleam","calmmind","batonpass","roost"],"nature":"Bold","evs":{"hp":252,"atk":0,"def":252,"spa":4,"spd":0,"spe":0},"shiny":true,"ivs":{"hp":31,"atk":31,"def":31,"spa":31,"spd":31,"spe":31}},{"name":"Gardevoir","species":"Gardevoir","item":"gardevoirite","ability":"Synchronize","moves":["taunt","shadowball","hypervoice","thunderbolt"],"nature":"Modest","evs":{"hp":200,"atk":0,"def":0,"spa":252,"spd":8,"spe":48},"shiny":true,"ivs":{"hp":31,"atk":31,"def":31,"spa":31,"spd":31,"spe":31}},{"name":"Hoopa-Unbound","species":"Hoopa-Unbound","item":"lifeorb","ability":"Magician","moves":["focusblast","gunkshot","hyperspacefury","psychic"],"nature":"Hasty","evs":{"hp":0,"atk":4,"def":0,"spa":252,"spd":0,"spe":252},"ivs":{"hp":31,"atk":31,"def":31,"spa":31,"spd":31,"spe":31}},{"name":"Slowbro","species":"Slowbro","item":"leftovers","ability":"Oblivious","moves":["scald","rest","sleeptalk","calmmind"],"nature":"Modest","evs":{"hp":0,"atk":0,"def":4,"spa":252,"spd":0,"spe":0},"shiny":true,"ivs":{"hp":31,"atk":31,"def":31,"spa":31,"spd":31,"spe":31}},{"name":"Victini","species":"Victini","item":"lifeorb","ability":"Victory Star","moves":["vcreate","flamecharge","poweruppunch","quickattack"],"nature":"Jolly","evs":{"hp":0,"atk":252,"def":0,"spa":0,"spd":4,"spe":252},"ivs":{"hp":31,"atk":31,"def":31,"spa":31,"spd":31,"spe":31}}],"log":["|player|p1|Rain ☆ S.Herbs|154","|player|p2|Inferno Jit|250","|gametype|singles","|gen|6","|tier|Monotype","|rated","|rule|Baton Pass Clause: Limit one Baton Passer, can't pass Spe and other stats simultaneously","|rule|Swagger Clause: Swagger is banned","|rule|Same Type Clause: Pokémon in a team must share a type","|clearpoke","|poke|p1|Hippowdon, F, shiny","|poke|p1|Landorus, M, shiny","|poke|p1|Gliscor, F, shiny","|poke|p1|Garchomp, F, shiny","|poke|p1|Excadrill, F, shiny","|poke|p1|Quagsire, F","|poke|p2|Jirachi, shiny","|poke|p2|Mew, shiny","|poke|p2|Gardevoir, M, shiny","|poke|p2|Hoopa-Unbound","|poke|p2|Slowbro, M, shiny","|poke|p2|Victini","|rule|Sleep Clause Mod: Limit one foe put to sleep","|rule|Species Clause: Limit one of each Pokémon","|rule|OHKO Clause: OHKO moves are banned","|rule|Moody Clause: Moody is banned","|rule|Evasion Moves Clause: Evasion moves are banned","|rule|Endless Battle Clause: Forcing endless battles is banned","|rule|HP Percentage Mod: HP is shown in percentages","|teampreview","|","|start","|switch|p1a: Hippowdon|Hippowdon, F, shiny|420/420","|switch|p2a: Gardevoir|Gardevoir, M, shiny|327/327","|-weather|Sandstorm","|turn|1","|","|detailschange|p2a: Gardevoir|Gardevoir-Mega, M, shiny","|-mega|p2a: Gardevoir|Gardevoir|Gardevoirite","|move|p2a: Gardevoir|Shadow Ball|p1a: Hippowdon","|-damage|p1a: Hippowdon|279/420","|move|p1a: Hippowdon|Toxic|p2a: Gardevoir","|-status|p2a: Gardevoir|tox","|","|-weather|Sandstorm|[upkeep]","|-damage|p2a: Gardevoir|307/327 tox|[from] sandstorm","|-heal|p1a: Hippowdon|305/420|[from] item: Leftovers","|-damage|p2a: Gardevoir|287/327 tox|[from] psn","|turn|2","|","|switch|p1a: Gliscor|Gliscor, F, shiny|352/352","|move|p2a: Gardevoir|Hyper Voice|p1a: Gliscor","|-damage|p1a: Gliscor|102/352","|","|-weather|Sandstorm|[upkeep]","|-damage|p2a: Gardevoir|267/327 tox|[from] sandstorm","|-damage|p2a: Gardevoir|227/327 tox|[from] psn","|-status|p1a: Gliscor|tox|[from] item: Toxic Orb","|turn|3","|","|switch|p1a: Excadrill|Excadrill, F, shiny|423/423","|-item|p1a: Excadrill|Air Balloon","|move|p2a: Gardevoir|Hyper Voice|p1a: Excadrill","|-resisted|p1a: Excadrill","|-damage|p1a: Excadrill|228/423","|-enditem|p1a: Excadrill|Air Balloon","|","|-weather|Sandstorm|[upkeep]","|-damage|p2a: Gardevoir|207/327 tox|[from] sandstorm","|-damage|p2a: Gardevoir|147/327 tox|[from] psn","|turn|4","|","|move|p1a: Excadrill|Earthquake|p2a: Gardevoir","|-damage|p2a: Gardevoir|0 fnt","|faint|p2a: Gardevoir","|","|-weather|Sandstorm|[upkeep]","|","|switch|p2a: Victini|Victini|341/341","|turn|5","|","|move|p1a: Excadrill|Earthquake|p2a: Victini","|-supereffective|p2a: Victini","|-damage|p2a: Victini|21/341","|move|p2a: Victini|Flame Charge|p1a: Excadrill","|-supereffective|p1a: Excadrill","|-damage|p1a: Excadrill|0 fnt","|-boost|p2a: Victini|spe|1","|-damage|p2a: Victini|0 fnt|[from] item: Life Orb","|faint|p1a: Excadrill","|faint|p2a: Victini","|","|-weather|none","|","|switch|p2a: Jirachi|Jirachi, shiny|341/341","|switch|p1a: Hippowdon|Hippowdon, F, shiny|305/420","|-weather|Sandstorm","|turn|6","|","|move|p2a: Jirachi|Iron Head|p1a: Hippowdon","|-damage|p1a: Hippowdon|226/420","|move|p1a: Hippowdon|Stealth Rock|p2a: Jirachi","|-sidestart|p2: Inferno Jit|move: Stealth Rock","|","|-weather|Sandstorm|[upkeep]","|-heal|p1a: Hippowdon|252/420|[from] item: Leftovers","|turn|7","|","|move|p2a: Jirachi|Iron Head|p1a: Hippowdon","|-damage|p1a: Hippowdon|167/420","|cant|p1a: Hippowdon|flinch","|","|-weather|Sandstorm|[upkeep]","|-heal|p1a: Hippowdon|193/420|[from] item: Leftovers","|turn|8","|","|switch|p1a: Quagsire|Quagsire, F|394/394","|move|p2a: Jirachi|Iron Head|p1a: Quagsire","|-resisted|p1a: Quagsire","|-damage|p1a: Quagsire|340/394","|","|-weather|Sandstorm|[upkeep]","|-heal|p1a: Quagsire|364/394|[from] item: Leftovers","|turn|9","|","|switch|p2a: Hoopa-Unbound|Hoopa-Unbound|301/301","|-damage|p2a: Hoopa-Unbound|264/301|[from] Stealth Rock","|move|p1a: Quagsire|Scald|p2a: Hoopa-Unbound","|-damage|p2a: Hoopa-Unbound|215/301","|","|-weather|Sandstorm|[upkeep]","|-damage|p2a: Hoopa-Unbound|197/301|[from] sandstorm","|-heal|p1a: Quagsire|388/394|[from] item: Leftovers","|turn|10","|","|move|p2a: Hoopa-Unbound|Hyperspace Fury|p1a: Quagsire","|-damage|p1a: Quagsire|201/394","|-unboost|p2a: Hoopa-Unbound|def|1","|-damage|p2a: Hoopa-Unbound|167/301|[from] item: Life Orb","|move|p1a: Quagsire|Toxic|p2a: Hoopa-Unbound","|-status|p2a: Hoopa-Unbound|tox","|","|-weather|none","|-heal|p1a: Quagsire|225/394|[from] item: Leftovers","|-damage|p2a: Hoopa-Unbound|149/301 tox|[from] psn","|turn|11","|","|switch|p1a: Hippowdon|Hippowdon, F, shiny|193/420","|-weather|Sandstorm","|move|p2a: Hoopa-Unbound|Psychic|p1a: Hippowdon","|-damage|p1a: Hippowdon|0 fnt","|-damage|p2a: Hoopa-Unbound|119/301 tox|[from] item: Life Orb","|faint|p1a: Hippowdon","|","|-weather|Sandstorm|[upkeep]","|-damage|p2a: Hoopa-Unbound|101/301 tox|[from] sandstorm","|-damage|p2a: Hoopa-Unbound|65/301 tox|[from] psn","|","|switch|p1a: Landorus|Landorus, M, shiny|319/319","|turn|12","|","|move|p1a: Landorus|Earth Power|p2a: Hoopa-Unbound","|-damage|p2a: Hoopa-Unbound|0 fnt","|faint|p2a: Hoopa-Unbound","|","|-weather|Sandstorm|[upkeep]","|","|switch|p2a: Slowbro|Slowbro, M, shiny|331/331","|-damage|p2a: Slowbro|290/331|[from] Stealth Rock","|turn|13","|","|move|p1a: Landorus|Grass Knot|p2a: Slowbro","|-supereffective|p2a: Slowbro","|-damage|p2a: Slowbro|72/331","|move|p2a: Slowbro|Scald|p1a: Landorus","|-supereffective|p1a: Landorus","|-damage|p1a: Landorus|83/319","|","|-weather|Sandstorm|[upkeep]","|-damage|p2a: Slowbro|52/331|[from] sandstorm","|-heal|p2a: Slowbro|72/331|[from] item: Leftovers","|turn|14","|","|move|p1a: Landorus|Earth Power|p2a: Slowbro","|-damage|p2a: Slowbro|0 fnt","|faint|p2a: Slowbro","|","|-weather|Sandstorm|[upkeep]","|","|switch|p2a: Mew|Mew, shiny|404/404","|-damage|p2a: Mew|354/404|[from] Stealth Rock","|turn|15","|","|switch|p1a: Quagsire|Quagsire, F|225/394","|move|p2a: Mew|Dazzling Gleam|p1a: Quagsire","|-damage|p1a: Quagsire|148/394","|","|-weather|none","|-heal|p2a: Mew|379/404|[from] item: Leftovers","|-heal|p1a: Quagsire|172/394|[from] item: Leftovers","|turn|16","|","|move|p2a: Mew|Calm Mind|p2a: Mew","|-boost|p2a: Mew|spa|1","|-boost|p2a: Mew|spd|1","|move|p1a: Quagsire|Recover|p1a: Quagsire","|-heal|p1a: Quagsire|369/394","|","|-heal|p2a: Mew|404/404|[from] item: Leftovers","|-heal|p1a: Quagsire|393/394|[from] item: Leftovers","|turn|17","|","|move|p2a: Mew|Calm Mind|p2a: Mew","|-boost|p2a: Mew|spa|1","|-boost|p2a: Mew|spd|1","|move|p1a: Quagsire|Toxic|p2a: Mew","|-status|p2a: Mew|tox","|-status|p1a: Quagsire|tox","|","|-heal|p1a: Quagsire|394/394 tox|[from] item: Leftovers","|-damage|p2a: Mew|379/404 tox|[from] psn","|-damage|p1a: Quagsire|370/394 tox|[from] psn","|turn|18","|","|move|p2a: Mew|Calm Mind|p2a: Mew","|-boost|p2a: Mew|spa|1","|-boost|p2a: Mew|spd|1","|move|p1a: Quagsire|Earthquake|p2a: Mew","|-damage|p2a: Mew|313/404 tox","|","|-heal|p2a: Mew|338/404 tox|[from] item: Leftovers","|-heal|p1a: Quagsire|394/394 tox|[from] item: Leftovers","|-damage|p2a: Mew|288/404 tox|[from] psn","|-damage|p1a: Quagsire|346/394 tox|[from] psn","|turn|19","|","|move|p2a: Mew|Calm Mind|p2a: Mew","|-boost|p2a: Mew|spa|1","|-boost|p2a: Mew|spd|1","|move|p1a: Quagsire|Earthquake|p2a: Mew","|-damage|p2a: Mew|222/404 tox","|","|-heal|p2a: Mew|247/404 tox|[from] item: Leftovers","|-heal|p1a: Quagsire|370/394 tox|[from] item: Leftovers","|-damage|p2a: Mew|172/404 tox|[from] psn","|-damage|p1a: Quagsire|298/394 tox|[from] psn","|turn|20","|","|move|p2a: Mew|Roost|p2a: Mew","|-heal|p2a: Mew|374/404 tox","|move|p1a: Quagsire|Earthquake|p2a: Mew","|-damage|p2a: Mew|311/404 tox","|","|-heal|p2a: Mew|336/404 tox|[from] item: Leftovers","|-heal|p1a: Quagsire|322/394 tox|[from] item: Leftovers","|-damage|p2a: Mew|236/404 tox|[from] psn","|-damage|p1a: Quagsire|226/394 tox|[from] psn","|turn|21","|","|move|p2a: Mew|Calm Mind|p2a: Mew","|-boost|p2a: Mew|spa|1","|-boost|p2a: Mew|spd|1","|move|p1a: Quagsire|Recover|p1a: Quagsire","|-heal|p1a: Quagsire|394/394 tox","|","|-heal|p2a: Mew|261/404 tox|[from] item: Leftovers","|-damage|p2a: Mew|136/404 tox|[from] psn","|-damage|p1a: Quagsire|274/394 tox|[from] psn","|turn|22","|","|move|p2a: Mew|Roost|p2a: Mew","|-heal|p2a: Mew|338/404 tox","|move|p1a: Quagsire|Recover|p1a: Quagsire","|-heal|p1a: Quagsire|394/394 tox","|","|-heal|p2a: Mew|363/404 tox|[from] item: Leftovers","|-damage|p2a: Mew|213/404 tox|[from] psn","|-damage|p1a: Quagsire|250/394 tox|[from] psn","|turn|23","|","|move|p2a: Mew|Roost|p2a: Mew","|-heal|p2a: Mew|404/404 tox","|move|p1a: Quagsire|Recover|p1a: Quagsire","|-heal|p1a: Quagsire|394/394 tox","|","|-damage|p2a: Mew|229/404 tox|[from] psn","|-damage|p1a: Quagsire|226/394 tox|[from] psn","|turn|24","|","|move|p2a: Mew|Dazzling Gleam|p1a: Quagsire","|-damage|p1a: Quagsire|149/394 tox","|move|p1a: Quagsire|Recover|p1a: Quagsire","|-heal|p1a: Quagsire|346/394 tox","|","|-heal|p2a: Mew|254/404 tox|[from] item: Leftovers","|-heal|p1a: Quagsire|370/394 tox|[from] item: Leftovers","|-damage|p2a: Mew|54/404 tox|[from] psn","|-damage|p1a: Quagsire|178/394 tox|[from] psn","|turn|25","|","|move|p2a: Mew|Roost|p2a: Mew","|-heal|p2a: Mew|256/404 tox","|move|p1a: Quagsire|Recover|p1a: Quagsire","|-heal|p1a: Quagsire|375/394 tox","|","|-heal|p2a: Mew|281/404 tox|[from] item: Leftovers","|-heal|p1a: Quagsire|394/394 tox|[from] item: Leftovers","|-damage|p2a: Mew|56/404 tox|[from] psn","|-damage|p1a: Quagsire|178/394 tox|[from] psn","|turn|26","|","|move|p2a: Mew|Roost|p2a: Mew","|-heal|p2a: Mew|258/404 tox","|move|p1a: Quagsire|Recover|p1a: Quagsire","|-heal|p1a: Quagsire|375/394 tox","|","|-heal|p2a: Mew|283/404 tox|[from] item: Leftovers","|-heal|p1a: Quagsire|394/394 tox|[from] item: Leftovers","|-damage|p2a: Mew|33/404 tox|[from] psn","|-damage|p1a: Quagsire|154/394 tox|[from] psn","|turn|27","|","|move|p2a: Mew|Dazzling Gleam|p1a: Quagsire","|-damage|p1a: Quagsire|79/394 tox","|move|p1a: Quagsire|Recover|p1a: Quagsire","|-heal|p1a: Quagsire|276/394 tox","|","|-heal|p2a: Mew|58/404 tox|[from] item: Leftovers","|-heal|p1a: Quagsire|300/394 tox|[from] item: Leftovers","|-damage|p2a: Mew|0 fnt|[from] psn","|-damage|p1a: Quagsire|36/394 tox|[from] psn","|faint|p2a: Mew","|","|switch|p2a: Jirachi|Jirachi, shiny|341/341","|-damage|p2a: Jirachi|320/341|[from] Stealth Rock","|turn|28","|","|switch|p1a: Landorus|Landorus, M, shiny|83/319","|move|p2a: Jirachi|Body Slam|p1a: Landorus","|-damage|p1a: Landorus|0 fnt","|faint|p1a: Landorus","|","|","|switch|p1a: Garchomp|Garchomp, F, shiny|357/357","|turn|29","|","|detailschange|p1a: Garchomp|Garchomp-Mega, F, shiny","|-mega|p1a: Garchomp|Garchomp|Garchompite","|move|p2a: Jirachi|Body Slam|p1a: Garchomp","|-damage|p1a: Garchomp|278/357","|move|p1a: Garchomp|Flamethrower|p2a: Jirachi","|-supereffective|p2a: Jirachi","|-damage|p2a: Jirachi|112/341","|","|turn|30","|","|move|p2a: Jirachi|Body Slam|p1a: Garchomp","|-damage|p1a: Garchomp|206/357","|-status|p1a: Garchomp|par","|move|p1a: Garchomp|Flamethrower|p2a: Jirachi","|-supereffective|p2a: Jirachi","|-damage|p2a: Jirachi|0 fnt","|faint|p2a: Jirachi","|","|win|Rain ☆ S.Herbs"],"p1rating":{"entryid":"61538","serverid":"eos","formatid":"monotype","userid":"rainsherbs","username":"Rain ☆ S.Herbs","w":8,"l":"8","t":"0","gxe":48.6,"r":"1489.5541430212","rd":"79.283288543185","sigma":"0","rptime":"1440061200","rpr":1488.86845094,"rprd":75.825840794119,"rpsigma":"0","acre":1061.2245845766,"lacre":1061.2245845766,"oldacre":"1028.3994027225"},"p2rating":{"entryid":"224575","serverid":"eos","formatid":"monotype","userid":"infernojit","username":"Inferno Jit","w":"0","l":2,"t":"0","gxe":41.2,"r":"1500","rd":"130","sigma":"0","rptime":"1440061200","rpr":1429.3724541019,"rprd":115.84666263488,"rpsigma":"0","acre":1000,"lacre":1000,"oldacre":"1000"},"endType":"normal"}