{"seed":[52382,23817,63606,63654],"turns":24,"p1":"TTIL-amb64","p2":"tboltrider","p1team":[{"name":"Absol","species":"Absol","item":"scopelens","ability":"Super Luck","moves":["nightslash","psychocut","stoneedge","playrough"],"nature":"Jolly","evs":{"hp":0,"atk":252,"def":0,"spa":0,"spd":4,"spe":252},"ivs":{"hp":31,"atk":31,"def":31,"spa":31,"spd":31,"spe":31}},{"name":"Sableye","species":"Sableye","item":"blacksludge","ability":"Prankster","moves":["trick","willowisp","shadowsneak","recover"],"nature":"Careful","evs":{"hp":252,"atk":4,"def":0,"spa":0,"spd":252,"spe":0},"ivs":{"hp":31,"atk":31,"def":31,"spa":31,"spd":31,"spe":31}},{"name":"Bisharp","species":"Bisharp","item":"focussash","ability":"Defiant","moves":["suckerpunch","ironhead","swordsdance","stealthrock"],"nature":"Jolly","evs":{"hp":0,"atk":252,"def":0,"spa":0,"spd":4,"spe":252},"ivs":{"hp":31,"atk":31,"def":31,"spa":31,"spd":31,"spe":31}},{"name":"Krookodile","species":"Krookodile","item":"choicescarf","ability":"Moxie","moves":["earthquake","aquatail","crunch","aerialace"],"nature":"Adamant","evs":{"hp":0,"atk":252,"def":0,"spa":0,"spd":4,"spe":252},"ivs":{"hp":31,"atk":31,"def":31,"spa":31,"spd":31,"spe":31}},{"name":"Weavile","species":"Weavile","item":"focussash","ability":"Pickpocket","moves":["swordsdance","fakeout","iciclecrash","knockoff"],"nature":"Jolly","evs":{"hp":0,"atk":252,"def":0,"spa":0,"spd":4,"spe":252},"ivs":{"hp":31,"atk":31,"def":31,"spa":31,"spd":31,"spe":31}},{"name":"Drapion","species":"Drapion","item":"assaultvest","ability":"Battle Armor","moves":["earthquake","xscissor","poisonjab","firefang"],"nature":"Adamant","evs":{"hp":76,"atk":252,"def":176,"spa":0,"spd":4,"spe":0},"ivs":{"hp":31,"atk":31,"def":31,"spa":31,"spd":31,"spe":31}}],"p2team":[{"name":"Skarmory","species":"Skarmory","item":"rockyhelmet","ability":"Sturdy","moves":["roost","swordsdance","stealthrock","ironhead"],"nature":"Jolly","evs":{"hp":0,"atk":128,"def":0,"spa":0,"spd":248,"spe":132},"gender":"M","ivs":{"hp":31,"atk":31,"def":31,"spa":31,"spd":31,"spe":31}},{"name":"Togekiss","species":"Togekiss","item":"leftovers","ability":"Serene Grace","moves":["aurasphere","airslash","softboiled","thunderwave"],"nature":"Modest","evs":{"hp":0,"atk":0,"def":148,"spa":108,"spd":0,"spe":252},"gender":"F","ivs":{"hp":31,"atk":31,"def":31,"spa":31,"spd":31,"spe":31}},{"name":"Mandibuzz","species":"Mandibuzz","item":"leftovers","ability":"Overcoat","moves":["roost","defog","foulplay","taunt"],"nature":"Adamant","evs":{"hp":0,"atk":232,"def":0,"spa":0,"spd":156,"spe":120},"ivs":{"hp":31,"atk":31,"def":31,"spa":31,"spd":31,"spe":31}},{"name":"Gliscor","species":"Gliscor","item":"toxicorb","ability":"Poison Heal","moves":["earthquake","swordsdance","roost","facade"],"nature":"Careful","evs":{"hp":244,"atk":0,"def":8,"spa":0,"spd":200,"spe":56},"ivs":{"hp":31,"atk":31,"def":31,"spa":31,"spd":31,"spe":31}},{"name":"Thundurus","species":"Thundurus","item":"lifeorb","ability":"Prankster","moves":["thunderwave","thunderbolt","sludgewave","focusblast"],"nature":"Timid","evs":{"hp":0,"atk":0,"def":4,"spa":252,"spd":0,"spe":252},"ivs":{"hp":31,"atk":31,"def":31,"spa":31,"spd":31,"spe":31}},{"name":"Pidgeot","species":"Pidgeot","item":"pidgeotite","ability":"Big Pecks","moves":["heatwave","uturn","roost","hurricane"],"nature":"Timid","evs":{"hp":0,"atk":0,"def":4,"spa":252,"spd":0,"spe":252},"ivs":{"hp":31,"atk":31,"def":31,"spa":31,"spd":31,"spe":31}}],"log":["|player|p1|TTIL-amb64|153","|player|p2|tboltrider|93","|gametype|singles","|gen|6","|tier|Monotype","|rated","|rule|Baton Pass Clause: Limit one Baton Passer, can't pass Spe and other stats simultaneously","|rule|Swagger Clause: Swagger is banned","|rule|Same Type Clause: Pokémon in a team must share a type","|clearpoke","|poke|p1|Absol, F","|poke|p1|Sableye, M","|poke|p1|Bisharp, M","|poke|p1|Krookodile, F","|poke|p1|Weavile, F","|poke|p1|Drapion, F","|poke|p2|Skarmory, M","|poke|p2|Togekiss, F","|poke|p2|Mandibuzz, F","|poke|p2|Gliscor, M","|poke|p2|Thundurus, M","|poke|p2|Pidgeot, F","|rule|Sleep Clause Mod: Limit one foe put to sleep","|rule|Species Clause: Limit one of each Pokémon","|rule|OHKO Clause: OHKO moves are banned","|rule|Moody Clause: Moody is banned","|rule|Evasion Moves Clause: Evasion moves are banned","|rule|Endless Battle Clause: Forcing endless battles is banned","|rule|HP Percentage Mod: HP is shown in percentages","|teampreview","|","|start","|switch|p1a: Sableye|Sableye, M|304/304","|switch|p2a: Togekiss|Togekiss, F|311/311","|turn|1","|","|move|p1a: Sableye|Trick|p2a: Togekiss","|-activate|p1a: Sableye|move: Trick|[of] p2a: Togekiss","|-item|p2a: Togekiss|Black Sludge|[from] move: Trick","|-item|p1a: Sableye|Leftovers|[from] move: Trick","|move|p2a: Togekiss|Air Slash|p1a: Sableye","|-damage|p1a: Sableye|193/304","|","|-damage|p2a: Togekiss|273/311|[from] item: Black Sludge","|-heal|p1a: Sableye|212/304|[from] item: Leftovers","|turn|2","|","|move|p1a: Sableye|Will-O-Wisp|p2a: Togekiss","|-status|p2a: Togekiss|brn","|move|p2a: Togekiss|Air Slash|p1a: Sableye","|-damage|p1a: Sableye|92/304","|","|-damage|p2a: Togekiss|235/311 brn|[from] item: Black Sludge","|-heal|p1a: Sableye|111/304|[from] item: Leftovers","|-damage|p2a: Togekiss|197/311 brn|[from] brn","|turn|3","|","|move|p1a: Sableye|Recover|p1a: Sableye","|-heal|p1a: Sableye|263/304","|move|p2a: Togekiss|Air Slash|p1a: Sableye","|-damage|p1a: Sableye|137/304","|","|-damage|p2a: Togekiss|159/311 brn|[from] item: Black Sludge","|-heal|p1a: Sableye|156/304|[from] item: Leftovers","|-damage|p2a: Togekiss|121/311 brn|[from] brn","|turn|4","|","|move|p1a: Sableye|Recover|p1a: Sableye","|-heal|p1a: Sableye|304/304","|move|p2a: Togekiss|Soft-Boiled|p2a: Togekiss","|-heal|p2a: Togekiss|277/311 brn","|","|-damage|p2a: Togekiss|239/311 brn|[from] item: Black Sludge","|-damage|p2a: Togekiss|201/311 brn|[from] brn","|turn|5","|","|move|p1a: Sableye|Shadow Sneak|p2a: Togekiss","|-damage|p2a: Togekiss|170/311 brn","|move|p2a: Togekiss|Thunder Wave|p1a: Sableye","|-status|p1a: Sableye|par","|","|-damage|p2a: Togekiss|132/311 brn|[from] item: Black Sludge","|-damage|p2a: Togekiss|94/311 brn|[from] brn","|turn|6","|","|cant|p1a: Sableye|par","|move|p2a: Togekiss|Soft-Boiled|p2a: Togekiss","|-heal|p2a: Togekiss|250/311 brn","|","|-damage|p2a: Togekiss|212/311 brn|[from] item: Black Sludge","|-damage|p2a: Togekiss|174/311 brn|[from] brn","|turn|7","|","|move|p1a: Sableye|Shadow Sneak|p2a: Togekiss","|-damage|p2a: Togekiss|137/311 brn","|move|p2a: Togekiss|Air Slash|p1a: Sableye","|-damage|p1a: Sableye|186/304 par","|","|-damage|p2a: Togekiss|99/311 brn|[from] item: Black Sludge","|-heal|p1a: Sableye|205/304 par|[from] item: Leftovers","|-damage|p2a: Togekiss|61/311 brn|[from] brn","|turn|8","|","|cant|p1a: Sableye|par","|move|p2a: Togekiss|Air Slash|p1a: Sableye","|-damage|p1a: Sableye|84/304 par","|","|-damage|p2a: Togekiss|23/311 brn|[from] item: Black Sludge","|-heal|p1a: Sableye|103/304 par|[from] item: Leftovers","|-damage|p2a: Togekiss|0 fnt|[from] brn","|faint|p2a: Togekiss","|","|switch|p2a: Thundurus|Thundurus, M|299/299","|turn|9","|","|move|p1a: Sableye|Will-O-Wisp|p2a: Thundurus","|-status|p2a: Thundurus|brn","|move|p2a: Thundurus|Thunderbolt|p1a: Sableye","|-damage|p1a: Sableye|0 fnt","|-damage|p2a: Thundurus|270/299 brn|[from] item: Life Orb","|faint|p1a: Sableye","|","|-damage|p2a: Thundurus|233/299 brn|[from] brn","|","|switch|p1a: Weavile|Weavile, F|281/281","|turn|10","|","|move|p1a: Weavile|Fake Out|p2a: Thundurus","|-damage|p2a: Thundurus|175/299 brn","|cant|p2a: Thundurus|flinch","|","|-damage|p2a: Thundurus|138/299 brn|[from] brn","|turn|11","|","|switch|p1a: Krookodile|Krookodile, F|331/331","|move|p2a: Thundurus|Focus Blast|p1a: Krookodile","|-supereffective|p1a: Krookodile","|-damage|p1a: Krookodile|0 fnt","|-damage|p2a: Thundurus|109/299 brn|[from] item: Life Orb","|faint|p1a: Krookodile","|","|-damage|p2a: Thundurus|72/299 brn|[from] brn","|","|switch|p1a: Weavile|Weavile, F|281/281","|turn|12","|","|move|p1a: Weavile|Fake Out|p2a: Thundurus","|-damage|p2a: Thundurus|14/299 brn","|cant|p2a: Thundurus|flinch","|","|-damage|p2a: Thundurus|0 fnt|[from] brn","|faint|p2a: Thundurus","|","|switch|p2a: Skarmory|Skarmory, M|271/271","|turn|13","|","|move|p1a: Weavile|Knock Off|p2a: Skarmory","|-damage|p2a: Skarmory|141/271","|-damage|p1a: Weavile|235/281|[from] item: Rocky Helmet|[of] p2a: Skarmory","|-enditem|p2a: Skarmory|Rocky Helmet|[from] move: Knock Off|[of] p1a: Weavile","|move|p2a: Skarmory|Iron Head|p1a: Weavile","|-supereffective|p1a: Weavile","|-damage|p1a: Weavile|0 fnt","|faint|p1a: Weavile","|","|","|switch|p1a: Absol|Absol, F|271/271","|turn|14","|","|move|p1a: Absol|Night Slash|p2a: Skarmory","|-crit|p2a: Skarmory","|-damage|p2a: Skarmory|6/271","|move|p2a: Skarmory|Iron Head|p1a: Absol","|-damage|p1a: Absol|135/271","|","|turn|15","|","|switch|p2a: Mandibuzz|Mandibuzz, F|361/361","|move|p1a: Absol|Night Slash|p2a: Mandibuzz","|-crit|p2a: Mandibuzz","|-resisted|p2a: Mandibuzz","|-damage|p2a: Mandibuzz|268/361","|","|-heal|p2a: Mandibuzz|290/361|[from] item: Leftovers","|turn|16","|","|move|p1a: Absol|Stone Edge|p2a: Mandibuzz","|-crit|p2a: Mandibuzz","|-supereffective|p2a: Mandibuzz","|-damage|p2a: Mandibuzz|0 fnt","|faint|p2a: Mandibuzz","|","|","|switch|p2a: Pidgeot|Pidgeot, F|307/307","|turn|17","|","|detailschange|p2a: Pidgeot|Pidgeot-Mega, F","|-mega|p2a: Pidgeot|Pidgeot|Pidgeotite","|move|p2a: Pidgeot|U-turn|p1a: Absol","|-supereffective|p1a: Absol","|-damage|p1a: Absol|15/271","|","|switch|p2a: Gliscor|Gliscor, M|352/352","|move|p1a: Absol|Stone Edge|p2a: Gliscor","|-crit|p2a: Gliscor","|-damage|p2a: Gliscor|211/352","|","|-status|p2a: Gliscor|tox|[from] item: Toxic Orb","|turn|18","|","|move|p1a: Absol|Stone Edge|p2a: Gliscor","|-crit|p2a: Gliscor","|-damage|p2a: Gliscor|52/352 tox","|move|p2a: Gliscor|Earthquake|p1a: Absol","|-damage|p1a: Absol|0 fnt","|faint|p1a: Absol","|","|-heal|p2a: Gliscor|96/352 tox|[from] ability: Poison Heal","|","|switch|p1a: Drapion|Drapion, F|300/300","|turn|19","|","|move|p2a: Gliscor|Roost|p2a: Gliscor","|-heal|p2a: Gliscor|272/352 tox","|move|p1a: Drapion|Fire Fang|p2a: Gliscor","|-damage|p2a: Gliscor|218/352 tox","|","|-heal|p2a: Gliscor|262/352 tox|[from] ability: Poison Heal","|turn|20","|","|move|p2a: Gliscor|Earthquake|p1a: Drapion","|-supereffective|p1a: Drapion","|-damage|p1a: Drapion|108/300","|move|p1a: Drapion|Fire Fang|p2a: Gliscor","|-crit|p2a: Gliscor","|-damage|p2a: Gliscor|181/352 tox","|","|-heal|p2a: Gliscor|225/352 tox|[from] ability: Poison Heal","|turn|21","|","|move|p2a: Gliscor|Earthquake|p1a: Drapion","|-supereffective|p1a: Drapion","|-damage|p1a: Drapion|0 fnt","|faint|p1a: Drapion","|","|-heal|p2a: Gliscor|269/352 tox|[from] ability: Poison Heal","|","|switch|p1a: Bisharp|Bisharp, M|271/271","|turn|22","|","|move|p1a: Bisharp|Sucker Punch|p2a: Gliscor","|-damage|p2a: Gliscor|164/352 tox","|move|p2a: Gliscor|Earthquake|p1a: Bisharp","|-supereffective|p1a: Bisharp","|-damage|p1a: Bisharp|65/271","|","|-heal|p2a: Gliscor|208/352 tox|[from] ability: Poison Heal","|turn|23","|","|move|p1a: Bisharp|Sucker Punch|p2a: Gliscor","|-fail|p1a: Bisharp","|move|p2a: Gliscor|Roost|p2a: Gliscor","|-heal|p2a: Gliscor|352/352 tox","|","|turn|24","|","|move|p1a: Bisharp|Sucker Punch|p2a: Gliscor","|-damage|p2a: Gliscor|229/352 tox","|move|p2a: Gliscor|Earthquake|p1a: Bisharp","|-supereffective|p1a: Bisharp","|-damage|p1a: Bisharp|0 fnt","|faint|p1a: Bisharp","|","|win|tboltrider"],"p1rating":{"entryid":"274777","serverid":"eos","formatid":"monotype","userid":"ttilamb64","username":"TTIL-amb64","w":"0","l":2,"t":"0","gxe":40,"r":"1500","rd":"130","sigma":"0","rptime":"1440147600","rpr":1419.1490989448,"rprd":116.03280405213,"rpsigma":"0","acre":1000,"lacre":1000,"oldacre":"1000"},"p2rating":{"entryid":"11792","serverid":"eos","formatid":"monotype","userid":"tboltrider","username":"tboltrider","w":9,"l":"15","t":"0","gxe":40.6,"r":"1426.2157222511","rd":"68.382591090969","sigma":"0","rptime":"1440147600","rpr":1427.1754623103,"rprd":66.204510548229,"rpsigma":"0","acre":1040,"lacre":1040,"oldacre":"1000"},"endType":"normal"}