{"seed":[25183,41400,27173,43036],"turns":23,"p1":"Doctor Mental1st","p2":"Adviser♕Dooms","p1team":[{"name":"Jirachi","species":"Jirachi","item":"choicescarf","ability":"Serene Grace","moves":["ironhead","trick","healingwish","uturn"],"nature":"Jolly","evs":{"hp":0,"atk":252,"def":0,"spa":0,"spd":4,"spe":252},"ivs":{"hp":31,"atk":31,"def":31,"spa":31,"spd":31,"spe":31}},{"name":"Victini","species":"Victini","item":"choicescarf","ability":"Victory Star","moves":["vcreate","boltstrike","zenheadbutt","blueflare"],"nature":"Adamant","evs":{"hp":0,"atk":252,"def":0,"spa":0,"spd":4,"spe":252},"ivs":{"hp":31,"atk":31,"def":31,"spa":31,"spd":31,"spe":31}},{"name":"Mew","species":"Mew","item":"leftovers","ability":"Synchronize","moves":["roost","stealthrock","defog","willowisp"],"nature":"Calm","evs":{"hp":252,"atk":0,"def":4,"spa":0,"spd":144,"spe":108},"ivs":{"hp":31,"atk":31,"def":31,"spa":31,"spd":31,"spe":31}},{"name":"Gardevoir","species":"Gardevoir","item":"gardevoirite","ability":"Trace","moves":["hypervoice","psyshock","focusblast","substitute"],"nature":"Timid","evs":{"hp":0,"atk":0,"def":0,"spa":252,"spd":4,"spe":252},"shiny":true,"ivs":{"hp":31,"atk":31,"def":31,"spa":31,"spd":31,"spe":31}},{"name":"Meloetta","species":"Meloetta","item":"assaultvest","ability":"Serene Grace","moves":["focusblast","psyshock","energyball","shadowball"],"nature":"Modest","evs":{"hp":248,"atk":0,"def":0,"spa":252,"spd":8,"spe":0},"ivs":{"hp":31,"atk":31,"def":31,"spa":31,"spd":31,"spe":31}},{"name":"Slowbro","species":"Slowbro","item":"rockyhelmet","ability":"Regenerator","moves":["slackoff","scald","fireblast","thunderwave"],"nature":"Bold","evs":{"hp":248,"atk":0,"def":252,"spa":8,"spd":0,"spe":0},"ivs":{"hp":31,"atk":31,"def":31,"spa":31,"spd":31,"spe":31}}],"p2team":[{"name":"Ludicolo","species":"Ludicolo","item":"lifeorb","ability":"Swift Swim","moves":["gigadrain","scald","focusblast","icebeam"],"nature":"Modest","evs":{"hp":0,"atk":0,"def":0,"spa":252,"spd":4,"spe":252},"gender":"M","ivs":{"hp":31,"atk":0,"def":31,"spa":31,"spd":31,"spe":31},"shiny":true},{"name":"Swampert","species":"Swampert","item":"swampertite","ability":"Torrent","moves":["earthquake","waterfall","icepunch","raindance"],"nature":"Adamant","evs":{"hp":0,"atk":252,"def":0,"spa":0,"spd":4,"spe":252},"gender":"M","shiny":true,"ivs":{"hp":31,"atk":31,"def":31,"spa":31,"spd":31,"spe":31}},{"name":"Manaphy","species":"Manaphy","item":"leftovers","ability":"Hydration","moves":["tailglow","psychic","scald","icebeam"],"nature":"Timid","evs":{"hp":0,"atk":0,"def":0,"spa":252,"spd":4,"spe":252},"ivs":{"hp":31,"atk":0,"def":31,"spa":31,"spd":31,"spe":31},"shiny":true},{"name":"Gyarados","species":"Gyarados","item":"sitrusberry","ability":"Intimidate","moves":["dragondance","earthquake","icefang","ironhead"],"nature":"Jolly","evs":{"hp":12,"atk":76,"def":0,"spa":0,"spd":168,"spe":252},"gender":"M","shiny":true,"ivs":{"hp":31,"atk":31,"def":31,"spa":31,"spd":31,"spe":31}},{"name":"Keldeo","species":"Keldeo","item":"choicescarf","ability":"Justified","moves":["icywind","hydropump","secretsword","hiddenpowerfire"],"nature":"Timid","evs":{"hp":0,"atk":0,"def":0,"spa":252,"spd":0,"spe":252},"ivs":{"hp":31,"atk":30,"def":31,"spa":30,"spd":31,"spe":30}},{"name":"Slowbro","species":"Slowbro","item":"leftovers","ability":"Regenerator","moves":["psyshock","slackoff","thunderwave","foulplay"],"nature":"Bold","evs":{"hp":252,"atk":0,"def":252,"spa":4,"spd":0,"spe":0},"gender":"M","ivs":{"hp":31,"atk":0,"def":31,"spa":31,"spd":31,"spe":31},"shiny":true}],"log":["|player|p1|Doctor Mental1st|184","|player|p2|Adviser♕Dooms|154","|gametype|singles","|gen|6","|tier|Monotype","|rated","|rule|Baton Pass Clause: Limit one Baton Passer, can't pass Spe and other stats simultaneously","|rule|Swagger Clause: Swagger is banned","|rule|Same Type Clause: Pokémon in a team must share a type","|clearpoke","|poke|p1|Jirachi","|poke|p1|Victini","|poke|p1|Mew","|poke|p1|Gardevoir, F, shiny","|poke|p1|Meloetta","|poke|p1|Slowbro, F","|poke|p2|Ludicolo, M, shiny","|poke|p2|Swampert, M, shiny","|poke|p2|Manaphy, shiny","|poke|p2|Gyarados, M, shiny","|poke|p2|Keldeo","|poke|p2|Slowbro, M, shiny","|rule|Sleep Clause Mod: Limit one foe put to sleep","|rule|Species Clause: Limit one of each Pokémon","|rule|OHKO Clause: OHKO moves are banned","|rule|Moody Clause: Moody is banned","|rule|Evasion Moves Clause: Evasion moves are banned","|rule|Endless Battle Clause: Forcing endless battles is banned","|rule|HP Percentage Mod: HP is shown in percentages","|teampreview","|","|start","|switch|p1a: Mew|Mew|404/404","|switch|p2a: Swampert|Swampert, M, shiny|341/341","|turn|1","|","|detailschange|p2a: Swampert|Swampert-Mega, M, shiny","|-mega|p2a: Swampert|Swampert|Swampertite","|move|p1a: Mew|Stealth Rock|p2a: Swampert","|-sidestart|p2: Adviser♕Dooms|move: Stealth Rock","|move|p2a: Swampert|Rain Dance|p2a: Swampert","|-weather|RainDance","|","|-weather|RainDance|[upkeep]","|turn|2","|","|move|p2a: Swampert|Waterfall|p1a: Mew","|-damage|p1a: Mew|166/404","|move|p1a: Mew|Will-O-Wisp|p2a: Swampert","|-status|p2a: Swampert|brn","|","|-weather|RainDance|[upkeep]","|-heal|p1a: Mew|191/404|[from] item: Leftovers","|-damage|p2a: Swampert|299/341 brn|[from] brn","|turn|3","|","|move|p2a: Swampert|Waterfall|p1a: Mew","|-damage|p1a: Mew|58/404","|move|p1a: Mew|Roost|p1a: Mew","|-heal|p1a: Mew|260/404","|","|-weather|RainDance|[upkeep]","|-heal|p1a: Mew|285/404|[from] item: Leftovers","|-damage|p2a: Swampert|257/341 brn|[from] brn","|turn|4","|","|switch|p2a: Manaphy|Manaphy, shiny|341/341","|-damage|p2a: Manaphy|299/341|[from] Stealth Rock","|move|p1a: Mew|Roost|p1a: Mew","|-heal|p1a: Mew|404/404","|","|-weather|RainDance|[upkeep]","|-heal|p2a: Manaphy|320/341|[from] item: Leftovers","|turn|5","|","|move|p2a: Manaphy|Tail Glow|p2a: Manaphy","|-boost|p2a: Manaphy|spa|3","|move|p1a: Mew|Will-O-Wisp|p2a: Manaphy","|-status|p2a: Manaphy|brn","|","|-weather|none","|-heal|p2a: Manaphy|341/341 brn|[from] item: Leftovers","|-damage|p2a: Manaphy|299/341 brn|[from] brn","|turn|6","|","|move|p2a: Manaphy|Scald|p1a: Mew","|-damage|p1a: Mew|190/404","|move|p1a: Mew|Roost|p1a: Mew","|-heal|p1a: Mew|392/404","|","|-heal|p2a: Manaphy|320/341 brn|[from] item: Leftovers","|-heal|p1a: Mew|404/404|[from] item: Leftovers","|-damage|p2a: Manaphy|278/341 brn|[from] brn","|turn|7","|","|switch|p2a: Swampert|Swampert-Mega, M, shiny|257/341 brn","|-damage|p2a: Swampert|236/341 brn|[from] Stealth Rock","|move|p1a: Mew|Roost|p1a: Mew","|-fail|p1a: Mew","|","|-damage|p2a: Swampert|194/341 brn|[from] brn","|turn|8","|","|move|p1a: Mew|Roost|p1a: Mew","|-fail|p1a: Mew","|move|p2a: Swampert|Rain Dance|p2a: Swampert","|-weather|RainDance","|","|-weather|RainDance|[upkeep]","|-damage|p2a: Swampert|152/341 brn|[from] brn","|turn|9","|","|move|p2a: Swampert|Waterfall|p1a: Mew","|-damage|p1a: Mew|272/404","|cant|p1a: Mew|flinch","|","|-weather|RainDance|[upkeep]","|-heal|p1a: Mew|297/404|[from] item: Leftovers","|-damage|p2a: Swampert|110/341 brn|[from] brn","|turn|10","|","|switch|p2a: Manaphy|Manaphy, shiny|278/341 brn","|-damage|p2a: Manaphy|236/341 brn|[from] Stealth Rock","|move|p1a: Mew|Roost|p1a: Mew","|-heal|p1a: Mew|404/404","|","|-weather|RainDance|[upkeep]","|-curestatus|p2a: Manaphy|brn","|-heal|p2a: Manaphy|257/341|[from] item: Leftovers","|turn|11","|","|switch|p1a: Meloetta|Meloetta|403/403","|move|p2a: Manaphy|Tail Glow|p2a: Manaphy","|-boost|p2a: Manaphy|spa|3","|","|-weather|RainDance|[upkeep]","|-heal|p2a: Manaphy|278/341|[from] item: Leftovers","|turn|12","|","|move|p2a: Manaphy|Tail Glow|p2a: Manaphy","|-boost|p2a: Manaphy|spa|3","|move|p1a: Meloetta|Energy Ball|p2a: Manaphy","|-supereffective|p2a: Manaphy","|-damage|p2a: Manaphy|48/341","|","|-weather|none","|-heal|p2a: Manaphy|69/341|[from] item: Leftovers","|turn|13","|","|move|p2a: Manaphy|Scald|p1a: Meloetta","|-damage|p1a: Meloetta|153/403","|move|p1a: Meloetta|Energy Ball|p2a: Manaphy","|-supereffective|p2a: Manaphy","|-damage|p2a: Manaphy|0 fnt","|faint|p2a: Manaphy","|","|","|switch|p2a: Swampert|Swampert-Mega, M, shiny|110/341 brn","|-damage|p2a: Swampert|89/341 brn|[from] Stealth Rock","|turn|14","|","|move|p2a: Swampert|Rain Dance|p2a: Swampert","|-weather|RainDance","|move|p1a: Meloetta|Energy Ball|p2a: Swampert","|-supereffective|p2a: Swampert","|-damage|p2a: Swampert|0 fnt","|faint|p2a: Swampert","|","|-weather|RainDance|[upkeep]","|","|switch|p2a: Ludicolo|Ludicolo, M, shiny|301/301","|-damage|p2a: Ludicolo|264/301|[from] Stealth Rock","|turn|15","|","|switch|p1a: Jirachi|Jirachi|341/341","|move|p2a: Ludicolo|Scald|p1a: Jirachi","|-damage|p1a: Jirachi|106/341","|-status|p1a: Jirachi|brn","|-damage|p2a: Ludicolo|234/301|[from] item: Life Orb","|","|-weather|RainDance|[upkeep]","|-damage|p1a: Jirachi|64/341 brn|[from] brn","|turn|16","|","|move|p1a: Jirachi|Healing Wish|p1a: Jirachi","|faint|p1a: Jirachi","|move|p2a: Ludicolo|Scald|p1: Jirachi|[notarget]","|-notarget","|","|-weather|RainDance|[upkeep]","|","|switch|p1a: Meloetta|Meloetta|153/403","|-heal|p1a: Meloetta|403/403|[from] move: Healing Wish","|turn|17","|","|move|p2a: Ludicolo|Scald|p1a: Meloetta","|-damage|p1a: Meloetta|281/403","|-damage|p2a: Ludicolo|204/301|[from] item: Life Orb","|move|p1a: Meloetta|Psyshock|p2a: Ludicolo","|-damage|p2a: Ludicolo|0 fnt","|faint|p2a: Ludicolo","|","|-weather|RainDance|[upkeep]","|","|switch|p2a: Gyarados|Gyarados, M, shiny|334/334","|-damage|p2a: Gyarados|251/334|[from] Stealth Rock","|-ability|p2a: Gyarados|Intimidate","|-unboost|p1a: Meloetta|atk|1","|turn|18","|","|move|p2a: Gyarados|Dragon Dance|p2a: Gyarados","|-boost|p2a: Gyarados|atk|1","|-boost|p2a: Gyarados|spe|1","|move|p1a: Meloetta|Psyshock|p2a: Gyarados","|-damage|p2a: Gyarados|61/334","|-enditem|p2a: Gyarados|Sitrus Berry|[eat]","|-heal|p2a: Gyarados|144/334|[from] item: Sitrus Berry","|","|-weather|none","|turn|19","|","|move|p2a: Gyarados|Earthquake|p1a: Meloetta","|-damage|p1a: Meloetta|92/403","|move|p1a: Meloetta|Psyshock|p2a: Gyarados","|-crit|p2a: Gyarados","|-damage|p2a: Gyarados|0 fnt","|faint|p2a: Gyarados","|","|","|switch|p2a: Keldeo|Keldeo|323/323","|-damage|p2a: Keldeo|303/323|[from] Stealth Rock","|turn|20","|","|move|p2a: Keldeo|Secret Sword|p1a: Meloetta","|-damage|p1a: Meloetta|0 fnt","|faint|p1a: Meloetta","|","|","|switch|p1a: Gardevoir|Gardevoir, F, shiny|277/277","|-ability|p1a: Gardevoir|Justified|[from] ability: Trace|[of] p2a: Keldeo","|turn|21","|","|switch|p2a: Slowbro|Slowbro, M, shiny|394/394","|-damage|p2a: Slowbro|345/394|[from] Stealth Rock","|detailschange|p1a: Gardevoir|Gardevoir-Mega, F, shiny","|-mega|p1a: Gardevoir|Gardevoir|Gardevoirite","|move|p1a: Gardevoir|Hyper Voice|p2a: Slowbro","|-damage|p2a: Slowbro|53/394","|","|-heal|p2a: Slowbro|77/394|[from] item: Leftovers","|turn|22","|","|move|p1a: Gardevoir|Hyper Voice|p2a: Slowbro","|-damage|p2a: Slowbro|0 fnt","|faint|p2a: Slowbro","|","|","|switch|p2a: Keldeo|Keldeo|303/323","|-damage|p2a: Keldeo|283/323|[from] Stealth Rock","|turn|23","|","|move|p2a: Keldeo|Hydro Pump|p1a: Gardevoir","|-damage|p1a: Gardevoir|114/277","|move|p1a: Gardevoir|Hyper Voice|p2a: Keldeo","|-supereffective|p2a: Keldeo","|-damage|p2a: Keldeo|0 fnt","|faint|p2a: Keldeo","|","|win|Doctor Mental1st"],"p1rating":{"entryid":"188280","serverid":"eos","formatid":"monotype","userid":"doctormental1st","username":"Doctor Mental1st","w":5,"l":"2","t":"0","gxe":60.1,"r":"1490.7879692667","rd":"116.63580602451","sigma":"0","rptime":"1440147600","rpr":1579.7273292233,"rprd":95.701793625362,"rpsigma":"0","acre":1126.8335622061,"lacre":1126.8335622061,"oldacre":"1103.3519934141"},"p2rating":{"entryid":"117867","serverid":"eos","formatid":"monotype","userid":"adviserdooms","username":"Adviser♕Dooms","w":"6","l":8,"t":"0","gxe":44.3,"r":"1490.2739272723","rd":"84.782441648642","sigma":"0","rptime":"1440147600","rpr":1455.8242875333,"rprd":80.718730467437,"rpsigma":"0","acre":1061.2466284252,"lacre":1061.2466284252,"oldacre":"1082.2237055282"},"endType":"normal"}