{"seed":[61934,59785,48989,36442],"turns":67,"p1":"Shining Yin","p2":"Doctor Vergi","p1team":[{"name":"Chansey","species":"Chansey","item":"eviolite","ability":"Natural Cure","moves":["thunderwave","softboiled","seismictoss","wish"],"nature":"Bold","evs":{"hp":0,"atk":0,"def":252,"spa":0,"spd":252,"spe":4},"ivs":{"hp":31,"atk":0,"def":31,"spa":31,"spd":31,"spe":31}},{"name":"Porygon2","species":"Porygon2","item":"eviolite","ability":"Trace","moves":["icebeam","discharge","recover","thunderwave"],"nature":"Calm","evs":{"hp":248,"atk":0,"def":204,"spa":0,"spd":56,"spe":0},"ivs":{"hp":31,"atk":0,"def":31,"spa":31,"spd":31,"spe":31}},{"name":"Pidgeot","species":"Pidgeot","item":"pidgeotite","ability":"Keen Eye","moves":["hurricane","heatwave","defog","roost"],"nature":"Timid","evs":{"hp":0,"atk":0,"def":0,"spa":252,"spd":4,"spe":252},"ivs":{"hp":31,"atk":0,"def":31,"spa":31,"spd":31,"spe":31}},{"name":"Staraptor","species":"Staraptor","item":"choicescarf","ability":"Reckless","moves":["bravebird","uturn","doubleedge","closecombat"],"nature":"Jolly","evs":{"hp":0,"atk":252,"def":0,"spa":0,"spd":4,"spe":252},"ivs":{"hp":31,"atk":31,"def":31,"spa":31,"spd":31,"spe":31}},{"name":"Diggersby","species":"Diggersby","item":"choiceband","ability":"Huge Power","moves":["return","earthquake","firepunch","quickattack"],"nature":"Jolly","evs":{"hp":0,"atk":252,"def":0,"spa":0,"spd":4,"spe":252},"ivs":{"hp":31,"atk":31,"def":31,"spa":31,"spd":31,"spe":31}},{"name":"Heliolisk","species":"Heliolisk","item":"lifeorb","ability":"Dry Skin","moves":["grassknot","voltswitch","surf","focusblast"],"nature":"Timid","evs":{"hp":0,"atk":0,"def":0,"spa":252,"spd":4,"spe":252},"ivs":{"hp":31,"atk":31,"def":31,"spa":31,"spd":31,"spe":31}}],"p2team":[{"name":"Agil","species":"mew","item":"leftovers","ability":"Synchronize","moves":["stealthrock","willowisp","roost","taunt"],"nature":"Bold","evs":{"hp":252,"atk":0,"def":224,"spa":0,"spd":0,"spe":32},"ivs":{"hp":31,"atk":31,"def":31,"spa":31,"spd":31,"spe":31}},{"name":"Kirito","species":"latias","item":"leftovers","ability":"Levitate","moves":["thunderwave","reflecttype","dragonpulse","roost"],"nature":"Bold","evs":{"hp":248,"atk":0,"def":68,"spa":0,"spd":0,"spe":192},"ivs":{"hp":31,"atk":31,"def":31,"spa":31,"spd":31,"spe":31}},{"name":"Sinon","species":"azelf","item":"choiceband","ability":"Levitate","moves":["uturn","zenheadbutt","explosion","knockoff"],"nature":"Jolly","evs":{"hp":0,"atk":252,"def":0,"spa":0,"spd":4,"spe":252},"ivs":{"hp":31,"atk":31,"def":31,"spa":31,"spd":31,"spe":31}},{"name":"Asuna","species":"gardevoir","item":"gardevoirite","ability":"Trace","moves":["hypervoice","willowisp","psyshock","focusblast"],"nature":"Modest","evs":{"hp":0,"atk":0,"def":24,"spa":232,"spd":0,"spe":252},"ivs":{"hp":31,"atk":31,"def":31,"spa":31,"spd":31,"spe":31}},{"name":"Lisbeth","species":"jirachi","item":"leftovers","ability":"Serene Grace","moves":["ironhead","wish","protect","toxic"],"nature":"Careful","evs":{"hp":252,"atk":0,"def":0,"spa":0,"spd":224,"spe":32},"ivs":{"hp":31,"atk":31,"def":31,"spa":31,"spd":31,"spe":31}},{"name":"Wobbuffet","species":"Wobbuffet","item":"custapberry","ability":"Shadow Tag","moves":["counter","mirrorcoat","encore","destinybond"],"nature":"Calm","evs":{"hp":80,"atk":0,"def":176,"spa":0,"spd":252,"spe":0},"ivs":{"hp":31,"atk":31,"def":31,"spa":31,"spd":31,"spe":31}}],"log":["|player|p1|Shining Yin|277","|player|p2|Doctor Vergi|doctorvergi.png","|gametype|singles","|gen|6","|tier|Monotype","|rated","|rule|Baton Pass Clause: Limit one Baton Passer, can't pass Spe and other stats simultaneously","|rule|Swagger Clause: Swagger is banned","|rule|Same Type Clause: Pokémon in a team must share a type","|clearpoke","|poke|p1|Chansey, F","|poke|p1|Porygon2","|poke|p1|Pidgeot, M","|poke|p1|Staraptor, M","|poke|p1|Diggersby, M","|poke|p1|Heliolisk, F","|poke|p2|Mew","|poke|p2|Latias, F","|poke|p2|Azelf","|poke|p2|Gardevoir, M","|poke|p2|Jirachi","|poke|p2|Wobbuffet, F","|rule|Sleep Clause Mod: Limit one foe put to sleep","|rule|Species Clause: Limit one of each Pokémon","|rule|OHKO Clause: OHKO moves are banned","|rule|Moody Clause: Moody is banned","|rule|Evasion Moves Clause: Evasion moves are banned","|rule|Endless Battle Clause: Forcing endless battles is banned","|rule|HP Percentage Mod: HP is shown in percentages","|teampreview","|","|start","|switch|p1a: Pidgeot|Pidgeot, M|307/307","|switch|p2a: Agil|Mew|404/404","|turn|1","|","|detailschange|p1a: Pidgeot|Pidgeot-Mega, M","|-mega|p1a: Pidgeot|Pidgeot|Pidgeotite","|move|p1a: Pidgeot|Hurricane|p2a: Agil","|-damage|p2a: Agil|185/404","|-start|p2a: Agil|confusion","|-activate|p2a: Agil|confusion","|-damage|p2a: Agil|163/404|[from] confusion","|","|-heal|p2a: Agil|188/404|[from] item: Leftovers","|turn|2","|","|switch|p2a: Lisbeth|Jirachi|404/404","|move|p1a: Pidgeot|Hurricane|p2a: Lisbeth","|-resisted|p2a: Lisbeth","|-damage|p2a: Lisbeth|326/404","|","|-heal|p2a: Lisbeth|351/404|[from] item: Leftovers","|turn|3","|","|switch|p1a: Heliolisk|Heliolisk, F|265/265","|switch|p2a: Kirito|Latias, F|363/363","|","|turn|4","|","|switch|p1a: Chansey|Chansey, F|641/641","|move|p2a: Kirito|Reflect Type|p1a: Chansey","|-start|p2a: Kirito|typechange|[from] move: Reflect Type|[of] p1a: Chansey","|","|turn|5","|","|switch|p1a: Porygon2|Porygon2|373/373","|-ability|p1a: Porygon2|Levitate|[from] ability: Trace|[of] p2a: Kirito","|move|p2a: Kirito|Thunder Wave|p1a: Porygon2","|-status|p1a: Porygon2|par","|","|turn|6","|","|switch|p2a: Lisbeth|Jirachi|351/404","|move|p1a: Porygon2|Thunder Wave|p2a: Lisbeth","|-status|p2a: Lisbeth|par","|","|-heal|p2a: Lisbeth|376/404 par|[from] item: Leftovers","|turn|7","|","|switch|p1a: Heliolisk|Heliolisk, F|265/265","|move|p2a: Lisbeth|Iron Head|p1a: Heliolisk","|-resisted|p1a: Heliolisk","|-damage|p1a: Heliolisk|188/265","|","|-heal|p2a: Lisbeth|401/404 par|[from] item: Leftovers","|turn|8","|","|move|p1a: Heliolisk|Volt Switch|p2a: Lisbeth","|-damage|p2a: Lisbeth|300/404 par","|-damage|p1a: Heliolisk|162/265|[from] item: Life Orb","|","|switch|p1a: Diggersby|Diggersby, M|311/311","|move|p2a: Lisbeth|Wish|p2a: Lisbeth","|","|-heal|p2a: Lisbeth|325/404 par|[from] item: Leftovers","|turn|9","|","|switch|p2a: Kirito|Latias, F|363/363","|move|p1a: Diggersby|Return|p2a: Kirito","|-damage|p2a: Kirito|44/363","|","|-heal|p2a: Kirito|246/363|[from] move: Wish|[wisher] Lisbeth","|-heal|p2a: Kirito|268/363|[from] item: Leftovers","|turn|10","|","|switch|p2a: Agil|Mew|188/404","|switch|p1a: Porygon2|Porygon2|373/373 par","|-ability|p1a: Porygon2|Synchronize|[from] ability: Trace|[of] p2a: Agil","|","|-heal|p2a: Agil|213/404|[from] item: Leftovers","|turn|11","|","|switch|p1a: Pidgeot|Pidgeot-Mega, M|307/307","|move|p2a: Agil|Taunt|p1a: Pidgeot","|-start|p1a: Pidgeot|move: Taunt","|","|-heal|p2a: Agil|238/404|[from] item: Leftovers","|turn|12","|","|switch|p2a: Kirito|Latias, F|268/363","|move|p1a: Pidgeot|Hurricane|p2a: Kirito","|-damage|p2a: Kirito|106/363","|-start|p2a: Kirito|confusion","|","|-heal|p2a: Kirito|128/363|[from] item: Leftovers","|turn|13","|","|move|p1a: Pidgeot|Hurricane|p2a: Kirito","|-damage|p2a: Kirito|0 fnt","|faint|p2a: Kirito","|","|-end|p1a: Pidgeot|move: Taunt","|","|switch|p2a: Wobbuffet|Wobbuffet, F|541/541","|turn|14","|","|move|p1a: Pidgeot|Heat Wave|p2a: Wobbuffet","|-damage|p2a: Wobbuffet|422/541","|-status|p2a: Wobbuffet|brn","|move|p2a: Wobbuffet|Mirror Coat|p1a: Pidgeot","|-damage|p1a: Pidgeot|69/307","|","|-damage|p2a: Wobbuffet|355/541 brn|[from] brn","|turn|15","|","|move|p1a: Pidgeot|Roost|p1a: Pidgeot","|-heal|p1a: Pidgeot|223/307","|move|p2a: Wobbuffet|Mirror Coat|p1a: Pidgeot","|-fail|p1a: Pidgeot","|","|-damage|p2a: Wobbuffet|288/541 brn|[from] brn","|turn|16","|","|move|p1a: Pidgeot|Roost|p1a: Pidgeot","|-heal|p1a: Pidgeot|307/307","|move|p2a: Wobbuffet|Encore|p1a: Pidgeot","|-start|p1a: Pidgeot|Encore","|","|-damage|p2a: Wobbuffet|221/541 brn|[from] brn","|turn|17","|","|switch|p2a: Agil|Mew|238/404","|move|p1a: Pidgeot|Roost|p1a: Pidgeot","|-fail|p1a: Pidgeot","|","|-heal|p2a: Agil|263/404|[from] item: Leftovers","|turn|18","|","|switch|p1a: Heliolisk|Heliolisk, F|162/265","|move|p2a: Agil|Stealth Rock|p1a: Heliolisk","|-sidestart|p1: Shining Yin|move: Stealth Rock","|","|-heal|p2a: Agil|288/404|[from] item: Leftovers","|turn|19","|","|switch|p2a: Lisbeth|Jirachi|325/404 par","|move|p1a: Heliolisk|Volt Switch|p2a: Lisbeth","|-damage|p2a: Lisbeth|212/404 par","|-damage|p1a: Heliolisk|136/265|[from] item: Life Orb","|","|switch|p1a: Pidgeot|Pidgeot-Mega, M|307/307","|-damage|p1a: Pidgeot|231/307|[from] Stealth Rock","|","|-heal|p2a: Lisbeth|237/404 par|[from] item: Leftovers","|turn|20","|","|move|p2a: Lisbeth|Protect|p2a: Lisbeth","|-singleturn|p2a: Lisbeth|Protect","|move|p1a: Pidgeot|Defog|p2a: Lisbeth","|-activate|p2a: Lisbeth|Protect","|","|-heal|p2a: Lisbeth|262/404 par|[from] item: Leftovers","|turn|21","|","|move|p1a: Pidgeot|Defog|p2a: Lisbeth","|-unboost|p2a: Lisbeth|evasion|1","|-sideend|p1: Shining Yin|Stealth Rock|[from] move: Defog|[of] p1a: Pidgeot","|cant|p2a: Lisbeth|par","|","|-heal|p2a: Lisbeth|287/404 par|[from] item: Leftovers","|turn|22","|","|move|p1a: Pidgeot|Heat Wave|p2a: Lisbeth","|-supereffective|p2a: Lisbeth","|-damage|p2a: Lisbeth|125/404 par","|move|p2a: Lisbeth|Wish|p2a: Lisbeth","|","|-heal|p2a: Lisbeth|150/404 par|[from] item: Leftovers","|turn|23","|","|switch|p1a: Diggersby|Diggersby, M|311/311","|move|p2a: Lisbeth|Protect|p2a: Lisbeth","|-fail|p2a: Lisbeth","|","|-heal|p2a: Lisbeth|352/404 par|[from] move: Wish|[wisher] Lisbeth","|-heal|p2a: Lisbeth|377/404 par|[from] item: Leftovers","|turn|24","|","|switch|p2a: Wobbuffet|Wobbuffet, F|221/541 brn","|move|p1a: Diggersby|Fire Punch|p2a: Wobbuffet","|-damage|p2a: Wobbuffet|39/541 brn","|","|-damage|p2a: Wobbuffet|0 fnt|[from] brn","|faint|p2a: Wobbuffet","|","|switch|p2a: Agil|Mew|288/404","|turn|25","|","|switch|p1a: Pidgeot|Pidgeot-Mega, M|231/307","|move|p2a: Agil|Will-O-Wisp|p1a: Pidgeot","|-status|p1a: Pidgeot|brn","|","|-heal|p2a: Agil|313/404|[from] item: Leftovers","|-damage|p1a: Pidgeot|193/307 brn|[from] brn","|turn|26","|","|move|p1a: Pidgeot|Hurricane|p2a: Agil","|-damage|p2a: Agil|127/404","|-start|p2a: Agil|confusion","|-activate|p2a: Agil|confusion","|move|p2a: Agil|Stealth Rock|p1a: Pidgeot","|-sidestart|p1: Shining Yin|move: Stealth Rock","|","|-heal|p2a: Agil|152/404|[from] item: Leftovers","|-damage|p1a: Pidgeot|155/307 brn|[from] brn","|turn|27","|","|switch|p2a: Lisbeth|Jirachi|377/404 par","|move|p1a: Pidgeot|Hurricane|p2a: Lisbeth","|-resisted|p2a: Lisbeth","|-damage|p2a: Lisbeth|305/404 par","|","|-heal|p2a: Lisbeth|330/404 par|[from] item: Leftovers","|-damage|p1a: Pidgeot|117/307 brn|[from] brn","|turn|28","|","|move|p1a: Pidgeot|Defog|p2a: Lisbeth","|-unboost|p2a: Lisbeth|evasion|1","|-sideend|p1: Shining Yin|Stealth Rock|[from] move: Defog|[of] p1a: Pidgeot","|move|p2a: Lisbeth|Wish|p2a: Lisbeth","|","|-heal|p2a: Lisbeth|355/404 par|[from] item: Leftovers","|-damage|p1a: Pidgeot|79/307 brn|[from] brn","|turn|29","|","|move|p1a: Pidgeot|Hurricane|p2a: Lisbeth","|-resisted|p2a: Lisbeth","|-damage|p2a: Lisbeth|286/404 par","|move|p2a: Lisbeth|Iron Head|p1a: Pidgeot","|-damage|p1a: Pidgeot|0 fnt","|faint|p1a: Pidgeot","|","|-heal|p2a: Lisbeth|404/404 par|[from] move: Wish|[wisher] Lisbeth","|","|switch|p1a: Diggersby|Diggersby, M|311/311","|turn|30","|","|move|p1a: Diggersby|Earthquake|p2a: Lisbeth","|-supereffective|p2a: Lisbeth","|-damage|p2a: Lisbeth|0 fnt","|faint|p2a: Lisbeth","|","|","|switch|p2a: Sinon|Azelf|291/291","|turn|31","|","|switch|p1a: Porygon2|Porygon2|373/373 par","|-ability|p1a: Porygon2|Levitate|[from] ability: Trace|[of] p2a: Sinon","|move|p2a: Sinon|Zen Headbutt|p1a: Porygon2","|-damage|p1a: Porygon2|259/373 par","|","|turn|32","|","|switch|p2a: Agil|Mew|152/404","|cant|p1a: Porygon2|par","|","|-heal|p2a: Agil|177/404|[from] item: Leftovers","|turn|33","|","|switch|p1a: Staraptor|Staraptor, M|311/311","|move|p2a: Agil|Roost|p2a: Agil","|-heal|p2a: Agil|379/404","|","|-heal|p2a: Agil|404/404|[from] item: Leftovers","|turn|34","|","|move|p1a: Staraptor|Brave Bird|p2a: Agil","|-damage|p2a: Agil|229/404","|-damage|p1a: Staraptor|253/311|[from] recoil|[of] p2a: Agil","|move|p2a: Agil|Will-O-Wisp|p1a: Staraptor","|-status|p1a: Staraptor|brn","|","|-heal|p2a: Agil|254/404|[from] item: Leftovers","|-damage|p1a: Staraptor|215/311 brn|[from] brn","|turn|35","|","|switch|p1a: Chansey|Chansey, F|641/641","|move|p2a: Agil|Roost|p2a: Agil","|-heal|p2a: Agil|404/404","|","|turn|36","|","|move|p2a: Agil|Stealth Rock|p1a: Chansey","|-sidestart|p1: Shining Yin|move: Stealth Rock","|move|p1a: Chansey|Thunder Wave|p2a: Agil","|-status|p2a: Agil|par","|-status|p1a: Chansey|par","|","|turn|37","|","|move|p2a: Agil|Taunt|p1a: Chansey","|-start|p1a: Chansey|move: Taunt","|cant|p1a: Chansey|move: Taunt|Wish","|","|turn|38","|","|switch|p2a: Sinon|Azelf|291/291","|switch|p1a: Porygon2|Porygon2|259/373 par","|-damage|p1a: Porygon2|213/373 par|[from] Stealth Rock","|-ability|p1a: Porygon2|Levitate|[from] ability: Trace|[of] p2a: Sinon","|","|turn|39","|","|move|p2a: Sinon|Knock Off|p1a: Porygon2","|-damage|p1a: Porygon2|105/373 par","|-enditem|p1a: Porygon2|Eviolite|[from] move: Knock Off|[of] p2a: Sinon","|move|p1a: Porygon2|Discharge|p2a: Sinon","|-damage|p2a: Sinon|205/291","|-status|p2a: Sinon|par","|","|turn|40","|","|switch|p2a: Asuna|Gardevoir, M|277/277","|-ability|p2a: Asuna|Levitate|[from] ability: Trace|[of] p1a: Porygon2","|move|p1a: Porygon2|Discharge|p2a: Asuna","|-damage|p2a: Asuna|221/277","|-status|p2a: Asuna|par","|","|turn|41","|","|detailschange|p2a: Asuna|Gardevoir-Mega, M","|-mega|p2a: Asuna|Gardevoir|Gardevoirite","|move|p2a: Asuna|Hyper Voice|p1a: Porygon2","|-damage|p1a: Porygon2|0 fnt","|faint|p1a: Porygon2","|","|","|switch|p1a: Diggersby|Diggersby, M|311/311","|-damage|p1a: Diggersby|292/311|[from] Stealth Rock","|turn|42","|","|switch|p2a: Sinon|Azelf|205/291 par","|move|p1a: Diggersby|Return|p2a: Sinon","|-damage|p2a: Sinon|0 fnt","|faint|p2a: Sinon","|","|","|switch|p2a: Asuna|Gardevoir-Mega, M|221/277 par","|turn|43","|","|move|p1a: Diggersby|Return|p2a: Asuna","|-damage|p2a: Asuna|0 fnt","|faint|p2a: Asuna","|","|","|switch|p2a: Agil|Mew|404/404 par","|turn|44","|","|move|p1a: Diggersby|Return|p2a: Agil","|-damage|p2a: Agil|175/404 par","|move|p2a: Agil|Will-O-Wisp|p1a: Diggersby","|-status|p1a: Diggersby|brn","|","|-heal|p2a: Agil|200/404 par|[from] item: Leftovers","|-damage|p1a: Diggersby|254/311 brn|[from] brn","|turn|45","|","|move|p1a: Diggersby|Return|p2a: Agil","|-damage|p2a: Agil|82/404 par","|move|p2a: Agil|Roost|p2a: Agil","|-heal|p2a: Agil|284/404 par","|","|-heal|p2a: Agil|309/404 par|[from] item: Leftovers","|-damage|p1a: Diggersby|216/311 brn|[from] brn","|turn|46","|","|move|p1a: Diggersby|Return|p2a: Agil","|-damage|p2a: Agil|190/404 par","|move|p2a: Agil|Roost|p2a: Agil","|-heal|p2a: Agil|392/404 par","|","|-heal|p2a: Agil|404/404 par|[from] item: Leftovers","|-damage|p1a: Diggersby|178/311 brn|[from] brn","|turn|47","|","|move|p1a: Diggersby|Return|p2a: Agil","|-damage|p2a: Agil|291/404 par","|move|p2a: Agil|Stealth Rock|p1a: Diggersby","|-fail|p1a: Diggersby","|","|-heal|p2a: Agil|316/404 par|[from] item: Leftovers","|-damage|p1a: Diggersby|140/311 brn|[from] brn","|turn|48","|","|switch|p1a: Chansey|Chansey, F|641/641","|-damage|p1a: Chansey|561/641|[from] Stealth Rock","|move|p2a: Agil|Stealth Rock|p1a: Chansey","|-fail|p1a: Chansey","|","|-heal|p2a: Agil|341/404 par|[from] item: Leftovers","|turn|49","|","|move|p1a: Chansey|Seismic Toss|p2a: Agil","|-damage|p2a: Agil|241/404 par","|cant|p2a: Agil|par","|","|-heal|p2a: Agil|266/404 par|[from] item: Leftovers","|turn|50","|","|move|p1a: Chansey|Seismic Toss|p2a: Agil","|-damage|p2a: Agil|166/404 par","|cant|p2a: Agil|par","|","|-heal|p2a: Agil|191/404 par|[from] item: Leftovers","|turn|51","|","|move|p1a: Chansey|Seismic Toss|p2a: Agil","|-damage|p2a: Agil|91/404 par","|move|p2a: Agil|Roost|p2a: Agil","|-heal|p2a: Agil|293/404 par","|","|-heal|p2a: Agil|318/404 par|[from] item: Leftovers","|turn|52","|","|move|p1a: Chansey|Seismic Toss|p2a: Agil","|-damage|p2a: Agil|218/404 par","|move|p2a: Agil|Taunt|p1a: Chansey","|-start|p1a: Chansey|move: Taunt","|","|-heal|p2a: Agil|243/404 par|[from] item: Leftovers","|turn|53","|","|move|p1a: Chansey|Seismic Toss|p2a: Agil","|-damage|p2a: Agil|143/404 par","|move|p2a: Agil|Roost|p2a: Agil","|-heal|p2a: Agil|345/404 par","|","|-heal|p2a: Agil|370/404 par|[from] item: Leftovers","|turn|54","|","|move|p1a: Chansey|Seismic Toss|p2a: Agil","|-damage|p2a: Agil|270/404 par","|move|p2a: Agil|Will-O-Wisp|p1a: Chansey","|-status|p1a: Chansey|brn","|","|-heal|p2a: Agil|295/404 par|[from] item: Leftovers","|-damage|p1a: Chansey|481/641 brn|[from] brn","|turn|55","|","|move|p1a: Chansey|Seismic Toss|p2a: Agil","|-damage|p2a: Agil|195/404 par","|cant|p2a: Agil|par","|","|-heal|p2a: Agil|220/404 par|[from] item: Leftovers","|-damage|p1a: Chansey|401/641 brn|[from] brn","|-end|p1a: Chansey|move: Taunt","|turn|56","|","|move|p1a: Chansey|Seismic Toss|p2a: Agil","|-damage|p2a: Agil|120/404 par","|move|p2a: Agil|Roost|p2a: Agil","|-heal|p2a: Agil|322/404 par","|","|-heal|p2a: Agil|347/404 par|[from] item: Leftovers","|-damage|p1a: Chansey|321/641 brn|[from] brn","|turn|57","|","|move|p1a: Chansey|Seismic Toss|p2a: Agil","|-damage|p2a: Agil|247/404 par","|move|p2a: Agil|Taunt|p1a: Chansey","|-start|p1a: Chansey|move: Taunt","|","|-heal|p2a: Agil|272/404 par|[from] item: Leftovers","|-damage|p1a: Chansey|241/641 brn|[from] brn","|turn|58","|","|move|p1a: Chansey|Seismic Toss|p2a: Agil","|-damage|p2a: Agil|172/404 par","|move|p2a: Agil|Roost|p2a: Agil","|-heal|p2a: Agil|374/404 par","|","|-heal|p2a: Agil|399/404 par|[from] item: Leftovers","|-damage|p1a: Chansey|161/641 brn|[from] brn","|turn|59","|","|move|p1a: Chansey|Seismic Toss|p2a: Agil","|-damage|p2a: Agil|299/404 par","|cant|p2a: Agil|par","|","|-heal|p2a: Agil|324/404 par|[from] item: Leftovers","|-damage|p1a: Chansey|81/641 brn|[from] brn","|turn|60","|","|move|p1a: Chansey|Seismic Toss|p2a: Agil","|-damage|p2a: Agil|224/404 par","|cant|p2a: Agil|par","|","|-heal|p2a: Agil|249/404 par|[from] item: Leftovers","|-damage|p1a: Chansey|1/641 brn|[from] brn","|-end|p1a: Chansey|move: Taunt","|turn|61","|","|move|p1a: Chansey|Soft-Boiled|p1a: Chansey","|-heal|p1a: Chansey|322/641 brn","|move|p2a: Agil|Roost|p2a: Agil","|-heal|p2a: Agil|404/404 par","|","|-damage|p1a: Chansey|242/641 brn|[from] brn","|turn|62","|","|move|p1a: Chansey|Soft-Boiled|p1a: Chansey","|-heal|p1a: Chansey|563/641 brn","|move|p2a: Agil|Taunt|p1a: Chansey","|-start|p1a: Chansey|move: Taunt","|","|-damage|p1a: Chansey|483/641 brn|[from] brn","|turn|63","|","|switch|p1a: Diggersby|Diggersby, M|140/311 brn","|-damage|p1a: Diggersby|121/311 brn|[from] Stealth Rock","|move|p2a: Agil|Stealth Rock|p1a: Diggersby","|-fail|p1a: Diggersby","|","|-damage|p1a: Diggersby|83/311 brn|[from] brn","|turn|64","|","|move|p1a: Diggersby|Earthquake|p2a: Agil","|-damage|p2a: Agil|292/404 par","|move|p2a: Agil|Stealth Rock|p1a: Diggersby","|-fail|p1a: Diggersby","|","|-heal|p2a: Agil|317/404 par|[from] item: Leftovers","|-damage|p1a: Diggersby|45/311 brn|[from] brn","|turn|65","|","|move|p1a: Diggersby|Earthquake|p2a: Agil","|-damage|p2a: Agil|201/404 par","|move|p2a: Agil|Stealth Rock|p1a: Diggersby","|-fail|p1a: Diggersby","|","|-heal|p2a: Agil|226/404 par|[from] item: Leftovers","|-damage|p1a: Diggersby|7/311 brn|[from] brn","|turn|66","|","|move|p1a: Diggersby|Earthquake|p2a: Agil","|-damage|p2a: Agil|108/404 par","|cant|p2a: Agil|par","|","|-heal|p2a: Agil|133/404 par|[from] item: Leftovers","|-damage|p1a: Diggersby|0 fnt|[from] brn","|faint|p1a: Diggersby","|","|switch|p1a: Heliolisk|Heliolisk, F|136/265","|-damage|p1a: Heliolisk|103/265|[from] Stealth Rock","|turn|67","|","|move|p1a: Heliolisk|Volt Switch|p2a: Agil","|-damage|p2a: Agil|0 fnt","|-damage|p1a: Heliolisk|77/265|[from] item: Life Orb","|faint|p2a: Agil","|","|win|Shining Yin"],"p1rating":{"entryid":"71235","serverid":"eos","formatid":"monotype","userid":"shiningyin","username":"Shining Yin","w":33,"l":"17","t":"0","gxe":61.9,"r":"1622.5575309041","rd":"55.410702091367","sigma":"0","rptime":"1440147600","rpr":1592.3335809847,"rprd":51.243941393871,"rpsigma":"0","acre":1103.590046607,"lacre":1103.590046607,"oldacre":"1078.4745304391"},"p2rating":{"entryid":"204669","serverid":"eos","formatid":"monotype","userid":"doctorvergi","username":"Doctor Vergi","w":"1","l":2,"t":"0","gxe":47.2,"r":"1461.8495684771","rd":"122.29675825909","sigma":"0","rptime":"1440147600","rpr":1478.0600264848,"rprd":111.4961197918,"rpsigma":"0","acre":1025.7646103342,"lacre":1025.7646103342,"oldacre":"1040"},"endType":"normal"}