{"seed":[5205,24869,6064,58566],"turns":29,"p1":"Shining Yin","p2":"Crystal glaceon13","p1team":[{"name":"Chansey","species":"Chansey","item":"eviolite","ability":"Natural Cure","moves":["thunderwave","softboiled","seismictoss","stealthrock"],"nature":"Bold","evs":{"hp":0,"atk":0,"def":252,"spa":0,"spd":252,"spe":4},"ivs":{"hp":31,"atk":0,"def":31,"spa":31,"spd":31,"spe":31}},{"name":"Porygon2","species":"Porygon2","item":"eviolite","ability":"Trace","moves":["icebeam","discharge","recover","thunderwave"],"nature":"Calm","evs":{"hp":248,"atk":0,"def":204,"spa":0,"spd":56,"spe":0},"ivs":{"hp":31,"atk":0,"def":31,"spa":31,"spd":31,"spe":31}},{"name":"Pidgeot","species":"Pidgeot","item":"pidgeotite","ability":"Keen Eye","moves":["hurricane","heatwave","defog","roost"],"nature":"Timid","evs":{"hp":0,"atk":0,"def":0,"spa":252,"spd":4,"spe":252},"ivs":{"hp":31,"atk":0,"def":31,"spa":31,"spd":31,"spe":31}},{"name":"Staraptor","species":"Staraptor","item":"choicescarf","ability":"Reckless","moves":["bravebird","uturn","doubleedge","closecombat"],"nature":"Jolly","evs":{"hp":0,"atk":252,"def":0,"spa":0,"spd":4,"spe":252},"ivs":{"hp":31,"atk":31,"def":31,"spa":31,"spd":31,"spe":31}},{"name":"Diggersby","species":"Diggersby","item":"choiceband","ability":"Huge Power","moves":["return","earthquake","knockoff","quickattack"],"nature":"Jolly","evs":{"hp":0,"atk":252,"def":0,"spa":0,"spd":4,"spe":252},"ivs":{"hp":31,"atk":31,"def":31,"spa":31,"spd":31,"spe":31}},{"name":"Heliolisk","species":"Heliolisk","item":"lifeorb","ability":"Dry Skin","moves":["grassknot","voltswitch","surf","focusblast"],"nature":"Timid","evs":{"hp":0,"atk":0,"def":0,"spa":252,"spd":4,"spe":252},"ivs":{"hp":31,"atk":31,"def":31,"spa":31,"spd":31,"spe":31}}],"p2team":[{"name":"Diancie","species":"Diancie","item":"diancite","ability":"Clear Body","moves":["earthpower","moonblast","diamondstorm","protect"],"nature":"Naive","evs":{"hp":0,"atk":4,"def":0,"spa":252,"spd":0,"spe":252},"shiny":true,"ivs":{"hp":31,"atk":31,"def":31,"spa":31,"spd":31,"spe":31}},{"name":"Togekiss","species":"Togekiss","item":"leftovers","ability":"Serene Grace","moves":["nastyplot","batonpass","airslash","flamethrower"],"nature":"Calm","evs":{"hp":248,"atk":0,"def":0,"spa":0,"spd":240,"spe":20},"ivs":{"hp":31,"atk":31,"def":31,"spa":31,"spd":31,"spe":31}},{"name":"Klefki","species":"Klefki","item":"lightclay","ability":"Prankster","moves":["reflect","lightscreen","thunderwave","foulplay"],"nature":"Bold","evs":{"hp":252,"atk":0,"def":64,"spa":0,"spd":192,"spe":0},"ivs":{"hp":31,"atk":31,"def":31,"spa":31,"spd":31,"spe":31}},{"name":"Azumarill","species":"Azumarill","item":"lumberry","ability":"Huge Power","moves":["playrough","aquajet","waterfall","knockoff"],"nature":"Adamant","evs":{"hp":248,"atk":252,"def":0,"spa":0,"spd":0,"spe":8},"gender":"M","shiny":true,"ivs":{"hp":31,"atk":31,"def":31,"spa":31,"spd":31,"spe":31}},{"name":"Gardevoir","species":"Gardevoir","item":"choicescarf","ability":"Trace","moves":["thunderbolt","energyball","moonblast","psyshock"],"nature":"Timid","evs":{"hp":0,"atk":0,"def":4,"spa":252,"spd":0,"spe":252},"ivs":{"hp":31,"atk":30,"def":31,"spa":30,"spd":31,"spe":30}},{"name":"Granbull","species":"Granbull","item":"leftovers","ability":"Intimidate","moves":["earthquake","firepunch","bulkup","playrough"],"nature":"Adamant","evs":{"hp":136,"atk":252,"def":120,"spa":0,"spd":0,"spe":0},"gender":"M","ivs":{"hp":31,"atk":31,"def":31,"spa":31,"spd":31,"spe":31}}],"log":["|player|p1|Shining Yin|277","|player|p2|Crystal glaceon13|32","|gametype|singles","|gen|6","|tier|Monotype","|rated","|rule|Baton Pass Clause: Limit one Baton Passer, can't pass Spe and other stats simultaneously","|rule|Swagger Clause: Swagger is banned","|rule|Same Type Clause: Pokémon in a team must share a type","|clearpoke","|poke|p1|Chansey, F","|poke|p1|Porygon2","|poke|p1|Pidgeot, F","|poke|p1|Staraptor, M","|poke|p1|Diggersby, F","|poke|p1|Heliolisk, F","|poke|p2|Diancie, shiny","|poke|p2|Togekiss, F","|poke|p2|Klefki, M","|poke|p2|Azumarill, M, shiny","|poke|p2|Gardevoir, M","|poke|p2|Granbull, M","|rule|Sleep Clause Mod: Limit one foe put to sleep","|rule|Species Clause: Limit one of each Pokémon","|rule|OHKO Clause: OHKO moves are banned","|rule|Moody Clause: Moody is banned","|rule|Evasion Moves Clause: Evasion moves are banned","|rule|Endless Battle Clause: Forcing endless battles is banned","|rule|HP Percentage Mod: HP is shown in percentages","|teampreview","|","|start","|switch|p1a: Diggersby|Diggersby, F|311/311","|switch|p2a: Diancie|Diancie, shiny|241/241","|turn|1","|","|detailschange|p2a: Diancie|Diancie-Mega, shiny","|-mega|p2a: Diancie|Diancie|Diancite","|move|p2a: Diancie|Protect|p2a: Diancie","|-singleturn|p2a: Diancie|Protect","|move|p1a: Diggersby|Earthquake|p2a: Diancie","|-activate|p2a: Diancie|Protect","|","|turn|2","|","|switch|p2a: Togekiss|Togekiss, F|373/373","|move|p1a: Diggersby|Earthquake|p2a: Togekiss","|-immune|p2a: Togekiss|[msg]","|","|turn|3","|","|switch|p1a: Heliolisk|Heliolisk, F|265/265","|move|p2a: Togekiss|Nasty Plot|p2a: Togekiss","|-boost|p2a: Togekiss|spa|2","|","|turn|4","|","|move|p1a: Heliolisk|Volt Switch|p2a: Togekiss","|-supereffective|p2a: Togekiss","|-damage|p2a: Togekiss|175/373","|-damage|p1a: Heliolisk|239/265|[from] item: Life Orb","|","|switch|p1a: Chansey|Chansey, F|641/641","|move|p2a: Togekiss|Baton Pass|p2a: Togekiss","|","|switch|p2a: Gardevoir|Gardevoir, M|277/277","|-ability|p2a: Gardevoir|Natural Cure|[from] ability: Trace|[of] p1a: Chansey","|","|turn|5","|","|move|p2a: Gardevoir|Psyshock|p1a: Chansey","|-damage|p1a: Chansey|250/641","|move|p1a: Chansey|Thunder Wave|p2a: Gardevoir","|-status|p2a: Gardevoir|par","|","|turn|6","|","|move|p1a: Chansey|Seismic Toss|p2a: Gardevoir","|-damage|p2a: Gardevoir|177/277 par","|cant|p2a: Gardevoir|par","|","|turn|7","|","|move|p1a: Chansey|Seismic Toss|p2a: Gardevoir","|-damage|p2a: Gardevoir|77/277 par","|move|p2a: Gardevoir|Psyshock|p1a: Chansey","|-damage|p1a: Chansey|0 fnt","|faint|p1a: Chansey","|","|","|switch|p1a: Diggersby|Diggersby, F|311/311","|turn|8","|","|switch|p2a: Togekiss|Togekiss, F|175/373","|move|p1a: Diggersby|Return|p2a: Togekiss","|-crit|p2a: Togekiss","|-damage|p2a: Togekiss|0 fnt","|faint|p2a: Togekiss","|","|","|switch|p2a: Klefki|Klefki, M|318/318","|turn|9","|","|switch|p1a: Heliolisk|Heliolisk, F|239/265","|move|p2a: Klefki|Reflect|p2a: Klefki","|-sidestart|p2: Crystal glaceon13|Reflect","|","|turn|10","|","|move|p2a: Klefki|Light Screen|p2a: Klefki","|-sidestart|p2: Crystal glaceon13|move: Light Screen","|move|p1a: Heliolisk|Surf|p2a: Klefki","|-crit|p2a: Klefki","|-damage|p2a: Klefki|156/318","|-damage|p1a: Heliolisk|213/265|[from] item: Life Orb","|","|turn|11","|","|move|p1a: Heliolisk|Volt Switch|p2a: Klefki","|-damage|p2a: Klefki|88/318","|-damage|p1a: Heliolisk|187/265|[from] item: Life Orb","|","|switch|p1a: Diggersby|Diggersby, F|311/311","|move|p2a: Klefki|Foul Play|p1a: Diggersby","|-damage|p1a: Diggersby|234/311","|","|turn|12","|","|switch|p2a: Granbull|Granbull, M|355/355","|-ability|p2a: Granbull|Intimidate","|-unboost|p1a: Diggersby|atk|1","|move|p1a: Diggersby|Earthquake|p2a: Granbull","|-damage|p2a: Granbull|239/355","|","|-heal|p2a: Granbull|261/355|[from] item: Leftovers","|turn|13","|","|switch|p1a: Porygon2|Porygon2|373/373","|-ability|p1a: Porygon2|Intimidate|[from] ability: Trace|[of] p2a: Granbull","|-ability|p1a: Porygon2|Intimidate","|-unboost|p2a: Granbull|atk|1","|move|p2a: Granbull|Bulk Up|p2a: Granbull","|-boost|p2a: Granbull|atk|1","|-boost|p2a: Granbull|def|1","|","|-heal|p2a: Granbull|283/355|[from] item: Leftovers","|turn|14","|","|switch|p2a: Diancie|Diancie-Mega, shiny|241/241","|move|p1a: Porygon2|Thunder Wave|p2a: Diancie","|move|p2a: Diancie|Thunder Wave|p1a: Porygon2|[from]Magic Bounce","|-status|p1a: Porygon2|par","|","|turn|15","|","|move|p2a: Diancie|Diamond Storm|p1a: Porygon2","|-damage|p1a: Porygon2|270/373 par","|move|p1a: Porygon2|Discharge|p2a: Diancie","|-damage|p2a: Diancie|206/241","|","|turn|16","|","|switch|p2a: Azumarill|Azumarill, M, shiny|403/403","|move|p1a: Porygon2|Discharge|p2a: Azumarill","|-supereffective|p2a: Azumarill","|-damage|p2a: Azumarill|319/403","|","|-sideend|p2: Crystal glaceon13|Reflect","|turn|17","|","|move|p2a: Azumarill|Knock Off|p1a: Porygon2","|-damage|p1a: Porygon2|180/373 par","|-enditem|p1a: Porygon2|Eviolite|[from] move: Knock Off|[of] p2a: Azumarill","|move|p1a: Porygon2|Discharge|p2a: Azumarill","|-supereffective|p2a: Azumarill","|-damage|p2a: Azumarill|245/403","|","|-sideend|p2: Crystal glaceon13|move: Light Screen","|turn|18","|","|move|p2a: Azumarill|Play Rough|p1a: Porygon2","|-damage|p1a: Porygon2|3/373 par","|move|p1a: Porygon2|Discharge|p2a: Azumarill","|-supereffective|p2a: Azumarill","|-damage|p2a: Azumarill|93/403","|","|turn|19","|","|move|p2a: Azumarill|Waterfall|p1a: Porygon2","|-damage|p1a: Porygon2|0 fnt","|faint|p1a: Porygon2","|","|","|switch|p1a: Heliolisk|Heliolisk, F|187/265","|turn|20","|","|switch|p2a: Diancie|Diancie-Mega, shiny|206/241","|move|p1a: Heliolisk|Volt Switch|p2a: Diancie","|-damage|p2a: Diancie|50/241","|-damage|p1a: Heliolisk|161/265|[from] item: Life Orb","|","|switch|p1a: Staraptor|Staraptor, M|311/311","|","|turn|21","|","|move|p2a: Diancie|Protect|p2a: Diancie","|-singleturn|p2a: Diancie|Protect","|move|p1a: Staraptor|Double-Edge|p2a: Diancie","|-activate|p2a: Diancie|Protect","|","|turn|22","|","|move|p1a: Staraptor|Double-Edge|p2a: Diancie","|-resisted|p2a: Diancie","|-damage|p2a: Diancie|0 fnt","|-damage|p1a: Staraptor|294/311|[from] recoil|[of] p2a: Diancie","|faint|p2a: Diancie","|","|","|switch|p2a: Granbull|Granbull, M|283/355","|-ability|p2a: Granbull|Intimidate","|-unboost|p1a: Staraptor|atk|1","|turn|23","|","|switch|p1a: Pidgeot|Pidgeot, F|307/307","|move|p2a: Granbull|Bulk Up|p2a: Granbull","|-boost|p2a: Granbull|atk|1","|-boost|p2a: Granbull|def|1","|","|-heal|p2a: Granbull|305/355|[from] item: Leftovers","|turn|24","|","|switch|p2a: Klefki|Klefki, M|88/318","|detailschange|p1a: Pidgeot|Pidgeot-Mega, F","|-mega|p1a: Pidgeot|Pidgeot|Pidgeotite","|move|p1a: Pidgeot|Hurricane|p2a: Klefki","|-resisted|p2a: Klefki","|-damage|p2a: Klefki|0 fnt","|faint|p2a: Klefki","|","|","|switch|p2a: Azumarill|Azumarill, M, shiny|93/403","|turn|25","|","|move|p2a: Azumarill|Aqua Jet|p1a: Pidgeot","|-damage|p1a: Pidgeot|202/307","|move|p1a: Pidgeot|Hurricane|p2a: Azumarill","|-damage|p2a: Azumarill|0 fnt","|faint|p2a: Azumarill","|","|","|switch|p2a: Gardevoir|Gardevoir, M|77/277","|-ability|p2a: Gardevoir|No Guard|[from] ability: Trace|[of] p1a: Pidgeot","|turn|26","|","|switch|p1a: Diggersby|Diggersby, F|234/311","|move|p2a: Gardevoir|Thunderbolt|p1a: Diggersby","|-immune|p1a: Diggersby|[msg]","|","|turn|27","|","|switch|p2a: Granbull|Granbull, M|305/355","|-ability|p2a: Granbull|Intimidate","|-unboost|p1a: Diggersby|atk|1","|move|p1a: Diggersby|Return|p2a: Granbull","|-damage|p2a: Granbull|86/355","|","|-heal|p2a: Granbull|108/355|[from] item: Leftovers","|turn|28","|","|move|p1a: Diggersby|Return|p2a: Granbull","|-damage|p2a: Granbull|0 fnt","|faint|p2a: Granbull","|","|","|switch|p2a: Gardevoir|Gardevoir, M|77/277","|-ability|p2a: Gardevoir|Huge Power|[from] ability: Trace|[of] p1a: Diggersby","|turn|29","|","|move|p2a: Gardevoir|Psyshock|p1a: Diggersby","|-damage|p1a: Diggersby|75/311","|move|p1a: Diggersby|Return|p2a: Gardevoir","|-damage|p2a: Gardevoir|0 fnt","|faint|p2a: Gardevoir","|","|win|Shining Yin"],"p1rating":{"entryid":"71235","serverid":"eos","formatid":"monotype","userid":"shiningyin","username":"Shining Yin","w":41,"l":"19","t":"0","gxe":64.9,"r":"1622.5575309041","rd":"55.410702091367","sigma":"0","rptime":"1440147600","rpr":1616.9702299049,"rprd":47.232809501094,"rpsigma":"0","acre":1201.184295831,"lacre":1201.184295831,"oldacre":"1187.5936523745"},"p2rating":{"entryid":"88686","serverid":"eos","formatid":"monotype","userid":"crystalglaceon13","username":"Crystal glaceon13","w":"1","l":3,"t":"0","gxe":41.6,"r":"1491.9452434181","rd":"117.36443299094","sigma":"0","rptime":"1440147600","rpr":1432.9167613596,"rprd":107.20617013568,"rpsigma":"0","acre":1009.6305182491,"lacre":1009.6305182491,"oldacre":"1016.4044585121"},"endType":"normal"}