{"seed":[51803,6350,49274,52004],"turns":30,"p1":"Metalyte","p2":"Crystal glaceon13","p1team":[{"name":"Scizor","species":"Scizor","item":"scizorite","ability":"Technician","moves":["roost","swordsdance","bulletpunch","bugbite"],"nature":"Adamant","evs":{"hp":248,"atk":252,"def":0,"spa":0,"spd":8,"spe":0},"ivs":{"hp":31,"atk":31,"def":31,"spa":31,"spd":31,"spe":31}},{"name":"Heatran","species":"Heatran","item":"airballoon","ability":"Flash Fire","moves":["fireblast","flashcannon","earthpower","ancientpower"],"nature":"Timid","evs":{"hp":4,"atk":0,"def":0,"spa":252,"spd":0,"spe":252},"ivs":{"hp":31,"atk":31,"def":31,"spa":31,"spd":31,"spe":31}},{"name":"Skarmory","species":"Skarmory","item":"leftovers","ability":"Sturdy","moves":["defog","whirlwind","drillpeck","roost"],"nature":"Impish","evs":{"hp":252,"atk":0,"def":252,"spa":0,"spd":0,"spe":4},"ivs":{"hp":31,"atk":31,"def":31,"spa":31,"spd":31,"spe":31}},{"name":"Magnezone","species":"Magnezone","item":"choicescarf","ability":"Sturdy","moves":["thunderbolt","flashcannon","voltswitch","hiddenpowerice"],"nature":"Timid","evs":{"hp":0,"atk":0,"def":0,"spa":252,"spd":4,"spe":252},"ivs":{"hp":31,"atk":30,"def":30,"spa":31,"spd":31,"spe":31}},{"name":"Excadrill","species":"Excadrill","item":"choicescarf","ability":"Mold Breaker","moves":["earthquake","ironhead","rockslide","rapidspin"],"nature":"Jolly","evs":{"hp":0,"atk":252,"def":0,"spa":0,"spd":4,"spe":252},"ivs":{"hp":31,"atk":31,"def":31,"spa":31,"spd":31,"spe":31}},{"name":"Bisharp","species":"Bisharp","item":"lumberry","ability":"Defiant","moves":["suckerpunch","swordsdance","knockoff","ironhead"],"nature":"Jolly","evs":{"hp":0,"atk":252,"def":0,"spa":0,"spd":4,"spe":252},"ivs":{"hp":31,"atk":31,"def":31,"spa":31,"spd":31,"spe":31}}],"p2team":[{"name":"Diancie","species":"Diancie","item":"diancite","ability":"Clear Body","moves":["earthpower","moonblast","diamondstorm","protect"],"nature":"Naive","evs":{"hp":0,"atk":4,"def":0,"spa":252,"spd":0,"spe":252},"shiny":true,"ivs":{"hp":31,"atk":31,"def":31,"spa":31,"spd":31,"spe":31}},{"name":"Togekiss","species":"Togekiss","item":"leftovers","ability":"Serene Grace","moves":["nastyplot","batonpass","airslash","flamethrower"],"nature":"Calm","evs":{"hp":248,"atk":0,"def":0,"spa":0,"spd":240,"spe":20},"ivs":{"hp":31,"atk":31,"def":31,"spa":31,"spd":31,"spe":31}},{"name":"Klefki","species":"Klefki","item":"lightclay","ability":"Prankster","moves":["reflect","lightscreen","thunderwave","foulplay"],"nature":"Bold","evs":{"hp":252,"atk":0,"def":64,"spa":0,"spd":192,"spe":0},"ivs":{"hp":31,"atk":31,"def":31,"spa":31,"spd":31,"spe":31}},{"name":"Azumarill","species":"Azumarill","item":"lumberry","ability":"Huge Power","moves":["playrough","aquajet","waterfall","knockoff"],"nature":"Adamant","evs":{"hp":248,"atk":252,"def":0,"spa":0,"spd":0,"spe":8},"gender":"M","shiny":true,"ivs":{"hp":31,"atk":31,"def":31,"spa":31,"spd":31,"spe":31}},{"name":"Gardevoir","species":"Gardevoir","item":"choicescarf","ability":"Trace","moves":["thunderbolt","energyball","moonblast","psyshock"],"nature":"Timid","evs":{"hp":0,"atk":0,"def":4,"spa":252,"spd":0,"spe":252},"ivs":{"hp":31,"atk":30,"def":31,"spa":30,"spd":31,"spe":30}},{"name":"Granbull","species":"Granbull","item":"leftovers","ability":"Intimidate","moves":["earthquake","firepunch","bulkup","playrough"],"nature":"Adamant","evs":{"hp":136,"atk":252,"def":120,"spa":0,"spd":0,"spe":0},"gender":"M","ivs":{"hp":31,"atk":31,"def":31,"spa":31,"spd":31,"spe":31}}],"log":["|player|p1|Metalyte|165","|player|p2|Crystal glaceon13|32","|gametype|singles","|gen|6","|tier|Monotype","|rated","|rule|Baton Pass Clause: Limit one Baton Passer, can't pass Spe and other stats simultaneously","|rule|Swagger Clause: Swagger is banned","|rule|Same Type Clause: Pokémon in a team must share a type","|clearpoke","|poke|p1|Scizor, M","|poke|p1|Heatran, F","|poke|p1|Skarmory, F","|poke|p1|Magnezone","|poke|p1|Excadrill, F","|poke|p1|Bisharp, M","|poke|p2|Diancie, shiny","|poke|p2|Togekiss, M","|poke|p2|Klefki, M","|poke|p2|Azumarill, M, shiny","|poke|p2|Gardevoir, M","|poke|p2|Granbull, M","|rule|Sleep Clause Mod: Limit one foe put to sleep","|rule|Species Clause: Limit one of each Pokémon","|rule|OHKO Clause: OHKO moves are banned","|rule|Moody Clause: Moody is banned","|rule|Evasion Moves Clause: Evasion moves are banned","|rule|Endless Battle Clause: Forcing endless battles is banned","|rule|HP Percentage Mod: HP is shown in percentages","|teampreview","|","|start","|switch|p1a: Magnezone|Magnezone|281/281","|switch|p2a: Klefki|Klefki, M|318/318","|turn|1","|","|move|p2a: Klefki|Light Screen|p2a: Klefki","|-sidestart|p2: Crystal glaceon13|move: Light Screen","|move|p1a: Magnezone|Volt Switch|p2a: Klefki","|-damage|p2a: Klefki|259/318","|","|switch|p1a: Excadrill|Excadrill, F|361/361","|-ability|p1a: Excadrill|Mold Breaker","|","|turn|2","|","|switch|p2a: Togekiss|Togekiss, M|373/373","|move|p1a: Excadrill|Earthquake|p2a: Togekiss","|-immune|p2a: Togekiss|[msg]","|","|turn|3","|","|switch|p1a: Heatran|Heatran, F|324/324","|-item|p1a: Heatran|Air Balloon","|move|p2a: Togekiss|Nasty Plot|p2a: Togekiss","|-boost|p2a: Togekiss|spa|2","|","|turn|4","|","|move|p1a: Heatran|Flash Cannon|p2a: Togekiss","|-supereffective|p2a: Togekiss","|-damage|p2a: Togekiss|270/373","|move|p2a: Togekiss|Air Slash|p1a: Heatran","|-crit|p1a: Heatran","|-resisted|p1a: Heatran","|-damage|p1a: Heatran|183/324","|-enditem|p1a: Heatran|Air Balloon","|","|-heal|p2a: Togekiss|293/373|[from] item: Leftovers","|turn|5","|","|move|p1a: Heatran|Flash Cannon|p2a: Togekiss","|-supereffective|p2a: Togekiss","|-damage|p2a: Togekiss|194/373","|move|p2a: Togekiss|Air Slash|p1a: Heatran","|-resisted|p1a: Heatran","|-damage|p1a: Heatran|77/324","|","|-heal|p2a: Togekiss|217/373|[from] item: Leftovers","|turn|6","|","|switch|p1a: Scizor|Scizor, M|343/343","|move|p2a: Togekiss|Air Slash|p1a: Scizor","|-damage|p1a: Scizor|102/343","|","|-heal|p2a: Togekiss|240/373|[from] item: Leftovers","|turn|7","|","|detailschange|p1a: Scizor|Scizor-Mega, M","|-mega|p1a: Scizor|Scizor|Scizorite","|move|p1a: Scizor|Bullet Punch|p2a: Togekiss","|-supereffective|p2a: Togekiss","|-damage|p2a: Togekiss|0 fnt","|faint|p2a: Togekiss","|","|","|switch|p2a: Granbull|Granbull, M|355/355","|-ability|p2a: Granbull|Intimidate","|-unboost|p1a: Scizor|atk|1","|turn|8","|","|move|p1a: Scizor|Roost|p1a: Scizor","|-heal|p1a: Scizor|274/343","|move|p2a: Granbull|Fire Punch|p1a: Scizor","|-supereffective|p1a: Scizor","|-damage|p1a: Scizor|0 fnt","|faint|p1a: Scizor","|","|-sideend|p2: Crystal glaceon13|move: Light Screen","|","|switch|p1a: Heatran|Heatran, F|77/324","|turn|9","|","|switch|p2a: Klefki|Klefki, M|259/318","|move|p1a: Heatran|Flash Cannon|p2a: Klefki","|-crit|p2a: Klefki","|-damage|p2a: Klefki|75/318","|","|turn|10","|","|switch|p1a: Excadrill|Excadrill, F|361/361","|-ability|p1a: Excadrill|Mold Breaker","|move|p2a: Klefki|Light Screen|p2a: Klefki","|-sidestart|p2: Crystal glaceon13|move: Light Screen","|","|turn|11","|","|move|p2a: Klefki|Reflect|p2a: Klefki","|-sidestart|p2: Crystal glaceon13|Reflect","|move|p1a: Excadrill|Earthquake|p2a: Klefki","|-supereffective|p2a: Klefki","|-damage|p2a: Klefki|0 fnt","|faint|p2a: Klefki","|","|","|switch|p2a: Granbull|Granbull, M|355/355","|-ability|p2a: Granbull|Intimidate","|-unboost|p1a: Excadrill|atk|1","|turn|12","|","|switch|p1a: Skarmory|Skarmory, F|334/334","|move|p2a: Granbull|Bulk Up|p2a: Granbull","|-boost|p2a: Granbull|atk|1","|-boost|p2a: Granbull|def|1","|","|turn|13","|","|move|p1a: Skarmory|Defog|p2a: Granbull","|-unboost|p2a: Granbull|evasion|1","|-sideend|p2: Crystal glaceon13|Reflect","|-sideend|p2: Crystal glaceon13|move: Light Screen","|move|p2a: Granbull|Fire Punch|p1a: Skarmory","|-supereffective|p1a: Skarmory","|-damage|p1a: Skarmory|188/334","|-status|p1a: Skarmory|brn","|","|-heal|p1a: Skarmory|208/334 brn|[from] item: Leftovers","|-damage|p1a: Skarmory|167/334 brn|[from] brn","|turn|14","|","|move|p2a: Granbull|Earthquake|p1a: Skarmory","|-immune|p1a: Skarmory|[msg]","|move|p1a: Skarmory|Whirlwind|p2a: Granbull","|drag|p2a: Diancie|Diancie, shiny|241/241","|","|-heal|p1a: Skarmory|187/334 brn|[from] item: Leftovers","|-damage|p1a: Skarmory|146/334 brn|[from] brn","|turn|15","|","|detailschange|p2a: Diancie|Diancie-Mega, shiny","|-mega|p2a: Diancie|Diancie|Diancite","|move|p2a: Diancie|Protect|p2a: Diancie","|-singleturn|p2a: Diancie|Protect","|move|p1a: Skarmory|Roost|p1a: Skarmory","|-heal|p1a: Skarmory|313/334 brn","|","|-heal|p1a: Skarmory|333/334 brn|[from] item: Leftovers","|-damage|p1a: Skarmory|292/334 brn|[from] brn","|turn|16","|","|switch|p2a: Granbull|Granbull, M|355/355","|-ability|p2a: Granbull|Intimidate","|-unboost|p1a: Skarmory|atk|1","|move|p1a: Skarmory|Drill Peck|p2a: Granbull","|-damage|p2a: Granbull|328/355","|","|-heal|p1a: Skarmory|312/334 brn|[from] item: Leftovers","|-heal|p2a: Granbull|350/355|[from] item: Leftovers","|-damage|p1a: Skarmory|271/334 brn|[from] brn","|turn|17","|","|switch|p1a: Magnezone|Magnezone|281/281","|move|p2a: Granbull|Bulk Up|p2a: Granbull","|-boost|p2a: Granbull|atk|1","|-boost|p2a: Granbull|def|1","|","|-heal|p2a: Granbull|355/355|[from] item: Leftovers","|turn|18","|","|move|p1a: Magnezone|Flash Cannon|p2a: Granbull","|-supereffective|p2a: Granbull","|-damage|p2a: Granbull|0 fnt","|faint|p2a: Granbull","|","|","|switch|p2a: Azumarill|Azumarill, M, shiny|403/403","|turn|19","|","|move|p1a: Magnezone|Flash Cannon|p2a: Azumarill","|-damage|p2a: Azumarill|216/403","|move|p2a: Azumarill|Knock Off|p1a: Magnezone","|-crit|p1a: Magnezone","|-damage|p1a: Magnezone|96/281","|-enditem|p1a: Magnezone|Choice Scarf|[from] move: Knock Off|[of] p2a: Azumarill","|","|turn|20","|","|switch|p2a: Diancie|Diancie-Mega, shiny|241/241","|move|p1a: Magnezone|Thunderbolt|p2a: Diancie","|-damage|p2a: Diancie|78/241","|","|turn|21","|","|switch|p1a: Skarmory|Skarmory, F|271/334 brn","|move|p2a: Diancie|Earth Power|p1a: Skarmory","|-immune|p1a: Skarmory|[msg]","|","|-heal|p1a: Skarmory|291/334 brn|[from] item: Leftovers","|-damage|p1a: Skarmory|250/334 brn|[from] brn","|turn|22","|","|move|p2a: Diancie|Protect|p2a: Diancie","|-singleturn|p2a: Diancie|Protect","|move|p1a: Skarmory|Roost|p1a: Skarmory","|-heal|p1a: Skarmory|334/334 brn","|","|-damage|p1a: Skarmory|293/334 brn|[from] brn","|turn|23","|","|switch|p2a: Gardevoir|Gardevoir, M|277/277","|-ability|p2a: Gardevoir|Sturdy|[from] ability: Trace|[of] p1a: Skarmory","|switch|p1a: Excadrill|Excadrill, F|361/361","|-ability|p1a: Excadrill|Mold Breaker","|","|turn|24","|","|switch|p1a: Heatran|Heatran, F|77/324","|move|p2a: Gardevoir|Psyshock|p1a: Heatran","|-resisted|p1a: Heatran","|-damage|p1a: Heatran|8/324","|","|turn|25","|","|move|p2a: Gardevoir|Psyshock|p1a: Heatran","|-resisted|p1a: Heatran","|-damage|p1a: Heatran|0 fnt","|faint|p1a: Heatran","|","|","|switch|p1a: Bisharp|Bisharp, M|271/271","|turn|26","|","|switch|p2a: Azumarill|Azumarill, M, shiny|216/403","|move|p1a: Bisharp|Iron Head|p2a: Azumarill","|-damage|p2a: Azumarill|41/403","|","|turn|27","|","|move|p2a: Azumarill|Aqua Jet|p1a: Bisharp","|-damage|p1a: Bisharp|175/271","|move|p1a: Bisharp|Iron Head|p2a: Azumarill","|-damage|p2a: Azumarill|0 fnt","|faint|p2a: Azumarill","|","|","|switch|p2a: Diancie|Diancie-Mega, shiny|78/241","|turn|28","|","|move|p2a: Diancie|Earth Power|p1a: Bisharp","|-supereffective|p1a: Bisharp","|-damage|p1a: Bisharp|0 fnt","|faint|p1a: Bisharp","|","|","|switch|p1a: Excadrill|Excadrill, F|361/361","|-ability|p1a: Excadrill|Mold Breaker","|turn|29","|","|move|p1a: Excadrill|Iron Head|p2a: Diancie","|-supereffective|p2a: Diancie","|-damage|p2a: Diancie|0 fnt","|faint|p2a: Diancie","|","|","|switch|p2a: Gardevoir|Gardevoir, M|277/277","|-ability|p2a: Gardevoir|Mold Breaker|[from] ability: Trace|[of] p1a: Excadrill","|-ability|p2a: Gardevoir|Mold Breaker","|turn|30","|","|move|p1a: Excadrill|Iron Head|p2a: Gardevoir","|-supereffective|p2a: Gardevoir","|-damage|p2a: Gardevoir|0 fnt","|faint|p2a: Gardevoir","|","|win|Metalyte"],"p1rating":{"entryid":"261411","serverid":"eos","formatid":"monotype","userid":"metalyte","username":"Metalyte","w":2,"l":"0","t":"0","gxe":59,"r":"1500","rd":"130","sigma":"0","rptime":"1440147600","rpr":1572.0772983158,"rprd":116.62473601381,"rpsigma":"0","acre":1071.0355926564,"lacre":1071.0355926564,"oldacre":"1040"},"p2rating":{"entryid":"88686","serverid":"eos","formatid":"monotype","userid":"crystalglaceon13","username":"Crystal glaceon13","w":"1","l":4,"t":"0","gxe":38.7,"r":"1491.9452434181","rd":"117.36443299094","sigma":"0","rptime":"1440147600","rpr":1409.6824778901,"rprd":103.09597533894,"rpsigma":"0","acre":1000,"lacre":1000,"oldacre":"1009.6305182491"},"endType":"normal"}