{"seed":[13290,50425,49106,9085],"turns":24,"p1":"Suichika","p2":"Apex Salamence","p1team":[{"name":"Bellossom","species":"Bellossom","item":"choicespecs","ability":"Chlorophyll","moves":["leafstorm","gigadrain","moonblast","hiddenpowerfire"],"nature":"Modest","evs":{"hp":92,"atk":0,"def":0,"spa":252,"spd":4,"spe":160},"ivs":{"hp":31,"atk":30,"def":31,"spa":30,"spd":31,"spe":30}},{"name":"Abomasnow","species":"Abomasnow","item":"abomasite","ability":"Snow Warning","moves":["iceshard","swordsdance","earthquake","woodhammer"],"nature":"Adamant","evs":{"hp":248,"atk":252,"def":0,"spa":0,"spd":8,"spe":0},"ivs":{"hp":31,"atk":31,"def":31,"spa":31,"spd":31,"spe":31}},{"name":"Roserade","species":"Roserade","item":"choicescarf","ability":"Technician","moves":["hiddenpowerrock","extrasensory","sludgebomb","gigadrain"],"nature":"Timid","evs":{"hp":0,"atk":0,"def":0,"spa":252,"spd":4,"spe":252},"ivs":{"hp":31,"atk":31,"def":30,"spa":31,"spd":30,"spe":30}},{"name":"Shiftry","species":"Shiftry","item":"lifeorb","ability":"Chlorophyll","moves":["fakeout","suckerpunch","knockoff","rockslide"],"nature":"Adamant","evs":{"hp":0,"atk":252,"def":0,"spa":0,"spd":4,"spe":252},"ivs":{"hp":31,"atk":31,"def":31,"spa":31,"spd":31,"spe":31}},{"name":"Ferrothorn","species":"Ferrothorn","item":"occaberry","ability":"Iron Barbs","moves":["stealthrock","thunderwave","knockoff","gyroball"],"nature":"Impish","evs":{"hp":252,"atk":0,"def":88,"spa":0,"spd":168,"spe":0},"ivs":{"hp":31,"atk":31,"def":31,"spa":31,"spd":31,"spe":31}},{"name":"Breloom","species":"Breloom","item":"focussash","ability":"Technician","moves":["spore","machpunch","bulletseed","rocktomb"],"nature":"Jolly","evs":{"hp":0,"atk":252,"def":0,"spa":0,"spd":4,"spe":252},"ivs":{"hp":31,"atk":31,"def":31,"spa":31,"spd":31,"spe":31}}],"p2team":[{"name":"Porunga","species":"dragonite","item":"weaknesspolicy","ability":"Multiscale","moves":["dragonclaw","dragondance","extremespeed","firepunch"],"nature":"Adamant","evs":{"hp":0,"atk":252,"def":0,"spa":0,"spd":4,"spe":252},"gender":"M","shiny":true,"ivs":{"hp":31,"atk":31,"def":31,"spa":31,"spd":31,"spe":31}},{"name":"Jupiter","species":"thundurus","item":"lifeorb","ability":"Prankster","moves":["taunt","thunderwave","thunderbolt","grassknot"],"nature":"Timid","evs":{"hp":0,"atk":0,"def":0,"spa":252,"spd":4,"spe":252},"shiny":true,"ivs":{"hp":31,"atk":31,"def":31,"spa":31,"spd":31,"spe":31}},{"name":"BIRD JESUS","species":"pidgeot","item":"pidgeotite","ability":"Big Pecks","moves":["heatwave","hurricane","protect","hiddenpowerground"],"nature":"Timid","evs":{"hp":0,"atk":0,"def":0,"spa":252,"spd":4,"spe":252},"gender":"M","ivs":{"hp":31,"atk":31,"def":31,"spa":30,"spd":30,"spe":31},"shiny":true},{"name":"BoneZ","species":"mandibuzz","item":"leftovers","ability":"Overcoat","moves":["foulplay","roost","toxic","defog"],"nature":"Bold","evs":{"hp":252,"atk":0,"def":252,"spa":0,"spd":4,"spe":0},"shiny":true,"ivs":{"hp":31,"atk":31,"def":31,"spa":31,"spd":31,"spe":31}},{"name":"Gaea","species":"landorus","item":"lifeorb","ability":"Sheer Force","moves":["earthpower","psychic","sludgewave","stealthrock"],"nature":"Timid","evs":{"hp":0,"atk":0,"def":0,"spa":252,"spd":4,"spe":252},"shiny":true,"ivs":{"hp":31,"atk":31,"def":31,"spa":31,"spd":31,"spe":31}},{"name":"Raptor","species":"staraptor","item":"choicescarf","ability":"Reckless","moves":["bravebird","closecombat","doubleedge","uturn"],"nature":"Jolly","evs":{"hp":0,"atk":252,"def":0,"spa":0,"spd":4,"spe":252},"gender":"M","shiny":true,"ivs":{"hp":31,"atk":31,"def":31,"spa":31,"spd":31,"spe":31}}],"log":["|player|p1|Suichika|265","|player|p2|Apex Salamence|1","|gametype|singles","|gen|6","|tier|Monotype","|rated","|rule|Baton Pass Clause: Limit one Baton Passer, can't pass Spe and other stats simultaneously","|rule|Swagger Clause: Swagger is banned","|rule|Same Type Clause: Pokémon in a team must share a type","|clearpoke","|poke|p1|Bellossom, M","|poke|p1|Abomasnow, F","|poke|p1|Roserade, F","|poke|p1|Shiftry, F","|poke|p1|Ferrothorn, F","|poke|p1|Breloom, M","|poke|p2|Dragonite, M, shiny","|poke|p2|Thundurus, M, shiny","|poke|p2|Pidgeot, M, shiny","|poke|p2|Mandibuzz, F, shiny","|poke|p2|Landorus, M, shiny","|poke|p2|Staraptor, M, shiny","|rule|Sleep Clause Mod: Limit one foe put to sleep","|rule|Species Clause: Limit one of each Pokémon","|rule|OHKO Clause: OHKO moves are banned","|rule|Moody Clause: Moody is banned","|rule|Evasion Moves Clause: Evasion moves are banned","|rule|Endless Battle Clause: Forcing endless battles is banned","|rule|HP Percentage Mod: HP is shown in percentages","|teampreview","|","|start","|switch|p1a: Ferrothorn|Ferrothorn, F|352/352","|switch|p2a: Jupiter|Thundurus, M, shiny|299/299","|turn|1","|","|move|p2a: Jupiter|Taunt|p1a: Ferrothorn","|-start|p1a: Ferrothorn|move: Taunt","|cant|p1a: Ferrothorn|move: Taunt|Stealth Rock","|","|turn|2","|","|move|p2a: Jupiter|Thunderbolt|p1a: Ferrothorn","|-resisted|p1a: Ferrothorn","|-damage|p1a: Ferrothorn|273/352","|-damage|p2a: Jupiter|270/299|[from] item: Life Orb","|move|p1a: Ferrothorn|Knock Off|p2a: Jupiter","|-damage|p2a: Jupiter|171/299","|-enditem|p2a: Jupiter|Life Orb|[from] move: Knock Off|[of] p1a: Ferrothorn","|","|turn|3","|","|move|p2a: Jupiter|Thunderbolt|p1a: Ferrothorn","|-resisted|p1a: Ferrothorn","|-damage|p1a: Ferrothorn|210/352","|move|p1a: Ferrothorn|Gyro Ball|p2a: Jupiter","|-resisted|p2a: Jupiter","|-damage|p2a: Jupiter|81/299","|","|-end|p1a: Ferrothorn|move: Taunt","|turn|4","|","|switch|p1a: Abomasnow|Abomasnow, F|383/383","|-weather|Hail","|move|p2a: Jupiter|Thunderbolt|p1a: Abomasnow","|-resisted|p1a: Abomasnow","|-damage|p1a: Abomasnow|296/383","|","|-weather|Hail|[upkeep]","|-damage|p2a: Jupiter|63/299|[from] hail","|turn|5","|","|detailschange|p1a: Abomasnow|Abomasnow-Mega, F","|-mega|p1a: Abomasnow|Abomasnow|Abomasite","|move|p2a: Jupiter|Thunderbolt|p1a: Abomasnow","|-resisted|p1a: Abomasnow","|-damage|p1a: Abomasnow|225/383","|-status|p1a: Abomasnow|par","|move|p1a: Abomasnow|Swords Dance|p1a: Abomasnow","|-boost|p1a: Abomasnow|atk|2","|","|-weather|Hail|[upkeep]","|-damage|p2a: Jupiter|45/299|[from] hail","|turn|6","|","|cant|p1a: Abomasnow|par","|move|p2a: Jupiter|Thunderbolt|p1a: Abomasnow","|-resisted|p1a: Abomasnow","|-damage|p1a: Abomasnow|146/383 par","|","|-weather|Hail|[upkeep]","|-damage|p2a: Jupiter|27/299|[from] hail","|turn|7","|","|cant|p1a: Abomasnow|par","|move|p2a: Jupiter|Thunderbolt|p1a: Abomasnow","|-resisted|p1a: Abomasnow","|-damage|p1a: Abomasnow|70/383 par","|","|-weather|Hail|[upkeep]","|-damage|p2a: Jupiter|9/299|[from] hail","|turn|8","|","|cant|p1a: Abomasnow|par","|move|p2a: Jupiter|Thunderbolt|p1a: Abomasnow","|-resisted|p1a: Abomasnow","|-damage|p1a: Abomasnow|0 fnt","|faint|p1a: Abomasnow","|","|-weather|none","|","|switch|p1a: Breloom|Breloom, M|261/261","|turn|9","|","|move|p1a: Breloom|Mach Punch|p2a: Jupiter","|-resisted|p2a: Jupiter","|-damage|p2a: Jupiter|0 fnt","|faint|p2a: Jupiter","|","|","|switch|p2a: BIRD JESUS|Pidgeot, M, shiny|307/307","|turn|10","|","|switch|p1a: Ferrothorn|Ferrothorn, F|210/352","|detailschange|p2a: BIRD JESUS|Pidgeot-Mega, M, shiny","|-mega|p2a: BIRD JESUS|Pidgeot|Pidgeotite","|move|p2a: BIRD JESUS|Protect|p2a: BIRD JESUS","|-fail|p2a: BIRD JESUS","|","|turn|11","|","|move|p2a: BIRD JESUS|Heat Wave|p1a: Ferrothorn","|-supereffective|p1a: Ferrothorn","|-enditem|p1a: Ferrothorn|Occa Berry|[eat]","|-damage|p1a: Ferrothorn|32/352","|move|p1a: Ferrothorn|Thunder Wave|p2a: BIRD JESUS","|-status|p2a: BIRD JESUS|par","|","|turn|12","|","|cant|p2a: BIRD JESUS|par","|move|p1a: Ferrothorn|Stealth Rock|p2a: BIRD JESUS","|-sidestart|p2: Apex Salamence|move: Stealth Rock","|","|turn|13","|","|move|p2a: BIRD JESUS|Hurricane|p1a: Ferrothorn","|-damage|p1a: Ferrothorn|0 fnt","|faint|p1a: Ferrothorn","|","|","|switch|p1a: Bellossom|Bellossom, M|314/314","|turn|14","|","|move|p1a: Bellossom|Moonblast|p2a: BIRD JESUS","|-damage|p2a: BIRD JESUS|138/307 par","|move|p2a: BIRD JESUS|Hurricane|p1a: Bellossom","|-supereffective|p1a: Bellossom","|-damage|p1a: Bellossom|0 fnt","|faint|p1a: Bellossom","|","|","|switch|p1a: Breloom|Breloom, M|261/261","|turn|15","|","|move|p1a: Breloom|Rock Tomb|p2a: BIRD JESUS","|-supereffective|p2a: BIRD JESUS","|-damage|p2a: BIRD JESUS|0 fnt","|faint|p2a: BIRD JESUS","|","|","|switch|p2a: Raptor|Staraptor, M, shiny|311/311","|-damage|p2a: Raptor|234/311|[from] Stealth Rock","|turn|16","|","|move|p2a: Raptor|Brave Bird|p1a: Breloom","|-supereffective|p1a: Breloom","|-enditem|p1a: Breloom|Focus Sash","|-damage|p1a: Breloom|1/261","|-damage|p2a: Raptor|148/311|[from] recoil|[of] p1a: Breloom","|move|p1a: Breloom|Rock Tomb|p2a: Raptor","|-supereffective|p2a: Raptor","|-damage|p2a: Raptor|0 fnt","|faint|p2a: Raptor","|","|","|switch|p2a: BoneZ|Mandibuzz, F, shiny|424/424","|-damage|p2a: BoneZ|318/424|[from] Stealth Rock","|turn|17","|","|move|p1a: Breloom|Rock Tomb|p2a: BoneZ","|-supereffective|p2a: BoneZ","|-damage|p2a: BoneZ|166/424","|-unboost|p2a: BoneZ|spe|1","|move|p2a: BoneZ|Defog|p1a: Breloom","|-unboost|p1a: Breloom|evasion|1","|-sideend|p2: Apex Salamence|Stealth Rock|[from] move: Defog|[of] p2a: BoneZ","|","|-heal|p2a: BoneZ|192/424|[from] item: Leftovers","|turn|18","|","|move|p1a: Breloom|Rock Tomb|p2a: BoneZ","|-supereffective|p2a: BoneZ","|-damage|p2a: BoneZ|38/424","|-unboost|p2a: BoneZ|spe|1","|move|p2a: BoneZ|Foul Play|p1a: Breloom","|-resisted|p1a: Breloom","|-damage|p1a: Breloom|0 fnt","|faint|p1a: Breloom","|","|-heal|p2a: BoneZ|64/424|[from] item: Leftovers","|","|switch|p1a: Roserade|Roserade, F|261/261","|turn|19","|","|move|p1a: Roserade|Hidden Power|p2a: BoneZ","|-supereffective|p2a: BoneZ","|-damage|p2a: BoneZ|0 fnt","|faint|p2a: BoneZ","|","|","|switch|p2a: Gaea|Landorus, M, shiny|319/319","|turn|20","|","|move|p1a: Roserade|Hidden Power|p2a: Gaea","|-damage|p2a: Gaea|203/319","|move|p2a: Gaea|Psychic|p1a: Roserade","|-supereffective|p1a: Roserade","|-damage|p1a: Roserade|0 fnt","|faint|p1a: Roserade","|","|","|switch|p1a: Shiftry|Shiftry, F|321/321","|turn|21","|","|move|p1a: Shiftry|Fake Out|p2a: Gaea","|-damage|p2a: Gaea|141/319","|-damage|p1a: Shiftry|289/321|[from] item: Life Orb","|cant|p2a: Gaea|flinch","|","|turn|22","|","|move|p1a: Shiftry|Sucker Punch|p2a: Gaea","|-damage|p2a: Gaea|0 fnt","|-damage|p1a: Shiftry|257/321|[from] item: Life Orb","|faint|p2a: Gaea","|","|","|switch|p2a: Porunga|Dragonite, M, shiny|323/323","|turn|23","|","|move|p2a: Porunga|Dragon Dance|p2a: Porunga","|-boost|p2a: Porunga|atk|1","|-boost|p2a: Porunga|spe|1","|move|p1a: Shiftry|Knock Off|p2a: Porunga","|-damage|p2a: Porunga|220/323","|-enditem|p2a: Porunga|Weakness Policy|[from] move: Knock Off|[of] p1a: Shiftry","|-damage|p1a: Shiftry|225/321|[from] item: Life Orb","|","|turn|24","|","|move|p2a: Porunga|Fire Punch|p1a: Shiftry","|-supereffective|p1a: Shiftry","|-damage|p1a: Shiftry|0 fnt","|faint|p1a: Shiftry","|","|win|Apex Salamence"],"p1rating":{"entryid":"158116","serverid":"eos","formatid":"monotype","userid":"suichika","username":"Suichika","w":"1","l":6,"t":"0","gxe":35.3,"r":"1397.9507165891","rd":"99.397110185641","sigma":"0","rptime":"1440147600","rpr":1382.1053984013,"rprd":96.266150737427,"rpsigma":"0","acre":1000,"lacre":1000,"oldacre":"1000.9335814035"},"p2rating":{"entryid":"1755","serverid":"eos","formatid":"monotype","userid":"apexsalamence","username":"Apex Salamence","w":24,"l":"17","t":"0","gxe":58.8,"r":"1545.1960980953","rd":"69.032897888715","sigma":"0","rptime":"1440147600","rpr":1567.6965854881,"rprd":53.095598829219,"rpsigma":"0","acre":1196.6442334403,"lacre":1196.6442334403,"oldacre":"1183.7031930265"},"endType":"normal"}