{"seed":[38841,56933,29074,50260],"turns":39,"p1":"GTX Ozwera","p2":"Void Wiley","p1team":[{"name":"Deoxys-Defense","species":"Deoxys-Defense","item":"mentalherb","ability":"Pressure","moves":["thunderwave","spikes","stealthrock","taunt"],"nature":"Timid","evs":{"hp":252,"atk":0,"def":4,"spa":0,"spd":0,"spe":252},"ivs":{"hp":31,"atk":0,"def":31,"spa":31,"spd":31,"spe":31}},{"name":"Jirachi","species":"Jirachi","item":"choicescarf","ability":"Serene Grace","moves":["thunderwave","trick","healingwish","ironhead"],"nature":"Jolly","evs":{"hp":0,"atk":252,"def":0,"spa":0,"spd":4,"spe":252},"ivs":{"hp":31,"atk":31,"def":31,"spa":31,"spd":31,"spe":31}},{"name":"Slowbro","species":"Slowbro","item":"rockyhelmet","ability":"Regenerator","moves":["slackoff","flamethrower","scald","thunderwave"],"nature":"Bold","evs":{"hp":252,"atk":0,"def":252,"spa":4,"spd":0,"spe":0},"ivs":{"hp":31,"atk":0,"def":31,"spa":31,"spd":31,"spe":31}},{"name":"Gardevoir","species":"Gardevoir","item":"gardevoirite","ability":"Trace","moves":["hypervoice","psyshock","focusblast","substitute"],"nature":"Timid","evs":{"hp":0,"atk":0,"def":24,"spa":232,"spd":0,"spe":252},"ivs":{"hp":31,"atk":0,"def":31,"spa":31,"spd":31,"spe":31}},{"name":"Victini","species":"Victini","item":"choiceband","ability":"Victory Star","moves":["vcreate","uturn","boltstrike","zenheadbutt"],"nature":"Adamant","evs":{"hp":0,"atk":252,"def":0,"spa":0,"spd":4,"spe":252},"ivs":{"hp":31,"atk":31,"def":31,"spa":31,"spd":31,"spe":31}},{"name":"Meloetta","species":"Meloetta","item":"assaultvest","ability":"Serene Grace","moves":["energyball","psyshock","focusblast","shadowball"],"nature":"Modest","evs":{"hp":248,"atk":0,"def":0,"spa":252,"spd":8,"spe":0},"ivs":{"hp":31,"atk":0,"def":31,"spa":31,"spd":31,"spe":31}}],"p2team":[{"name":"Tuba","species":"slurpuff","item":"sitrusberry","ability":"Unburden","moves":["bellydrum","drainpunch","playrough","aromatherapy"],"nature":"Jolly","evs":{"hp":4,"atk":252,"def":0,"spa":0,"spd":0,"spe":252},"ivs":{"hp":31,"atk":31,"def":31,"spa":31,"spd":31,"spe":31}},{"name":"Clarinet","species":"azumarill","item":"sitrusberry","ability":"Huge Power","moves":["bellydrum","aquajet","brickbreak","playrough"],"nature":"Adamant","evs":{"hp":252,"atk":252,"def":0,"spa":0,"spd":4,"spe":0},"ivs":{"hp":31,"atk":31,"def":31,"spa":31,"spd":31,"spe":31}},{"name":"Flute","species":"gardevoir","item":"gardevoirite","ability":"Synchronize","moves":["psyshock","hypervoice","energyball","focusblast"],"nature":"Timid","evs":{"hp":4,"atk":0,"def":0,"spa":252,"spd":0,"spe":252},"ivs":{"hp":31,"atk":31,"def":31,"spa":31,"spd":31,"spe":31}},{"name":"Alto","species":"togekiss","item":"choicescarf","ability":"Serene Grace","moves":["airslash","flamethrower","aurasphere","dazzlinggleam"],"nature":"Timid","evs":{"hp":0,"atk":0,"def":0,"spa":252,"spd":4,"spe":252},"ivs":{"hp":31,"atk":31,"def":31,"spa":31,"spd":31,"spe":31}},{"name":"Sax","species":"klefki","item":"lightclay","ability":"Prankster","moves":["thunderwave","lightscreen","reflect","foulplay"],"nature":"Bold","evs":{"hp":248,"atk":0,"def":252,"spa":0,"spd":8,"spe":0},"ivs":{"hp":31,"atk":31,"def":31,"spa":31,"spd":31,"spe":31}},{"name":"Trumpet","species":"sylveon","item":"leftovers","ability":"Pixilate","moves":["hypervoice","wish","protect","calmmind"],"nature":"Bold","evs":{"hp":252,"atk":0,"def":252,"spa":4,"spd":0,"spe":0},"ivs":{"hp":31,"atk":31,"def":31,"spa":31,"spd":31,"spe":31}}],"log":["|player|p1|GTX Ozwera|1","|player|p2|Void Wiley|voidwiley.png","|gametype|singles","|gen|6","|tier|Monotype","|rated","|rule|Baton Pass Clause: Limit one Baton Passer, can't pass Spe and other stats simultaneously","|rule|Swagger Clause: Swagger is banned","|rule|Same Type Clause: Pokémon in a team must share a type","|clearpoke","|poke|p1|Deoxys-Defense","|poke|p1|Jirachi","|poke|p1|Slowbro, F","|poke|p1|Gardevoir, F","|poke|p1|Victini","|poke|p1|Meloetta","|poke|p2|Slurpuff, F","|poke|p2|Azumarill, M","|poke|p2|Gardevoir, M","|poke|p2|Togekiss, M","|poke|p2|Klefki, M","|poke|p2|Sylveon, M","|rule|Sleep Clause Mod: Limit one foe put to sleep","|rule|Species Clause: Limit one of each Pokémon","|rule|OHKO Clause: OHKO moves are banned","|rule|Moody Clause: Moody is banned","|rule|Evasion Moves Clause: Evasion moves are banned","|rule|Endless Battle Clause: Forcing endless battles is banned","|rule|HP Percentage Mod: HP is shown in percentages","|teampreview","|","|start","|switch|p1a: Deoxys-Defense|Deoxys-Defense|304/304","|switch|p2a: Flute|Gardevoir, M|278/278","|-ability|p1a: Deoxys-Defense|Pressure","|turn|1","|","|detailschange|p2a: Flute|Gardevoir-Mega, M","|-mega|p2a: Flute|Gardevoir|Gardevoirite","|move|p1a: Deoxys-Defense|Thunder Wave|p2a: Flute","|-status|p2a: Flute|par","|move|p2a: Flute|Hyper Voice|p1a: Deoxys-Defense","|-damage|p1a: Deoxys-Defense|145/304","|","|turn|2","|","|move|p1a: Deoxys-Defense|Stealth Rock|p2a: Flute","|-sidestart|p2: Void Wiley|move: Stealth Rock","|move|p2a: Flute|Hyper Voice|p1a: Deoxys-Defense","|-damage|p1a: Deoxys-Defense|0 fnt","|faint|p1a: Deoxys-Defense","|","|","|switch|p1a: Jirachi|Jirachi|341/341","|turn|3","|","|switch|p2a: Sax|Klefki, M|317/317","|-damage|p2a: Sax|298/317|[from] Stealth Rock","|move|p1a: Jirachi|Iron Head|p2a: Sax","|-damage|p2a: Sax|205/317","|","|turn|4","|","|switch|p1a: Victini|Victini|341/341","|move|p2a: Sax|Thunder Wave|p1a: Victini","|-status|p1a: Victini|par","|","|turn|5","|","|switch|p2a: Clarinet|Azumarill, M|404/404","|-damage|p2a: Clarinet|354/404|[from] Stealth Rock","|move|p1a: Victini|V-create|p2a: Clarinet","|-resisted|p2a: Clarinet","|-damage|p2a: Clarinet|106/404","|-unboost|p1a: Victini|spe|1","|-unboost|p1a: Victini|def|1","|-unboost|p1a: Victini|spd|1","|-enditem|p2a: Clarinet|Sitrus Berry|[eat]","|-heal|p2a: Clarinet|207/404|[from] item: Sitrus Berry","|","|turn|6","|","|move|p2a: Clarinet|Aqua Jet|p1a: Victini","|-supereffective|p1a: Victini","|-damage|p1a: Victini|83/341 par","|move|p1a: Victini|V-create|p2a: Clarinet","|-resisted|p2a: Clarinet","|-damage|p2a: Clarinet|0 fnt","|-unboost|p1a: Victini|spe|1","|-unboost|p1a: Victini|def|1","|-unboost|p1a: Victini|spd|1","|faint|p2a: Clarinet","|","|","|switch|p2a: Alto|Togekiss, M|311/311","|-damage|p2a: Alto|234/311|[from] Stealth Rock","|turn|7","|","|move|p2a: Alto|Air Slash|p1a: Victini","|-damage|p1a: Victini|0 fnt","|faint|p1a: Victini","|","|","|switch|p1a: Jirachi|Jirachi|341/341","|turn|8","|","|switch|p2a: Sax|Klefki, M|205/317","|-damage|p2a: Sax|186/317|[from] Stealth Rock","|move|p1a: Jirachi|Trick|p2a: Sax","|-activate|p1a: Jirachi|move: Trick|[of] p2a: Sax","|-item|p2a: Sax|Choice Scarf|[from] move: Trick","|-item|p1a: Jirachi|Light Clay|[from] move: Trick","|","|turn|9","|","|switch|p1a: Slowbro|Slowbro, F|394/394","|move|p2a: Sax|Thunder Wave|p1a: Slowbro","|-status|p1a: Slowbro|par","|","|turn|10","|","|switch|p2a: Flute|Gardevoir-Mega, M|278/278 par","|-damage|p2a: Flute|244/278 par|[from] Stealth Rock","|move|p1a: Slowbro|Thunder Wave|p2a: Flute","|-fail|p2a: Flute|par","|","|turn|11","|","|cant|p2a: Flute|par","|move|p1a: Slowbro|Flamethrower|p2a: Flute","|-damage|p2a: Flute|187/278 par","|","|turn|12","|","|move|p2a: Flute|Hyper Voice|p1a: Slowbro","|-damage|p1a: Slowbro|99/394 par","|move|p1a: Slowbro|Scald|p2a: Flute","|-damage|p2a: Flute|114/278 par","|","|turn|13","|","|switch|p1a: Jirachi|Jirachi|341/341","|cant|p2a: Flute|par","|","|turn|14","|","|move|p1a: Jirachi|Iron Head|p2a: Flute","|-supereffective|p2a: Flute","|-damage|p2a: Flute|0 fnt","|faint|p2a: Flute","|","|","|switch|p2a: Sax|Klefki, M|186/317","|-damage|p2a: Sax|167/317|[from] Stealth Rock","|turn|15","|","|switch|p1a: Slowbro|Slowbro, F|230/394 par","|move|p2a: Sax|Foul Play|p1a: Slowbro","|-supereffective|p1a: Slowbro","|-damage|p1a: Slowbro|172/394 par","|-damage|p2a: Sax|115/317|[from] item: Rocky Helmet|[of] p1a: Slowbro","|","|turn|16","|","|move|p2a: Sax|Foul Play|p1a: Slowbro","|-supereffective|p1a: Slowbro","|-damage|p1a: Slowbro|110/394 par","|-damage|p2a: Sax|63/317|[from] item: Rocky Helmet|[of] p1a: Slowbro","|cant|p1a: Slowbro|par","|","|turn|17","|","|switch|p1a: Gardevoir|Gardevoir, F|277/277","|-ability|p1a: Gardevoir|Prankster|[from] ability: Trace|[of] p2a: Sax","|move|p2a: Sax|Foul Play|p1a: Gardevoir","|-damage|p1a: Gardevoir|222/277","|","|turn|18","|","|detailschange|p1a: Gardevoir|Gardevoir-Mega, F","|-mega|p1a: Gardevoir|Gardevoir|Gardevoirite","|move|p1a: Gardevoir|Hyper Voice|p2a: Sax","|-resisted|p2a: Sax","|-damage|p2a: Sax|0 fnt","|faint|p2a: Sax","|","|","|switch|p2a: Alto|Togekiss, M|234/311","|-damage|p2a: Alto|157/311|[from] Stealth Rock","|turn|19","|","|move|p2a: Alto|Air Slash|p1a: Gardevoir","|-damage|p1a: Gardevoir|123/277","|cant|p1a: Gardevoir|flinch","|","|turn|20","|","|move|p2a: Alto|Air Slash|p1a: Gardevoir","|-damage|p1a: Gardevoir|33/277","|cant|p1a: Gardevoir|flinch","|","|turn|21","|","|move|p2a: Alto|Air Slash|p1a: Gardevoir","|-damage|p1a: Gardevoir|0 fnt","|faint|p1a: Gardevoir","|","|","|switch|p1a: Slowbro|Slowbro, F|241/394 par","|turn|22","|","|move|p2a: Alto|Air Slash|p1a: Slowbro","|-damage|p1a: Slowbro|91/394 par","|cant|p1a: Slowbro|flinch","|","|turn|23","|","|move|p2a: Alto|Air Slash|p1a: Slowbro","|-damage|p1a: Slowbro|0 fnt","|faint|p1a: Slowbro","|","|","|switch|p1a: Meloetta|Meloetta|403/403","|turn|24","|","|move|p2a: Alto|Air Slash|p1a: Meloetta","|-damage|p1a: Meloetta|331/403","|move|p1a: Meloetta|Psyshock|p2a: Alto","|-damage|p2a: Alto|7/311","|","|turn|25","|","|move|p2a: Alto|Air Slash|p1a: Meloetta","|-damage|p1a: Meloetta|261/403","|cant|p1a: Meloetta|flinch","|","|turn|26","|","|move|p2a: Alto|Air Slash|p1a: Meloetta","|-damage|p1a: Meloetta|191/403","|cant|p1a: Meloetta|flinch","|","|turn|27","|","|move|p2a: Alto|Air Slash|p1a: Meloetta","|-damage|p1a: Meloetta|116/403","|cant|p1a: Meloetta|flinch","|","|turn|28","|","|move|p2a: Alto|Air Slash|p1a: Meloetta","|-damage|p1a: Meloetta|52/403","|cant|p1a: Meloetta|flinch","|","|turn|29","|","|move|p2a: Alto|Air Slash|p1a: Meloetta","|-damage|p1a: Meloetta|0 fnt","|faint|p1a: Meloetta","|","|","|switch|p1a: Jirachi|Jirachi|341/341","|turn|30","|","|move|p2a: Alto|Air Slash|p1a: Jirachi","|-resisted|p1a: Jirachi","|-damage|p1a: Jirachi|273/341","|cant|p1a: Jirachi|flinch","|","|turn|31","|","|move|p2a: Alto|Air Slash|p1a: Jirachi","|-resisted|p1a: Jirachi","|-damage|p1a: Jirachi|208/341","|cant|p1a: Jirachi|flinch","|","|turn|32","|","|move|p2a: Alto|Air Slash|p1a: Jirachi","|-resisted|p1a: Jirachi","|-damage|p1a: Jirachi|145/341","|cant|p1a: Jirachi|flinch","|","|turn|33","|","|move|p2a: Alto|Air Slash|p1a: Jirachi","|-resisted|p1a: Jirachi","|-damage|p1a: Jirachi|82/341","|move|p1a: Jirachi|Thunder Wave|p2a: Alto","|-status|p2a: Alto|par","|","|turn|34","|","|move|p1a: Jirachi|Iron Head|p2a: Alto","|-supereffective|p2a: Alto","|-damage|p2a: Alto|0 fnt","|faint|p2a: Alto","|","|","|switch|p2a: Tuba|Slurpuff, F|306/306","|-damage|p2a: Tuba|268/306|[from] Stealth Rock","|turn|35","|","|move|p1a: Jirachi|Iron Head|p2a: Tuba","|-supereffective|p2a: Tuba","|-damage|p2a: Tuba|0 fnt","|faint|p2a: Tuba","|","|","|switch|p2a: Trumpet|Sylveon, M|394/394","|-damage|p2a: Trumpet|345/394|[from] Stealth Rock","|turn|36","|","|move|p2a: Trumpet|Protect|p2a: Trumpet","|-singleturn|p2a: Trumpet|Protect","|move|p1a: Jirachi|Iron Head|p2a: Trumpet","|-activate|p2a: Trumpet|Protect","|","|-heal|p2a: Trumpet|369/394|[from] item: Leftovers","|turn|37","|","|move|p1a: Jirachi|Iron Head|p2a: Trumpet","|-supereffective|p2a: Trumpet","|-damage|p2a: Trumpet|133/394","|cant|p2a: Trumpet|flinch","|","|-heal|p2a: Trumpet|157/394|[from] item: Leftovers","|turn|38","|","|move|p2a: Trumpet|Protect|p2a: Trumpet","|-singleturn|p2a: Trumpet|Protect","|move|p1a: Jirachi|Iron Head|p2a: Trumpet","|-activate|p2a: Trumpet|Protect","|","|-heal|p2a: Trumpet|181/394|[from] item: Leftovers","|turn|39","|","|move|p2a: Trumpet|Protect|p2a: Trumpet","|-fail|p2a: Trumpet","|move|p1a: Jirachi|Iron Head|p2a: Trumpet","|-supereffective|p2a: Trumpet","|-damage|p2a: Trumpet|0 fnt","|faint|p2a: Trumpet","|","|win|GTX Ozwera"],"p1rating":{"entryid":224703,"formatid":"monotype","userid":"gtxozwera","username":"GTX Ozwera","r":1500,"rd":130,"sigma":0,"rpr":1547.3842582361,"rprd":122.4174269398,"rpsigma":0,"rptime":1440061200,"w":1,"l":0,"t":0,"gxe":55.9,"acre":1064.8803954702,"lacre":1064.8803954702,"oldacre":1000},"p2rating":{"entryid":"91212","serverid":"eos","formatid":"monotype","userid":"voidwiley","username":"Void Wiley","w":"17","l":7,"t":"0","gxe":66.5,"r":"1550.4033229907","rd":"86.298459960567","sigma":"0","rptime":"1440061200","rpr":1631.0322649209,"rprd":66.377317248692,"rpsigma":"0","acre":1212.4789754483,"lacre":1212.4789754483,"oldacre":"1253.0292226172"},"endType":"normal"}