{"seed":[35704,22043,17438,14688],"turns":24,"p1":"Praingel&cena","p2":"Crystal Mafetan","p1team":[{"name":"Meloetta","species":"Meloetta","item":"leftovers","ability":"Serene Grace","moves":["rest","snore","chargebeam","psychic"],"nature":"Modest","evs":{"hp":252,"atk":0,"def":0,"spa":252,"spd":4,"spe":0},"ivs":{"hp":31,"atk":31,"def":31,"spa":31,"spd":31,"spe":31}},{"name":"Diggersby","species":"Diggersby","item":"choiceband","ability":"Huge Power","moves":["quickattack","earthquake","knockoff","hammerarm"],"nature":"Lonely","evs":{"hp":248,"atk":252,"def":0,"spa":8,"spd":0,"spe":0},"ivs":{"hp":31,"atk":31,"def":31,"spa":31,"spd":31,"spe":31}},{"name":"Audino","species":"Audino","item":"audinite","ability":"Regenerator","moves":["healbell","blizzard","calmmind","dazzlinggleam"],"nature":"Modest","evs":{"hp":248,"atk":0,"def":0,"spa":252,"spd":8,"spe":0},"ivs":{"hp":31,"atk":31,"def":31,"spa":31,"spd":31,"spe":31}},{"name":"Cinccino","species":"Cinccino","item":"lifeorb","ability":"Skill Link","moves":["bulletseed","tailslap","rockblast","knockoff"],"nature":"Jolly","evs":{"hp":0,"atk":252,"def":0,"spa":0,"spd":4,"spe":252},"ivs":{"hp":31,"atk":31,"def":31,"spa":31,"spd":31,"spe":31}},{"name":"Miltank","species":"Miltank","item":"assaultvest","ability":"Sap Sipper","moves":["bodyslam","icepunch","poweruppunch","earthquake"],"nature":"Jolly","evs":{"hp":0,"atk":252,"def":0,"spa":0,"spd":4,"spe":252},"ivs":{"hp":31,"atk":31,"def":31,"spa":31,"spd":31,"spe":31}},{"name":"Ambipom","species":"Ambipom","item":"lifeorb","ability":"Technician","moves":["fakeout","aerialace","brickbreak","payback"],"nature":"Jolly","evs":{"hp":0,"atk":252,"def":0,"spa":0,"spd":4,"spe":252},"ivs":{"hp":31,"atk":31,"def":31,"spa":31,"spd":31,"spe":31}}],"p2team":[{"name":"Snuffaluffagus","species":"mamoswine","item":"leftovers","ability":"Snow Cloak","moves":["earthquake","ironhead","stealthrock","attract"],"nature":"Jolly","evs":{"hp":252,"atk":128,"def":0,"spa":0,"spd":0,"spe":128},"gender":"F","ivs":{"hp":31,"atk":31,"def":31,"spa":31,"spd":31,"spe":31}},{"name":"Snow Peas","species":"abomasnow","item":"abomasite","ability":"Snow Warning","moves":["leechseed","toxic","gigadrain","icebeam"],"nature":"Modest","evs":{"hp":200,"atk":0,"def":0,"spa":108,"spd":200,"spe":0},"gender":"M","shiny":true,"ivs":{"hp":31,"atk":31,"def":31,"spa":31,"spd":31,"spe":31}},{"name":"Watermelon","species":"rotomfrost","item":"leftovers","ability":"Levitate","moves":["voltswitch","willowisp","painsplit","blizzard"],"nature":"Modest","evs":{"hp":248,"atk":0,"def":0,"spa":8,"spd":252,"spe":0},"shiny":true,"ivs":{"hp":31,"atk":31,"def":31,"spa":31,"spd":31,"spe":31}},{"name":"Clitoris","species":"cloyster","item":"focussash","ability":"Skill Link","moves":["shellsmash","rockblast","iciclespear","razorshell"],"nature":"Jolly","evs":{"hp":0,"atk":252,"def":0,"spa":0,"spd":0,"spe":252},"gender":"F","ivs":{"hp":31,"atk":31,"def":31,"spa":31,"spd":31,"spe":31}},{"name":"PopGoesTheWeasel","species":"weavile","item":"leftovers","ability":"Pressure","moves":["fakeout","knockoff","icepunch","poweruppunch"],"nature":"Adamant","evs":{"hp":0,"atk":252,"def":0,"spa":0,"spd":4,"spe":252},"gender":"M","shiny":true,"ivs":{"hp":31,"atk":31,"def":31,"spa":31,"spd":31,"spe":31}},{"name":"Frostbite","species":"glaceon","item":"leftovers","ability":"Ice Body","moves":["healbell","wish","shadowball","signalbeam"],"nature":"Modest","evs":{"hp":248,"atk":0,"def":252,"spa":8,"spd":0,"spe":0},"gender":"F","shiny":true,"ivs":{"hp":31,"atk":31,"def":31,"spa":31,"spd":31,"spe":31}}],"log":["|player|p1|Praingel&cena|2","|player|p2|Crystal Mafetan|199","|gametype|singles","|gen|6","|tier|Monotype","|rated","|rule|Baton Pass Clause: Limit one Baton Passer, can't pass Spe and other stats simultaneously","|rule|Swagger Clause: Swagger is banned","|rule|Same Type Clause: Pokémon in a team must share a type","|clearpoke","|poke|p1|Meloetta","|poke|p1|Diggersby, M","|poke|p1|Audino, F","|poke|p1|Cinccino, M","|poke|p1|Miltank, F","|poke|p1|Ambipom, F","|poke|p2|Mamoswine, F","|poke|p2|Abomasnow, M, shiny","|poke|p2|Rotom-Frost, shiny","|poke|p2|Cloyster, F","|poke|p2|Weavile, M, shiny","|poke|p2|Glaceon, F, shiny","|rule|Sleep Clause Mod: Limit one foe put to sleep","|rule|Species Clause: Limit one of each Pokémon","|rule|OHKO Clause: OHKO moves are banned","|rule|Moody Clause: Moody is banned","|rule|Evasion Moves Clause: Evasion moves are banned","|rule|Endless Battle Clause: Forcing endless battles is banned","|rule|HP Percentage Mod: HP is shown in percentages","|teampreview","|","|start","|switch|p1a: Miltank|Miltank, F|331/331","|switch|p2a: Snuffaluffagus|Mamoswine, F|424/424","|turn|1","|","|move|p1a: Miltank|Power-Up Punch|p2a: Snuffaluffagus","|-supereffective|p2a: Snuffaluffagus","|-damage|p2a: Snuffaluffagus|344/424","|-boost|p1a: Miltank|atk|1","|move|p2a: Snuffaluffagus|Stealth Rock|p1a: Miltank","|-sidestart|p1: Praingel&cena|move: Stealth Rock","|","|-heal|p2a: Snuffaluffagus|370/424|[from] item: Leftovers","|turn|2","|","|switch|p2a: Clitoris|Cloyster, F|241/241","|move|p1a: Miltank|Power-Up Punch|p2a: Clitoris","|-supereffective|p2a: Clitoris","|-damage|p2a: Clitoris|177/241","|-boost|p1a: Miltank|atk|1","|","|turn|3","|","|move|p1a: Miltank|Body Slam|p2a: Clitoris","|-damage|p2a: Clitoris|38/241","|-status|p2a: Clitoris|par","|move|p2a: Clitoris|Icicle Spear|p1a: Miltank","|-damage|p1a: Miltank|294/331","|-damage|p1a: Miltank|255/331","|-damage|p1a: Miltank|221/331","|-damage|p1a: Miltank|188/331","|-damage|p1a: Miltank|154/331","|-hitcount|p1a: Miltank|5","|","|turn|4","|","|move|p1a: Miltank|Body Slam|p2a: Clitoris","|-damage|p2a: Clitoris|0 fnt","|faint|p2a: Clitoris","|","|","|switch|p2a: Frostbite|Glaceon, F, shiny|333/333","|turn|5","|","|move|p1a: Miltank|Body Slam|p2a: Frostbite","|-damage|p2a: Frostbite|177/333","|move|p2a: Frostbite|Wish|p2a: Frostbite","|","|-heal|p2a: Frostbite|197/333|[from] item: Leftovers","|turn|6","|","|move|p1a: Miltank|Power-Up Punch|p2a: Frostbite","|-supereffective|p2a: Frostbite","|-damage|p2a: Frostbite|93/333","|-boost|p1a: Miltank|atk|1","|move|p2a: Frostbite|Signal Beam|p1a: Miltank","|-damage|p1a: Miltank|87/331","|-start|p1a: Miltank|confusion","|","|-heal|p2a: Frostbite|259/333|[from] move: Wish|[wisher] Frostbite","|-heal|p2a: Frostbite|279/333|[from] item: Leftovers","|turn|7","|","|-activate|p1a: Miltank|confusion","|-damage|p1a: Miltank|2/331|[from] confusion","|move|p2a: Frostbite|Signal Beam|p1a: Miltank","|-damage|p1a: Miltank|0 fnt","|faint|p1a: Miltank","|","|-heal|p2a: Frostbite|299/333|[from] item: Leftovers","|","|switch|p1a: Diggersby|Diggersby, M|373/373","|-damage|p1a: Diggersby|350/373|[from] Stealth Rock","|turn|8","|","|switch|p2a: PopGoesTheWeasel|Weavile, M, shiny|281/281","|-ability|p2a: PopGoesTheWeasel|Pressure","|move|p1a: Diggersby|Hammer Arm|p2a: PopGoesTheWeasel","|-supereffective|p2a: PopGoesTheWeasel","|-damage|p2a: PopGoesTheWeasel|0 fnt","|-unboost|p1a: Diggersby|spe|1","|faint|p2a: PopGoesTheWeasel","|","|","|switch|p2a: Watermelon|Rotom-Frost, shiny|303/303","|turn|9","|","|switch|p1a: Audino|Audino, F|409/409","|-damage|p1a: Audino|358/409|[from] Stealth Rock","|move|p2a: Watermelon|Will-O-Wisp|p1a: Audino","|-status|p1a: Audino|brn","|","|-damage|p1a: Audino|307/409 brn|[from] brn","|turn|10","|","|detailschange|p1a: Audino|Audino-Mega, F","|-mega|p1a: Audino|Audino|Audinite","|move|p2a: Watermelon|Blizzard|p1a: Audino","|-miss|p2a: Watermelon|p1a: Audino","|move|p1a: Audino|Calm Mind|p1a: Audino","|-boost|p1a: Audino|spa|1","|-boost|p1a: Audino|spd|1","|","|-damage|p1a: Audino|256/409 brn|[from] brn","|turn|11","|","|switch|p2a: Snow Peas|Abomasnow, M, shiny|371/371","|-weather|Hail","|move|p1a: Audino|Dazzling Gleam|p2a: Snow Peas","|-crit|p2a: Snow Peas","|-damage|p2a: Snow Peas|127/371","|","|-weather|Hail|[upkeep]","|-damage|p1a: Audino|231/409 brn|[from] hail","|-damage|p1a: Audino|180/409 brn|[from] brn","|turn|12","|","|detailschange|p2a: Snow Peas|Abomasnow-Mega, M, shiny","|-mega|p2a: Snow Peas|Abomasnow|Abomasite","|move|p2a: Snow Peas|Leech Seed|p1a: Audino","|-start|p1a: Audino|move: Leech Seed","|move|p1a: Audino|Dazzling Gleam|p2a: Snow Peas","|-damage|p2a: Snow Peas|0 fnt","|faint|p2a: Snow Peas","|","|-weather|Hail|[upkeep]","|-damage|p1a: Audino|155/409 brn|[from] hail","|-damage|p1a: Audino|104/409 brn|[from] brn","|","|switch|p2a: Snuffaluffagus|Mamoswine, F|370/424","|turn|13","|","|move|p2a: Snuffaluffagus|Iron Head|p1a: Audino","|-supereffective|p1a: Audino","|-damage|p1a: Audino|0 fnt","|faint|p1a: Audino","|","|-weather|Hail|[upkeep]","|-heal|p2a: Snuffaluffagus|396/424|[from] item: Leftovers","|","|switch|p1a: Ambipom|Ambipom, F|291/291","|-damage|p1a: Ambipom|255/291|[from] Stealth Rock","|turn|14","|","|move|p1a: Ambipom|Fake Out|p2a: Snuffaluffagus","|-damage|p2a: Snuffaluffagus|256/424","|-damage|p1a: Ambipom|226/291|[from] item: Life Orb","|cant|p2a: Snuffaluffagus|flinch","|","|-weather|Hail|[upkeep]","|-damage|p1a: Ambipom|208/291|[from] hail","|-heal|p2a: Snuffaluffagus|282/424|[from] item: Leftovers","|turn|15","|","|move|p1a: Ambipom|Brick Break|p2a: Snuffaluffagus","|-supereffective|p2a: Snuffaluffagus","|-damage|p2a: Snuffaluffagus|43/424","|-damage|p1a: Ambipom|179/291|[from] item: Life Orb","|move|p2a: Snuffaluffagus|Earthquake|p1a: Ambipom","|-damage|p1a: Ambipom|0 fnt","|faint|p1a: Ambipom","|","|-weather|none","|-heal|p2a: Snuffaluffagus|69/424|[from] item: Leftovers","|","|switch|p1a: Meloetta|Meloetta|404/404","|-damage|p1a: Meloetta|354/404|[from] Stealth Rock","|turn|16","|","|switch|p2a: Watermelon|Rotom-Frost, shiny|303/303","|move|p1a: Meloetta|Psychic|p2a: Watermelon","|-damage|p2a: Watermelon|164/303","|","|-heal|p1a: Meloetta|379/404|[from] item: Leftovers","|-heal|p2a: Watermelon|182/303|[from] item: Leftovers","|turn|17","|","|move|p1a: Meloetta|Psychic|p2a: Watermelon","|-damage|p2a: Watermelon|40/303","|move|p2a: Watermelon|Pain Split|p1a: Meloetta","|-sethp|p1a: Meloetta|209/404|p2a: Watermelon|209/303|[from] move: Pain Split","|","|-heal|p1a: Meloetta|234/404|[from] item: Leftovers","|-heal|p2a: Watermelon|227/303|[from] item: Leftovers","|turn|18","|","|move|p1a: Meloetta|Rest|p1a: Meloetta","|-status|p1a: Meloetta|slp","|-heal|p1a: Meloetta|404/404 slp|[silent]","|-status|p1a: Meloetta|slp|[from] move: Rest","|move|p2a: Watermelon|Blizzard|p1a: Meloetta","|-damage|p1a: Meloetta|295/404 slp","|","|-heal|p1a: Meloetta|320/404 slp|[from] item: Leftovers","|-heal|p2a: Watermelon|245/303|[from] item: Leftovers","|turn|19","|","|cant|p1a: Meloetta|slp","|move|p1a: Meloetta|Snore|p2a: Watermelon","|-damage|p2a: Watermelon|170/303","|cant|p2a: Watermelon|flinch","|","|-heal|p1a: Meloetta|345/404 slp|[from] item: Leftovers","|-heal|p2a: Watermelon|188/303|[from] item: Leftovers","|turn|20","|","|cant|p1a: Meloetta|slp","|move|p1a: Meloetta|Snore|p2a: Watermelon","|-crit|p2a: Watermelon","|-damage|p2a: Watermelon|71/303","|cant|p2a: Watermelon|flinch","|","|-heal|p1a: Meloetta|370/404 slp|[from] item: Leftovers","|-heal|p2a: Watermelon|89/303|[from] item: Leftovers","|turn|21","|","|-curestatus|p1a: Meloetta|slp","|move|p1a: Meloetta|Psychic|p2a: Watermelon","|-damage|p2a: Watermelon|0 fnt","|faint|p2a: Watermelon","|","|-heal|p1a: Meloetta|395/404|[from] item: Leftovers","|","|switch|p2a: Snuffaluffagus|Mamoswine, F|69/424","|turn|22","|","|move|p2a: Snuffaluffagus|Iron Head|p1a: Meloetta","|-damage|p1a: Meloetta|286/404","|move|p1a: Meloetta|Psychic|p2a: Snuffaluffagus","|-damage|p2a: Snuffaluffagus|0 fnt","|faint|p2a: Snuffaluffagus","|","|-heal|p1a: Meloetta|311/404|[from] item: Leftovers","|","|switch|p2a: Frostbite|Glaceon, F, shiny|299/333","|turn|23","|","|move|p1a: Meloetta|Charge Beam|p2a: Frostbite","|-damage|p2a: Frostbite|225/333","|-boost|p1a: Meloetta|spa|1","|move|p2a: Frostbite|Wish|p2a: Frostbite","|","|-heal|p1a: Meloetta|336/404|[from] item: Leftovers","|-heal|p2a: Frostbite|245/333|[from] item: Leftovers","|turn|24","|","|move|p1a: Meloetta|Psychic|p2a: Frostbite","|-damage|p2a: Frostbite|0 fnt","|faint|p2a: Frostbite","|","|win|Praingel&cena"],"p1rating":{"entryid":"268551","serverid":"eos","formatid":"monotype","userid":"praingelcena","username":"Praingel&cena","w":2,"l":"2","t":"0","gxe":48.2,"r":"1500","rd":"130","sigma":"0","rptime":"1440147600","rpr":1486.1138331586,"rprd":106.68771104339,"rpsigma":"0","acre":1070.7091598255,"lacre":1070.7091598255,"oldacre":"1039.1540937225"},"p2rating":{"entryid":"171443","serverid":"eos","formatid":"monotype","userid":"crystalmafetan","username":"Crystal Mafetan","w":"2","l":6,"t":"0","gxe":37.5,"r":"1418.3378074296","rd":"95.939689242003","sigma":"0","rptime":"1440147600","rpr":1400.2136796274,"rprd":93.08928211551,"rpsigma":"0","acre":1001.8828872443,"lacre":1001.8828872443,"oldacre":"1012.9214319771"},"endType":"normal"}