{"seed":[34393,47162,2415,36717],"turns":25,"p1":"Senpai-Tomidake","p2":"Carnie Moe Sedah","p1team":[{"name":"Aggron","species":"Aggron","item":"focussash","ability":"Rock Head","moves":["headsmash","earthquake","ironhead","autotomize"],"nature":"Jolly","evs":{"hp":4,"atk":252,"def":0,"spa":0,"spd":0,"spe":252},"ivs":{"hp":31,"atk":31,"def":31,"spa":31,"spd":31,"spe":31}},{"name":"Rampardos","species":"Rampardos","item":"choicescarf","ability":"Sheer Force","moves":["headsmash","earthquake","crunch","superpower"],"nature":"Jolly","evs":{"hp":0,"atk":252,"def":0,"spa":0,"spd":4,"spe":252},"ivs":{"hp":31,"atk":31,"def":31,"spa":31,"spd":31,"spe":31}},{"name":"Diancie","species":"Diancie","item":"diancite","ability":"Clear Body","moves":["diamondstorm","earthpower","moonblast","protect"],"nature":"Timid","evs":{"hp":4,"atk":0,"def":0,"spa":252,"spd":0,"spe":252},"ivs":{"hp":31,"atk":31,"def":31,"spa":31,"spd":31,"spe":31}},{"name":"Tyranitar","species":"Tyranitar","item":"chopleberry","ability":"Sand Stream","moves":["rockslide","crunch","dragondance","earthquake"],"nature":"Adamant","evs":{"hp":0,"atk":252,"def":0,"spa":0,"spd":4,"spe":252},"ivs":{"hp":31,"atk":31,"def":31,"spa":31,"spd":31,"spe":31}},{"name":"Regirock","species":"Regirock","item":"sitrusberry","ability":"Clear Body","moves":["poweruppunch","rockslide","earthquake","thunderwave"],"nature":"Careful","evs":{"hp":248,"atk":8,"def":0,"spa":0,"spd":252,"spe":0},"ivs":{"hp":31,"atk":31,"def":31,"spa":31,"spd":31,"spe":31}},{"name":"Cradily","species":"Cradily","item":"leftovers","ability":"Storm Drain","moves":["sandstorm","ancientpower","energyball","toxic"],"nature":"Calm","evs":{"hp":252,"atk":0,"def":0,"spa":4,"spd":252,"spe":0},"ivs":{"hp":31,"atk":31,"def":31,"spa":31,"spd":31,"spe":31}}],"p2team":[{"name":"Tyranitar","species":"Tyranitar","item":"leftovers","ability":"Sand Stream","moves":["stealthrock","thunderwave","roar","pursuit"],"nature":"Careful","evs":{"hp":252,"atk":4,"def":0,"spa":0,"spd":252,"spe":0},"ivs":{"hp":31,"atk":31,"def":31,"spa":31,"spd":31,"spe":31}},{"name":"Mandibuzz","species":"Mandibuzz","item":"rockyhelmet","ability":"Overcoat","moves":["roost","defog","bravebird","foulplay"],"nature":"Impish","evs":{"hp":248,"atk":8,"def":252,"spa":0,"spd":0,"spe":0},"ivs":{"hp":31,"atk":31,"def":31,"spa":31,"spd":31,"spe":31}},{"name":"Umbreon","species":"Umbreon","item":"leftovers","ability":"Synchronize","moves":["moonlight","toxic","foulplay","healbell"],"nature":"Calm","evs":{"hp":252,"atk":0,"def":4,"spa":0,"spd":252,"spe":0},"ivs":{"hp":31,"atk":31,"def":31,"spa":31,"spd":31,"spe":31}},{"name":"Sableye","species":"Sableye","item":"sablenite","ability":"Prankster","moves":["protect","confuseray","willowisp","recover"],"nature":"Calm","evs":{"hp":248,"atk":0,"def":0,"spa":0,"spd":252,"spe":8},"ivs":{"hp":31,"atk":31,"def":31,"spa":31,"spd":31,"spe":31}},{"name":"Bisharp","species":"Bisharp","item":"choicescarf","ability":"Defiant","moves":["ironhead","knockoff","psychocut","stoneedge"],"nature":"Jolly","evs":{"hp":0,"atk":252,"def":0,"spa":0,"spd":4,"spe":252},"ivs":{"hp":31,"atk":31,"def":31,"spa":31,"spd":31,"spe":31}},{"name":"Hydreigon","species":"Hydreigon","item":"choicescarf","ability":"Levitate","moves":["flamethrower","flashcannon","dracometeor","earthpower"],"nature":"Timid","evs":{"hp":0,"atk":0,"def":0,"spa":252,"spd":4,"spe":252},"ivs":{"hp":31,"atk":31,"def":31,"spa":31,"spd":31,"spe":31}}],"log":["|player|p1|Senpai-Tomidake|169","|player|p2|Carnie Moe Sedah|248","|gametype|singles","|gen|6","|tier|Monotype","|rated","|rule|Baton Pass Clause: Limit one Baton Passer, can't pass Spe and other stats simultaneously","|rule|Swagger Clause: Swagger is banned","|rule|Same Type Clause: Pokémon in a team must share a type","|clearpoke","|poke|p1|Aggron, F","|poke|p1|Rampardos, F","|poke|p1|Diancie","|poke|p1|Tyranitar, F","|poke|p1|Regirock","|poke|p1|Cradily, M","|poke|p2|Tyranitar, M","|poke|p2|Mandibuzz, F","|poke|p2|Umbreon, F","|poke|p2|Sableye, F","|poke|p2|Bisharp, F","|poke|p2|Hydreigon, F","|rule|Sleep Clause Mod: Limit one foe put to sleep","|rule|Species Clause: Limit one of each Pokémon","|rule|OHKO Clause: OHKO moves are banned","|rule|Moody Clause: Moody is banned","|rule|Evasion Moves Clause: Evasion moves are banned","|rule|Endless Battle Clause: Forcing endless battles is banned","|rule|HP Percentage Mod: HP is shown in percentages","|teampreview","|","|start","|switch|p1a: Regirock|Regirock|363/363","|switch|p2a: Sableye|Sableye, F|303/303","|turn|1","|","|detailschange|p2a: Sableye|Sableye-Mega, F","|-mega|p2a: Sableye|Sableye|Sablenite","|move|p2a: Sableye|Will-O-Wisp|p1a: Regirock","|-status|p1a: Regirock|brn","|move|p1a: Regirock|Thunder Wave|p2a: Sableye","|move|p2a: Sableye|Thunder Wave|p1a: Regirock|[from]Magic Bounce","|-fail|p1a: Regirock","|","|-damage|p1a: Regirock|318/363 brn|[from] brn","|turn|2","|","|switch|p2a: Hydreigon|Hydreigon, F|325/325","|move|p1a: Regirock|Rock Slide|p2a: Hydreigon","|-damage|p2a: Hydreigon|280/325","|","|-damage|p1a: Regirock|273/363 brn|[from] brn","|turn|3","|","|move|p2a: Hydreigon|Earth Power|p1a: Regirock","|-supereffective|p1a: Regirock","|-damage|p1a: Regirock|117/363 brn","|-enditem|p1a: Regirock|Sitrus Berry|[eat]","|-heal|p1a: Regirock|207/363 brn|[from] item: Sitrus Berry","|move|p1a: Regirock|Thunder Wave|p2a: Hydreigon","|-status|p2a: Hydreigon|par","|","|-damage|p1a: Regirock|162/363 brn|[from] brn","|turn|4","|","|move|p1a: Regirock|Power-Up Punch|p2a: Hydreigon","|-supereffective|p2a: Hydreigon","|-damage|p2a: Hydreigon|245/325 par","|-boost|p1a: Regirock|atk|1","|move|p2a: Hydreigon|Earth Power|p1a: Regirock","|-supereffective|p1a: Regirock","|-damage|p1a: Regirock|14/363 brn","|","|-damage|p1a: Regirock|0 fnt|[from] brn","|faint|p1a: Regirock","|","|switch|p1a: Diancie|Diancie|242/242","|turn|5","|","|switch|p2a: Umbreon|Umbreon, F|394/394","|detailschange|p1a: Diancie|Diancie-Mega","|-mega|p1a: Diancie|Diancie|Diancite","|move|p1a: Diancie|Moonblast|p2a: Umbreon","|-supereffective|p2a: Umbreon","|-damage|p2a: Umbreon|140/394","|","|-heal|p2a: Umbreon|164/394|[from] item: Leftovers","|turn|6","|","|move|p1a: Diancie|Moonblast|p2a: Umbreon","|-supereffective|p2a: Umbreon","|-damage|p2a: Umbreon|0 fnt","|faint|p2a: Umbreon","|","|","|switch|p2a: Hydreigon|Hydreigon, F|245/325 par","|turn|7","|","|move|p1a: Diancie|Moonblast|p2a: Hydreigon","|-supereffective|p2a: Hydreigon","|-damage|p2a: Hydreigon|0 fnt","|faint|p2a: Hydreigon","|","|","|switch|p2a: Bisharp|Bisharp, F|271/271","|turn|8","|","|switch|p1a: Cradily|Cradily, M|376/376","|move|p2a: Bisharp|Iron Head|p1a: Cradily","|-supereffective|p1a: Cradily","|-damage|p1a: Cradily|68/376","|","|-heal|p1a: Cradily|91/376|[from] item: Leftovers","|turn|9","|","|move|p2a: Bisharp|Iron Head|p1a: Cradily","|-supereffective|p1a: Cradily","|-damage|p1a: Cradily|0 fnt","|faint|p1a: Cradily","|","|","|switch|p1a: Rampardos|Rampardos, F|335/335","|turn|10","|","|switch|p2a: Mandibuzz|Mandibuzz, F|423/423","|move|p1a: Rampardos|Superpower|p2a: Mandibuzz","|-damage|p2a: Mandibuzz|306/423","|-damage|p1a: Rampardos|280/335|[from] item: Rocky Helmet|[of] p2a: Mandibuzz","|-unboost|p1a: Rampardos|atk|1","|-unboost|p1a: Rampardos|def|1","|","|turn|11","|","|switch|p1a: Aggron|Aggron, F|282/282","|move|p2a: Mandibuzz|Foul Play|p1a: Aggron","|-damage|p1a: Aggron|188/282","|","|turn|12","|","|switch|p2a: Tyranitar|Tyranitar, M|404/404","|-weather|Sandstorm","|move|p1a: Aggron|Autotomize|p1a: Aggron","|-boost|p1a: Aggron|spe|2","|-start|p1a: Aggron|Autotomize","|","|-weather|Sandstorm|[upkeep]","|turn|13","|","|move|p1a: Aggron|Iron Head|p2a: Tyranitar","|-supereffective|p2a: Tyranitar","|-damage|p2a: Tyranitar|156/404","|move|p2a: Tyranitar|Thunder Wave|p1a: Aggron","|-status|p1a: Aggron|par","|","|-weather|Sandstorm|[upkeep]","|-heal|p2a: Tyranitar|181/404|[from] item: Leftovers","|turn|14","|","|move|p2a: Tyranitar|Stealth Rock|p1a: Aggron","|-sidestart|p1: Senpai-Tomidake|move: Stealth Rock","|move|p1a: Aggron|Iron Head|p2a: Tyranitar","|-supereffective|p2a: Tyranitar","|-damage|p2a: Tyranitar|0 fnt","|faint|p2a: Tyranitar","|","|-weather|Sandstorm|[upkeep]","|","|switch|p2a: Bisharp|Bisharp, F|271/271","|turn|15","|","|move|p2a: Bisharp|Knock Off|p1a: Aggron","|-damage|p1a: Aggron|92/282 par","|-enditem|p1a: Aggron|Focus Sash|[from] move: Knock Off|[of] p2a: Bisharp","|move|p1a: Aggron|Earthquake|p2a: Bisharp","|-supereffective|p2a: Bisharp","|-damage|p2a: Bisharp|45/271","|","|-weather|Sandstorm|[upkeep]","|turn|16","|","|switch|p2a: Mandibuzz|Mandibuzz, F|306/423","|move|p1a: Aggron|Earthquake|p2a: Mandibuzz","|-immune|p2a: Mandibuzz|[msg]","|","|-weather|none","|turn|17","|","|move|p2a: Mandibuzz|Foul Play|p1a: Aggron","|-damage|p1a: Aggron|8/282 par","|cant|p1a: Aggron|par","|","|turn|18","|","|move|p2a: Mandibuzz|Foul Play|p1a: Aggron","|-damage|p1a: Aggron|0 fnt","|faint|p1a: Aggron","|","|","|switch|p1a: Diancie|Diancie-Mega|242/242","|-damage|p1a: Diancie|212/242|[from] Stealth Rock","|turn|19","|","|switch|p2a: Sableye|Sableye-Mega, F|303/303","|move|p1a: Diancie|Moonblast|p2a: Sableye","|-supereffective|p2a: Sableye","|-damage|p2a: Sableye|27/303","|","|turn|20","|","|move|p2a: Sableye|Protect|p2a: Sableye","|-singleturn|p2a: Sableye|Protect","|move|p1a: Diancie|Moonblast|p2a: Sableye","|-activate|p2a: Sableye|Protect","|","|turn|21","|","|move|p1a: Diancie|Moonblast|p2a: Sableye","|-supereffective|p2a: Sableye","|-damage|p2a: Sableye|0 fnt","|faint|p2a: Sableye","|","|","|switch|p2a: Bisharp|Bisharp, F|45/271","|turn|22","|","|move|p2a: Bisharp|Iron Head|p1a: Diancie","|-crit|p1a: Diancie","|-supereffective|p1a: Diancie","|-damage|p1a: Diancie|0 fnt","|faint|p1a: Diancie","|","|","|switch|p1a: Rampardos|Rampardos, F|280/335","|-damage|p1a: Rampardos|239/335|[from] Stealth Rock","|turn|23","|","|move|p2a: Bisharp|Iron Head|p1a: Rampardos","|-supereffective|p1a: Rampardos","|-damage|p1a: Rampardos|0 fnt","|faint|p1a: Rampardos","|","|","|switch|p1a: Tyranitar|Tyranitar, F|341/341","|-damage|p1a: Tyranitar|299/341|[from] Stealth Rock","|-weather|Sandstorm","|turn|24","|","|move|p2a: Bisharp|Iron Head|p1a: Tyranitar","|-supereffective|p1a: Tyranitar","|-damage|p1a: Tyranitar|35/341","|cant|p1a: Tyranitar|flinch","|","|-weather|Sandstorm|[upkeep]","|turn|25","|","|move|p2a: Bisharp|Iron Head|p1a: Tyranitar","|-supereffective|p1a: Tyranitar","|-damage|p1a: Tyranitar|0 fnt","|faint|p1a: Tyranitar","|","|win|Carnie Moe Sedah"],"p1rating":{"entryid":"241798","serverid":"eos","formatid":"monotype","userid":"senpaitomidake","username":"Senpai-Tomidake","w":"2","l":2,"t":"0","gxe":47.8,"r":"1500","rd":"130","sigma":"0","rptime":"1440147600","rpr":1482.6510049761,"rprd":106.87981348396,"rpsigma":"0","acre":1050.6217768855,"lacre":1050.6217768855,"oldacre":"1071.4115211409"},"p2rating":{"entryid":"77306","serverid":"eos","formatid":"monotype","userid":"carniemoesedah","username":"Carnie Moe Sedah","w":3,"l":"2","t":"0","gxe":53.6,"r":"1500.1228775185","rd":"107.12113805538","sigma":"0","rptime":"1440147600","rpr":1528.3508906953,"rprd":103.01857000379,"rpsigma":"0","acre":1099.6984488645,"lacre":1099.6984488645,"oldacre":"1070.1028089042"},"endType":"normal"}