{"seed":[2862,8184,59414,4927],"turns":31,"p1":"Suichika","p2":"GTX♅Bzumzum","p1team":[{"name":"Bellossom","species":"Bellossom","item":"choicespecs","ability":"Chlorophyll","moves":["leafstorm","gigadrain","moonblast","hiddenpowerfire"],"nature":"Modest","evs":{"hp":92,"atk":0,"def":0,"spa":252,"spd":4,"spe":160},"ivs":{"hp":31,"atk":30,"def":31,"spa":30,"spd":31,"spe":30}},{"name":"Abomasnow","species":"Abomasnow","item":"abomasite","ability":"Snow Warning","moves":["iceshard","swordsdance","earthquake","woodhammer"],"nature":"Adamant","evs":{"hp":248,"atk":252,"def":0,"spa":0,"spd":8,"spe":0},"ivs":{"hp":31,"atk":31,"def":31,"spa":31,"spd":31,"spe":31}},{"name":"Roserade","species":"Roserade","item":"choicescarf","ability":"Technician","moves":["hiddenpowerrock","extrasensory","sludgebomb","gigadrain"],"nature":"Timid","evs":{"hp":0,"atk":0,"def":0,"spa":252,"spd":4,"spe":252},"ivs":{"hp":31,"atk":31,"def":30,"spa":31,"spd":30,"spe":30}},{"name":"Shiftry","species":"Shiftry","item":"lifeorb","ability":"Chlorophyll","moves":["fakeout","suckerpunch","knockoff","rockslide"],"nature":"Adamant","evs":{"hp":0,"atk":252,"def":0,"spa":0,"spd":4,"spe":252},"ivs":{"hp":31,"atk":31,"def":31,"spa":31,"spd":31,"spe":31}},{"name":"Ferrothorn","species":"Ferrothorn","item":"occaberry","ability":"Iron Barbs","moves":["stealthrock","thunderwave","knockoff","gyroball"],"nature":"Impish","evs":{"hp":252,"atk":0,"def":88,"spa":0,"spd":168,"spe":0},"ivs":{"hp":31,"atk":31,"def":31,"spa":31,"spd":31,"spe":31}},{"name":"Breloom","species":"Breloom","item":"focussash","ability":"Technician","moves":["spore","machpunch","bulletseed","rocktomb"],"nature":"Jolly","evs":{"hp":0,"atk":252,"def":0,"spa":0,"spd":4,"spe":252},"ivs":{"hp":31,"atk":31,"def":31,"spa":31,"spd":31,"spe":31}}],"p2team":[{"name":"Thorns","species":"ferrothorn","item":"rockyhelmet","ability":"Iron Barbs","moves":["knockoff","gyroball","leechseed","protect"],"nature":"Jolly","evs":{"hp":128,"atk":100,"def":116,"spa":0,"spd":120,"spe":44},"gender":"M","ivs":{"hp":31,"atk":31,"def":31,"spa":31,"spd":31,"spe":0}},{"name":"Snickering Serpent","species":"serperior","item":"leftovers","ability":"Contrary","moves":["dragonpulse","gigadrain","leafstorm","glare"],"nature":"Timid","evs":{"hp":0,"atk":0,"def":0,"spa":252,"spd":4,"spe":252},"gender":"M","shiny":true,"ivs":{"hp":31,"atk":31,"def":31,"spa":31,"spd":31,"spe":31}},{"name":"Mow-Fangs","species":"rotommow","item":"choicescarf","ability":"Levitate","moves":["hiddenpowerice","voltswitch","trick","thunderwave"],"nature":"Timid","evs":{"hp":108,"atk":0,"def":84,"spa":104,"spd":104,"spe":108},"ivs":{"hp":31,"atk":30,"def":30,"spa":31,"spd":31,"spe":31}},{"name":"Ludicool","species":"ludicolo","item":"sitrusberry","ability":"Rain Dish","moves":["thief","icebeam","gigadrain","raindance"],"nature":"Lonely","evs":{"hp":108,"atk":28,"def":56,"spa":96,"spd":124,"spe":96},"gender":"M","shiny":true,"ivs":{"hp":31,"atk":31,"def":31,"spa":31,"spd":31,"spe":31}},{"name":"Great-ily","species":"cradily","item":"leftovers","ability":"Storm Drain","moves":["gigadrain","earthpower","recover","stealthrock"],"nature":"Careful","evs":{"hp":252,"atk":4,"def":0,"spa":0,"spd":252,"spe":0},"gender":"M","shiny":true,"ivs":{"hp":31,"atk":31,"def":31,"spa":31,"spd":31,"spe":31}},{"name":"Plantasaurus","species":"venusaur","item":"venusaurite","ability":"Chlorophyll","moves":["gigadrain","hiddenpowerground","sludgebomb","synthesis"],"nature":"Modest","evs":{"hp":0,"atk":0,"def":68,"spa":188,"spd":0,"spe":252},"gender":"M","ivs":{"hp":31,"atk":31,"def":31,"spa":30,"spd":30,"spe":31},"shiny":true}],"log":["|player|p1|Suichika|265","|player|p2|GTX♅Bzumzum|225","|gametype|singles","|gen|6","|tier|Monotype","|rated","|rule|Baton Pass Clause: Limit one Baton Passer, can't pass Spe and other stats simultaneously","|rule|Swagger Clause: Swagger is banned","|rule|Same Type Clause: Pokémon in a team must share a type","|clearpoke","|poke|p1|Bellossom, M","|poke|p1|Abomasnow, M","|poke|p1|Roserade, M","|poke|p1|Shiftry, M","|poke|p1|Ferrothorn, M","|poke|p1|Breloom, M","|poke|p2|Ferrothorn, M","|poke|p2|Serperior, M, shiny","|poke|p2|Rotom-Mow","|poke|p2|Ludicolo, M, shiny","|poke|p2|Cradily, M, shiny","|poke|p2|Venusaur, M, shiny","|rule|Sleep Clause Mod: Limit one foe put to sleep","|rule|Species Clause: Limit one of each Pokémon","|rule|OHKO Clause: OHKO moves are banned","|rule|Moody Clause: Moody is banned","|rule|Evasion Moves Clause: Evasion moves are banned","|rule|Endless Battle Clause: Forcing endless battles is banned","|rule|HP Percentage Mod: HP is shown in percentages","|teampreview","|","|start","|switch|p1a: Roserade|Roserade, M|261/261","|switch|p2a: Ludicool|Ludicolo, M, shiny|328/328","|turn|1","|","|move|p1a: Roserade|Sludge Bomb|p2a: Ludicool","|-supereffective|p2a: Ludicool","|-damage|p2a: Ludicool|50/328","|-enditem|p2a: Ludicool|Sitrus Berry|[eat]","|-heal|p2a: Ludicool|132/328|[from] item: Sitrus Berry","|move|p2a: Ludicool|Rain Dance|p2a: Ludicool","|-weather|RainDance","|","|-weather|RainDance|[upkeep]","|-heal|p2a: Ludicool|152/328|[from] ability: Rain Dish","|turn|2","|","|switch|p1a: Ferrothorn|Ferrothorn, M|352/352","|switch|p2a: Thorns|Ferrothorn, M|321/321","|","|-weather|RainDance|[upkeep]","|turn|3","|","|move|p1a: Ferrothorn|Stealth Rock|p2a: Thorns","|-sidestart|p2: GTX♅Bzumzum|move: Stealth Rock","|move|p2a: Thorns|Knock Off|p1a: Ferrothorn","|-damage|p1a: Ferrothorn|296/352","|-damage|p2a: Thorns|281/321|[from] ability: Iron Barbs|[of] p1a: Ferrothorn","|-enditem|p1a: Ferrothorn|Occa Berry|[from] move: Knock Off|[of] p2a: Thorns","|","|-weather|RainDance|[upkeep]","|turn|4","|","|move|p1a: Ferrothorn|Knock Off|p2a: Thorns","|-damage|p2a: Thorns|229/321","|-damage|p1a: Ferrothorn|252/352|[from] ability: Iron Barbs|[of] p2a: Thorns","|-damage|p1a: Ferrothorn|194/352|[from] item: Rocky Helmet|[of] p2a: Thorns","|-enditem|p2a: Thorns|Rocky Helmet|[from] move: Knock Off|[of] p1a: Ferrothorn","|move|p2a: Thorns|Gyro Ball|p1a: Ferrothorn","|-resisted|p1a: Ferrothorn","|-damage|p1a: Ferrothorn|179/352","|-damage|p2a: Thorns|189/321|[from] ability: Iron Barbs|[of] p1a: Ferrothorn","|","|-weather|RainDance|[upkeep]","|turn|5","|","|switch|p2a: Ludicool|Ludicolo, M, shiny|152/328","|-damage|p2a: Ludicool|111/328|[from] Stealth Rock","|move|p1a: Ferrothorn|Thunder Wave|p2a: Ludicool","|-status|p2a: Ludicool|par","|","|-weather|none","|turn|6","|","|move|p1a: Ferrothorn|Knock Off|p2a: Ludicool","|-damage|p2a: Ludicool|45/328 par","|move|p2a: Ludicool|Ice Beam|p1a: Ferrothorn","|-crit|p1a: Ferrothorn","|-damage|p1a: Ferrothorn|97/352","|","|turn|7","|","|move|p1a: Ferrothorn|Knock Off|p2a: Ludicool","|-damage|p2a: Ludicool|0 fnt","|faint|p2a: Ludicool","|","|","|switch|p2a: Mow-Fangs|Rotom-Mow|268/268","|-damage|p2a: Mow-Fangs|235/268|[from] Stealth Rock","|turn|8","|","|switch|p1a: Roserade|Roserade, M|261/261","|move|p2a: Mow-Fangs|Volt Switch|p1a: Roserade","|-resisted|p1a: Roserade","|-damage|p1a: Roserade|219/261","|","|switch|p2a: Thorns|Ferrothorn, M|189/321","|-damage|p2a: Thorns|169/321|[from] Stealth Rock","|","|turn|9","|","|switch|p1a: Ferrothorn|Ferrothorn, M|97/352","|move|p2a: Thorns|Gyro Ball|p1a: Ferrothorn","|-crit|p1a: Ferrothorn","|-resisted|p1a: Ferrothorn","|-damage|p1a: Ferrothorn|78/352","|-damage|p2a: Thorns|129/321|[from] ability: Iron Barbs|[of] p1a: Ferrothorn","|","|turn|10","|","|switch|p1a: Bellossom|Bellossom, M|314/314","|switch|p2a: Mow-Fangs|Rotom-Mow|235/268","|-damage|p2a: Mow-Fangs|202/268|[from] Stealth Rock","|","|turn|11","|","|move|p2a: Mow-Fangs|Trick|p1a: Bellossom","|-activate|p2a: Mow-Fangs|move: Trick|[of] p1a: Bellossom","|-item|p1a: Bellossom|Choice Scarf|[from] move: Trick","|-item|p2a: Mow-Fangs|Choice Specs|[from] move: Trick","|move|p1a: Bellossom|Hidden Power|p2a: Mow-Fangs","|-crit|p2a: Mow-Fangs","|-supereffective|p2a: Mow-Fangs","|-damage|p2a: Mow-Fangs|52/268","|","|turn|12","|","|move|p1a: Bellossom|Hidden Power|p2a: Mow-Fangs","|-crit|p2a: Mow-Fangs","|-supereffective|p2a: Mow-Fangs","|-damage|p2a: Mow-Fangs|0 fnt","|faint|p2a: Mow-Fangs","|","|","|switch|p2a: Plantasaurus|Venusaur, M, shiny|301/301","|-damage|p2a: Plantasaurus|264/301|[from] Stealth Rock","|turn|13","|","|switch|p1a: Ferrothorn|Ferrothorn, M|78/352","|move|p2a: Plantasaurus|Hidden Power|p1a: Ferrothorn","|-damage|p1a: Ferrothorn|31/352","|","|turn|14","|","|detailschange|p2a: Plantasaurus|Venusaur-Mega, M, shiny","|-mega|p2a: Plantasaurus|Venusaur|Venusaurite","|move|p2a: Plantasaurus|Hidden Power|p1a: Ferrothorn","|-damage|p1a: Ferrothorn|0 fnt","|faint|p1a: Ferrothorn","|","|","|switch|p1a: Shiftry|Shiftry, M|321/321","|turn|15","|","|move|p1a: Shiftry|Fake Out|p2a: Plantasaurus","|-damage|p2a: Plantasaurus|222/301","|-damage|p1a: Shiftry|289/321|[from] item: Life Orb","|cant|p2a: Plantasaurus|flinch","|","|turn|16","|","|move|p1a: Shiftry|Sucker Punch|p2a: Plantasaurus","|-damage|p2a: Plantasaurus|80/301","|-damage|p1a: Shiftry|257/321|[from] item: Life Orb","|move|p2a: Plantasaurus|Sludge Bomb|p1a: Shiftry","|-supereffective|p1a: Shiftry","|-damage|p1a: Shiftry|0 fnt","|faint|p1a: Shiftry","|","|","|switch|p1a: Roserade|Roserade, M|219/261","|turn|17","|","|move|p1a: Roserade|Extrasensory|p2a: Plantasaurus","|-supereffective|p2a: Plantasaurus","|-damage|p2a: Plantasaurus|0 fnt","|faint|p2a: Plantasaurus","|","|","|switch|p2a: Thorns|Ferrothorn, M|129/321","|-damage|p2a: Thorns|109/321|[from] Stealth Rock","|turn|18","|","|switch|p1a: Bellossom|Bellossom, M|314/314","|move|p2a: Thorns|Gyro Ball|p1a: Bellossom","|-damage|p1a: Bellossom|163/314","|","|turn|19","|","|move|p2a: Thorns|Protect|p2a: Thorns","|-singleturn|p2a: Thorns|Protect","|move|p1a: Bellossom|Hidden Power|p2a: Thorns","|-activate|p2a: Thorns|Protect","|","|turn|20","|","|switch|p2a: Great-ily|Cradily, M, shiny|376/376","|-damage|p2a: Great-ily|329/376|[from] Stealth Rock","|move|p1a: Bellossom|Hidden Power|p2a: Great-ily","|-damage|p2a: Great-ily|287/376","|","|-heal|p2a: Great-ily|310/376|[from] item: Leftovers","|turn|21","|","|switch|p1a: Roserade|Roserade, M|219/261","|move|p2a: Great-ily|Stealth Rock|p1a: Roserade","|-sidestart|p1: Suichika|move: Stealth Rock","|","|-heal|p2a: Great-ily|333/376|[from] item: Leftovers","|turn|22","|","|move|p1a: Roserade|Giga Drain|p2a: Great-ily","|-damage|p2a: Great-ily|251/376","|-heal|p1a: Roserade|260/261|[from] drain|[of] p2a: Great-ily","|move|p2a: Great-ily|Earth Power|p1a: Roserade","|-damage|p1a: Roserade|211/261","|","|-heal|p2a: Great-ily|274/376|[from] item: Leftovers","|turn|23","|","|move|p1a: Roserade|Giga Drain|p2a: Great-ily","|-damage|p2a: Great-ily|190/376","|-heal|p1a: Roserade|253/261|[from] drain|[of] p2a: Great-ily","|move|p2a: Great-ily|Earth Power|p1a: Roserade","|-damage|p1a: Roserade|197/261","|","|-heal|p2a: Great-ily|213/376|[from] item: Leftovers","|turn|24","|","|move|p1a: Roserade|Giga Drain|p2a: Great-ily","|-damage|p2a: Great-ily|125/376","|-heal|p1a: Roserade|241/261|[from] drain|[of] p2a: Great-ily","|move|p2a: Great-ily|Recover|p2a: Great-ily","|-heal|p2a: Great-ily|313/376","|","|-heal|p2a: Great-ily|336/376|[from] item: Leftovers","|turn|25","|","|switch|p1a: Abomasnow|Abomasnow, M|383/383","|-damage|p1a: Abomasnow|288/383|[from] Stealth Rock","|-weather|Hail","|move|p2a: Great-ily|Earth Power|p1a: Abomasnow","|-resisted|p1a: Abomasnow","|-damage|p1a: Abomasnow|256/383","|","|-weather|Hail|[upkeep]","|-damage|p2a: Great-ily|313/376|[from] hail","|-heal|p2a: Great-ily|336/376|[from] item: Leftovers","|turn|26","|","|detailschange|p1a: Abomasnow|Abomasnow-Mega, M","|-mega|p1a: Abomasnow|Abomasnow|Abomasite","|move|p1a: Abomasnow|Swords Dance|p1a: Abomasnow","|-boost|p1a: Abomasnow|atk|2","|move|p2a: Great-ily|Earth Power|p1a: Abomasnow","|-resisted|p1a: Abomasnow","|-damage|p1a: Abomasnow|231/383","|","|-weather|Hail|[upkeep]","|-damage|p2a: Great-ily|313/376|[from] hail","|-heal|p2a: Great-ily|336/376|[from] item: Leftovers","|turn|27","|","|move|p1a: Abomasnow|Ice Shard|p2a: Great-ily","|-supereffective|p2a: Great-ily","|-damage|p2a: Great-ily|18/376","|move|p2a: Great-ily|Recover|p2a: Great-ily","|-heal|p2a: Great-ily|206/376","|","|-weather|Hail|[upkeep]","|-damage|p2a: Great-ily|183/376|[from] hail","|-heal|p2a: Great-ily|206/376|[from] item: Leftovers","|turn|28","|","|move|p1a: Abomasnow|Ice Shard|p2a: Great-ily","|-supereffective|p2a: Great-ily","|-damage|p2a: Great-ily|0 fnt","|faint|p2a: Great-ily","|","|-weather|Hail|[upkeep]","|","|switch|p2a: Thorns|Ferrothorn, M|109/321","|-damage|p2a: Thorns|89/321|[from] Stealth Rock","|turn|29","|","|move|p2a: Thorns|Protect|p2a: Thorns","|-singleturn|p2a: Thorns|Protect","|move|p1a: Abomasnow|Earthquake|p2a: Thorns","|-activate|p2a: Thorns|Protect","|","|-weather|none","|turn|30","|","|move|p1a: Abomasnow|Earthquake|p2a: Thorns","|-damage|p2a: Thorns|0 fnt","|faint|p2a: Thorns","|","|","|switch|p2a: Snickering Serpent|Serperior, M, shiny|291/291","|-damage|p2a: Snickering Serpent|255/291|[from] Stealth Rock","|turn|31","|","|move|p1a: Abomasnow|Ice Shard|p2a: Snickering Serpent","|-supereffective|p2a: Snickering Serpent","|-damage|p2a: Snickering Serpent|0 fnt","|faint|p2a: Snickering Serpent","|","|win|Suichika"],"p1rating":{"entryid":"158116","serverid":"eos","formatid":"monotype","userid":"suichika","username":"Suichika","w":4,"l":"6","t":"0","gxe":43.8,"r":"1397.9507165891","rd":"99.397110185641","sigma":"0","rptime":"1440147600","rpr":1451.8772490303,"rprd":87.717341127304,"rpsigma":"0","acre":1099.6779152223,"lacre":1099.6779152223,"oldacre":"1074.2280096273"},"p2rating":{"entryid":"1463","serverid":"eos","formatid":"monotype","userid":"gtxbzumzum","username":"GTX♅Bzumzum","w":"8","l":23,"t":"0","gxe":30.2,"r":"1335.5317534789","rd":"74.142752899514","sigma":"0","rptime":"1440147600","rpr":1339.7443087109,"rprd":62.238830549052,"rpsigma":"0","acre":1019.7496896763,"lacre":1019.7496896763,"oldacre":"1032.9199666667"},"endType":"normal"}