{"seed":[5046,62162,17680,57028],"turns":20,"p1":"KGBeast","p2":"Crystal Blade64","p1team":[{"name":"Terrakion","species":"Terrakion","item":"choicescarf","ability":"Justified","moves":["closecombat","stoneedge","earthquake","ironhead"],"nature":"Adamant","evs":{"hp":0,"atk":252,"def":4,"spa":0,"spd":0,"spe":252},"ivs":{"hp":31,"atk":31,"def":31,"spa":31,"spd":31,"spe":31}},{"name":"Breloom","species":"Breloom","item":"lifeorb","ability":"Technician","moves":["spore","swordsdance","machpunch","bulletseed"],"nature":"Jolly","evs":{"hp":0,"atk":252,"def":4,"spa":0,"spd":0,"spe":252},"ivs":{"hp":31,"atk":31,"def":31,"spa":31,"spd":31,"spe":31}},{"name":"Medicham","species":"Medicham","item":"medichamite","ability":"Pure Power","moves":["fakeout","highjumpkick","psychocut","icepunch"],"nature":"Adamant","evs":{"hp":0,"atk":252,"def":4,"spa":0,"spd":0,"spe":252},"ivs":{"hp":31,"atk":31,"def":31,"spa":31,"spd":31,"spe":31}},{"name":"Keldeo-Resolute","species":"Keldeo-Resolute","item":"leftovers","ability":"Justified","moves":["calmmind","substitute","scald","secretsword"],"nature":"Timid","evs":{"hp":0,"atk":0,"def":4,"spa":252,"spd":0,"spe":252},"ivs":{"hp":31,"atk":0,"def":31,"spa":31,"spd":31,"spe":31}},{"name":"Cobalion","species":"Cobalion","item":"leftovers","ability":"Justified","moves":["stealthrock","ironhead","roar","thunderwave"],"nature":"Impish","evs":{"hp":252,"atk":0,"def":220,"spa":0,"spd":32,"spe":4},"ivs":{"hp":31,"atk":31,"def":31,"spa":31,"spd":31,"spe":31}},{"name":"Heracross","species":"Heracross","item":"choiceband","ability":"Guts","moves":["closecombat","stoneedge","knockoff","megahorn"],"nature":"Adamant","evs":{"hp":0,"atk":252,"def":4,"spa":0,"spd":0,"spe":252},"ivs":{"hp":31,"atk":31,"def":31,"spa":31,"spd":31,"spe":31}}],"p2team":[{"name":"Reckless","species":"staraptor","item":"leftovers","ability":"Intimidate","moves":["bravebird","roost","featherdance","defog"],"nature":"Impish","evs":{"hp":252,"atk":4,"def":252,"spa":0,"spd":0,"spe":0},"ivs":{"hp":31,"atk":31,"def":31,"spa":31,"spd":31,"spe":31}},{"name":"BetterThanYou","species":"ditto","item":"choicescarf","ability":"Imposter","moves":["transform"],"nature":"Bold","evs":{"hp":248,"atk":0,"def":252,"spa":0,"spd":8,"spe":0},"happiness":0,"ivs":{"hp":31,"atk":31,"def":31,"spa":31,"spd":31,"spe":31}},{"name":"Nurse Joy pls","species":"chansey","item":"eviolite","ability":"Natural Cure","moves":["aromatherapy","softboiled","thunderwave","seismictoss"],"nature":"Bold","evs":{"hp":248,"atk":0,"def":252,"spa":0,"spd":8,"spe":0},"ivs":{"hp":31,"atk":31,"def":31,"spa":31,"spd":31,"spe":31}},{"name":"EnergizerBunny","species":"lopunny","item":"lopunnite","ability":"Cute Charm","moves":["fakeout","highjumpkick","icepunch","frustration"],"nature":"Jolly","evs":{"hp":4,"atk":252,"def":0,"spa":0,"spd":0,"spe":252},"happiness":0,"ivs":{"hp":31,"atk":31,"def":31,"spa":31,"spd":31,"spe":31}},{"name":"DownloadFreeRAM","species":"porygon2","item":"eviolite","ability":"Trace","moves":["toxic","recover","icebeam","discharge"],"nature":"Bold","evs":{"hp":248,"atk":0,"def":252,"spa":8,"spd":0,"spe":0},"ivs":{"hp":31,"atk":31,"def":31,"spa":31,"spd":31,"spe":31}},{"name":"Diggersby tho","species":"diggersby","item":"choiceband","ability":"Huge Power","moves":["earthquake","quickattack","frustration","uturn"],"nature":"Adamant","evs":{"hp":4,"atk":252,"def":0,"spa":0,"spd":0,"spe":252},"happiness":0,"ivs":{"hp":31,"atk":31,"def":31,"spa":31,"spd":31,"spe":31}}],"log":["|player|p1|KGBeast|kgbeast.png","|player|p2|Crystal Blade64|165","|gametype|singles","|gen|6","|tier|Monotype","|rated","|rule|Baton Pass Clause: Limit one Baton Passer, can't pass Spe and other stats simultaneously","|rule|Swagger Clause: Swagger is banned","|rule|Same Type Clause: Pokémon in a team must share a type","|clearpoke","|poke|p1|Terrakion","|poke|p1|Breloom, F","|poke|p1|Medicham, F","|poke|p1|Keldeo-Resolute","|poke|p1|Cobalion","|poke|p1|Heracross, F","|poke|p2|Staraptor, F","|poke|p2|Ditto","|poke|p2|Chansey, F","|poke|p2|Lopunny, F","|poke|p2|Porygon2","|poke|p2|Diggersby, M","|rule|Sleep Clause Mod: Limit one foe put to sleep","|rule|Species Clause: Limit one of each Pokémon","|rule|OHKO Clause: OHKO moves are banned","|rule|Moody Clause: Moody is banned","|rule|Evasion Moves Clause: Evasion moves are banned","|rule|Endless Battle Clause: Forcing endless battles is banned","|rule|HP Percentage Mod: HP is shown in percentages","|teampreview","|","|start","|switch|p1a: Medicham|Medicham, F|261/261","|switch|p2a: Diggersby tho|Diggersby, M|312/312","|turn|1","|","|detailschange|p1a: Medicham|Medicham-Mega, F","|-mega|p1a: Medicham|Medicham|Medichamite","|move|p1a: Medicham|Fake Out|p2a: Diggersby tho","|-damage|p2a: Diggersby tho|194/312","|cant|p2a: Diggersby tho|flinch","|","|turn|2","|","|move|p1a: Medicham|Ice Punch|p2a: Diggersby tho","|-supereffective|p2a: Diggersby tho","|-damage|p2a: Diggersby tho|0 fnt","|faint|p2a: Diggersby tho","|","|","|switch|p2a: Reckless|Staraptor, F|374/374","|-ability|p2a: Reckless|Intimidate","|-unboost|p1a: Medicham|atk|1","|turn|3","|","|switch|p1a: Cobalion|Cobalion|386/386","|move|p2a: Reckless|Brave Bird|p1a: Cobalion","|-damage|p1a: Cobalion|292/386","|-damage|p2a: Reckless|343/374|[from] recoil|[of] p1a: Cobalion","|","|-heal|p1a: Cobalion|316/386|[from] item: Leftovers","|-heal|p2a: Reckless|366/374|[from] item: Leftovers","|turn|4","|","|move|p1a: Cobalion|Stealth Rock|p2a: Reckless","|-sidestart|p2: Crystal Blade64|move: Stealth Rock","|move|p2a: Reckless|Feather Dance|p1a: Cobalion","|-unboost|p1a: Cobalion|atk|2","|","|-heal|p1a: Cobalion|340/386|[from] item: Leftovers","|-heal|p2a: Reckless|374/374|[from] item: Leftovers","|turn|5","|","|move|p1a: Cobalion|Thunder Wave|p2a: Reckless","|-status|p2a: Reckless|par","|move|p2a: Reckless|Defog|p1a: Cobalion","|-unboost|p1a: Cobalion|evasion|1","|-sideend|p2: Crystal Blade64|Stealth Rock|[from] move: Defog|[of] p2a: Reckless","|","|-heal|p1a: Cobalion|364/386|[from] item: Leftovers","|turn|6","|","|switch|p2a: EnergizerBunny|Lopunny, F|272/272","|move|p1a: Cobalion|Stealth Rock|p2a: EnergizerBunny","|-sidestart|p2: Crystal Blade64|move: Stealth Rock","|","|-heal|p1a: Cobalion|386/386|[from] item: Leftovers","|turn|7","|","|switch|p1a: Medicham|Medicham-Mega, F|261/261","|detailschange|p2a: EnergizerBunny|Lopunny-Mega, F","|-mega|p2a: EnergizerBunny|Lopunny|Lopunnite","|move|p2a: EnergizerBunny|Fake Out|p1a: Medicham","|-damage|p1a: Medicham|174/261","|","|turn|8","|","|switch|p2a: Reckless|Staraptor, F|374/374 par","|-damage|p2a: Reckless|281/374 par|[from] Stealth Rock","|-ability|p2a: Reckless|Intimidate","|-unboost|p1a: Medicham|atk|1","|switch|p1a: Terrakion|Terrakion|323/323","|","|-heal|p2a: Reckless|304/374 par|[from] item: Leftovers","|turn|9","|","|move|p1a: Terrakion|Stone Edge|p2a: Reckless","|-supereffective|p2a: Reckless","|-damage|p2a: Reckless|0 fnt","|faint|p2a: Reckless","|","|","|switch|p2a: BetterThanYou|Ditto|299/299","|-damage|p2a: BetterThanYou|262/299|[from] Stealth Rock","|-transform|p2a: BetterThanYou|p1a: Terrakion","|turn|10","|","|switch|p1a: Heracross|Heracross, F|301/301","|move|p2a: BetterThanYou|Earthquake|p1a: Heracross","|-resisted|p1a: Heracross","|-damage|p1a: Heracross|223/301","|","|turn|11","|","|switch|p2a: DownloadFreeRAM|Porygon2|373/373","|-damage|p2a: DownloadFreeRAM|327/373|[from] Stealth Rock","|-ability|p2a: DownloadFreeRAM|Guts|[from] ability: Trace|[of] p1a: Heracross","|move|p1a: Heracross|Close Combat|p2a: DownloadFreeRAM","|-supereffective|p2a: DownloadFreeRAM","|-damage|p2a: DownloadFreeRAM|0 fnt","|-unboost|p1a: Heracross|def|1","|-unboost|p1a: Heracross|spd|1","|faint|p2a: DownloadFreeRAM","|","|","|switch|p2a: EnergizerBunny|Lopunny-Mega, F|272/272","|-damage|p2a: EnergizerBunny|255/272|[from] Stealth Rock","|turn|12","|","|switch|p1a: Cobalion|Cobalion|386/386","|move|p2a: EnergizerBunny|Fake Out|p1a: Cobalion","|-resisted|p1a: Cobalion","|-damage|p1a: Cobalion|365/386","|","|-heal|p1a: Cobalion|386/386|[from] item: Leftovers","|turn|13","|","|move|p2a: EnergizerBunny|High Jump Kick|p1a: Cobalion","|-supereffective|p1a: Cobalion","|-damage|p1a: Cobalion|92/386","|move|p1a: Cobalion|Thunder Wave|p2a: EnergizerBunny","|-status|p2a: EnergizerBunny|par","|","|-heal|p1a: Cobalion|116/386|[from] item: Leftovers","|turn|14","|","|move|p1a: Cobalion|Iron Head|p2a: EnergizerBunny","|-damage|p2a: EnergizerBunny|159/272 par","|cant|p2a: EnergizerBunny|par","|","|-heal|p1a: Cobalion|140/386|[from] item: Leftovers","|turn|15","|","|move|p1a: Cobalion|Iron Head|p2a: EnergizerBunny","|-crit|p2a: EnergizerBunny","|-damage|p2a: EnergizerBunny|32/272 par","|cant|p2a: EnergizerBunny|par","|","|-heal|p1a: Cobalion|164/386|[from] item: Leftovers","|turn|16","|","|move|p1a: Cobalion|Iron Head|p2a: EnergizerBunny","|-damage|p2a: EnergizerBunny|0 fnt","|faint|p2a: EnergizerBunny","|","|-heal|p1a: Cobalion|188/386|[from] item: Leftovers","|","|switch|p2a: BetterThanYou|Ditto|262/299","|-damage|p2a: BetterThanYou|225/299|[from] Stealth Rock","|-transform|p2a: BetterThanYou|p1a: Cobalion","|turn|17","|","|move|p2a: BetterThanYou|Iron Head|p1a: Cobalion","|-resisted|p1a: Cobalion","|-damage|p1a: Cobalion|159/386","|move|p1a: Cobalion|Thunder Wave|p2a: BetterThanYou","|-status|p2a: BetterThanYou|par","|","|-heal|p1a: Cobalion|183/386|[from] item: Leftovers","|turn|18","|","|switch|p1a: Terrakion|Terrakion|323/323","|switch|p2a: Nurse Joy pls|Chansey, F|703/703","|-damage|p2a: Nurse Joy pls|616/703|[from] Stealth Rock","|","|turn|19","|","|move|p1a: Terrakion|Close Combat|p2a: Nurse Joy pls","|-supereffective|p2a: Nurse Joy pls","|-damage|p2a: Nurse Joy pls|0 fnt","|-unboost|p1a: Terrakion|def|1","|-unboost|p1a: Terrakion|spd|1","|faint|p2a: Nurse Joy pls","|","|","|switch|p2a: BetterThanYou|Ditto|225/299 par","|-damage|p2a: BetterThanYou|188/299 par|[from] Stealth Rock","|-transform|p2a: BetterThanYou|p1a: Terrakion","|turn|20","|","|move|p1a: Terrakion|Close Combat|p2a: BetterThanYou","|-crit|p2a: BetterThanYou","|-supereffective|p2a: BetterThanYou","|-damage|p2a: BetterThanYou|0 fnt","|-unboost|p1a: Terrakion|def|1","|-unboost|p1a: Terrakion|spd|1","|faint|p2a: BetterThanYou","|","|win|KGBeast"],"p1rating":{"entryid":262469,"formatid":"monotype","userid":"kgbeast","username":"KGBeast","r":1500,"rd":130,"sigma":0,"rpr":1547.7738002627,"rprd":122.72536403383,"rpsigma":0,"rptime":1440147600,"w":1,"l":0,"t":0,"gxe":56,"acre":1058.7814584605,"lacre":1058.7814584605,"oldacre":1000},"p2rating":{"entryid":"73557","serverid":"eos","formatid":"monotype","userid":"crystalblade64","username":"Crystal Blade64","w":"8","l":3,"t":"0","gxe":62.7,"r":"1560.8234906758","rd":"107.32790325938","sigma":"0","rptime":"1440147600","rpr":1600.964315697,"rprd":85.302473092116,"rpsigma":"0","acre":1140.2715197112,"lacre":1140.2715197112,"oldacre":"1177.009931249"},"endType":"normal"}