{"seed":[29808,24737,25720,29801],"turns":24,"p1":"Rain Mistral","p2":"Imp Elegant","p1team":[{"name":"Megazard X","species":"gyarados","item":"gyaradosite","ability":"Intimidate","moves":["dragondance","waterfall","crunch","earthquake"],"nature":"Jolly","evs":{"hp":0,"atk":252,"def":0,"spa":0,"spd":4,"spe":252},"gender":"F","shiny":true,"ivs":{"hp":31,"atk":31,"def":31,"spa":31,"spd":31,"spe":31}},{"name":"~~Missing Altaria~","species":"dragonite","item":"weaknesspolicy","ability":"Multiscale","moves":["dragondance","earthquake","outrage","extremespeed"],"nature":"Adamant","evs":{"hp":0,"atk":252,"def":0,"spa":0,"spd":4,"spe":252},"gender":"F","ivs":{"hp":31,"atk":31,"def":31,"spa":31,"spd":31,"spe":31}},{"name":"Frostwing","species":"articuno","item":"leftovers","ability":"Pressure","moves":["freezedry","roost","healbell","defog"],"nature":"Calm","evs":{"hp":252,"atk":0,"def":0,"spa":4,"spd":252,"spe":0},"shiny":true,"ivs":{"hp":31,"atk":31,"def":31,"spa":31,"spd":31,"spe":31}},{"name":"RIP Mascot","species":"togekiss","item":"leftovers","ability":"Serene Grace","moves":["airslash","thunderwave","flamethrower","dazzlinggleam"],"nature":"Modest","evs":{"hp":252,"atk":0,"def":0,"spa":252,"spd":4,"spe":0},"gender":"F","shiny":true,"ivs":{"hp":31,"atk":31,"def":31,"spa":31,"spd":31,"spe":31}},{"name":"Come At Me","species":"skarmory","item":"rockyhelmet","ability":"Sturdy","moves":["counter","roost","defog","stealthrock"],"nature":"Bold","evs":{"hp":248,"atk":0,"def":236,"spa":0,"spd":0,"spe":24},"ivs":{"hp":31,"atk":31,"def":31,"spa":31,"spd":31,"spe":31}},{"name":"Vortexx","species":"thundurustherian","item":"expertbelt","ability":"Volt Absorb","moves":["thunderbolt","grassknot","hiddenpowerice","nastyplot"],"nature":"Timid","evs":{"hp":0,"atk":0,"def":0,"spa":252,"spd":4,"spe":252},"ivs":{"hp":31,"atk":30,"def":30,"spa":31,"spd":31,"spe":31}}],"p2team":[{"name":"Car keys","species":"klefki","item":"lightclay","ability":"Prankster","moves":["foulplay","thunderwave","lightscreen","reflect"],"nature":"Bold","evs":{"hp":248,"atk":0,"def":252,"spa":0,"spd":8,"spe":0},"gender":"M","shiny":true,"ivs":{"hp":31,"atk":31,"def":31,"spa":31,"spd":31,"spe":31}},{"name":"Mr Rabbet","species":"azumarill","item":"sitrusberry","ability":"Huge Power","moves":["bellydrum","aquajet","playrough","knockoff"],"nature":"Adamant","evs":{"hp":252,"atk":252,"def":0,"spa":0,"spd":4,"spe":0},"gender":"M","ivs":{"hp":31,"atk":31,"def":31,"spa":31,"spd":31,"spe":31}},{"name":"Cupcake","species":"slurpuff","item":"sitrusberry","ability":"Unburden","moves":["bellydrum","playrough","drainpunch","cottonguard"],"nature":"Adamant","evs":{"hp":4,"atk":252,"def":0,"spa":0,"spd":0,"spe":252},"gender":"F","ivs":{"hp":31,"atk":31,"def":31,"spa":31,"spd":31,"spe":31}},{"name":"Sir Lance","species":"togekiss","item":"leftovers","ability":"Serene Grace","moves":["thunderwave","flamethrower","airslash","roost"],"nature":"Calm","evs":{"hp":252,"atk":0,"def":0,"spa":4,"spd":252,"spe":0},"gender":"F","ivs":{"hp":31,"atk":31,"def":31,"spa":31,"spd":31,"spe":31}},{"name":"Cinderella","species":"gardevoir","item":"choicescarf","ability":"Trace","moves":["moonblast","shadowball","psychic","focusblast"],"nature":"Timid","evs":{"hp":0,"atk":0,"def":0,"spa":252,"spd":4,"spe":252},"gender":"F","shiny":true,"ivs":{"hp":31,"atk":31,"def":31,"spa":31,"spd":31,"spe":31}},{"name":"Diamond Queen","species":"diancie","item":"diancite","ability":"Clear Body","moves":["moonblast","diamondstorm","earthpower","protect"],"nature":"Hasty","evs":{"hp":0,"atk":4,"def":0,"spa":252,"spd":0,"spe":252},"shiny":true,"ivs":{"hp":31,"atk":31,"def":31,"spa":31,"spd":31,"spe":31}}],"log":["|player|p1|Rain Mistral|52","|player|p2|Imp Elegant|291","|gametype|singles","|gen|6","|tier|Monotype","|rated","|rule|Baton Pass Clause: Limit one Baton Passer, can't pass Spe and other stats simultaneously","|rule|Swagger Clause: Swagger is banned","|rule|Same Type Clause: Pokémon in a team must share a type","|clearpoke","|poke|p1|Gyarados, F, shiny","|poke|p1|Dragonite, F","|poke|p1|Articuno, shiny","|poke|p1|Togekiss, F, shiny","|poke|p1|Skarmory, M","|poke|p1|Thundurus-Therian, M","|poke|p2|Klefki, M, shiny","|poke|p2|Azumarill, M","|poke|p2|Slurpuff, F","|poke|p2|Togekiss, F","|poke|p2|Gardevoir, F, shiny","|poke|p2|Diancie, shiny","|rule|Sleep Clause Mod: Limit one foe put to sleep","|rule|Species Clause: Limit one of each Pokémon","|rule|OHKO Clause: OHKO moves are banned","|rule|Moody Clause: Moody is banned","|rule|Evasion Moves Clause: Evasion moves are banned","|rule|Endless Battle Clause: Forcing endless battles is banned","|rule|HP Percentage Mod: HP is shown in percentages","|teampreview","|","|start","|switch|p1a: Vortexx|Thundurus-Therian, M|299/299","|switch|p2a: Car keys|Klefki, M, shiny|317/317","|turn|1","|","|move|p2a: Car keys|Light Screen|p2a: Car keys","|-sidestart|p2: Imp Elegant|move: Light Screen","|move|p1a: Vortexx|Nasty Plot|p1a: Vortexx","|-boost|p1a: Vortexx|spa|2","|","|turn|2","|","|move|p2a: Car keys|Reflect|p2a: Car keys","|-sidestart|p2: Imp Elegant|Reflect","|move|p1a: Vortexx|Nasty Plot|p1a: Vortexx","|-boost|p1a: Vortexx|spa|2","|","|turn|3","|","|move|p1a: Vortexx|Thunderbolt|p2a: Car keys","|-damage|p2a: Car keys|51/317","|move|p2a: Car keys|Foul Play|p1a: Vortexx","|-damage|p1a: Vortexx|212/299","|","|turn|4","|","|move|p1a: Vortexx|Nasty Plot|p1a: Vortexx","|-boost|p1a: Vortexx|spa|2","|move|p2a: Car keys|Foul Play|p1a: Vortexx","|-damage|p1a: Vortexx|123/299","|","|turn|5","|","|move|p1a: Vortexx|Thunderbolt|p2a: Car keys","|-damage|p2a: Car keys|0 fnt","|faint|p2a: Car keys","|","|","|switch|p2a: Cinderella|Gardevoir, F, shiny|277/277","|-ability|p2a: Cinderella|Volt Absorb|[from] ability: Trace|[of] p1a: Vortexx","|turn|6","|","|move|p2a: Cinderella|Moonblast|p1a: Vortexx","|-damage|p1a: Vortexx|0 fnt","|faint|p1a: Vortexx","|","|","|switch|p1a: RIP Mascot|Togekiss, F, shiny|374/374","|turn|7","|","|move|p2a: Cinderella|Moonblast|p1a: RIP Mascot","|-damage|p1a: RIP Mascot|233/374","|move|p1a: RIP Mascot|Thunder Wave|p2a: Cinderella","|-immune|p2a: Cinderella|[msg]","|","|-heal|p1a: RIP Mascot|256/374|[from] item: Leftovers","|turn|8","|","|switch|p1a: Frostwing|Articuno, shiny|384/384","|-ability|p1a: Frostwing|Pressure","|move|p2a: Cinderella|Moonblast|p1a: Frostwing","|-damage|p1a: Frostwing|278/384","|","|-heal|p1a: Frostwing|302/384|[from] item: Leftovers","|-sideend|p2: Imp Elegant|move: Light Screen","|turn|9","|","|move|p2a: Cinderella|Moonblast|p1a: Frostwing","|-damage|p1a: Frostwing|196/384","|move|p1a: Frostwing|Freeze-Dry|p2a: Cinderella","|-damage|p2a: Cinderella|211/277","|","|-heal|p1a: Frostwing|220/384|[from] item: Leftovers","|-sideend|p2: Imp Elegant|Reflect","|turn|10","|","|move|p2a: Cinderella|Moonblast|p1a: Frostwing","|-damage|p1a: Frostwing|118/384","|move|p1a: Frostwing|Roost|p1a: Frostwing","|-heal|p1a: Frostwing|310/384","|","|-heal|p1a: Frostwing|334/384|[from] item: Leftovers","|turn|11","|","|move|p2a: Cinderella|Moonblast|p1a: Frostwing","|-damage|p1a: Frostwing|229/384","|move|p1a: Frostwing|Freeze-Dry|p2a: Cinderella","|-damage|p2a: Cinderella|139/277","|","|-heal|p1a: Frostwing|253/384|[from] item: Leftovers","|turn|12","|","|move|p2a: Cinderella|Moonblast|p1a: Frostwing","|-damage|p1a: Frostwing|147/384","|move|p1a: Frostwing|Roost|p1a: Frostwing","|-heal|p1a: Frostwing|339/384","|","|-heal|p1a: Frostwing|363/384|[from] item: Leftovers","|turn|13","|","|move|p2a: Cinderella|Moonblast|p1a: Frostwing","|-damage|p1a: Frostwing|267/384","|move|p1a: Frostwing|Freeze-Dry|p2a: Cinderella","|-damage|p2a: Cinderella|66/277","|","|-heal|p1a: Frostwing|291/384|[from] item: Leftovers","|turn|14","|","|switch|p2a: Diamond Queen|Diancie, shiny|241/241","|move|p1a: Frostwing|Roost|p1a: Frostwing","|-heal|p1a: Frostwing|384/384","|","|turn|15","|","|switch|p1a: Come At Me|Skarmory, M|333/333","|detailschange|p2a: Diamond Queen|Diancie-Mega, shiny","|-mega|p2a: Diamond Queen|Diancie|Diancite","|move|p2a: Diamond Queen|Diamond Storm|p1a: Come At Me","|-damage|p1a: Come At Me|237/333","|-boost|p2a: Diamond Queen|def|1","|","|turn|16","|","|move|p2a: Diamond Queen|Diamond Storm|p1a: Come At Me","|-damage|p1a: Come At Me|138/333","|move|p1a: Come At Me|Roost|p1a: Come At Me","|-heal|p1a: Come At Me|305/333","|","|turn|17","|","|move|p2a: Diamond Queen|Diamond Storm|p1a: Come At Me","|-damage|p1a: Come At Me|203/333","|-boost|p2a: Diamond Queen|def|1","|move|p1a: Come At Me|Counter|p2a: Diamond Queen","|-damage|p2a: Diamond Queen|37/241","|","|turn|18","|","|move|p2a: Diamond Queen|Moonblast|p1a: Come At Me","|-resisted|p1a: Come At Me","|-damage|p1a: Come At Me|80/333","|-unboost|p1a: Come At Me|spa|1","|move|p1a: Come At Me|Roost|p1a: Come At Me","|-heal|p1a: Come At Me|247/333","|","|turn|19","|","|move|p2a: Diamond Queen|Moonblast|p1a: Come At Me","|-resisted|p1a: Come At Me","|-damage|p1a: Come At Me|106/333","|-unboost|p1a: Come At Me|spa|1","|move|p1a: Come At Me|Roost|p1a: Come At Me","|-heal|p1a: Come At Me|273/333","|","|turn|20","|","|switch|p1a: ~~Missing Altaria~|Dragonite, F|323/323","|move|p2a: Diamond Queen|Moonblast|p1a: ~~Missing Altaria~","|-crit|p1a: ~~Missing Altaria~","|-supereffective|p1a: ~~Missing Altaria~","|-damage|p1a: ~~Missing Altaria~|19/323","|-enditem|p1a: ~~Missing Altaria~|Weakness Policy","|-boost|p1a: ~~Missing Altaria~|atk|2|[from] item: Weakness Policy","|-boost|p1a: ~~Missing Altaria~|spa|2|[from] item: Weakness Policy","|-unboost|p1a: ~~Missing Altaria~|spa|1","|","|turn|21","|","|move|p1a: ~~Missing Altaria~|Extreme Speed|p2a: Diamond Queen","|-resisted|p2a: Diamond Queen","|-damage|p2a: Diamond Queen|0 fnt","|faint|p2a: Diamond Queen","|","|","|switch|p2a: Mr Rabbet|Azumarill, M|404/404","|turn|22","|","|move|p1a: ~~Missing Altaria~|Extreme Speed|p2a: Mr Rabbet","|-damage|p2a: Mr Rabbet|157/404","|-enditem|p2a: Mr Rabbet|Sitrus Berry|[eat]","|-heal|p2a: Mr Rabbet|258/404|[from] item: Sitrus Berry","|move|p2a: Mr Rabbet|Aqua Jet|p1a: ~~Missing Altaria~","|-resisted|p1a: ~~Missing Altaria~","|-damage|p1a: ~~Missing Altaria~|0 fnt","|faint|p1a: ~~Missing Altaria~","|","|","|switch|p1a: Megazard X|Gyarados, F, shiny|331/331","|-ability|p1a: Megazard X|Intimidate","|-unboost|p2a: Mr Rabbet|atk|1","|turn|23","|","|move|p1a: Megazard X|Dragon Dance|p1a: Megazard X","|-boost|p1a: Megazard X|atk|1","|-boost|p1a: Megazard X|spe|1","|move|p2a: Mr Rabbet|Belly Drum|p2a: Mr Rabbet","|-damage|p2a: Mr Rabbet|56/404","|-setboost|p2a: Mr Rabbet|atk|6|[from] move: Belly Drum","|","|turn|24","|","|detailschange|p1a: Megazard X|Gyarados-Mega, F, shiny","|-mega|p1a: Megazard X|Gyarados|Gyaradosite","|-ability|p1a: Megazard X|Mold Breaker","|move|p2a: Mr Rabbet|Aqua Jet|p1a: Megazard X","|-resisted|p1a: Megazard X","|-damage|p1a: Megazard X|173/331","|move|p1a: Megazard X|Earthquake|p2a: Mr Rabbet","|-damage|p2a: Mr Rabbet|0 fnt","|faint|p2a: Mr Rabbet","|","|","|win|Rain Mistral"],"p1rating":{"entryid":"218522","serverid":"eos","formatid":"monotype","userid":"rainmistral","username":"Rain Mistral","w":5,"l":"2","t":"0","gxe":60.8,"r":"1512.4638674665","rd":"117.08863037969","sigma":"0","rptime":"1440147600","rpr":1585.8350837389,"rprd":95.71650078761,"rpsigma":"0","acre":1129.3229055613,"lacre":1129.3229055613,"oldacre":"1102.415635814"},"p2rating":{"entryid":"199119","serverid":"eos","formatid":"monotype","userid":"impelegant","username":"Imp Elegant","w":"7","l":6,"t":"0","gxe":51.8,"r":"1468.7162183883","rd":"102.70744310295","sigma":"0","rptime":"1440147600","rpr":1514.1504074152,"rprd":80.906280246283,"rpsigma":"0","acre":1102.0661060728,"lacre":1102.0661060728,"oldacre":"1128.9733758201"},"endType":"forfeit"}