{"seed":[36720,36635,56889,10879],"turns":25,"p1":"Inferno Sableye","p2":"Revoltboy","p1team":[{"name":"Skarmory","species":"Skarmory","item":"shedshell","ability":"Sturdy","moves":["roost","defog","stealthrock","whirlwind"],"nature":"Bold","evs":{"hp":4,"atk":252,"def":0,"spa":0,"spd":0,"spe":252},"ivs":{"hp":31,"atk":31,"def":31,"spa":31,"spd":31,"spe":31}},{"name":"Charizard","species":"Charizard","item":"charizarditey","ability":"Blaze","moves":["flamecharge","solarbeam","airslash","earthquake"],"nature":"Hasty","evs":{"hp":0,"atk":4,"def":0,"spa":252,"spd":0,"spe":252},"ivs":{"hp":31,"atk":31,"def":31,"spa":31,"spd":31,"spe":31}},{"name":"Thundurus","species":"Thundurus","item":"lifeorb","ability":"Prankster","moves":["thunderbolt","thunderwave","knockoff","superpower"],"nature":"Naive","evs":{"hp":4,"atk":252,"def":0,"spa":0,"spd":0,"spe":252},"ivs":{"hp":31,"atk":31,"def":31,"spa":31,"spd":31,"spe":31}},{"name":"Landorus","species":"Landorus","item":"lifeorb","ability":"Sheer Force","moves":["earthpower","sludgebomb","focusblast","rockpolish"],"nature":"Timid","evs":{"hp":0,"atk":0,"def":0,"spa":252,"spd":4,"spe":252},"ivs":{"hp":31,"atk":31,"def":31,"spa":31,"spd":31,"spe":31}},{"name":"Gyarados","species":"Gyarados","item":"choicescarf","ability":"Moxie","moves":["icefang","waterfall","crunch","earthquake"],"nature":"Jolly","evs":{"hp":4,"atk":252,"def":0,"spa":0,"spd":0,"spe":252},"ivs":{"hp":31,"atk":31,"def":31,"spa":31,"spd":31,"spe":31}},{"name":"Dragonite","species":"Dragonite","item":"weaknesspolicy","ability":"Multiscale","moves":["outrage","extremespeed","thunderpunch","dragondance"],"nature":"Adamant","evs":{"hp":4,"atk":252,"def":0,"spa":0,"spd":0,"spe":252},"ivs":{"hp":31,"atk":31,"def":31,"spa":31,"spd":31,"spe":31}}],"p2team":[{"name":"Registeel","species":"Registeel","item":"marangaberry","ability":"Clear Body","moves":["counter","stealthrock","ironhead","bulldoze"],"nature":"Careful","evs":{"hp":0,"atk":0,"def":0,"spa":0,"spd":252,"spe":0},"ivs":{"hp":31,"atk":31,"def":31,"spa":31,"spd":31,"spe":31}},{"name":"Klefki","species":"Klefki","item":"lightclay","ability":"Prankster","moves":["spikes","magiccoat","foulplay","lightscreen"],"nature":"Jolly","evs":{"hp":252,"atk":0,"def":0,"spa":0,"spd":0,"spe":252},"ivs":{"hp":31,"atk":31,"def":31,"spa":31,"spd":31,"spe":31}},{"name":"Ferrothorn","species":"Ferrothorn","item":"rockyhelmet","ability":"Iron Barbs","moves":["leechseed","gyroball","powerwhip","protect"],"nature":"Impish","evs":{"hp":252,"atk":0,"def":200,"spa":0,"spd":56,"spe":0},"ivs":{"hp":31,"atk":31,"def":31,"spa":31,"spd":31,"spe":0}},{"name":"Cobalion","species":"Cobalion","item":"lumberry","ability":"Justified","moves":["sacredsword","ironhead","swordsdance","taunt"],"nature":"Jolly","evs":{"hp":0,"atk":252,"def":0,"spa":0,"spd":4,"spe":252},"ivs":{"hp":31,"atk":31,"def":31,"spa":31,"spd":31,"spe":31}},{"name":"Durant","species":"Durant","item":"focussash","ability":"Hustle","moves":["honeclaws","xscissor","stoneedge","crunch"],"nature":"Jolly","evs":{"hp":0,"atk":252,"def":0,"spa":0,"spd":0,"spe":252},"ivs":{"hp":31,"atk":31,"def":31,"spa":31,"spd":31,"spe":31}},{"name":"Bronzong","species":"Bronzong","item":"normalgem","ability":"Levitate","moves":["lightscreen","explosion","grassknot","reflect"],"nature":"Brave","evs":{"hp":0,"atk":252,"def":0,"spa":0,"spd":252,"spe":0},"ivs":{"hp":31,"atk":31,"def":31,"spa":31,"spd":31,"spe":31}}],"log":["|player|p1|Inferno Sableye|infernosableye.gif","|player|p2|Revoltboy|80","|gametype|singles","|gen|6","|tier|Monotype","|rated","|rule|Baton Pass Clause: Limit one Baton Passer, can't pass Spe and other stats simultaneously","|rule|Swagger Clause: Swagger is banned","|rule|Same Type Clause: Pokémon in a team must share a type","|clearpoke","|poke|p1|Skarmory, F","|poke|p1|Charizard, F","|poke|p1|Thundurus, M","|poke|p1|Landorus, M","|poke|p1|Gyarados, M","|poke|p1|Dragonite, F","|poke|p2|Registeel","|poke|p2|Klefki, F","|poke|p2|Ferrothorn, M","|poke|p2|Cobalion","|poke|p2|Durant, M","|poke|p2|Bronzong","|rule|Sleep Clause Mod: Limit one foe put to sleep","|rule|Species Clause: Limit one of each Pokémon","|rule|OHKO Clause: OHKO moves are banned","|rule|Moody Clause: Moody is banned","|rule|Evasion Moves Clause: Evasion moves are banned","|rule|Endless Battle Clause: Forcing endless battles is banned","|rule|HP Percentage Mod: HP is shown in percentages","|teampreview","|","|start","|switch|p1a: Landorus|Landorus, M|319/319","|switch|p2a: Registeel|Registeel|301/301","|turn|1","|","|move|p1a: Landorus|Earth Power|p2a: Registeel","|-supereffective|p2a: Registeel","|-damage|p2a: Registeel|10/301","|move|p2a: Registeel|Stealth Rock|p1a: Landorus","|-sidestart|p1: Inferno Sableye|move: Stealth Rock","|","|turn|2","|","|move|p1a: Landorus|Focus Blast|p2a: Registeel","|-supereffective|p2a: Registeel","|-damage|p2a: Registeel|0 fnt","|faint|p2a: Registeel","|","|","|switch|p2a: Klefki|Klefki, F|318/318","|turn|3","|","|move|p1a: Landorus|Earth Power|p2a: Klefki","|-supereffective|p2a: Klefki","|-damage|p2a: Klefki|0 fnt","|faint|p2a: Klefki","|","|","|switch|p2a: Bronzong|Bronzong|275/275","|turn|4","|","|move|p1a: Landorus|Earth Power|p2a: Bronzong","|-immune|p2a: Bronzong|[msg]","|move|p2a: Bronzong|Light Screen|p2a: Bronzong","|-sidestart|p2: Revoltboy|move: Light Screen","|","|turn|5","|","|switch|p1a: Skarmory|Skarmory, F|272/272","|-damage|p1a: Skarmory|238/272|[from] Stealth Rock","|move|p2a: Bronzong|Grass Knot|p1a: Skarmory","|-resisted|p1a: Skarmory","|-damage|p1a: Skarmory|220/272","|","|turn|6","|","|move|p1a: Skarmory|Defog|p2a: Bronzong","|-unboost|p2a: Bronzong|evasion|1","|-sideend|p2: Revoltboy|move: Light Screen","|-sideend|p1: Inferno Sableye|Stealth Rock|[from] move: Defog|[of] p1a: Skarmory","|move|p2a: Bronzong|Reflect|p2a: Bronzong","|-sidestart|p2: Revoltboy|Reflect","|","|turn|7","|","|move|p1a: Skarmory|Stealth Rock|p2a: Bronzong","|-sidestart|p2: Revoltboy|move: Stealth Rock","|move|p2a: Bronzong|Grass Knot|p1a: Skarmory","|-resisted|p1a: Skarmory","|-damage|p1a: Skarmory|203/272","|","|turn|8","|","|move|p1a: Skarmory|Defog|p2a: Bronzong","|-unboost|p2a: Bronzong|evasion|1","|-sideend|p2: Revoltboy|Reflect","|-sideend|p2: Revoltboy|Stealth Rock|[from] move: Defog|[of] p2a: Bronzong","|move|p2a: Bronzong|Light Screen|p2a: Bronzong","|-sidestart|p2: Revoltboy|move: Light Screen","|","|turn|9","|","|move|p2a: Bronzong|Reflect|p2a: Bronzong","|-sidestart|p2: Revoltboy|Reflect","|move|p1a: Skarmory|Whirlwind|p2a: Bronzong","|drag|p2a: Cobalion|Cobalion|323/323","|","|turn|10","|","|move|p2a: Cobalion|Swords Dance|p2a: Cobalion","|-boost|p2a: Cobalion|atk|2","|move|p1a: Skarmory|Defog|p2a: Cobalion","|-unboost|p2a: Cobalion|evasion|1","|-sideend|p2: Revoltboy|Reflect","|-sideend|p2: Revoltboy|move: Light Screen","|","|turn|11","|","|move|p2a: Cobalion|Swords Dance|p2a: Cobalion","|-boost|p2a: Cobalion|atk|2","|move|p1a: Skarmory|Whirlwind|p2a: Cobalion","|drag|p2a: Bronzong|Bronzong|275/275","|","|turn|12","|","|switch|p1a: Charizard|Charizard, F|297/297","|move|p2a: Bronzong|Reflect|p2a: Bronzong","|-sidestart|p2: Revoltboy|Reflect","|","|turn|13","|","|detailschange|p1a: Charizard|Charizard-Mega-Y, F","|-mega|p1a: Charizard|Charizard|Charizardite Y","|-weather|SunnyDay","|move|p1a: Charizard|Flame Charge|p2a: Bronzong","|-supereffective|p2a: Bronzong","|-damage|p2a: Bronzong|193/275","|-boost|p1a: Charizard|spe|1","|move|p2a: Bronzong|Light Screen|p2a: Bronzong","|-sidestart|p2: Revoltboy|move: Light Screen","|","|-weather|SunnyDay|[upkeep]","|turn|14","|","|move|p1a: Charizard|Flame Charge|p2a: Bronzong","|-supereffective|p2a: Bronzong","|-damage|p2a: Bronzong|118/275","|-boost|p1a: Charizard|spe|1","|move|p2a: Bronzong|Explosion|p1a: Charizard","|-enditem|p2a: Bronzong|Normal Gem|[from] gem|[move] Explosion","|-damage|p1a: Charizard|0 fnt","|faint|p2a: Bronzong","|faint|p1a: Charizard","|","|-weather|SunnyDay|[upkeep]","|","|switch|p2a: Durant|Durant, M|257/257","|switch|p1a: Skarmory|Skarmory, F|203/272","|turn|15","|","|move|p2a: Durant|Stone Edge|p1a: Skarmory","|-damage|p1a: Skarmory|96/272","|move|p1a: Skarmory|Defog|p2a: Durant","|-unboost|p2a: Durant|evasion|1","|-sideend|p2: Revoltboy|Reflect","|-sideend|p2: Revoltboy|move: Light Screen","|","|-weather|SunnyDay|[upkeep]","|turn|16","|","|move|p2a: Durant|Stone Edge|p1a: Skarmory|[miss]","|-miss|p2a: Durant|p1a: Skarmory","|move|p1a: Skarmory|Roost|p1a: Skarmory","|-heal|p1a: Skarmory|232/272","|","|-weather|SunnyDay|[upkeep]","|turn|17","|","|move|p2a: Durant|Hone Claws|p2a: Durant","|-boost|p2a: Durant|atk|1","|-boost|p2a: Durant|accuracy|1","|move|p1a: Skarmory|Stealth Rock|p2a: Durant","|-sidestart|p2: Revoltboy|move: Stealth Rock","|","|-weather|none","|turn|18","|","|move|p2a: Durant|Stone Edge|p1a: Skarmory","|-damage|p1a: Skarmory|83/272","|move|p1a: Skarmory|Whirlwind|p2a: Durant","|drag|p2a: Cobalion|Cobalion|323/323","|-damage|p2a: Cobalion|313/323|[from] Stealth Rock","|","|turn|19","|","|move|p2a: Cobalion|Sacred Sword|p1a: Skarmory","|-damage|p1a: Skarmory|0 fnt","|faint|p1a: Skarmory","|","|","|switch|p1a: Landorus|Landorus, M|319/319","|turn|20","|","|move|p2a: Cobalion|Iron Head|p1a: Landorus","|-damage|p1a: Landorus|201/319","|cant|p1a: Landorus|flinch","|","|turn|21","|","|move|p2a: Cobalion|Iron Head|p1a: Landorus","|-damage|p1a: Landorus|75/319","|move|p1a: Landorus|Rock Polish|p1a: Landorus","|-boost|p1a: Landorus|spe|2","|","|turn|22","|","|move|p1a: Landorus|Earth Power|p2a: Cobalion","|-supereffective|p2a: Cobalion","|-damage|p2a: Cobalion|0 fnt","|faint|p2a: Cobalion","|","|","|switch|p2a: Ferrothorn|Ferrothorn, M|352/352","|-damage|p2a: Ferrothorn|330/352|[from] Stealth Rock","|turn|23","|","|move|p1a: Landorus|Earth Power|p2a: Ferrothorn","|-damage|p2a: Ferrothorn|118/352","|move|p2a: Ferrothorn|Gyro Ball|p1a: Landorus","|-damage|p1a: Landorus|0 fnt","|faint|p1a: Landorus","|","|","|switch|p1a: Thundurus|Thundurus, M|300/300","|turn|24","|","|move|p1a: Thundurus|Superpower|p2a: Ferrothorn","|-supereffective|p2a: Ferrothorn","|-damage|p2a: Ferrothorn|0 fnt","|-damage|p1a: Thundurus|263/300|[from] ability: Iron Barbs|[of] p2a: Ferrothorn","|-damage|p1a: Thundurus|213/300|[from] item: Rocky Helmet|[of] p2a: Ferrothorn","|-unboost|p1a: Thundurus|atk|1","|-unboost|p1a: Thundurus|def|1","|-damage|p1a: Thundurus|183/300|[from] item: Life Orb","|faint|p2a: Ferrothorn","|","|","|switch|p2a: Durant|Durant, M|257/257","|-damage|p2a: Durant|225/257|[from] Stealth Rock","|turn|25","|","|move|p1a: Thundurus|Thunderbolt|p2a: Durant","|-damage|p2a: Durant|0 fnt","|-damage|p1a: Thundurus|153/300|[from] item: Life Orb","|faint|p2a: Durant","|","|win|Inferno Sableye"],"p1rating":{"entryid":"83803","serverid":"eos","formatid":"monotype","userid":"infernosableye","username":"Inferno Sableye","w":23,"l":"7","t":"0","gxe":71.7,"r":"1662.8474925572","rd":"72.058346226027","sigma":"0","rptime":"1440061200","rpr":1677.5742482814,"rprd":61.612092049355,"rpsigma":"0","acre":1276.7764743712,"lacre":1276.7764743712,"oldacre":"1267.9682235064"},"p2rating":{"entryid":"224762","serverid":"eos","formatid":"monotype","userid":"revoltboy","username":"Revoltboy","w":"0","l":2,"t":"0","gxe":42.3,"r":"1500","rd":"130","sigma":"0","rptime":"1440061200","rpr":1438.0931806359,"rprd":116.75957938937,"rpsigma":"0","acre":1000,"lacre":1000,"oldacre":"1000"},"endType":"normal"}