{"seed":[27435,46925,60686,59241],"turns":30,"p1":"SL~Kingdra","p2":"SL Realms","p1team":[{"name":"Azumarill","species":"Azumarill","item":"sitrusberry","ability":"Huge Power","moves":["bellydrum","aquajet","playrough","knockoff"],"nature":"Adamant","evs":{"hp":128,"atk":252,"def":0,"spa":0,"spd":0,"spe":128},"ivs":{"hp":31,"atk":31,"def":31,"spa":31,"spd":31,"spe":31}},{"name":"Rotom-Wash","species":"Rotom-Wash","item":"leftovers","ability":"Levitate","moves":["voltswitch","hydropump","willowisp","painsplit"],"nature":"Bold","evs":{"hp":252,"atk":0,"def":252,"spa":0,"spd":0,"spe":4},"ivs":{"hp":31,"atk":31,"def":31,"spa":31,"spd":31,"spe":31}},{"name":"Gyarados","species":"Gyarados","item":"choicescarf","ability":"Moxie","moves":["waterfall","bounce","crunch","icefang"],"nature":"Adamant","evs":{"hp":4,"atk":252,"def":0,"spa":0,"spd":0,"spe":252},"ivs":{"hp":31,"atk":31,"def":31,"spa":31,"spd":31,"spe":31}},{"name":"Slowbro","species":"Slowbro","item":"leftovers","ability":"Oblivious","moves":["irondefense","calmmind","scald","slackoff"],"nature":"Calm","evs":{"hp":252,"atk":0,"def":4,"spa":0,"spd":252,"spe":0},"ivs":{"hp":31,"atk":31,"def":31,"spa":31,"spd":31,"spe":31}},{"name":"Cloyster","species":"Cloyster","item":"focussash","ability":"Skill Link","moves":["shellsmash","iciclespear","rockblast","iceshard"],"nature":"Serious","evs":{"hp":0,"atk":252,"def":4,"spa":0,"spd":0,"spe":252},"ivs":{"hp":31,"atk":31,"def":31,"spa":31,"spd":31,"spe":31}},{"name":"Swampert","species":"Swampert","item":"swampertite","ability":"Damp","moves":["raindance","waterfall","earthquake","icepunch"],"nature":"Adamant","evs":{"hp":0,"atk":252,"def":0,"spa":0,"spd":4,"spe":252},"ivs":{"hp":31,"atk":31,"def":31,"spa":31,"spd":31,"spe":31}}],"p2team":[{"name":"Lanturn","species":"Lanturn","item":"leftovers","ability":"Volt Absorb","moves":["healbell","scald","thunderwave","voltswitch"],"nature":"","evs":{"hp":40,"atk":0,"def":220,"spa":40,"spd":208,"spe":0},"ivs":{"hp":31,"atk":31,"def":31,"spa":31,"spd":31,"spe":31}},{"name":"Tentacruel","species":"Tentacruel","item":"blacksludge","ability":"Liquid Ooze","moves":["rapidspin","scald","sludgebomb","gigadrain"],"nature":"Bold","evs":{"hp":156,"atk":0,"def":252,"spa":68,"spd":32,"spe":0},"ivs":{"hp":31,"atk":31,"def":31,"spa":31,"spd":31,"spe":31}},{"name":"Gyarados","species":"Gyarados","item":"leftovers","ability":"Intimidate","moves":["dragondance","waterfall","substitute","bounce"],"nature":"Jolly","evs":{"hp":88,"atk":220,"def":4,"spa":0,"spd":0,"spe":196},"ivs":{"hp":31,"atk":31,"def":31,"spa":31,"spd":31,"spe":31}},{"name":"Swampert","species":"Swampert","item":"leftovers","ability":"Torrent","moves":["stealthrock","earthquake","roar","protect"],"nature":"Relaxed","evs":{"hp":240,"atk":16,"def":252,"spa":0,"spd":0,"spe":0},"ivs":{"hp":31,"atk":31,"def":31,"spa":31,"spd":31,"spe":31}},{"name":"~Keldeo~","species":"keldeoresolute","item":"choicescarf","ability":"Justified","moves":["secretsword","hydropump","icywind","hiddenpowerfire"],"nature":"Mild","evs":{"hp":0,"atk":4,"def":0,"spa":252,"spd":0,"spe":252},"ivs":{"hp":31,"atk":30,"def":31,"spa":30,"spd":31,"spe":30}},{"name":"2mu(h$w@g","species":"blastoise","item":"blastoisinite","ability":"Torrent","moves":["hydropump","darkpulse","blizzard","aurasphere"],"nature":"Modest","evs":{"hp":248,"atk":0,"def":0,"spa":252,"spd":8,"spe":0},"ivs":{"hp":31,"atk":31,"def":31,"spa":31,"spd":31,"spe":31}}],"log":["|player|p1|SL~Kingdra|99","|player|p2|SL Realms|118","|gametype|singles","|gen|6","|tier|Monotype","|rated","|rule|Baton Pass Clause: Limit one Baton Passer, can't pass Spe and other stats simultaneously","|rule|Swagger Clause: Swagger is banned","|rule|Same Type Clause: Pokémon in a team must share a type","|clearpoke","|poke|p1|Azumarill, M","|poke|p1|Rotom-Wash","|poke|p1|Gyarados, F","|poke|p1|Slowbro, M","|poke|p1|Cloyster, F","|poke|p1|Swampert, M","|poke|p2|Lanturn, M","|poke|p2|Tentacruel, M","|poke|p2|Gyarados, F","|poke|p2|Swampert, M","|poke|p2|Keldeo-Resolute","|poke|p2|Blastoise, F","|rule|Sleep Clause Mod: Limit one foe put to sleep","|rule|Species Clause: Limit one of each Pokémon","|rule|OHKO Clause: OHKO moves are banned","|rule|Moody Clause: Moody is banned","|rule|Evasion Moves Clause: Evasion moves are banned","|rule|Endless Battle Clause: Forcing endless battles is banned","|rule|HP Percentage Mod: HP is shown in percentages","|teampreview","|","|start","|switch|p1a: Rotom-Wash|Rotom-Wash|304/304","|switch|p2a: Swampert|Swampert, M|401/401","|turn|1","|","|move|p1a: Rotom-Wash|Will-O-Wisp|p2a: Swampert|[miss]","|-miss|p1a: Rotom-Wash|p2a: Swampert","|move|p2a: Swampert|Stealth Rock|p1a: Rotom-Wash","|-sidestart|p1: SL~Kingdra|move: Stealth Rock","|","|turn|2","|","|move|p1a: Rotom-Wash|Will-O-Wisp|p2a: Swampert","|-status|p2a: Swampert|brn","|move|p2a: Swampert|Roar|p1a: Rotom-Wash","|drag|p1a: Cloyster|Cloyster, F|241/241","|-damage|p1a: Cloyster|181/241|[from] Stealth Rock","|","|-damage|p2a: Swampert|351/401 brn|[from] brn","|turn|3","|","|move|p1a: Cloyster|Icicle Spear|p2a: Swampert","|-damage|p2a: Swampert|324/401 brn","|-damage|p2a: Swampert|296/401 brn","|-crit|p2a: Swampert","|-damage|p2a: Swampert|257/401 brn","|-damage|p2a: Swampert|227/401 brn","|-damage|p2a: Swampert|200/401 brn","|-hitcount|p2a: Swampert|5","|move|p2a: Swampert|Roar|p1a: Cloyster","|drag|p1a: Rotom-Wash|Rotom-Wash|304/304","|-damage|p1a: Rotom-Wash|266/304|[from] Stealth Rock","|","|-heal|p1a: Rotom-Wash|285/304|[from] item: Leftovers","|-heal|p2a: Swampert|225/401 brn|[from] item: Leftovers","|-damage|p2a: Swampert|175/401 brn|[from] brn","|turn|4","|","|move|p1a: Rotom-Wash|Hydro Pump|p2a: Swampert","|-damage|p2a: Swampert|33/401 brn","|move|p2a: Swampert|Roar|p1a: Rotom-Wash","|drag|p1a: Azumarill|Azumarill, M|373/373","|-damage|p1a: Azumarill|327/373|[from] Stealth Rock","|","|-heal|p2a: Swampert|58/401 brn|[from] item: Leftovers","|-damage|p2a: Swampert|8/401 brn|[from] brn","|turn|5","|","|move|p1a: Azumarill|Aqua Jet|p2a: Swampert","|-damage|p2a: Swampert|0 fnt","|faint|p2a: Swampert","|","|","|switch|p2a: Lanturn|Lanturn, M|401/401","|turn|6","|","|move|p2a: Lanturn|Thunder Wave|p1a: Azumarill","|-status|p1a: Azumarill|par","|move|p1a: Azumarill|Belly Drum|p1a: Azumarill","|-damage|p1a: Azumarill|141/373 par","|-setboost|p1a: Azumarill|atk|6|[from] move: Belly Drum","|-enditem|p1a: Azumarill|Sitrus Berry|[eat]","|-heal|p1a: Azumarill|234/373 par|[from] item: Sitrus Berry","|","|turn|7","|","|move|p1a: Azumarill|Aqua Jet|p2a: Lanturn","|-resisted|p2a: Lanturn","|-damage|p2a: Lanturn|209/401","|move|p2a: Lanturn|Volt Switch|p1a: Azumarill","|-supereffective|p1a: Azumarill","|-damage|p1a: Azumarill|72/373 par","|","|switch|p2a: Tentacruel|Tentacruel, M|340/340","|","|turn|8","|","|move|p2a: Tentacruel|Giga Drain|p1a: Azumarill","|-supereffective|p1a: Azumarill","|-damage|p1a: Azumarill|0 fnt","|faint|p1a: Azumarill","|","|","|switch|p1a: Rotom-Wash|Rotom-Wash|285/304","|-damage|p1a: Rotom-Wash|247/304|[from] Stealth Rock","|turn|9","|","|move|p2a: Tentacruel|Giga Drain|p1a: Rotom-Wash","|-supereffective|p1a: Rotom-Wash","|-damage|p1a: Rotom-Wash|137/304","|move|p1a: Rotom-Wash|Volt Switch|p2a: Tentacruel","|-supereffective|p2a: Tentacruel","|-damage|p2a: Tentacruel|200/340","|","|switch|p1a: Gyarados|Gyarados, F|332/332","|-damage|p1a: Gyarados|249/332|[from] Stealth Rock","|","|-heal|p2a: Tentacruel|221/340|[from] item: Black Sludge","|turn|10","|","|move|p1a: Gyarados|Bounce|p2a: Tentacruel|[still]","|-prepare|p1a: Gyarados|Bounce|p2a: Tentacruel","|move|p2a: Tentacruel|Sludge Bomb|p1a: Gyarados|[miss]","|-miss|p2a: Tentacruel|p1a: Gyarados","|","|-heal|p2a: Tentacruel|242/340|[from] item: Black Sludge","|turn|11","|","|move|p1a: Gyarados|Bounce|p2a: Tentacruel|[from]lockedmove","|-damage|p2a: Tentacruel|100/340","|-status|p2a: Tentacruel|par","|cant|p2a: Tentacruel|par","|","|-heal|p2a: Tentacruel|121/340 par|[from] item: Black Sludge","|turn|12","|","|move|p1a: Gyarados|Bounce|p2a: Tentacruel|[still]","|-prepare|p1a: Gyarados|Bounce|p2a: Tentacruel","|move|p2a: Tentacruel|Sludge Bomb|p1a: Gyarados|[miss]","|-miss|p2a: Tentacruel|p1a: Gyarados","|","|-heal|p2a: Tentacruel|142/340 par|[from] item: Black Sludge","|turn|13","|","|move|p1a: Gyarados|Bounce|p2a: Tentacruel|[from]lockedmove","|-damage|p2a: Tentacruel|0 fnt","|faint|p2a: Tentacruel","|-boost|p1a: Gyarados|atk|1|[from] ability: Moxie","|","|","|switch|p2a: Lanturn|Lanturn, M|209/401","|turn|14","|","|move|p1a: Gyarados|Bounce|p2a: Lanturn|[still]","|-prepare|p1a: Gyarados|Bounce|p2a: Lanturn","|move|p2a: Lanturn|Volt Switch|p1a: Gyarados|[miss]","|-miss|p2a: Lanturn|p1a: Gyarados","|","|-heal|p2a: Lanturn|234/401|[from] item: Leftovers","|turn|15","|","|move|p1a: Gyarados|Bounce|p2a: Lanturn|[from]lockedmove","|-crit|p2a: Lanturn","|-resisted|p2a: Lanturn","|-damage|p2a: Lanturn|18/401","|move|p2a: Lanturn|Volt Switch|p1a: Gyarados","|-supereffective|p1a: Gyarados","|-damage|p1a: Gyarados|0 fnt","|faint|p1a: Gyarados","|","|switch|p2a: Gyarados|Gyarados, F|353/353","|","|","|switch|p1a: Rotom-Wash|Rotom-Wash|137/304","|-damage|p1a: Rotom-Wash|99/304|[from] Stealth Rock","|turn|16","|","|switch|p2a: Lanturn|Lanturn, M|18/401","|move|p1a: Rotom-Wash|Volt Switch|p2a: Lanturn","|-heal|p2a: Lanturn|118/401|[from] ability: Volt Absorb|[of] p1a: Rotom-Wash","|","|-heal|p1a: Rotom-Wash|118/304|[from] item: Leftovers","|-heal|p2a: Lanturn|143/401|[from] item: Leftovers","|turn|17","|","|move|p1a: Rotom-Wash|Will-O-Wisp|p2a: Lanturn","|-status|p2a: Lanturn|brn","|move|p2a: Lanturn|Volt Switch|p1a: Rotom-Wash","|-damage|p1a: Rotom-Wash|48/304","|","|switch|p2a: ~Keldeo~|Keldeo-Resolute|323/323","|","|-heal|p1a: Rotom-Wash|67/304|[from] item: Leftovers","|turn|18","|","|move|p2a: ~Keldeo~|Secret Sword|p1a: Rotom-Wash","|-damage|p1a: Rotom-Wash|0 fnt","|faint|p1a: Rotom-Wash","|","|","|switch|p1a: Swampert|Swampert, M|341/341","|-damage|p1a: Swampert|320/341|[from] Stealth Rock","|turn|19","|","|switch|p2a: Gyarados|Gyarados, F|353/353","|-ability|p2a: Gyarados|Intimidate","|-unboost|p1a: Swampert|atk|1","|detailschange|p1a: Swampert|Swampert-Mega, M","|-mega|p1a: Swampert|Swampert|Swampertite","|move|p1a: Swampert|Rain Dance|p1a: Swampert","|-weather|RainDance","|","|-weather|RainDance|[upkeep]","|turn|20","|","|move|p1a: Swampert|Ice Punch|p2a: Gyarados","|-damage|p2a: Gyarados|263/353","|move|p2a: Gyarados|Substitute|p2a: Gyarados","|-start|p2a: Gyarados|Substitute","|-damage|p2a: Gyarados|175/353","|","|-weather|RainDance|[upkeep]","|-heal|p2a: Gyarados|197/353|[from] item: Leftovers","|turn|21","|","|move|p1a: Swampert|Ice Punch|p2a: Gyarados","|-end|p2a: Gyarados|Substitute","|move|p2a: Gyarados|Dragon Dance|p2a: Gyarados","|-boost|p2a: Gyarados|atk|1","|-boost|p2a: Gyarados|spe|1","|","|-weather|RainDance|[upkeep]","|-heal|p2a: Gyarados|219/353|[from] item: Leftovers","|turn|22","|","|move|p1a: Swampert|Ice Punch|p2a: Gyarados","|-damage|p2a: Gyarados|124/353","|move|p2a: Gyarados|Dragon Dance|p2a: Gyarados","|-boost|p2a: Gyarados|atk|1","|-boost|p2a: Gyarados|spe|1","|","|-weather|RainDance|[upkeep]","|-heal|p2a: Gyarados|146/353|[from] item: Leftovers","|turn|23","|","|move|p2a: Gyarados|Waterfall|p1a: Swampert","|-damage|p1a: Swampert|0 fnt","|faint|p1a: Swampert","|","|-weather|none","|-heal|p2a: Gyarados|168/353|[from] item: Leftovers","|","|switch|p1a: Slowbro|Slowbro, M|394/394","|-damage|p1a: Slowbro|345/394|[from] Stealth Rock","|turn|24","|","|move|p2a: Gyarados|Substitute|p2a: Gyarados","|-start|p2a: Gyarados|Substitute","|-damage|p2a: Gyarados|80/353","|move|p1a: Slowbro|Iron Defense|p1a: Slowbro","|-boost|p1a: Slowbro|def|2","|","|-heal|p2a: Gyarados|102/353|[from] item: Leftovers","|-heal|p1a: Slowbro|369/394|[from] item: Leftovers","|turn|25","|","|move|p2a: Gyarados|Bounce|p1a: Slowbro|[still]","|-prepare|p2a: Gyarados|Bounce|p1a: Slowbro","|move|p1a: Slowbro|Slack Off|p1a: Slowbro","|-heal|p1a: Slowbro|394/394","|","|-heal|p2a: Gyarados|124/353|[from] item: Leftovers","|turn|26","|","|move|p2a: Gyarados|Bounce|p1a: Slowbro|[from]lockedmove","|-damage|p1a: Slowbro|253/394","|-status|p1a: Slowbro|par","|move|p1a: Slowbro|Iron Defense|p1a: Slowbro","|-boost|p1a: Slowbro|def|2","|","|-heal|p2a: Gyarados|146/353|[from] item: Leftovers","|-heal|p1a: Slowbro|277/394 par|[from] item: Leftovers","|turn|27","|","|switch|p2a: 2mu(h$w@g|Blastoise, F|361/361","|cant|p1a: Slowbro|par","|","|-heal|p1a: Slowbro|301/394 par|[from] item: Leftovers","|turn|28","|","|detailschange|p2a: 2mu(h$w@g|Blastoise-Mega, F","|-mega|p2a: 2mu(h$w@g|Blastoise|Blastoisinite","|move|p2a: 2mu(h$w@g|Dark Pulse|p1a: Slowbro","|-supereffective|p1a: Slowbro","|-damage|p1a: Slowbro|53/394 par","|cant|p1a: Slowbro|flinch","|","|-heal|p1a: Slowbro|77/394 par|[from] item: Leftovers","|turn|29","|","|move|p2a: 2mu(h$w@g|Dark Pulse|p1a: Slowbro","|-supereffective|p1a: Slowbro","|-damage|p1a: Slowbro|0 fnt","|faint|p1a: Slowbro","|","|","|switch|p1a: Cloyster|Cloyster, F|181/241","|-damage|p1a: Cloyster|121/241|[from] Stealth Rock","|turn|30","|","|win|SL Realms"],"p1rating":{"entryid":"101024","serverid":"eos","formatid":"monotype","userid":"slkingdra","username":"SL~Kingdra","w":"11","l":5,"t":"0","gxe":61.9,"r":"1580.8638059903","rd":"85.193412799414","sigma":"0","rptime":"1440147600","rpr":1593.3418310404,"rprd":75.499711002486,"rpsigma":"0","acre":1197.6118210136,"lacre":1197.6118210136,"oldacre":"1232.6255922867"},"p2rating":{"entryid":"259244","serverid":"eos","formatid":"monotype","userid":"slrealms","username":"SL Realms","w":3,"l":"2","t":"0","gxe":54.5,"r":"1500","rd":"130","sigma":"0","rptime":"1440147600","rpr":1535.1228671505,"rprd":102.2224958622,"rpsigma":"0","acre":1123.3285068507,"lacre":1123.3285068507,"oldacre":"1085.2069788167"},"endType":"forfeit"}