{"seed":[30458,42487,33987,37161],"turns":25,"p1":"SL~Kingdra","p2":"Jake1079","p1team":[{"name":"Azumarill","species":"Azumarill","item":"sitrusberry","ability":"Huge Power","moves":["bellydrum","aquajet","playrough","knockoff"],"nature":"Adamant","evs":{"hp":128,"atk":252,"def":0,"spa":0,"spd":0,"spe":128},"ivs":{"hp":31,"atk":31,"def":31,"spa":31,"spd":31,"spe":31}},{"name":"Rotom-Wash","species":"Rotom-Wash","item":"leftovers","ability":"Levitate","moves":["voltswitch","hydropump","willowisp","painsplit"],"nature":"Bold","evs":{"hp":252,"atk":0,"def":252,"spa":0,"spd":0,"spe":4},"ivs":{"hp":31,"atk":31,"def":31,"spa":31,"spd":31,"spe":31}},{"name":"Gyarados","species":"Gyarados","item":"choicescarf","ability":"Moxie","moves":["waterfall","bounce","crunch","icefang"],"nature":"Adamant","evs":{"hp":4,"atk":252,"def":0,"spa":0,"spd":0,"spe":252},"ivs":{"hp":31,"atk":31,"def":31,"spa":31,"spd":31,"spe":31}},{"name":"Slowbro","species":"Slowbro","item":"leftovers","ability":"Oblivious","moves":["irondefense","calmmind","scald","slackoff"],"nature":"Calm","evs":{"hp":252,"atk":0,"def":4,"spa":0,"spd":252,"spe":0},"ivs":{"hp":31,"atk":31,"def":31,"spa":31,"spd":31,"spe":31}},{"name":"Cloyster","species":"Cloyster","item":"focussash","ability":"Skill Link","moves":["shellsmash","iciclespear","rockblast","iceshard"],"nature":"Serious","evs":{"hp":0,"atk":252,"def":4,"spa":0,"spd":0,"spe":252},"ivs":{"hp":31,"atk":31,"def":31,"spa":31,"spd":31,"spe":31}},{"name":"Swampert","species":"Swampert","item":"swampertite","ability":"Damp","moves":["raindance","waterfall","earthquake","icepunch"],"nature":"Adamant","evs":{"hp":0,"atk":252,"def":0,"spa":0,"spd":4,"spe":252},"ivs":{"hp":31,"atk":31,"def":31,"spa":31,"spd":31,"spe":31}}],"p2team":[{"name":"Aggron","species":"Aggron","item":"aggronite","ability":"Sturdy","moves":["autotomize","earthquake","ironhead","firepunch"],"nature":"Adamant","evs":{"hp":0,"atk":252,"def":0,"spa":0,"spd":8,"spe":248},"ivs":{"hp":31,"atk":31,"def":31,"spa":31,"spd":31,"spe":31}},{"name":"Ferrothorn","species":"Ferrothorn","item":"rockyhelmet","ability":"Iron Barbs","moves":["stealthrock","leechseed","protect","gyroball"],"nature":"Relaxed","evs":{"hp":248,"atk":8,"def":252,"spa":0,"spd":0,"spe":0},"ivs":{"hp":31,"atk":31,"def":31,"spa":31,"spd":31,"spe":0}},{"name":"Empoleon","species":"Empoleon","item":"choicespecs","ability":"Torrent","moves":["scald","icebeam","hiddenpowerfire","flashcannon"],"nature":"Modest","evs":{"hp":248,"atk":0,"def":0,"spa":252,"spd":8,"spe":0},"ivs":{"hp":31,"atk":30,"def":31,"spa":30,"spd":31,"spe":30}},{"name":"Heatran","species":"Heatran","item":"airballoon","ability":"Flash Fire","moves":["earthpower","flashcannon","flamethrower","roar"],"nature":"Modest","evs":{"hp":248,"atk":0,"def":0,"spa":252,"spd":8,"spe":0},"ivs":{"hp":31,"atk":30,"def":30,"spa":31,"spd":31,"spe":31}},{"name":"Excadrill","species":"Excadrill","item":"choicescarf","ability":"Mold Breaker","moves":["earthquake","ironhead","xscissor","rockslide"],"nature":"Jolly","evs":{"hp":0,"atk":252,"def":0,"spa":0,"spd":4,"spe":252},"ivs":{"hp":31,"atk":31,"def":31,"spa":31,"spd":31,"spe":31}},{"name":"Jirachi","species":"Jirachi","item":"leftovers","ability":"Serene Grace","moves":["firepunch","thunderwave","ironhead","meteormash"],"nature":"Adamant","evs":{"hp":224,"atk":252,"def":0,"spa":0,"spd":0,"spe":32},"ivs":{"hp":31,"atk":31,"def":31,"spa":31,"spd":31,"spe":31}}],"log":["|player|p1|SL~Kingdra|99","|player|p2|Jake1079|281","|gametype|singles","|gen|6","|tier|Monotype","|rated","|rule|Baton Pass Clause: Limit one Baton Passer, can't pass Spe and other stats simultaneously","|rule|Swagger Clause: Swagger is banned","|rule|Same Type Clause: Pokémon in a team must share a type","|clearpoke","|poke|p1|Azumarill, F","|poke|p1|Rotom-Wash","|poke|p1|Gyarados, M","|poke|p1|Slowbro, M","|poke|p1|Cloyster, F","|poke|p1|Swampert, M","|poke|p2|Aggron, F","|poke|p2|Ferrothorn, M","|poke|p2|Empoleon, F","|poke|p2|Heatran, F","|poke|p2|Excadrill, M","|poke|p2|Jirachi","|rule|Sleep Clause Mod: Limit one foe put to sleep","|rule|Species Clause: Limit one of each Pokémon","|rule|OHKO Clause: OHKO moves are banned","|rule|Moody Clause: Moody is banned","|rule|Evasion Moves Clause: Evasion moves are banned","|rule|Endless Battle Clause: Forcing endless battles is banned","|rule|HP Percentage Mod: HP is shown in percentages","|teampreview","|","|start","|switch|p1a: Swampert|Swampert, M|341/341","|switch|p2a: Aggron|Aggron, F|281/281","|turn|1","|","|detailschange|p1a: Swampert|Swampert-Mega, M","|-mega|p1a: Swampert|Swampert|Swampertite","|detailschange|p2a: Aggron|Aggron-Mega, F","|-mega|p2a: Aggron|Aggron|Aggronite","|move|p1a: Swampert|Rain Dance|p1a: Swampert","|-weather|RainDance","|move|p2a: Aggron|Autotomize|p2a: Aggron","|-boost|p2a: Aggron|spe|2","|-start|p2a: Aggron|Autotomize","|","|-weather|RainDance|[upkeep]","|turn|2","|","|move|p1a: Swampert|Earthquake|p2a: Aggron","|-supereffective|p2a: Aggron","|-damage|p2a: Aggron|133/281","|move|p2a: Aggron|Earthquake|p1a: Swampert","|-damage|p1a: Swampert|219/341","|","|-weather|RainDance|[upkeep]","|turn|3","|","|switch|p2a: Ferrothorn|Ferrothorn, M|351/351","|move|p1a: Swampert|Earthquake|p2a: Ferrothorn","|-damage|p2a: Ferrothorn|221/351","|","|-weather|RainDance|[upkeep]","|turn|4","|","|move|p1a: Swampert|Earthquake|p2a: Ferrothorn","|-damage|p2a: Ferrothorn|88/351","|move|p2a: Ferrothorn|Leech Seed|p1a: Swampert","|-start|p1a: Swampert|move: Leech Seed","|","|-weather|RainDance|[upkeep]","|-damage|p1a: Swampert|177/341|[from] Leech Seed|[of] p2a: Ferrothorn","|-heal|p2a: Ferrothorn|130/351|[silent]","|turn|5","|","|move|p2a: Ferrothorn|Protect|p2a: Ferrothorn","|-singleturn|p2a: Ferrothorn|Protect","|move|p1a: Swampert|Earthquake|p2a: Ferrothorn","|-activate|p2a: Ferrothorn|Protect","|","|-weather|none","|-damage|p1a: Swampert|135/341|[from] Leech Seed|[of] p2a: Ferrothorn","|-heal|p2a: Ferrothorn|172/351|[silent]","|turn|6","|","|move|p1a: Swampert|Earthquake|p2a: Ferrothorn","|-damage|p2a: Ferrothorn|43/351","|move|p2a: Ferrothorn|Stealth Rock|p1a: Swampert","|-sidestart|p1: SL~Kingdra|move: Stealth Rock","|","|-damage|p1a: Swampert|93/341|[from] Leech Seed|[of] p2a: Ferrothorn","|-heal|p2a: Ferrothorn|85/351|[silent]","|turn|7","|","|move|p2a: Ferrothorn|Protect|p2a: Ferrothorn","|-singleturn|p2a: Ferrothorn|Protect","|move|p1a: Swampert|Earthquake|p2a: Ferrothorn","|-activate|p2a: Ferrothorn|Protect","|","|-damage|p1a: Swampert|51/341|[from] Leech Seed|[of] p2a: Ferrothorn","|-heal|p2a: Ferrothorn|127/351|[silent]","|turn|8","|","|move|p2a: Ferrothorn|Protect|p2a: Ferrothorn","|-fail|p2a: Ferrothorn","|move|p1a: Swampert|Earthquake|p2a: Ferrothorn","|-damage|p2a: Ferrothorn|0 fnt","|faint|p2a: Ferrothorn","|","|","|switch|p2a: Excadrill|Excadrill, M|361/361","|-ability|p2a: Excadrill|Mold Breaker","|turn|9","|","|move|p2a: Excadrill|Earthquake|p1a: Swampert","|-damage|p1a: Swampert|0 fnt","|faint|p1a: Swampert","|","|","|switch|p1a: Gyarados|Gyarados, M|332/332","|-damage|p1a: Gyarados|249/332|[from] Stealth Rock","|turn|10","|","|switch|p2a: Aggron|Aggron-Mega, F|133/281","|move|p1a: Gyarados|Waterfall|p2a: Aggron","|-damage|p2a: Aggron|60/281","|","|turn|11","|","|move|p1a: Gyarados|Waterfall|p2a: Aggron","|-damage|p2a: Aggron|0 fnt","|faint|p2a: Aggron","|-boost|p1a: Gyarados|atk|1|[from] ability: Moxie","|","|","|switch|p2a: Excadrill|Excadrill, M|361/361","|-ability|p2a: Excadrill|Mold Breaker","|turn|12","|","|move|p2a: Excadrill|Rock Slide|p1a: Gyarados","|-supereffective|p1a: Gyarados","|-damage|p1a: Gyarados|23/332","|cant|p1a: Gyarados|flinch","|","|turn|13","|","|move|p2a: Excadrill|Rock Slide|p1a: Gyarados","|-supereffective|p1a: Gyarados","|-damage|p1a: Gyarados|0 fnt","|faint|p1a: Gyarados","|","|","|switch|p1a: Rotom-Wash|Rotom-Wash|304/304","|-damage|p1a: Rotom-Wash|266/304|[from] Stealth Rock","|turn|14","|","|switch|p2a: Empoleon|Empoleon, F|371/371","|move|p1a: Rotom-Wash|Hydro Pump|p2a: Empoleon","|-resisted|p2a: Empoleon","|-damage|p2a: Empoleon|310/371","|","|-heal|p1a: Rotom-Wash|285/304|[from] item: Leftovers","|turn|15","|","|move|p1a: Rotom-Wash|Will-O-Wisp|p2a: Empoleon","|-status|p2a: Empoleon|brn","|move|p2a: Empoleon|Scald|p1a: Rotom-Wash","|-resisted|p1a: Rotom-Wash","|-damage|p1a: Rotom-Wash|195/304","|-status|p1a: Rotom-Wash|brn","|","|-heal|p1a: Rotom-Wash|214/304 brn|[from] item: Leftovers","|-damage|p1a: Rotom-Wash|176/304 brn|[from] brn","|-damage|p2a: Empoleon|264/371 brn|[from] brn","|turn|16","|","|move|p1a: Rotom-Wash|Pain Split|p2a: Empoleon","|-sethp|p2a: Empoleon|220/371 brn|p1a: Rotom-Wash|220/304 brn|[from] move: Pain Split","|move|p2a: Empoleon|Scald|p1a: Rotom-Wash","|-resisted|p1a: Rotom-Wash","|-damage|p1a: Rotom-Wash|117/304 brn","|","|-heal|p1a: Rotom-Wash|136/304 brn|[from] item: Leftovers","|-damage|p1a: Rotom-Wash|98/304 brn|[from] brn","|-damage|p2a: Empoleon|174/371 brn|[from] brn","|turn|17","|","|move|p1a: Rotom-Wash|Volt Switch|p2a: Empoleon","|-supereffective|p2a: Empoleon","|-damage|p2a: Empoleon|0 fnt","|faint|p2a: Empoleon","|","|switch|p1a: Azumarill|Azumarill, F|373/373","|-damage|p1a: Azumarill|327/373|[from] Stealth Rock","|","|","|switch|p2a: Jirachi|Jirachi|397/397","|turn|18","|","|move|p2a: Jirachi|Thunder Wave|p1a: Azumarill","|-status|p1a: Azumarill|par","|move|p1a: Azumarill|Belly Drum|p1a: Azumarill","|-damage|p1a: Azumarill|141/373 par","|-setboost|p1a: Azumarill|atk|6|[from] move: Belly Drum","|-enditem|p1a: Azumarill|Sitrus Berry|[eat]","|-heal|p1a: Azumarill|234/373 par|[from] item: Sitrus Berry","|","|turn|19","|","|move|p1a: Azumarill|Aqua Jet|p2a: Jirachi","|-damage|p2a: Jirachi|79/397","|move|p2a: Jirachi|Meteor Mash|p1a: Azumarill","|-damage|p1a: Azumarill|45/373 par","|","|-heal|p2a: Jirachi|103/397|[from] item: Leftovers","|turn|20","|","|move|p1a: Azumarill|Aqua Jet|p2a: Jirachi","|-damage|p2a: Jirachi|0 fnt","|faint|p2a: Jirachi","|","|","|switch|p2a: Heatran|Heatran, F|385/385","|-item|p2a: Heatran|Air Balloon","|turn|21","|","|move|p1a: Azumarill|Aqua Jet|p2a: Heatran","|-crit|p2a: Heatran","|-supereffective|p2a: Heatran","|-damage|p2a: Heatran|0 fnt","|-enditem|p2a: Heatran|Air Balloon","|faint|p2a: Heatran","|","|","|switch|p2a: Excadrill|Excadrill, M|361/361","|-ability|p2a: Excadrill|Mold Breaker","|turn|22","|","|cant|p1a: Azumarill|par","|move|p2a: Excadrill|Earthquake|p1a: Azumarill","|-damage|p1a: Azumarill|0 fnt","|faint|p1a: Azumarill","|","|","|switch|p1a: Rotom-Wash|Rotom-Wash|98/304 brn","|-damage|p1a: Rotom-Wash|60/304 brn|[from] Stealth Rock","|turn|23","|","|move|p2a: Excadrill|Earthquake|p1a: Rotom-Wash","|-supereffective|p1a: Rotom-Wash","|-damage|p1a: Rotom-Wash|0 fnt","|faint|p1a: Rotom-Wash","|","|","|switch|p1a: Slowbro|Slowbro, M|394/394","|-damage|p1a: Slowbro|345/394|[from] Stealth Rock","|turn|24","|","|move|p2a: Excadrill|Earthquake|p1a: Slowbro","|-damage|p1a: Slowbro|176/394","|move|p1a: Slowbro|Scald|p2a: Excadrill","|-supereffective|p2a: Excadrill","|-damage|p2a: Excadrill|109/361","|-status|p2a: Excadrill|brn","|","|-heal|p1a: Slowbro|200/394|[from] item: Leftovers","|-damage|p2a: Excadrill|64/361 brn|[from] brn","|turn|25","|","|move|p2a: Excadrill|Earthquake|p1a: Slowbro","|-damage|p1a: Slowbro|122/394","|move|p1a: Slowbro|Scald|p2a: Excadrill","|-supereffective|p2a: Excadrill","|-damage|p2a: Excadrill|0 fnt","|faint|p2a: Excadrill","|","|win|SL~Kingdra"],"p1rating":{"entryid":"101024","serverid":"eos","formatid":"monotype","userid":"slkingdra","username":"SL~Kingdra","w":11,"l":"4","t":"0","gxe":64.3,"r":"1580.8638059903","rd":"85.193412799414","sigma":"0","rptime":"1440147600","rpr":1612.95882449,"rprd":76.998080572633,"rpsigma":"0","acre":1232.6255922867,"lacre":1232.6255922867,"oldacre":"1216.1256220371"},"p2rating":{"entryid":"56288","serverid":"eos","formatid":"monotype","userid":"jake1079","username":"Jake1079","w":"11","l":14,"t":"0","gxe":47.3,"r":"1488.700667967","rd":"67.456810627052","sigma":"0","rptime":"1440147600","rpr":1479.5280767821,"rprd":66.373083916758,"rpsigma":"0","acre":1077.2838577979,"lacre":1077.2838577979,"oldacre":"1093.1008094107"},"endType":"normal"}