{"seed":[65448,31961,50305,24240],"turns":23,"p1":"Rain Mistral","p2":"Carnie Marston","p1team":[{"name":"Megazard X","species":"gyarados","item":"gyaradosite","ability":"Intimidate","moves":["dragondance","waterfall","crunch","earthquake"],"nature":"Jolly","evs":{"hp":0,"atk":252,"def":0,"spa":0,"spd":4,"spe":252},"gender":"F","shiny":true,"ivs":{"hp":31,"atk":31,"def":31,"spa":31,"spd":31,"spe":31}},{"name":"~~Missing Altaria~","species":"dragonite","item":"weaknesspolicy","ability":"Multiscale","moves":["dragondance","earthquake","outrage","extremespeed"],"nature":"Adamant","evs":{"hp":0,"atk":252,"def":0,"spa":0,"spd":4,"spe":252},"gender":"F","ivs":{"hp":31,"atk":31,"def":31,"spa":31,"spd":31,"spe":31}},{"name":"Frostwing","species":"articuno","item":"leftovers","ability":"Pressure","moves":["freezedry","roost","healbell","defog"],"nature":"Calm","evs":{"hp":252,"atk":0,"def":0,"spa":4,"spd":252,"spe":0},"shiny":true,"ivs":{"hp":31,"atk":31,"def":31,"spa":31,"spd":31,"spe":31}},{"name":"RIP Mascot","species":"togekiss","item":"leftovers","ability":"Serene Grace","moves":["airslash","thunderwave","flamethrower","dazzlinggleam"],"nature":"Modest","evs":{"hp":252,"atk":0,"def":0,"spa":252,"spd":4,"spe":0},"gender":"F","shiny":true,"ivs":{"hp":31,"atk":31,"def":31,"spa":31,"spd":31,"spe":31}},{"name":"Come At Me","species":"skarmory","item":"rockyhelmet","ability":"Sturdy","moves":["counter","roost","defog","stealthrock"],"nature":"Bold","evs":{"hp":248,"atk":0,"def":236,"spa":0,"spd":0,"spe":24},"ivs":{"hp":31,"atk":31,"def":31,"spa":31,"spd":31,"spe":31}},{"name":"Vortexx","species":"thundurustherian","item":"expertbelt","ability":"Volt Absorb","moves":["thunderbolt","grassknot","hiddenpowerice","nastyplot"],"nature":"Timid","evs":{"hp":0,"atk":0,"def":0,"spa":252,"spd":4,"spe":252},"ivs":{"hp":31,"atk":30,"def":30,"spa":31,"spd":31,"spe":31}}],"p2team":[{"name":"Scizor","species":"Scizor","item":"scizorite","ability":"Technician","moves":["bulletpunch","knockoff","bugbite","swordsdance"],"nature":"Adamant","evs":{"hp":216,"atk":216,"def":0,"spa":0,"spd":0,"spe":76},"ivs":{"hp":31,"atk":31,"def":31,"spa":31,"spd":31,"spe":31}},{"name":"Excadrill","species":"Excadrill","item":"airballoon","ability":"Mold Breaker","moves":["rockslide","earthquake","brickbreak","ironhead"],"nature":"Adamant","evs":{"hp":0,"atk":252,"def":0,"spa":0,"spd":4,"spe":252},"ivs":{"hp":31,"atk":31,"def":31,"spa":31,"spd":31,"spe":31}},{"name":"Ferrothorn","species":"Ferrothorn","item":"zoomlens","ability":"Anticipation","moves":["powerwhip","ironhead","spikes","swordsdance"],"nature":"Adamant","evs":{"hp":248,"atk":252,"def":0,"spa":0,"spd":8,"spe":0},"ivs":{"hp":31,"atk":31,"def":31,"spa":31,"spd":31,"spe":31}},{"name":"Heatran","species":"Heatran","item":"airballoon","ability":"Flash Fire","moves":["eruption","flashcannon","toxic","earthpower"],"nature":"Quiet","evs":{"hp":248,"atk":0,"def":0,"spa":252,"spd":8,"spe":0},"ivs":{"hp":31,"atk":31,"def":31,"spa":31,"spd":31,"spe":31}},{"name":"Empoleon","species":"Empoleon","item":"expertbelt","ability":"Defiant","moves":["flashcannon","icebeam","scald","drillpeck"],"nature":"Mild","evs":{"hp":248,"atk":8,"def":0,"spa":252,"spd":0,"spe":0},"shiny":true,"ivs":{"hp":31,"atk":31,"def":31,"spa":31,"spd":31,"spe":31}},{"name":"Sleepy","species":"jirachi","item":"airballoon","ability":"Serene Grace","moves":["calmmind","thunderbolt","psychic","flashcannon"],"nature":"Timid","evs":{"hp":0,"atk":0,"def":0,"spa":252,"spd":4,"spe":252},"ivs":{"hp":31,"atk":31,"def":31,"spa":31,"spd":31,"spe":31}}],"log":["|player|p1|Rain Mistral|52","|player|p2|Carnie Marston|2","|gametype|singles","|gen|6","|tier|Monotype","|rated","|rule|Baton Pass Clause: Limit one Baton Passer, can't pass Spe and other stats simultaneously","|rule|Swagger Clause: Swagger is banned","|rule|Same Type Clause: Pokémon in a team must share a type","|clearpoke","|poke|p1|Gyarados, F, shiny","|poke|p1|Dragonite, F","|poke|p1|Articuno, shiny","|poke|p1|Togekiss, F, shiny","|poke|p1|Skarmory, F","|poke|p1|Thundurus-Therian, M","|poke|p2|Scizor, F","|poke|p2|Excadrill, M","|poke|p2|Ferrothorn, M","|poke|p2|Heatran, M","|poke|p2|Empoleon, M, shiny","|poke|p2|Jirachi","|rule|Sleep Clause Mod: Limit one foe put to sleep","|rule|Species Clause: Limit one of each Pokémon","|rule|OHKO Clause: OHKO moves are banned","|rule|Moody Clause: Moody is banned","|rule|Evasion Moves Clause: Evasion moves are banned","|rule|Endless Battle Clause: Forcing endless battles is banned","|rule|HP Percentage Mod: HP is shown in percentages","|teampreview","|","|start","|switch|p1a: ~~Missing Altaria~|Dragonite, F|323/323","|switch|p2a: Sleepy|Jirachi|341/341","|-item|p2a: Sleepy|Air Balloon","|turn|1","|","|move|p1a: ~~Missing Altaria~|Extreme Speed|p2a: Sleepy","|-resisted|p2a: Sleepy","|-damage|p2a: Sleepy|288/341","|-enditem|p2a: Sleepy|Air Balloon","|move|p2a: Sleepy|Calm Mind|p2a: Sleepy","|-boost|p2a: Sleepy|spa|1","|-boost|p2a: Sleepy|spd|1","|","|turn|2","|","|move|p2a: Sleepy|Psychic|p1a: ~~Missing Altaria~","|-damage|p1a: ~~Missing Altaria~|227/323","|move|p1a: ~~Missing Altaria~|Dragon Dance|p1a: ~~Missing Altaria~","|-boost|p1a: ~~Missing Altaria~|atk|1","|-boost|p1a: ~~Missing Altaria~|spe|1","|","|turn|3","|","|move|p1a: ~~Missing Altaria~|Earthquake|p2a: Sleepy","|-supereffective|p2a: Sleepy","|-damage|p2a: Sleepy|0 fnt","|faint|p2a: Sleepy","|","|","|switch|p2a: Excadrill|Excadrill, M|361/361","|-ability|p2a: Excadrill|Mold Breaker","|-item|p2a: Excadrill|Air Balloon","|turn|4","|","|move|p1a: ~~Missing Altaria~|Outrage|p2a: Excadrill","|-resisted|p2a: Excadrill","|-damage|p2a: Excadrill|79/361","|-enditem|p2a: Excadrill|Air Balloon","|move|p2a: Excadrill|Rock Slide|p1a: ~~Missing Altaria~","|-supereffective|p1a: ~~Missing Altaria~","|-damage|p1a: ~~Missing Altaria~|19/323","|-enditem|p1a: ~~Missing Altaria~|Weakness Policy","|-boost|p1a: ~~Missing Altaria~|atk|2|[from] item: Weakness Policy","|-boost|p1a: ~~Missing Altaria~|spa|2|[from] item: Weakness Policy","|","|turn|5","|","|move|p1a: ~~Missing Altaria~|Outrage|p2a: Excadrill|[from]lockedmove","|-resisted|p2a: Excadrill","|-damage|p2a: Excadrill|0 fnt","|-start|p1a: ~~Missing Altaria~|confusion|[fatigue]","|faint|p2a: Excadrill","|","|","|switch|p2a: Scizor|Scizor, F|335/335","|turn|6","|","|detailschange|p2a: Scizor|Scizor-Mega, F","|-mega|p2a: Scizor|Scizor|Scizorite","|-activate|p1a: ~~Missing Altaria~|confusion","|-damage|p1a: ~~Missing Altaria~|0 fnt|[from] confusion","|faint|p1a: ~~Missing Altaria~","|move|p2a: Scizor|Bullet Punch|p1: ~~Missing Altaria~|[notarget]","|-notarget","|","|","|switch|p1a: RIP Mascot|Togekiss, F, shiny|374/374","|turn|7","|","|move|p2a: Scizor|Bullet Punch|p1a: RIP Mascot","|-supereffective|p1a: RIP Mascot","|-damage|p1a: RIP Mascot|126/374","|move|p1a: RIP Mascot|Flamethrower|p2a: Scizor","|-supereffective|p2a: Scizor","|-damage|p2a: Scizor|0 fnt","|faint|p2a: Scizor","|","|-heal|p1a: RIP Mascot|149/374|[from] item: Leftovers","|","|switch|p2a: Empoleon|Empoleon, M, shiny|371/371","|turn|8","|","|move|p1a: RIP Mascot|Thunder Wave|p2a: Empoleon","|-status|p2a: Empoleon|par","|cant|p2a: Empoleon|par","|","|-heal|p1a: RIP Mascot|172/374|[from] item: Leftovers","|turn|9","|","|move|p1a: RIP Mascot|Air Slash|p2a: Empoleon","|-resisted|p2a: Empoleon","|-damage|p2a: Empoleon|299/371 par","|cant|p2a: Empoleon|flinch","|","|-heal|p1a: RIP Mascot|195/374|[from] item: Leftovers","|turn|10","|","|switch|p2a: Heatran|Heatran, M|385/385","|-item|p2a: Heatran|Air Balloon","|move|p1a: RIP Mascot|Air Slash|p2a: Heatran|[miss]","|-miss|p1a: RIP Mascot|p2a: Heatran","|","|-heal|p1a: RIP Mascot|218/374|[from] item: Leftovers","|turn|11","|","|move|p1a: RIP Mascot|Air Slash|p2a: Heatran","|-resisted|p2a: Heatran","|-damage|p2a: Heatran|316/385","|-enditem|p2a: Heatran|Air Balloon","|cant|p2a: Heatran|flinch","|","|-heal|p1a: RIP Mascot|241/374|[from] item: Leftovers","|turn|12","|","|switch|p1a: Megazard X|Gyarados, F, shiny|331/331","|-ability|p1a: Megazard X|Intimidate","|-unboost|p2a: Heatran|atk|1","|move|p2a: Heatran|Flash Cannon|p1a: Megazard X","|-resisted|p1a: Megazard X","|-damage|p1a: Megazard X|256/331","|","|turn|13","|","|switch|p2a: Ferrothorn|Ferrothorn, M|351/351","|detailschange|p1a: Megazard X|Gyarados-Mega, F, shiny","|-mega|p1a: Megazard X|Gyarados|Gyaradosite","|-ability|p1a: Megazard X|Mold Breaker","|move|p1a: Megazard X|Earthquake|p2a: Ferrothorn","|-damage|p2a: Ferrothorn|240/351","|","|turn|14","|","|switch|p1a: Come At Me|Skarmory, F|333/333","|move|p2a: Ferrothorn|Swords Dance|p2a: Ferrothorn","|-boost|p2a: Ferrothorn|atk|2","|","|turn|15","|","|move|p1a: Come At Me|Roost|p1a: Come At Me","|-fail|p1a: Come At Me","|move|p2a: Ferrothorn|Iron Head|p1a: Come At Me","|-resisted|p1a: Come At Me","|-damage|p1a: Come At Me|264/333","|-damage|p2a: Ferrothorn|182/351|[from] item: Rocky Helmet|[of] p1a: Come At Me","|","|turn|16","|","|switch|p2a: Heatran|Heatran, M|316/385","|move|p1a: Come At Me|Stealth Rock|p2a: Heatran","|-sidestart|p2: Carnie Marston|move: Stealth Rock","|","|turn|17","|","|switch|p1a: RIP Mascot|Togekiss, F, shiny|241/374","|move|p2a: Heatran|Eruption|p1a: RIP Mascot","|-damage|p1a: RIP Mascot|46/374","|","|-heal|p1a: RIP Mascot|69/374|[from] item: Leftovers","|turn|18","|","|move|p1a: RIP Mascot|Air Slash|p2a: Heatran","|-resisted|p2a: Heatran","|-damage|p2a: Heatran|256/385","|move|p2a: Heatran|Flash Cannon|p1a: RIP Mascot","|-supereffective|p1a: RIP Mascot","|-damage|p1a: RIP Mascot|0 fnt","|faint|p1a: RIP Mascot","|","|","|switch|p1a: Vortexx|Thundurus-Therian, M|299/299","|turn|19","|","|move|p1a: Vortexx|Nasty Plot|p1a: Vortexx","|-boost|p1a: Vortexx|spa|2","|move|p2a: Heatran|Eruption|p1a: Vortexx","|-damage|p1a: Vortexx|65/299","|","|turn|20","|","|move|p1a: Vortexx|Thunderbolt|p2a: Heatran","|-damage|p2a: Heatran|0 fnt","|faint|p2a: Heatran","|","|","|switch|p2a: Ferrothorn|Ferrothorn, M|182/351","|-damage|p2a: Ferrothorn|161/351|[from] Stealth Rock","|turn|21","|","|move|p1a: Vortexx|Hidden Power|p2a: Ferrothorn","|-damage|p2a: Ferrothorn|34/351","|move|p2a: Ferrothorn|Iron Head|p1a: Vortexx","|-resisted|p1a: Vortexx","|-damage|p1a: Vortexx|0 fnt","|faint|p1a: Vortexx","|","|","|switch|p1a: Megazard X|Gyarados-Mega, F, shiny|256/331","|-ability|p1a: Megazard X|Mold Breaker","|turn|22","|","|move|p1a: Megazard X|Earthquake|p2a: Ferrothorn","|-damage|p2a: Ferrothorn|0 fnt","|faint|p2a: Ferrothorn","|","|","|switch|p2a: Empoleon|Empoleon, M, shiny|299/371 par","|-damage|p2a: Empoleon|276/371 par|[from] Stealth Rock","|turn|23","|","|move|p1a: Megazard X|Earthquake|p2a: Empoleon","|-supereffective|p2a: Empoleon","|-damage|p2a: Empoleon|0 fnt","|faint|p2a: Empoleon","|","|win|Rain Mistral"],"p1rating":{"entryid":"218522","serverid":"eos","formatid":"monotype","userid":"rainmistral","username":"Rain Mistral","w":8,"l":"4","t":"0","gxe":61.6,"r":"1512.4638674665","rd":"117.08863037969","sigma":"0","rptime":"1440147600","rpr":1591.1106160818,"rprd":83.265381973349,"rpsigma":"0","acre":1147.9866334564,"lacre":1147.9866334564,"oldacre":"1132.0562395799"},"p2rating":{"entryid":"247123","serverid":"eos","formatid":"monotype","userid":"carniemarston","username":"Carnie Marston","w":"0","l":2,"t":"0","gxe":40,"r":"1500","rd":"130","sigma":"0","rptime":"1440147600","rpr":1419.7510482901,"rprd":116.25998105077,"rpsigma":"0","acre":1000,"lacre":1000,"oldacre":"1000"},"endType":"normal"}