{"seed":[15298,47508,28093,13147],"turns":26,"p1":"GTX♅Bzumzum","p2":"Apex✦Mr.X","p1team":[{"name":"Elec","species":"manectric","item":"manectite","ability":"Lightning Rod","moves":["thunderbolt","hiddenpowerice","flamethrower","voltswitch"],"nature":"Timid","evs":{"hp":0,"atk":0,"def":0,"spa":252,"spd":4,"spe":252},"gender":"M","ivs":{"hp":31,"atk":30,"def":30,"spa":31,"spd":31,"spe":31}},{"name":"Breezer","species":"rotomfrost","item":"leftovers","ability":"Levitate","moves":["blizzard","painsplit","protect","willowisp"],"nature":"Bold","evs":{"hp":252,"atk":0,"def":28,"spa":228,"spd":0,"spe":0},"ivs":{"hp":31,"atk":31,"def":30,"spa":30,"spd":30,"spe":30},"shiny":true},{"name":"MY ZONE!!!","species":"magnezone","item":"choicespecs","ability":"Sturdy","moves":["hiddenpowerice","flashcannon","triattack","voltswitch"],"nature":"Timid","evs":{"hp":248,"atk":0,"def":0,"spa":252,"spd":0,"spe":8},"ivs":{"hp":31,"atk":30,"def":30,"spa":31,"spd":31,"spe":31},"shiny":true},{"name":"Thundurus","species":"Thundurus","item":"lifeorb","ability":"Prankster","moves":["grassknot","psychic","embargo","raindance"],"nature":"Timid","evs":{"hp":0,"atk":0,"def":4,"spa":252,"spd":0,"spe":252},"ivs":{"hp":31,"atk":30,"def":30,"spa":31,"spd":31,"spe":31},"shiny":true},{"name":"Zapz","species":"zapdos","item":"leftovers","ability":"Pressure","moves":["heatwave","roost","extrasensory","defog"],"nature":"Modest","evs":{"hp":252,"atk":0,"def":0,"spa":252,"spd":4,"spe":0},"shiny":true,"ivs":{"hp":31,"atk":31,"def":31,"spa":31,"spd":31,"spe":31}},{"name":"Plugg-in Failure","species":"electivire","item":"choicescarf","ability":"Vital Spirit","moves":["thunderpunch","earthquake","icepunch","rockslide"],"nature":"Jolly","evs":{"hp":0,"atk":252,"def":0,"spa":0,"spd":4,"spe":252},"gender":"M","shiny":true,"ivs":{"hp":31,"atk":31,"def":31,"spa":31,"spd":31,"spe":31}}],"p2team":[{"name":"PURPLE APE","species":"darmanitan","item":"choicespecs","ability":"Sheer Force","moves":["psychic","flamethrower","earthquake","grassknot"],"nature":"Brave","evs":{"hp":252,"atk":12,"def":22,"spa":100,"spd":22,"spe":100},"shiny":true,"ivs":{"hp":31,"atk":31,"def":31,"spa":31,"spd":31,"spe":31}},{"name":"OH MY LORD F***","species":"charizard","item":"charizarditey","ability":"Blaze","moves":["dragonclaw","dragondance","outrage","dragonrush"],"nature":"Adamant","evs":{"hp":0,"atk":252,"def":0,"spa":0,"spd":4,"spe":252},"shiny":true,"ivs":{"hp":31,"atk":31,"def":31,"spa":31,"spd":31,"spe":31}},{"name":"HE DIDNT CHANGE","species":"heatran","item":"leftovers","ability":"Flash Fire","moves":["dragonpulse","flamecharge","return","flamethrower"],"nature":"","shiny":true,"evs":{"hp":0,"atk":0,"def":0,"spa":0,"spd":0,"spe":0},"ivs":{"hp":31,"atk":31,"def":31,"spa":31,"spd":31,"spe":31}},{"name":"Rotom-Heat","species":"Rotom-Heat","item":"brightpowder","ability":"Levitate","moves":["reflect","signalbeam","shadowball","lightscreen"],"nature":"Serious","evs":{"hp":238,"atk":0,"def":252,"spa":0,"spd":8,"spe":11},"shiny":true,"ivs":{"hp":31,"atk":31,"def":31,"spa":31,"spd":31,"spe":31}},{"name":"Victini","species":"Victini","item":"ejectbutton","ability":"Victory Star","moves":["blueflare","boltstrike","dazzlinggleam","vcreate"],"nature":"Serious","evs":{"hp":0,"atk":242,"def":10,"spa":4,"spd":0,"spe":252},"ivs":{"hp":31,"atk":31,"def":31,"spa":31,"spd":31,"spe":31}},{"name":"Magmortar","species":"Magmortar","item":"chestoberry","ability":"Flame Body","moves":["rest","firepunch","flamethrower","earthquake"],"nature":"Lonely","evs":{"hp":248,"atk":252,"def":0,"spa":8,"spd":0,"spe":0},"ivs":{"hp":31,"atk":31,"def":31,"spa":31,"spd":31,"spe":31}}],"log":["|player|p1|GTX♅Bzumzum|225","|player|p2|Apex✦Mr.X|151","|gametype|singles","|gen|6","|tier|Monotype","|rated","|rule|Baton Pass Clause: Limit one Baton Passer, can't pass Spe and other stats simultaneously","|rule|Swagger Clause: Swagger is banned","|rule|Same Type Clause: Pokémon in a team must share a type","|clearpoke","|poke|p1|Manectric, M","|poke|p1|Rotom-Frost, shiny","|poke|p1|Magnezone, shiny","|poke|p1|Thundurus, M, shiny","|poke|p1|Zapdos, shiny","|poke|p1|Electivire, M, shiny","|poke|p2|Darmanitan, F, shiny","|poke|p2|Charizard, F, shiny","|poke|p2|Heatran, F, shiny","|poke|p2|Rotom-Heat, shiny","|poke|p2|Victini","|poke|p2|Magmortar, F","|rule|Sleep Clause Mod: Limit one foe put to sleep","|rule|Species Clause: Limit one of each Pokémon","|rule|OHKO Clause: OHKO moves are banned","|rule|Moody Clause: Moody is banned","|rule|Evasion Moves Clause: Evasion moves are banned","|rule|Endless Battle Clause: Forcing endless battles is banned","|rule|HP Percentage Mod: HP is shown in percentages","|teampreview","|","|start","|switch|p1a: Thundurus|Thundurus, M, shiny|299/299","|switch|p2a: Magmortar|Magmortar, F|353/353","|turn|1","|","|switch|p1a: Plugg-in Failure|Electivire, M, shiny|291/291","|move|p2a: Magmortar|Earthquake|p1a: Plugg-in Failure","|-supereffective|p1a: Plugg-in Failure","|-damage|p1a: Plugg-in Failure|0 fnt","|faint|p1a: Plugg-in Failure","|","|","|switch|p1a: Breezer|Rotom-Frost, shiny|304/304","|turn|2","|","|move|p1a: Breezer|Protect|p1a: Breezer","|-singleturn|p1a: Breezer|Protect","|move|p2a: Magmortar|Earthquake|p1a: Breezer","|-immune|p1a: Breezer|[msg]","|","|turn|3","|","|move|p1a: Breezer|Blizzard|p2a: Magmortar","|-resisted|p2a: Magmortar","|-damage|p2a: Magmortar|263/353","|move|p2a: Magmortar|Earthquake|p1a: Breezer","|-immune|p1a: Breezer|[msg]","|","|turn|4","|","|move|p1a: Breezer|Blizzard|p2a: Magmortar","|-miss|p1a: Breezer|p2a: Magmortar","|move|p2a: Magmortar|Flamethrower|p1a: Breezer","|-supereffective|p1a: Breezer","|-damage|p1a: Breezer|50/304","|","|-heal|p1a: Breezer|69/304|[from] item: Leftovers","|turn|5","|","|move|p1a: Breezer|Protect|p1a: Breezer","|-singleturn|p1a: Breezer|Protect","|move|p2a: Magmortar|Flamethrower|p1a: Breezer","|-activate|p1a: Breezer|Protect","|","|-heal|p1a: Breezer|88/304|[from] item: Leftovers","|turn|6","|","|switch|p1a: Zapz|Zapdos, shiny|384/384","|-ability|p1a: Zapz|Pressure","|move|p2a: Magmortar|Flamethrower|p1a: Zapz","|-damage|p1a: Zapz|242/384","|","|-heal|p1a: Zapz|266/384|[from] item: Leftovers","|turn|7","|","|move|p1a: Zapz|Roost|p1a: Zapz","|-heal|p1a: Zapz|384/384","|move|p2a: Magmortar|Earthquake|p1a: Zapz","|-supereffective|p1a: Zapz","|-damage|p1a: Zapz|160/384","|","|-heal|p1a: Zapz|184/384|[from] item: Leftovers","|turn|8","|","|move|p1a: Zapz|Extrasensory|p2a: Magmortar","|-damage|p2a: Magmortar|162/353","|cant|p2a: Magmortar|flinch","|","|-heal|p1a: Zapz|208/384|[from] item: Leftovers","|turn|9","|","|switch|p1a: Thundurus|Thundurus, M, shiny|299/299","|move|p2a: Magmortar|Earthquake|p1a: Thundurus","|-immune|p1a: Thundurus|[msg]","|","|turn|10","|","|move|p1a: Thundurus|Rain Dance|p1a: Thundurus","|-weather|RainDance","|move|p2a: Magmortar|Flamethrower|p1a: Thundurus","|-damage|p1a: Thundurus|221/299","|","|-weather|RainDance|[upkeep]","|turn|11","|","|move|p1a: Thundurus|Psychic|p2a: Magmortar","|-damage|p2a: Magmortar|20/353","|-damage|p1a: Thundurus|192/299|[from] item: Life Orb","|move|p2a: Magmortar|Flamethrower|p1a: Thundurus","|-damage|p1a: Thundurus|117/299","|","|-weather|RainDance|[upkeep]","|turn|12","|","|switch|p1a: Zapz|Zapdos, shiny|208/384","|-ability|p1a: Zapz|Pressure","|move|p2a: Magmortar|Flamethrower|p1a: Zapz","|-crit|p1a: Zapz","|-damage|p1a: Zapz|108/384","|","|-weather|RainDance|[upkeep]","|-heal|p1a: Zapz|132/384|[from] item: Leftovers","|turn|13","|","|move|p1a: Zapz|Heat Wave|p2a: Magmortar","|-resisted|p2a: Magmortar","|-damage|p2a: Magmortar|0 fnt","|faint|p2a: Magmortar","|","|-weather|RainDance|[upkeep]","|-heal|p1a: Zapz|156/384|[from] item: Leftovers","|","|switch|p2a: OH MY LORD F***|Charizard, F, shiny|297/297","|turn|14","|","|move|p2a: OH MY LORD F***|Dragon Dance|p2a: OH MY LORD F***","|-boost|p2a: OH MY LORD F***|atk|1","|-boost|p2a: OH MY LORD F***|spe|1","|move|p1a: Zapz|Roost|p1a: Zapz","|-heal|p1a: Zapz|348/384","|","|-weather|none","|-heal|p1a: Zapz|372/384|[from] item: Leftovers","|turn|15","|","|move|p2a: OH MY LORD F***|Dragon Dance|p2a: OH MY LORD F***","|-boost|p2a: OH MY LORD F***|atk|1","|-boost|p2a: OH MY LORD F***|spe|1","|move|p1a: Zapz|Extrasensory|p2a: OH MY LORD F***","|-damage|p2a: OH MY LORD F***|171/297","|","|-heal|p1a: Zapz|384/384|[from] item: Leftovers","|turn|16","|","|detailschange|p2a: OH MY LORD F***|Charizard-Mega-Y, F, shiny","|-mega|p2a: OH MY LORD F***|Charizard|Charizardite Y","|-weather|SunnyDay","|move|p2a: OH MY LORD F***|Dragon Rush|p1a: Zapz","|-damage|p1a: Zapz|136/384","|move|p1a: Zapz|Extrasensory|p2a: OH MY LORD F***","|-damage|p2a: OH MY LORD F***|88/297","|","|-weather|SunnyDay|[upkeep]","|-heal|p1a: Zapz|160/384|[from] item: Leftovers","|turn|17","|","|move|p2a: OH MY LORD F***|Dragon Rush|p1a: Zapz","|-damage|p1a: Zapz|0 fnt","|faint|p1a: Zapz","|","|-weather|SunnyDay|[upkeep]","|","|switch|p1a: Thundurus|Thundurus, M, shiny|117/299","|turn|18","|","|move|p2a: OH MY LORD F***|Outrage|p1a: Thundurus","|-damage|p1a: Thundurus|0 fnt","|faint|p1a: Thundurus","|","|-weather|SunnyDay|[upkeep]","|","|switch|p1a: Breezer|Rotom-Frost, shiny|88/304","|turn|19","|","|move|p1a: Breezer|Protect|p1a: Breezer","|-singleturn|p1a: Breezer|Protect","|move|p2a: OH MY LORD F***|Outrage|p1a: Breezer|[from]lockedmove","|-activate|p1a: Breezer|Protect","|","|-weather|SunnyDay|[upkeep]","|-heal|p1a: Breezer|107/304|[from] item: Leftovers","|turn|20","|","|move|p2a: OH MY LORD F***|Dragon Rush|p1a: Breezer","|-damage|p1a: Breezer|0 fnt","|faint|p1a: Breezer","|","|-weather|none","|","|switch|p1a: Elec|Manectric, M|281/281","|turn|21","|","|detailschange|p1a: Elec|Manectric-Mega, M","|-mega|p1a: Elec|Manectric|Manectite","|-ability|p1a: Elec|Intimidate","|-unboost|p2a: OH MY LORD F***|atk|1","|move|p2a: OH MY LORD F***|Dragon Rush|p1a: Elec","|-damage|p1a: Elec|87/281","|move|p1a: Elec|Volt Switch|p2a: OH MY LORD F***","|-supereffective|p2a: OH MY LORD F***","|-damage|p2a: OH MY LORD F***|0 fnt","|faint|p2a: OH MY LORD F***","|","|switch|p1a: MY ZONE!!!|Magnezone, shiny|343/343","|","|","|switch|p2a: HE DIDNT CHANGE|Heatran, F, shiny|323/323","|turn|22","|","|move|p2a: HE DIDNT CHANGE|Dragon Pulse|p1a: MY ZONE!!!","|-resisted|p1a: MY ZONE!!!","|-damage|p1a: MY ZONE!!!|301/343","|move|p1a: MY ZONE!!!|Tri Attack|p2a: HE DIDNT CHANGE","|-resisted|p2a: HE DIDNT CHANGE","|-damage|p2a: HE DIDNT CHANGE|259/323","|","|-heal|p2a: HE DIDNT CHANGE|279/323|[from] item: Leftovers","|turn|23","|","|move|p2a: HE DIDNT CHANGE|Flame Charge|p1a: MY ZONE!!!","|-supereffective|p1a: MY ZONE!!!","|-damage|p1a: MY ZONE!!!|197/343","|-boost|p2a: HE DIDNT CHANGE|spe|1","|move|p1a: MY ZONE!!!|Tri Attack|p2a: HE DIDNT CHANGE","|-resisted|p2a: HE DIDNT CHANGE","|-damage|p2a: HE DIDNT CHANGE|212/323","|","|-heal|p2a: HE DIDNT CHANGE|232/323|[from] item: Leftovers","|turn|24","|","|move|p2a: HE DIDNT CHANGE|Flame Charge|p1a: MY ZONE!!!","|-supereffective|p1a: MY ZONE!!!","|-damage|p1a: MY ZONE!!!|93/343","|-boost|p2a: HE DIDNT CHANGE|spe|1","|move|p1a: MY ZONE!!!|Tri Attack|p2a: HE DIDNT CHANGE","|-resisted|p2a: HE DIDNT CHANGE","|-damage|p2a: HE DIDNT CHANGE|163/323","|-status|p2a: HE DIDNT CHANGE|frz","|","|-heal|p2a: HE DIDNT CHANGE|183/323 frz|[from] item: Leftovers","|turn|25","|","|-curestatus|p2a: HE DIDNT CHANGE|frz","|move|p2a: HE DIDNT CHANGE|Flamethrower|p1a: MY ZONE!!!","|-supereffective|p1a: MY ZONE!!!","|-damage|p1a: MY ZONE!!!|0 fnt","|faint|p1a: MY ZONE!!!","|","|-heal|p2a: HE DIDNT CHANGE|203/323|[from] item: Leftovers","|","|switch|p1a: Elec|Manectric-Mega, M|87/281","|-ability|p1a: Elec|Intimidate","|-unboost|p2a: HE DIDNT CHANGE|atk|1","|turn|26","|","|move|p1a: Elec|Thunderbolt|p2a: HE DIDNT CHANGE","|-damage|p2a: HE DIDNT CHANGE|35/323","|move|p2a: HE DIDNT CHANGE|Dragon Pulse|p1a: Elec","|-damage|p1a: Elec|0 fnt","|faint|p1a: Elec","|","|win|Apex✦Mr.X"],"p1rating":{"entryid":"1463","serverid":"eos","formatid":"monotype","userid":"gtxbzumzum","username":"GTX♅Bzumzum","w":"5","l":17,"t":"0","gxe":29.8,"r":"1335.5317534789","rd":"74.142752899514","sigma":"0","rptime":"1440147600","rpr":1335.7439715845,"rprd":70.501480663617,"rpsigma":"0","acre":1022.9536870305,"lacre":1022.9536870305,"oldacre":"1041.00090302"},"p2rating":{"entryid":"243972","serverid":"eos","formatid":"monotype","userid":"apexmrx","username":"Apex✦Mr.X","w":1,"l":"1","t":"0","gxe":48.8,"r":"1500","rd":"130","sigma":"0","rptime":"1440147600","rpr":1490.5812930622,"rprd":116.96777355236,"rpsigma":"0","acre":1044.6986120755,"lacre":1044.6986120755,"oldacre":"1000"},"endType":"normal"}