{"seed":[13787,25873,4469,11395],"turns":22,"p1":"Rain Hoot","p2":"SWL ROCK","p1team":[{"name":"Golem","species":"Golem","item":"weaknesspolicy","ability":"Sturdy","moves":["earthquake","rockblast","suckerpunch","rockpolish"],"nature":"Adamant","evs":{"hp":0,"atk":252,"def":0,"spa":0,"spd":4,"spe":252},"ivs":{"hp":31,"atk":31,"def":31,"spa":31,"spd":31,"spe":31}},{"name":"Aerodactyl","species":"Aerodactyl","item":"lifeorb","ability":"Pressure","moves":["aerialace","stoneedge","earthquake","taunt"],"nature":"Jolly","evs":{"hp":0,"atk":252,"def":0,"spa":0,"spd":4,"spe":252},"ivs":{"hp":31,"atk":31,"def":31,"spa":31,"spd":31,"spe":31}},{"name":"Aurorus","species":"Aurorus","item":"assaultvest","ability":"Refrigerate","moves":["hypervoice","freezedry","darkpulse","mirrorcoat"],"nature":"Modest","evs":{"hp":248,"atk":0,"def":0,"spa":252,"spd":8,"spe":0},"ivs":{"hp":31,"atk":31,"def":31,"spa":31,"spd":31,"spe":31}},{"name":"Diancie","species":"Diancie","item":"diancite","ability":"Clear Body","moves":["moonblast","earthpower","diamondstorm","protect"],"nature":"Hasty","evs":{"hp":0,"atk":0,"def":0,"spa":252,"spd":0,"spe":252},"ivs":{"hp":31,"atk":31,"def":31,"spa":31,"spd":31,"spe":31}},{"name":"Shuckle","species":"Shuckle","item":"leftovers","ability":"Sturdy","moves":["stickyweb","stealthrock","toxic","encore"],"nature":"Calm","evs":{"hp":252,"atk":0,"def":4,"spa":0,"spd":252,"spe":0},"ivs":{"hp":31,"atk":31,"def":31,"spa":31,"spd":31,"spe":31}},{"name":"Omastar","species":"Omastar","item":"focussash","ability":"Swift Swim","moves":["icebeam","scald","shellsmash","toxicspikes"],"nature":"Modest","evs":{"hp":0,"atk":0,"def":0,"spa":252,"spd":4,"spe":252},"ivs":{"hp":31,"atk":31,"def":31,"spa":31,"spd":31,"spe":31}}],"p2team":[{"name":"Rotom-Wash","species":"Rotom-Wash","item":"leftovers","ability":"Levitate","moves":["hydropump","voltswitch","painsplit","willowisp"],"nature":"Calm","evs":{"hp":252,"atk":0,"def":0,"spa":4,"spd":252,"spe":0},"ivs":{"hp":31,"atk":31,"def":31,"spa":31,"spd":31,"spe":31}},{"name":"Magnezone","species":"Magnezone","item":"choicescarf","ability":"Magnet Pull","moves":["voltswitch","hiddenpowerfire","flashcannon","thunderbolt"],"nature":"Timid","evs":{"hp":4,"atk":0,"def":0,"spa":252,"spd":0,"spe":252},"ivs":{"hp":31,"atk":30,"def":31,"spa":30,"spd":31,"spe":30}},{"name":"Zapdos","species":"Zapdos","item":"leftovers","ability":"Pressure","moves":["voltswitch","roost","defog","toxic"],"nature":"Bold","evs":{"hp":248,"atk":0,"def":176,"spa":68,"spd":0,"spe":16},"ivs":{"hp":31,"atk":31,"def":31,"spa":31,"spd":31,"spe":31}},{"name":"Thundurus","species":"Thundurus","item":"lifeorb","ability":"Prankster","moves":["voltswitch","knockoff","thunderwave","taunt"],"nature":"Naive","evs":{"hp":0,"atk":76,"def":0,"spa":180,"spd":0,"spe":252},"ivs":{"hp":31,"atk":30,"def":30,"spa":31,"spd":31,"spe":31}},{"name":"Ampharos","species":"Ampharos","item":"ampharosite","ability":"Static","moves":["discharge","dragonpulse","rest","cottonguard"],"nature":"Calm","evs":{"hp":250,"atk":0,"def":0,"spa":28,"spd":232,"spe":0},"ivs":{"hp":31,"atk":31,"def":31,"spa":31,"spd":31,"spe":31}},{"name":"Luxray","species":"Luxray","item":"choiceband","ability":"Guts","moves":["wildcharge","superpower","crunch","facade"],"nature":"Adamant","evs":{"hp":0,"atk":252,"def":0,"spa":0,"spd":4,"spe":252},"ivs":{"hp":31,"atk":31,"def":31,"spa":31,"spd":31,"spe":31}}],"log":["|player|p1|Rain Hoot|101","|player|p2|SWL ROCK|wardenrock.png","|gametype|singles","|gen|6","|tier|Monotype","|rated","|rule|Baton Pass Clause: Limit one Baton Passer, can't pass Spe and other stats simultaneously","|rule|Swagger Clause: Swagger is banned","|rule|Same Type Clause: Pokémon in a team must share a type","|clearpoke","|poke|p1|Golem, M","|poke|p1|Aerodactyl, F","|poke|p1|Aurorus, F","|poke|p1|Diancie","|poke|p1|Shuckle, F","|poke|p1|Omastar, M","|poke|p2|Rotom-Wash","|poke|p2|Magnezone","|poke|p2|Zapdos","|poke|p2|Thundurus, M","|poke|p2|Ampharos, M","|poke|p2|Luxray, F","|rule|Sleep Clause Mod: Limit one foe put to sleep","|rule|Species Clause: Limit one of each Pokémon","|rule|OHKO Clause: OHKO moves are banned","|rule|Moody Clause: Moody is banned","|rule|Evasion Moves Clause: Evasion moves are banned","|rule|Endless Battle Clause: Forcing endless battles is banned","|rule|HP Percentage Mod: HP is shown in percentages","|teampreview","|","|start","|switch|p1a: Aurorus|Aurorus, F|449/449","|switch|p2a: Rotom-Wash|Rotom-Wash|304/304","|turn|1","|","|move|p2a: Rotom-Wash|Volt Switch|p1a: Aurorus","|-damage|p1a: Aurorus|391/449","|","|switch|p2a: Magnezone|Magnezone|282/282","|move|p1a: Aurorus|Freeze-Dry|p2a: Magnezone","|-resisted|p2a: Magnezone","|-damage|p2a: Magnezone|218/282","|","|turn|2","|","|switch|p1a: Shuckle|Shuckle, F|244/244","|move|p2a: Magnezone|Flash Cannon|p1a: Shuckle","|-supereffective|p1a: Shuckle","|-damage|p1a: Shuckle|130/244","|","|-heal|p1a: Shuckle|145/244|[from] item: Leftovers","|turn|3","|","|move|p2a: Magnezone|Flash Cannon|p1a: Shuckle","|-supereffective|p1a: Shuckle","|-damage|p1a: Shuckle|43/244","|move|p1a: Shuckle|Sticky Web|p2a: Magnezone","|-sidestart|p2: SWL ROCK|move: Sticky Web","|","|-heal|p1a: Shuckle|58/244|[from] item: Leftovers","|turn|4","|","|switch|p2a: Zapdos|Zapdos|383/383","|-ability|p2a: Zapdos|Pressure","|move|p1a: Shuckle|Stealth Rock|p2a: Zapdos","|-sidestart|p2: SWL ROCK|move: Stealth Rock","|","|-heal|p1a: Shuckle|73/244|[from] item: Leftovers","|turn|5","|","|move|p2a: Zapdos|Defog|p1a: Shuckle","|-unboost|p1a: Shuckle|evasion|1","|-sideend|p2: SWL ROCK|Stealth Rock|[from] move: Defog|[of] p2a: Zapdos","|-sideend|p2: SWL ROCK|Sticky Web|[from] move: Defog|[of] p2a: Zapdos","|move|p1a: Shuckle|Toxic|p2a: Zapdos","|-status|p2a: Zapdos|tox","|","|-heal|p1a: Shuckle|88/244|[from] item: Leftovers","|-damage|p2a: Zapdos|360/383 tox|[from] psn","|turn|6","|","|move|p2a: Zapdos|Volt Switch|p1a: Shuckle","|-damage|p1a: Shuckle|45/244","|","|switch|p2a: Ampharos|Ampharos, M|383/383","|move|p1a: Shuckle|Sticky Web|p2a: Ampharos","|-sidestart|p2: SWL ROCK|move: Sticky Web","|","|-heal|p1a: Shuckle|60/244|[from] item: Leftovers","|turn|7","|","|move|p2a: Ampharos|Cotton Guard|p2a: Ampharos","|-boost|p2a: Ampharos|def|3","|move|p1a: Shuckle|Stealth Rock|p2a: Ampharos","|-sidestart|p2: SWL ROCK|move: Stealth Rock","|","|-heal|p1a: Shuckle|75/244|[from] item: Leftovers","|turn|8","|","|move|p2a: Ampharos|Discharge|p1a: Shuckle","|-damage|p1a: Shuckle|33/244","|move|p1a: Shuckle|Encore|p2a: Ampharos","|-start|p2a: Ampharos|Encore","|","|-heal|p1a: Shuckle|48/244|[from] item: Leftovers","|turn|9","|","|switch|p1a: Golem|Golem, M|301/301","|move|p2a: Ampharos|Discharge|p1a: Golem","|-immune|p1a: Golem|[msg]","|","|turn|10","|","|switch|p2a: Zapdos|Zapdos|360/383 tox","|-damage|p2a: Zapdos|265/383 tox|[from] Stealth Rock","|-ability|p2a: Zapdos|Pressure","|move|p1a: Golem|Rock Polish|p1a: Golem","|-boost|p1a: Golem|spe|2","|","|-heal|p2a: Zapdos|288/383 tox|[from] item: Leftovers","|-damage|p2a: Zapdos|265/383 tox|[from] psn","|turn|11","|","|move|p1a: Golem|Rock Blast|p2a: Zapdos","|-crit|p2a: Zapdos","|-supereffective|p2a: Zapdos","|-damage|p2a: Zapdos|137/383 tox","|-supereffective|p2a: Zapdos","|-damage|p2a: Zapdos|51/383 tox","|-supereffective|p2a: Zapdos","|-damage|p2a: Zapdos|0 fnt","|-hitcount|p2a: Zapdos|3","|faint|p2a: Zapdos","|","|","|switch|p2a: Rotom-Wash|Rotom-Wash|304/304","|-damage|p2a: Rotom-Wash|266/304|[from] Stealth Rock","|turn|12","|","|switch|p1a: Shuckle|Shuckle, F|48/244","|move|p2a: Rotom-Wash|Will-O-Wisp|p1a: Shuckle","|-status|p1a: Shuckle|brn","|","|-heal|p2a: Rotom-Wash|285/304|[from] item: Leftovers","|-heal|p1a: Shuckle|63/244 brn|[from] item: Leftovers","|-damage|p1a: Shuckle|33/244 brn|[from] brn","|turn|13","|","|move|p2a: Rotom-Wash|Volt Switch|p1a: Shuckle","|-damage|p1a: Shuckle|2/244 brn","|","|switch|p2a: Magnezone|Magnezone|218/282","|-damage|p2a: Magnezone|201/282|[from] Stealth Rock","|-activate|p2a: Magnezone|move: Sticky Web","|-unboost|p2a: Magnezone|spe|1","|move|p1a: Shuckle|Toxic|p2a: Magnezone","|-immune|p2a: Magnezone|[msg]","|","|-heal|p1a: Shuckle|17/244 brn|[from] item: Leftovers","|-damage|p1a: Shuckle|0 fnt|[from] brn","|faint|p1a: Shuckle","|","|switch|p1a: Aerodactyl|Aerodactyl, F|301/301","|-ability|p1a: Aerodactyl|Pressure","|turn|14","|","|switch|p2a: Rotom-Wash|Rotom-Wash|285/304","|-damage|p2a: Rotom-Wash|247/304|[from] Stealth Rock","|move|p1a: Aerodactyl|Earthquake|p2a: Rotom-Wash","|-immune|p2a: Rotom-Wash|[msg]","|","|-heal|p2a: Rotom-Wash|266/304|[from] item: Leftovers","|turn|15","|","|move|p1a: Aerodactyl|Taunt|p2a: Rotom-Wash","|-start|p2a: Rotom-Wash|move: Taunt","|cant|p2a: Rotom-Wash|move: Taunt|Will-O-Wisp","|","|-heal|p2a: Rotom-Wash|285/304|[from] item: Leftovers","|turn|16","|","|move|p1a: Aerodactyl|Stone Edge|p2a: Rotom-Wash","|-damage|p2a: Rotom-Wash|89/304","|-damage|p1a: Aerodactyl|271/301|[from] item: Life Orb","|move|p2a: Rotom-Wash|Hydro Pump|p1a: Aerodactyl","|-supereffective|p1a: Aerodactyl","|-damage|p1a: Aerodactyl|0 fnt","|faint|p1a: Aerodactyl","|","|-heal|p2a: Rotom-Wash|108/304|[from] item: Leftovers","|","|switch|p1a: Diancie|Diancie|241/241","|turn|17","|","|switch|p2a: Magnezone|Magnezone|201/282","|-activate|p2a: Magnezone|move: Sticky Web","|-unboost|p2a: Magnezone|spe|1","|-damage|p2a: Magnezone|184/282|[from] Stealth Rock","|detailschange|p1a: Diancie|Diancie-Mega","|-mega|p1a: Diancie|Diancie|Diancite","|move|p1a: Diancie|Moonblast|p2a: Magnezone","|-resisted|p2a: Magnezone","|-damage|p2a: Magnezone|82/282","|-unboost|p2a: Magnezone|spa|1","|","|turn|18","|","|move|p1a: Diancie|Earth Power|p2a: Magnezone","|-supereffective|p2a: Magnezone","|-damage|p2a: Magnezone|0 fnt","|faint|p2a: Magnezone","|","|","|switch|p2a: Thundurus|Thundurus, M|299/299","|-damage|p2a: Thundurus|225/299|[from] Stealth Rock","|turn|19","|","|move|p2a: Thundurus|Volt Switch|p1a: Diancie","|-damage|p1a: Diancie|112/241","|-damage|p2a: Thundurus|196/299|[from] item: Life Orb","|","|switch|p2a: Rotom-Wash|Rotom-Wash|108/304","|-damage|p2a: Rotom-Wash|70/304|[from] Stealth Rock","|move|p1a: Diancie|Diamond Storm|p2a: Rotom-Wash","|-damage|p2a: Rotom-Wash|0 fnt","|-boost|p1a: Diancie|def|1","|faint|p2a: Rotom-Wash","|","|","|switch|p2a: Thundurus|Thundurus, M|196/299","|-damage|p2a: Thundurus|122/299|[from] Stealth Rock","|turn|20","|","|switch|p1a: Golem|Golem, M|301/301","|move|p2a: Thundurus|Volt Switch|p1a: Golem","|-immune|p1a: Golem|[msg]","|","|turn|21","|","|move|p2a: Thundurus|Taunt|p1a: Golem","|-start|p1a: Golem|move: Taunt","|move|p1a: Golem|Rock Blast|p2a: Thundurus","|-supereffective|p2a: Thundurus","|-damage|p2a: Thundurus|0 fnt","|-hitcount|p2a: Thundurus|1","|faint|p2a: Thundurus","|","|","|switch|p2a: Ampharos|Ampharos, M|383/383","|-activate|p2a: Ampharos|move: Sticky Web","|-unboost|p2a: Ampharos|spe|1","|-damage|p2a: Ampharos|336/383|[from] Stealth Rock","|turn|22","|","|move|p1a: Golem|Earthquake|p2a: Ampharos","|-supereffective|p2a: Ampharos","|-damage|p2a: Ampharos|0 fnt","|faint|p2a: Ampharos","|","|","|win|Rain Hoot"],"p1rating":{"entryid":"129353","serverid":"eos","formatid":"monotype","userid":"rainhoot","username":"Rain Hoot","w":5,"l":"8","t":"0","gxe":43.8,"r":"1421.1758888596","rd":"89.19862997338","sigma":"0","rptime":"1440147600","rpr":1451.4244809601,"rprd":82.512214794568,"rpsigma":"0","acre":1090.4639713005,"lacre":1090.4639713005,"oldacre":"1066.0177017358"},"p2rating":{"entryid":264356,"formatid":"monotype","userid":"swlrock","username":"SWL ROCK","r":1500,"rd":130,"sigma":0,"rpr":1449.3957588596,"rprd":122.63985510907,"rpsigma":0,"rptime":1440147600,"w":0,"l":1,"t":0,"gxe":43.7,"acre":1000,"lacre":1000,"oldacre":1000},"endType":"forfeit"}