{"seed":[65522,11137,35390,40863],"turns":29,"p1":"Void Wiley","p2":"Union Entropy","p1team":[{"name":"Tuba","species":"slurpuff","item":"sitrusberry","ability":"Unburden","moves":["bellydrum","drainpunch","playrough","aromatherapy"],"nature":"Jolly","evs":{"hp":4,"atk":252,"def":0,"spa":0,"spd":0,"spe":252},"ivs":{"hp":31,"atk":31,"def":31,"spa":31,"spd":31,"spe":31}},{"name":"Clarinet","species":"azumarill","item":"sitrusberry","ability":"Huge Power","moves":["bellydrum","aquajet","brickbreak","playrough"],"nature":"Adamant","evs":{"hp":252,"atk":252,"def":0,"spa":0,"spd":4,"spe":0},"ivs":{"hp":31,"atk":31,"def":31,"spa":31,"spd":31,"spe":31}},{"name":"Flute","species":"gardevoir","item":"gardevoirite","ability":"Synchronize","moves":["psyshock","hypervoice","energyball","focusblast"],"nature":"Timid","evs":{"hp":4,"atk":0,"def":0,"spa":252,"spd":0,"spe":252},"ivs":{"hp":31,"atk":31,"def":31,"spa":31,"spd":31,"spe":31}},{"name":"Alto","species":"togekiss","item":"choicescarf","ability":"Serene Grace","moves":["airslash","flamethrower","aurasphere","dazzlinggleam"],"nature":"Timid","evs":{"hp":0,"atk":0,"def":0,"spa":252,"spd":4,"spe":252},"ivs":{"hp":31,"atk":31,"def":31,"spa":31,"spd":31,"spe":31}},{"name":"Sax","species":"klefki","item":"lightclay","ability":"Prankster","moves":["thunderwave","lightscreen","reflect","foulplay"],"nature":"Bold","evs":{"hp":248,"atk":0,"def":252,"spa":0,"spd":8,"spe":0},"ivs":{"hp":31,"atk":31,"def":31,"spa":31,"spd":31,"spe":31}},{"name":"Trumpet","species":"sylveon","item":"leftovers","ability":"Pixilate","moves":["hypervoice","wish","protect","calmmind"],"nature":"Bold","evs":{"hp":252,"atk":0,"def":252,"spa":4,"spd":0,"spe":0},"ivs":{"hp":31,"atk":31,"def":31,"spa":31,"spd":31,"spe":31}}],"p2team":[{"name":"Cofagrigus","species":"Cofagrigus","item":"leftovers","ability":"Mummy","moves":["trickroom","shadowball","willowisp","destinybond"],"nature":"Sassy","evs":{"hp":252,"atk":0,"def":0,"spa":4,"spd":252,"spe":0},"ivs":{"hp":31,"atk":31,"def":31,"spa":31,"spd":31,"spe":0}},{"name":"Aegislash","species":"Aegislash","item":"weaknesspolicy","ability":"Stance Change","moves":["shadowball","kingsshield","shadowsneak","sacredsword"],"nature":"Quiet","evs":{"hp":252,"atk":0,"def":0,"spa":252,"spd":4,"spe":0},"ivs":{"hp":31,"atk":31,"def":31,"spa":31,"spd":31,"spe":31}},{"name":"Jellicent","species":"Jellicent","item":"leftovers","ability":"Water Absorb","moves":["trickroom","scald","toxic","recover"],"nature":"Relaxed","evs":{"hp":252,"atk":0,"def":252,"spa":0,"spd":4,"spe":0},"ivs":{"hp":31,"atk":31,"def":31,"spa":31,"spd":31,"spe":0}},{"name":"Sableye","species":"Sableye","item":"sablenite","ability":"Prankster","moves":["calmmind","darkpulse","recover","willowisp"],"nature":"Calm","evs":{"hp":248,"atk":0,"def":0,"spa":8,"spd":252,"spe":0},"ivs":{"hp":31,"atk":31,"def":31,"spa":31,"spd":31,"spe":31}},{"name":"Trevenant","species":"Trevenant","item":"sitrusberry","ability":"Harvest","moves":["hornleech","willowisp","substitute","leechseed"],"nature":"Careful","evs":{"hp":252,"atk":4,"def":0,"spa":0,"spd":252,"spe":0},"ivs":{"hp":31,"atk":31,"def":31,"spa":31,"spd":31,"spe":31}},{"name":"Golurk","species":"Golurk","item":"choiceband","ability":"No Guard","moves":["dynamicpunch","shadowpunch","icepunch","earthquake"],"nature":"Adamant","evs":{"hp":248,"atk":252,"def":0,"spa":0,"spd":8,"spe":0},"ivs":{"hp":31,"atk":31,"def":31,"spa":31,"spd":31,"spe":31}}],"log":["|player|p1|Void Wiley|voidwiley.png","|player|p2|Union Entropy|144","|gametype|singles","|gen|6","|tier|Monotype","|rated","|rule|Baton Pass Clause: Limit one Baton Passer, can't pass Spe and other stats simultaneously","|rule|Swagger Clause: Swagger is banned","|rule|Same Type Clause: Pokémon in a team must share a type","|clearpoke","|poke|p1|Slurpuff, F","|poke|p1|Azumarill, F","|poke|p1|Gardevoir, F","|poke|p1|Togekiss, F","|poke|p1|Klefki, M","|poke|p1|Sylveon, M","|poke|p2|Cofagrigus, F","|poke|p2|Aegislash, F","|poke|p2|Jellicent, M","|poke|p2|Sableye, F","|poke|p2|Trevenant, F","|poke|p2|Golurk","|rule|Sleep Clause Mod: Limit one foe put to sleep","|rule|Species Clause: Limit one of each Pokémon","|rule|OHKO Clause: OHKO moves are banned","|rule|Moody Clause: Moody is banned","|rule|Evasion Moves Clause: Evasion moves are banned","|rule|Endless Battle Clause: Forcing endless battles is banned","|rule|HP Percentage Mod: HP is shown in percentages","|teampreview","|","|start","|switch|p1a: Trumpet|Sylveon, M|394/394","|switch|p2a: Cofagrigus|Cofagrigus, F|320/320","|turn|1","|","|move|p1a: Trumpet|Calm Mind|p1a: Trumpet","|-boost|p1a: Trumpet|spa|1","|-boost|p1a: Trumpet|spd|1","|move|p2a: Cofagrigus|Trick Room|p2a: Cofagrigus","|-fieldstart|move: Trick Room|[of] p2a: Cofagrigus","|","|turn|2","|","|move|p2a: Cofagrigus|Shadow Ball|p1a: Trumpet","|-damage|p1a: Trumpet|343/394","|move|p1a: Trumpet|Calm Mind|p1a: Trumpet","|-boost|p1a: Trumpet|spa|1","|-boost|p1a: Trumpet|spd|1","|","|-heal|p1a: Trumpet|367/394|[from] item: Leftovers","|turn|3","|","|move|p2a: Cofagrigus|Will-O-Wisp|p1a: Trumpet|[miss]","|-miss|p2a: Cofagrigus|p1a: Trumpet","|move|p1a: Trumpet|Calm Mind|p1a: Trumpet","|-boost|p1a: Trumpet|spa|1","|-boost|p1a: Trumpet|spd|1","|","|-heal|p1a: Trumpet|391/394|[from] item: Leftovers","|turn|4","|","|move|p2a: Cofagrigus|Destiny Bond|p2a: Cofagrigus","|-singlemove|p2a: Cofagrigus|Destiny Bond","|move|p1a: Trumpet|Hyper Voice|p2a: Cofagrigus","|-damage|p2a: Cofagrigus|79/320","|","|-heal|p2a: Cofagrigus|99/320|[from] item: Leftovers","|-heal|p1a: Trumpet|394/394|[from] item: Leftovers","|turn|5","|","|move|p1a: Trumpet|Protect|p1a: Trumpet","|-singleturn|p1a: Trumpet|Protect","|move|p2a: Cofagrigus|Destiny Bond|p2a: Cofagrigus","|-singlemove|p2a: Cofagrigus|Destiny Bond","|","|-heal|p2a: Cofagrigus|119/320|[from] item: Leftovers","|-fieldend|move: Trick Room","|turn|6","|","|move|p1a: Trumpet|Calm Mind|p1a: Trumpet","|-boost|p1a: Trumpet|spa|1","|-boost|p1a: Trumpet|spd|1","|move|p2a: Cofagrigus|Trick Room|p2a: Cofagrigus","|-fieldstart|move: Trick Room|[of] p2a: Cofagrigus","|","|-heal|p2a: Cofagrigus|139/320|[from] item: Leftovers","|turn|7","|","|move|p2a: Cofagrigus|Destiny Bond|p2a: Cofagrigus","|-singlemove|p2a: Cofagrigus|Destiny Bond","|move|p1a: Trumpet|Calm Mind|p1a: Trumpet","|-boost|p1a: Trumpet|spa|1","|-boost|p1a: Trumpet|spd|1","|","|-heal|p2a: Cofagrigus|159/320|[from] item: Leftovers","|turn|8","|","|move|p2a: Cofagrigus|Destiny Bond|p2a: Cofagrigus","|-singlemove|p2a: Cofagrigus|Destiny Bond","|move|p1a: Trumpet|Calm Mind|p1a: Trumpet","|-boost|p1a: Trumpet|spa|1","|-boost|p1a: Trumpet|spd|1","|","|-heal|p2a: Cofagrigus|179/320|[from] item: Leftovers","|turn|9","|","|move|p2a: Cofagrigus|Destiny Bond|p2a: Cofagrigus","|-singlemove|p2a: Cofagrigus|Destiny Bond","|move|p1a: Trumpet|Calm Mind|p1a: Trumpet","|-fail|p1a: Trumpet","|","|-heal|p2a: Cofagrigus|199/320|[from] item: Leftovers","|turn|10","|","|move|p2a: Cofagrigus|Destiny Bond|p2a: Cofagrigus","|-singlemove|p2a: Cofagrigus|Destiny Bond","|move|p1a: Trumpet|Calm Mind|p1a: Trumpet","|-fail|p1a: Trumpet","|","|-heal|p2a: Cofagrigus|219/320|[from] item: Leftovers","|-fieldend|move: Trick Room","|turn|11","|","|move|p1a: Trumpet|Protect|p1a: Trumpet","|-singleturn|p1a: Trumpet|Protect","|move|p2a: Cofagrigus|Destiny Bond|p2a: Cofagrigus","|-singlemove|p2a: Cofagrigus|Destiny Bond","|","|-heal|p2a: Cofagrigus|239/320|[from] item: Leftovers","|turn|12","|","|move|p1a: Trumpet|Calm Mind|p1a: Trumpet","|-fail|p1a: Trumpet","|move|p2a: Cofagrigus|Trick Room|p2a: Cofagrigus","|-fieldstart|move: Trick Room|[of] p2a: Cofagrigus","|","|-heal|p2a: Cofagrigus|259/320|[from] item: Leftovers","|turn|13","|","|move|p2a: Cofagrigus|Destiny Bond|p2a: Cofagrigus","|-singlemove|p2a: Cofagrigus|Destiny Bond","|move|p1a: Trumpet|Hyper Voice|p2a: Cofagrigus","|-damage|p2a: Cofagrigus|0 fnt","|faint|p2a: Cofagrigus","|-activate|p2a: Cofagrigus|Destiny Bond","|faint|p1a: Trumpet","|","|","|switch|p1a: Sax|Klefki, M|317/317","|switch|p2a: Golurk|Golurk|381/381","|turn|14","|","|move|p1a: Sax|Reflect|p1a: Sax","|-sidestart|p1: Void Wiley|Reflect","|move|p2a: Golurk|Earthquake|p1a: Sax","|-supereffective|p1a: Sax","|-damage|p1a: Sax|106/317","|","|turn|15","|","|switch|p1a: Alto|Togekiss, F|311/311","|move|p2a: Golurk|Earthquake|p1a: Alto","|-immune|p1a: Alto|[msg]","|","|turn|16","|","|switch|p2a: Aegislash|Aegislash, F|324/324","|move|p1a: Alto|Air Slash|p2a: Aegislash","|-resisted|p2a: Aegislash","|-damage|p2a: Aegislash|283/324","|","|-fieldend|move: Trick Room","|turn|17","|","|switch|p1a: Sax|Klefki, M|106/317","|-formechange|p2a: Aegislash|Aegislash-Blade","|move|p2a: Aegislash|Shadow Ball|p1a: Sax","|-damage|p1a: Sax|0 fnt","|faint|p1a: Sax","|","|","|switch|p1a: Alto|Togekiss, F|311/311","|turn|18","|","|-formechange|p2a: Aegislash|Aegislash","|move|p2a: Aegislash|King's Shield|p2a: Aegislash","|-singleturn|p2a: Aegislash|Protect","|move|p1a: Alto|Flamethrower|p2a: Aegislash","|-activate|p2a: Aegislash|Protect","|","|turn|19","|","|switch|p1a: Flute|Gardevoir, F|278/278","|-formechange|p2a: Aegislash|Aegislash-Blade","|move|p2a: Aegislash|Shadow Ball|p1a: Flute","|-supereffective|p1a: Flute","|-damage|p1a: Flute|0 fnt","|faint|p1a: Flute","|","|","|switch|p1a: Tuba|Slurpuff, F|306/306","|turn|20","|","|move|p1a: Tuba|Belly Drum|p1a: Tuba","|-damage|p1a: Tuba|153/306","|-setboost|p1a: Tuba|atk|6|[from] move: Belly Drum","|-enditem|p1a: Tuba|Sitrus Berry|[eat]","|-heal|p1a: Tuba|229/306|[from] item: Sitrus Berry","|move|p2a: Aegislash|Shadow Ball|p1a: Tuba","|-damage|p1a: Tuba|21/306","|","|turn|21","|","|-formechange|p2a: Aegislash|Aegislash","|move|p2a: Aegislash|King's Shield|p2a: Aegislash","|-singleturn|p2a: Aegislash|Protect","|move|p1a: Tuba|Play Rough|p2a: Aegislash","|-activate|p2a: Aegislash|Protect","|-unboost|p1a: Tuba|atk|2","|","|-sideend|p1: Void Wiley|Reflect","|turn|22","|","|-formechange|p2a: Aegislash|Aegislash-Blade","|move|p2a: Aegislash|Shadow Sneak|p1a: Tuba","|-damage|p1a: Tuba|0 fnt","|faint|p1a: Tuba","|","|","|switch|p1a: Clarinet|Azumarill, F|404/404","|turn|23","|","|move|p2a: Aegislash|Shadow Ball|p1a: Clarinet","|-damage|p1a: Clarinet|202/404","|-enditem|p1a: Clarinet|Sitrus Berry|[eat]","|-heal|p1a: Clarinet|303/404|[from] item: Sitrus Berry","|move|p1a: Clarinet|Belly Drum|p1a: Clarinet","|-damage|p1a: Clarinet|101/404","|-setboost|p1a: Clarinet|atk|6|[from] move: Belly Drum","|","|turn|24","|","|-formechange|p2a: Aegislash|Aegislash","|move|p2a: Aegislash|King's Shield|p2a: Aegislash","|-singleturn|p2a: Aegislash|Protect","|move|p1a: Clarinet|Aqua Jet|p2a: Aegislash","|-activate|p2a: Aegislash|Protect","|-unboost|p1a: Clarinet|atk|2","|","|turn|25","|","|move|p1a: Clarinet|Aqua Jet|p2a: Aegislash","|-damage|p2a: Aegislash|109/324","|-formechange|p2a: Aegislash|Aegislash-Blade","|move|p2a: Aegislash|Shadow Ball|p1a: Clarinet","|-damage|p1a: Clarinet|0 fnt","|faint|p1a: Clarinet","|","|","|switch|p1a: Alto|Togekiss, F|311/311","|turn|26","|","|-formechange|p2a: Aegislash|Aegislash","|move|p2a: Aegislash|King's Shield|p2a: Aegislash","|-singleturn|p2a: Aegislash|Protect","|move|p1a: Alto|Air Slash|p2a: Aegislash","|-activate|p2a: Aegislash|Protect","|","|turn|27","|","|move|p1a: Alto|Air Slash|p2a: Aegislash","|-resisted|p2a: Aegislash","|-damage|p2a: Aegislash|61/324","|-formechange|p2a: Aegislash|Aegislash-Blade","|cant|p2a: Aegislash|flinch","|","|turn|28","|","|move|p2a: Aegislash|Shadow Sneak|p1a: Alto","|-damage|p1a: Alto|242/311","|move|p1a: Alto|Air Slash|p2a: Aegislash","|-resisted|p2a: Aegislash","|-damage|p2a: Aegislash|0 fnt","|faint|p2a: Aegislash","|","|","|switch|p2a: Golurk|Golurk|381/381","|turn|29","|","|move|p1a: Alto|Air Slash|p2a: Golurk","|-damage|p2a: Golurk|243/381","|move|p2a: Golurk|Ice Punch|p1a: Alto","|-supereffective|p1a: Alto","|-damage|p1a: Alto|0 fnt","|faint|p1a: Alto","|","|win|Union Entropy"],"p1rating":{"entryid":"91212","serverid":"eos","formatid":"monotype","userid":"voidwiley","username":"Void Wiley","w":"22","l":10,"t":"0","gxe":66.2,"r":"1641.5525346484","rd":"63.489408363734","sigma":"0","rptime":"1440147600","rpr":1628.3375355605,"rprd":60.164123171865,"rpsigma":"0","acre":1210.9369375198,"lacre":1210.9369375198,"oldacre":"1251.4158007122"},"p2rating":{"entryid":"154436","serverid":"eos","formatid":"monotype","userid":"unionentropy","username":"Union Entropy","w":2,"l":"6","t":"0","gxe":38,"r":"1362.9181873608","rd":"96.162135215697","sigma":"0","rptime":"1440147600","rpr":1404.3927780582,"rprd":94.208085340317,"rpsigma":"0","acre":1064.7661811079,"lacre":1064.7661811079,"oldacre":"1000"},"endType":"normal"}