{"seed":[38403,44764,28463,23184],"turns":31,"p1":"SL~Kingdra","p2":"Adviser♕Dooms","p1team":[{"name":"Chesnaught","species":"Chesnaught","item":"leftovers","ability":"Bulletproof","moves":["spikes","leechseed","spikyshield","drainpunch"],"nature":"Impish","evs":{"hp":252,"atk":0,"def":252,"spa":0,"spd":4,"spe":0},"ivs":{"hp":31,"atk":31,"def":31,"spa":31,"spd":31,"spe":31}},{"name":"Infernape","species":"Infernape","item":"focussash","ability":"Iron Fist","moves":["stealthrock","closecombat","firepunch","machpunch"],"nature":"Jolly","evs":{"hp":4,"atk":252,"def":0,"spa":0,"spd":0,"spe":252},"ivs":{"hp":31,"atk":31,"def":31,"spa":31,"spd":31,"spe":31}},{"name":"Medicham","species":"Medicham","item":"medichamite","ability":"Pure Power","moves":["fakeout","bulletpunch","zenheadbutt","highjumpkick"],"nature":"Jolly","evs":{"hp":4,"atk":252,"def":0,"spa":0,"spd":0,"spe":252},"ivs":{"hp":31,"atk":31,"def":31,"spa":31,"spd":31,"spe":31}},{"name":"Terrakion","species":"Terrakion","item":"choicescarf","ability":"Justified","moves":["ironhead","stoneedge","closecombat","earthquake"],"nature":"Adamant","evs":{"hp":4,"atk":252,"def":0,"spa":0,"spd":0,"spe":252},"ivs":{"hp":31,"atk":31,"def":31,"spa":31,"spd":31,"spe":31}},{"name":"Keldeo-Resolute","species":"Keldeo-Resolute","item":"choicespecs","ability":"Justified","moves":["secretsword","scald","icywind","hydropump"],"nature":"Timid","evs":{"hp":4,"atk":0,"def":0,"spa":252,"spd":0,"spe":252},"ivs":{"hp":31,"atk":31,"def":31,"spa":31,"spd":31,"spe":31}},{"name":"Hawlucha","species":"Hawlucha","item":"powerherb","ability":"Unburden","moves":["acrobatics","skyattack","drainpunch","swordsdance"],"nature":"Adamant","evs":{"hp":0,"atk":252,"def":0,"spa":0,"spd":0,"spe":252},"ivs":{"hp":31,"atk":31,"def":31,"spa":31,"spd":31,"spe":31}}],"p2team":[{"name":"Medicham","species":"Medicham","item":"medichamite","ability":"Pure Power","moves":["highjumpkick","fakeout","bulletpunch","icepunch"],"nature":"Jolly","evs":{"hp":0,"atk":252,"def":4,"spa":0,"spd":0,"spe":252},"gender":"M","shiny":true,"ivs":{"hp":31,"atk":31,"def":31,"spa":31,"spd":31,"spe":31}},{"name":"Espeon","species":"Espeon","item":"choicespecs","ability":"Magic Bounce","moves":["dazzlinggleam","psyshock","grassknot","shadowball"],"nature":"Timid","evs":{"hp":0,"atk":0,"def":4,"spa":252,"spd":0,"spe":252},"gender":"M","ivs":{"hp":31,"atk":0,"def":31,"spa":31,"spd":31,"spe":31},"shiny":true},{"name":"Slowbro","species":"Slowbro","item":"leftovers","ability":"Regenerator","moves":["scald","toxic","slackoff","icebeam"],"nature":"Bold","evs":{"hp":248,"atk":0,"def":252,"spa":0,"spd":8,"spe":0},"gender":"M","ivs":{"hp":31,"atk":0,"def":31,"spa":31,"spd":31,"spe":31},"shiny":true},{"name":"Victini","species":"Victini","item":"choicescarf","ability":"Victory Star","moves":["vcreate","uturn","boltstrike","zenheadbutt"],"nature":"Jolly","evs":{"hp":0,"atk":252,"def":4,"spa":0,"spd":0,"spe":252},"ivs":{"hp":31,"atk":31,"def":31,"spa":31,"spd":31,"spe":31}},{"name":"Meloetta","species":"Meloetta","item":"assaultvest","ability":"Serene Grace","moves":["thunderbolt","shadowball","psyshock","dazzlinggleam"],"nature":"Modest","evs":{"hp":248,"atk":0,"def":0,"spa":252,"spd":8,"spe":0},"ivs":{"hp":31,"atk":0,"def":31,"spa":31,"spd":31,"spe":31}},{"name":"Mew","species":"Mew","item":"leftovers","ability":"Synchronize","moves":["willowisp","taunt","softboiled","stealthrock"],"nature":"Calm","evs":{"hp":248,"atk":0,"def":8,"spa":0,"spd":252,"spe":0},"ivs":{"hp":31,"atk":0,"def":31,"spa":31,"spd":31,"spe":31},"shiny":true}],"log":["|player|p1|SL~Kingdra|99","|player|p2|Adviser♕Dooms|154","|gametype|singles","|gen|6","|tier|Monotype","|rated","|rule|Baton Pass Clause: Limit one Baton Passer, can't pass Spe and other stats simultaneously","|rule|Swagger Clause: Swagger is banned","|rule|Same Type Clause: Pokémon in a team must share a type","|clearpoke","|poke|p1|Chesnaught, M","|poke|p1|Infernape, M","|poke|p1|Medicham, F","|poke|p1|Terrakion","|poke|p1|Keldeo-Resolute","|poke|p1|Hawlucha, F","|poke|p2|Medicham, M, shiny","|poke|p2|Espeon, M, shiny","|poke|p2|Slowbro, M, shiny","|poke|p2|Victini","|poke|p2|Meloetta","|poke|p2|Mew, shiny","|rule|Sleep Clause Mod: Limit one foe put to sleep","|rule|Species Clause: Limit one of each Pokémon","|rule|OHKO Clause: OHKO moves are banned","|rule|Moody Clause: Moody is banned","|rule|Evasion Moves Clause: Evasion moves are banned","|rule|Endless Battle Clause: Forcing endless battles is banned","|rule|HP Percentage Mod: HP is shown in percentages","|teampreview","|","|start","|switch|p1a: Infernape|Infernape, M|294/294","|switch|p2a: Espeon|Espeon, M, shiny|271/271","|turn|1","|","|move|p2a: Espeon|Psyshock|p1a: Infernape","|-supereffective|p1a: Infernape","|-enditem|p1a: Infernape|Focus Sash","|-damage|p1a: Infernape|1/294","|move|p1a: Infernape|Fire Punch|p2a: Espeon","|-damage|p2a: Espeon|79/271","|","|turn|2","|","|move|p1a: Infernape|Mach Punch|p2a: Espeon","|-resisted|p2a: Espeon","|-damage|p2a: Espeon|20/271","|move|p2a: Espeon|Psyshock|p1a: Infernape","|-supereffective|p1a: Infernape","|-damage|p1a: Infernape|0 fnt","|faint|p1a: Infernape","|","|","|switch|p1a: Medicham|Medicham, F|262/262","|turn|3","|","|switch|p2a: Slowbro|Slowbro, M, shiny|393/393","|detailschange|p1a: Medicham|Medicham-Mega, F","|-mega|p1a: Medicham|Medicham|Medichamite","|move|p1a: Medicham|Fake Out|p2a: Slowbro","|-damage|p2a: Slowbro|334/393","|","|-heal|p2a: Slowbro|358/393|[from] item: Leftovers","|turn|4","|","|switch|p1a: Chesnaught|Chesnaught, M|380/380","|move|p2a: Slowbro|Scald|p1a: Chesnaught","|-crit|p1a: Chesnaught","|-resisted|p1a: Chesnaught","|-damage|p1a: Chesnaught|291/380","|","|-heal|p1a: Chesnaught|314/380|[from] item: Leftovers","|-heal|p2a: Slowbro|382/393|[from] item: Leftovers","|turn|5","|","|switch|p2a: Victini|Victini|341/341","|move|p1a: Chesnaught|Spikes|p2a: Victini","|-sidestart|p2: Adviser♕Dooms|Spikes","|","|-heal|p1a: Chesnaught|337/380|[from] item: Leftovers","|turn|6","|","|move|p1a: Chesnaught|Spiky Shield|p1a: Chesnaught","|-singleturn|p1a: Chesnaught|move: Protect","|move|p2a: Victini|V-create|p1a: Chesnaught","|-activate|p1a: Chesnaught|Protect","|-damage|p2a: Victini|299/341|[from] Spiky Shield|[of] p1a: Chesnaught","|","|-heal|p1a: Chesnaught|360/380|[from] item: Leftovers","|turn|7","|","|switch|p2a: Espeon|Espeon, M, shiny|20/271","|-damage|p2a: Espeon|0 fnt|[from] Spikes","|faint|p2a: Espeon","|move|p1a: Chesnaught|Leech Seed|p2: Espeon|[notarget]","|-notarget","|","|-heal|p1a: Chesnaught|380/380|[from] item: Leftovers","|","|switch|p2a: Meloetta|Meloetta|403/403","|-damage|p2a: Meloetta|353/403|[from] Spikes","|turn|8","|","|move|p2a: Meloetta|Dazzling Gleam|p1a: Chesnaught","|-supereffective|p1a: Chesnaught","|-damage|p1a: Chesnaught|132/380","|move|p1a: Chesnaught|Leech Seed|p2a: Meloetta","|-start|p2a: Meloetta|move: Leech Seed","|","|-heal|p1a: Chesnaught|155/380|[from] item: Leftovers","|-damage|p2a: Meloetta|303/403|[from] Leech Seed|[of] p1a: Chesnaught","|-heal|p1a: Chesnaught|205/380|[silent]","|turn|9","|","|move|p1a: Chesnaught|Spiky Shield|p1a: Chesnaught","|-singleturn|p1a: Chesnaught|move: Protect","|move|p2a: Meloetta|Dazzling Gleam|p1a: Chesnaught","|-activate|p1a: Chesnaught|Protect","|","|-heal|p1a: Chesnaught|228/380|[from] item: Leftovers","|-damage|p2a: Meloetta|253/403|[from] Leech Seed|[of] p1a: Chesnaught","|-heal|p1a: Chesnaught|278/380|[silent]","|turn|10","|","|move|p2a: Meloetta|Dazzling Gleam|p1a: Chesnaught","|-supereffective|p1a: Chesnaught","|-damage|p1a: Chesnaught|18/380","|move|p1a: Chesnaught|Drain Punch|p2a: Meloetta","|-damage|p2a: Meloetta|138/403","|-heal|p1a: Chesnaught|76/380|[from] drain|[of] p2a: Meloetta","|","|-heal|p1a: Chesnaught|99/380|[from] item: Leftovers","|-damage|p2a: Meloetta|88/403|[from] Leech Seed|[of] p1a: Chesnaught","|-heal|p1a: Chesnaught|149/380|[silent]","|turn|11","|","|move|p1a: Chesnaught|Spiky Shield|p1a: Chesnaught","|-singleturn|p1a: Chesnaught|move: Protect","|move|p2a: Meloetta|Dazzling Gleam|p1a: Chesnaught","|-activate|p1a: Chesnaught|Protect","|","|-heal|p1a: Chesnaught|172/380|[from] item: Leftovers","|-damage|p2a: Meloetta|38/403|[from] Leech Seed|[of] p1a: Chesnaught","|-heal|p1a: Chesnaught|222/380|[silent]","|turn|12","|","|move|p1a: Chesnaught|Spiky Shield|p1a: Chesnaught","|-fail|p1a: Chesnaught","|move|p2a: Meloetta|Dazzling Gleam|p1a: Chesnaught","|-supereffective|p1a: Chesnaught","|-damage|p1a: Chesnaught|0 fnt","|faint|p1a: Chesnaught","|","|","|switch|p1a: Hawlucha|Hawlucha, F|297/297","|turn|13","|","|move|p1a: Hawlucha|Sky Attack|p2a: Meloetta|[still]","|-prepare|p1a: Hawlucha|Sky Attack|p2a: Meloetta","|-enditem|p1a: Hawlucha|Power Herb","|-anim|p1a: Hawlucha|Sky Attack|p2a: Meloetta","|-damage|p2a: Meloetta|0 fnt","|faint|p2a: Meloetta","|","|","|switch|p2a: Victini|Victini|299/341","|-damage|p2a: Victini|257/341|[from] Spikes","|turn|14","|","|move|p1a: Hawlucha|Acrobatics|p2a: Victini","|-damage|p2a: Victini|88/341","|move|p2a: Victini|Zen Headbutt|p1a: Hawlucha","|-supereffective|p1a: Hawlucha","|-damage|p1a: Hawlucha|0 fnt","|faint|p1a: Hawlucha","|","|","|switch|p1a: Medicham|Medicham-Mega, F|262/262","|turn|15","|","|move|p1a: Medicham|Fake Out|p2a: Victini","|-damage|p2a: Victini|15/341","|cant|p2a: Victini|flinch","|","|turn|16","|","|move|p1a: Medicham|Bullet Punch|p2a: Victini","|-resisted|p2a: Victini","|-damage|p2a: Victini|0 fnt","|faint|p2a: Victini","|","|","|switch|p2a: Mew|Mew, shiny|403/403","|-damage|p2a: Mew|353/403|[from] Spikes","|turn|17","|","|move|p1a: Medicham|Zen Headbutt|p2a: Mew","|-resisted|p2a: Mew","|-damage|p2a: Mew|245/403","|move|p2a: Mew|Will-O-Wisp|p1a: Medicham","|-status|p1a: Medicham|brn","|","|-heal|p2a: Mew|270/403|[from] item: Leftovers","|-damage|p1a: Medicham|230/262 brn|[from] brn","|turn|18","|","|move|p1a: Medicham|High Jump Kick|p2a: Mew","|-resisted|p2a: Mew","|-damage|p2a: Mew|171/403","|move|p2a: Mew|Soft-Boiled|p2a: Mew","|-heal|p2a: Mew|373/403","|","|-heal|p2a: Mew|398/403|[from] item: Leftovers","|-damage|p1a: Medicham|198/262 brn|[from] brn","|turn|19","|","|switch|p1a: Keldeo-Resolute|Keldeo-Resolute|324/324","|move|p2a: Mew|Stealth Rock|p1a: Keldeo-Resolute","|-sidestart|p1: SL~Kingdra|move: Stealth Rock","|","|-heal|p2a: Mew|403/403|[from] item: Leftovers","|turn|20","|","|move|p1a: Keldeo-Resolute|Hydro Pump|p2a: Mew","|-damage|p2a: Mew|178/403","|move|p2a: Mew|Will-O-Wisp|p1a: Keldeo-Resolute","|-status|p1a: Keldeo-Resolute|brn","|","|-heal|p2a: Mew|203/403|[from] item: Leftovers","|-damage|p1a: Keldeo-Resolute|284/324 brn|[from] brn","|turn|21","|","|move|p1a: Keldeo-Resolute|Hydro Pump|p2a: Mew","|-damage|p2a: Mew|1/403","|move|p2a: Mew|Soft-Boiled|p2a: Mew","|-heal|p2a: Mew|203/403","|","|-heal|p2a: Mew|228/403|[from] item: Leftovers","|-damage|p1a: Keldeo-Resolute|244/324 brn|[from] brn","|turn|22","|","|move|p1a: Keldeo-Resolute|Hydro Pump|p2a: Mew","|-damage|p2a: Mew|0 fnt","|faint|p2a: Mew","|","|-damage|p1a: Keldeo-Resolute|204/324 brn|[from] brn","|","|switch|p2a: Medicham|Medicham, M, shiny|261/261","|-damage|p2a: Medicham|229/261|[from] Spikes","|turn|23","|","|switch|p1a: Medicham|Medicham-Mega, F|198/262 brn","|-damage|p1a: Medicham|182/262 brn|[from] Stealth Rock","|detailschange|p2a: Medicham|Medicham-Mega, M, shiny","|-mega|p2a: Medicham|Medicham|Medichamite","|move|p2a: Medicham|Fake Out|p1a: Medicham","|-crit|p1a: Medicham","|-damage|p1a: Medicham|34/262 brn","|","|-damage|p1a: Medicham|2/262 brn|[from] brn","|turn|24","|","|move|p1a: Medicham|Fake Out|p2a: Medicham","|-damage|p2a: Medicham|184/261","|cant|p2a: Medicham|flinch","|","|-damage|p1a: Medicham|0 fnt|[from] brn","|faint|p1a: Medicham","|","|switch|p1a: Terrakion|Terrakion|324/324","|-damage|p1a: Terrakion|304/324|[from] Stealth Rock","|turn|25","|","|move|p1a: Terrakion|Earthquake|p2a: Medicham","|-crit|p2a: Medicham","|-damage|p2a: Medicham|0 fnt","|faint|p2a: Medicham","|","|","|switch|p2a: Slowbro|Slowbro, M, shiny|393/393","|-damage|p2a: Slowbro|344/393|[from] Spikes","|turn|26","|","|move|p1a: Terrakion|Earthquake|p2a: Slowbro","|-damage|p2a: Slowbro|250/393","|move|p2a: Slowbro|Scald|p1a: Terrakion","|-supereffective|p1a: Terrakion","|-damage|p1a: Terrakion|92/324","|-status|p1a: Terrakion|brn","|","|-heal|p2a: Slowbro|274/393|[from] item: Leftovers","|-damage|p1a: Terrakion|52/324 brn|[from] brn","|turn|27","|","|move|p1a: Terrakion|Earthquake|p2a: Slowbro","|-damage|p2a: Slowbro|233/393","|move|p2a: Slowbro|Slack Off|p2a: Slowbro","|-heal|p2a: Slowbro|393/393","|","|-damage|p1a: Terrakion|12/324 brn|[from] brn","|turn|28","|","|move|p1a: Terrakion|Earthquake|p2a: Slowbro","|-crit|p2a: Slowbro","|-damage|p2a: Slowbro|332/393","|move|p2a: Slowbro|Slack Off|p2a: Slowbro","|-heal|p2a: Slowbro|393/393","|","|-damage|p1a: Terrakion|0 fnt|[from] brn","|faint|p1a: Terrakion","|","|switch|p1a: Keldeo-Resolute|Keldeo-Resolute|204/324 brn","|-damage|p1a: Keldeo-Resolute|184/324 brn|[from] Stealth Rock","|turn|29","|","|move|p1a: Keldeo-Resolute|Secret Sword|p2a: Slowbro","|-resisted|p2a: Slowbro","|-damage|p2a: Slowbro|321/393","|move|p2a: Slowbro|Slack Off|p2a: Slowbro","|-heal|p2a: Slowbro|393/393","|","|-damage|p1a: Keldeo-Resolute|144/324 brn|[from] brn","|turn|30","|","|move|p1a: Keldeo-Resolute|Secret Sword|p2a: Slowbro","|-resisted|p2a: Slowbro","|-damage|p2a: Slowbro|321/393","|move|p2a: Slowbro|Scald|p1a: Keldeo-Resolute","|-resisted|p1a: Keldeo-Resolute","|-damage|p1a: Keldeo-Resolute|88/324 brn","|","|-heal|p2a: Slowbro|345/393|[from] item: Leftovers","|-damage|p1a: Keldeo-Resolute|48/324 brn|[from] brn","|turn|31","|","|move|p1a: Keldeo-Resolute|Secret Sword|p2a: Slowbro","|-crit|p2a: Slowbro","|-resisted|p2a: Slowbro","|-damage|p2a: Slowbro|235/393","|move|p2a: Slowbro|Scald|p1a: Keldeo-Resolute","|-resisted|p1a: Keldeo-Resolute","|-damage|p1a: Keldeo-Resolute|0 fnt","|faint|p1a: Keldeo-Resolute","|","|win|Adviser♕Dooms"],"p1rating":{"entryid":"101024","serverid":"eos","formatid":"monotype","userid":"slkingdra","username":"SL~Kingdra","w":"14","l":6,"t":"0","gxe":63,"r":"1580.8638059903","rd":"85.193412799414","sigma":"0","rptime":"1440147600","rpr":1602.0746457543,"rprd":70.376283356022,"rpsigma":"0","acre":1215.6727928312,"lacre":1215.6727928312,"oldacre":"1251.8931127721"},"p2rating":{"entryid":"117867","serverid":"eos","formatid":"monotype","userid":"adviserdooms","username":"Adviser♕Dooms","w":10,"l":"12","t":"0","gxe":46.2,"r":"1490.2739272723","rd":"84.782441648642","sigma":"0","rptime":"1440147600","rpr":1470.873735762,"rprd":68.722953633018,"rpsigma":"0","acre":1123.7036174441,"lacre":1123.7036174441,"oldacre":"1084.0078535339"},"endType":"normal"}