{"seed":[57356,28776,44512,8503],"turns":50,"p1":"Adviser♕Dooms","p2":"Knight♕Altair","p1team":[{"name":"Venu","species":"venusaur","item":"venusaurite","ability":"Overgrow","moves":["leechseed","gigadrain","sleeppowder","sludgebomb"],"nature":"Calm","evs":{"hp":236,"atk":0,"def":72,"spa":200,"spd":0,"spe":0},"gender":"M","shiny":true,"ivs":{"hp":31,"atk":31,"def":31,"spa":31,"spd":31,"spe":31}},{"name":"Skuntank","species":"Skuntank","item":"blacksludge","ability":"Aftermath","moves":["suckerpunch","poisonjab","pursuit","defog"],"nature":"Adamant","evs":{"hp":252,"atk":252,"def":0,"spa":0,"spd":4,"spe":0},"gender":"M","shiny":true,"ivs":{"hp":31,"atk":31,"def":31,"spa":31,"spd":31,"spe":31}},{"name":"Dragalge","species":"Dragalge","item":"choicespecs","ability":"Adaptability","moves":["dracometeor","sludgewave","thunderbolt","hiddenpowerfire"],"nature":"Modest","evs":{"hp":222,"atk":0,"def":0,"spa":252,"spd":0,"spe":36},"gender":"M","ivs":{"hp":31,"atk":30,"def":31,"spa":30,"spd":31,"spe":30},"shiny":true},{"name":"Nidoking","species":"Nidoking","item":"lifeorb","ability":"Sheer Force","moves":["sludgewave","flamethrower","earthpower","icebeam"],"nature":"Timid","evs":{"hp":0,"atk":0,"def":0,"spa":252,"spd":4,"spe":252},"shiny":true,"ivs":{"hp":31,"atk":31,"def":31,"spa":31,"spd":31,"spe":31}},{"name":"Gengar","species":"Gengar","item":"lifeorb","ability":"Levitate","moves":["focusblast","shadowball","thunderbolt","sludgewave"],"nature":"Timid","evs":{"hp":4,"atk":0,"def":0,"spa":252,"spd":0,"spe":252},"gender":"M","ivs":{"hp":31,"atk":0,"def":31,"spa":31,"spd":31,"spe":31},"shiny":true},{"name":"Toxicroak","species":"Toxicroak","item":"focussash","ability":"Dry Skin","moves":["swordsdance","fakeout","poisonjab","drainpunch"],"nature":"Jolly","evs":{"hp":4,"atk":252,"def":0,"spa":0,"spd":0,"spe":252},"gender":"M","shiny":true,"ivs":{"hp":31,"atk":31,"def":31,"spa":31,"spd":31,"spe":31}}],"p2team":[{"name":"Money Shark","species":"sharpedo","item":"sharpedonite","ability":"Speed Boost","moves":["protect","crunch","waterfall","poisonfang"],"nature":"Jolly","evs":{"hp":0,"atk":252,"def":4,"spa":0,"spd":0,"spe":252},"ivs":{"hp":31,"atk":31,"def":31,"spa":31,"spd":31,"spe":31}},{"name":"Your Mother","species":"hydreigon","item":"choicescarf","ability":"Levitate","moves":["dracometeor","darkpulse","flashcannon","fireblast"],"nature":"Timid","evs":{"hp":0,"atk":4,"def":0,"spa":252,"spd":0,"spe":252},"ivs":{"hp":31,"atk":31,"def":31,"spa":31,"spd":31,"spe":31}},{"name":"Gary MF Oak","species":"umbreon","item":"leftovers","ability":"Synchronize","moves":["wish","protect","healbell","foulplay"],"nature":"Calm","evs":{"hp":252,"atk":0,"def":4,"spa":0,"spd":252,"spe":0},"ivs":{"hp":31,"atk":31,"def":31,"spa":31,"spd":31,"spe":31}},{"name":"The Dark Magician","species":"hoopaunbound","item":"choicescarf","ability":"Magician","moves":["firepunch","hyperspacefury","gunkshot","zenheadbutt"],"nature":"Jolly","evs":{"hp":4,"atk":252,"def":0,"spa":0,"spd":0,"spe":252},"ivs":{"hp":31,"atk":31,"def":31,"spa":31,"spd":31,"spe":31}},{"name":"Greedy ho","species":"sableye","item":"leftovers","ability":"Prankster","moves":["willowisp","knockoff","taunt","recover"],"nature":"Careful","evs":{"hp":0,"atk":8,"def":0,"spa":0,"spd":248,"spe":0},"gender":"M","ivs":{"hp":31,"atk":31,"def":31,"spa":31,"spd":31,"spe":31}},{"name":"Lucius Yami","species":"weavile","item":"lifeorb","ability":"Pressure","moves":["iciclecrash","knockoff","iceshard","lowkick"],"nature":"Jolly","evs":{"hp":0,"atk":252,"def":4,"spa":0,"spd":0,"spe":252},"ivs":{"hp":31,"atk":31,"def":31,"spa":31,"spd":31,"spe":31}}],"log":["|player|p1|Adviser♕Dooms|154","|player|p2|Knight♕Altair|274","|gametype|singles","|gen|6","|tier|Monotype","|rated","|rule|Baton Pass Clause: Limit one Baton Passer, can't pass Spe and other stats simultaneously","|rule|Swagger Clause: Swagger is banned","|rule|Same Type Clause: Pokémon in a team must share a type","|clearpoke","|poke|p1|Venusaur, M, shiny","|poke|p1|Skuntank, M, shiny","|poke|p1|Dragalge, M, shiny","|poke|p1|Nidoking, M, shiny","|poke|p1|Gengar, M, shiny","|poke|p1|Toxicroak, M, shiny","|poke|p2|Sharpedo, M","|poke|p2|Hydreigon, F","|poke|p2|Umbreon, M","|poke|p2|Hoopa-Unbound","|poke|p2|Sableye, M","|poke|p2|Weavile, F","|rule|Sleep Clause Mod: Limit one foe put to sleep","|rule|Species Clause: Limit one of each Pokémon","|rule|OHKO Clause: OHKO moves are banned","|rule|Moody Clause: Moody is banned","|rule|Evasion Moves Clause: Evasion moves are banned","|rule|Endless Battle Clause: Forcing endless battles is banned","|rule|HP Percentage Mod: HP is shown in percentages","|teampreview","|","|start","|switch|p1a: Nidoking|Nidoking, M, shiny|303/303","|switch|p2a: Greedy ho|Sableye, M|241/241","|turn|1","|","|move|p2a: Greedy ho|Will-O-Wisp|p1a: Nidoking|[miss]","|-miss|p2a: Greedy ho|p1a: Nidoking","|move|p1a: Nidoking|Earth Power|p2a: Greedy ho","|-damage|p2a: Greedy ho|58/241","|","|-heal|p2a: Greedy ho|73/241|[from] item: Leftovers","|turn|2","|","|switch|p2a: The Dark Magician|Hoopa-Unbound|302/302","|move|p1a: Nidoking|Ice Beam|p2a: The Dark Magician","|-damage|p2a: The Dark Magician|189/302","|","|turn|3","|","|switch|p1a: Skuntank|Skuntank, M, shiny|410/410","|move|p2a: The Dark Magician|Zen Headbutt|p1a: Skuntank","|-immune|p1a: Skuntank|[msg]","|","|turn|4","|","|move|p1a: Skuntank|Pursuit|p2a: The Dark Magician|[from]Pursuit","|-damage|p2a: The Dark Magician|0 fnt","|faint|p2a: The Dark Magician","|","|","|switch|p2a: Lucius Yami|Weavile, F|281/281","|-ability|p2a: Lucius Yami|Pressure","|turn|5","|","|move|p2a: Lucius Yami|Icicle Crash|p1a: Skuntank","|-damage|p1a: Skuntank|153/410","|-damage|p2a: Lucius Yami|253/281|[from] item: Life Orb","|move|p1a: Skuntank|Poison Jab|p2a: Lucius Yami","|-damage|p2a: Lucius Yami|79/281","|-status|p2a: Lucius Yami|psn","|","|-heal|p1a: Skuntank|178/410|[from] item: Black Sludge","|-damage|p2a: Lucius Yami|44/281 psn|[from] psn","|turn|6","|","|move|p1a: Skuntank|Sucker Punch|p2a: Lucius Yami","|-resisted|p2a: Lucius Yami","|-damage|p2a: Lucius Yami|0 fnt","|faint|p2a: Lucius Yami","|","|-heal|p1a: Skuntank|203/410|[from] item: Black Sludge","|","|switch|p2a: Money Shark|Sharpedo, M|281/281","|turn|7","|","|switch|p1a: Venu|Venusaur, M, shiny|360/360","|move|p2a: Money Shark|Protect|p2a: Money Shark","|-fail|p2a: Money Shark","|","|-boost|p2a: Money Shark|spe|1|[from] ability: Speed Boost","|turn|8","|","|switch|p2a: Gary MF Oak|Umbreon, M|394/394","|detailschange|p1a: Venu|Venusaur-Mega, M, shiny","|-mega|p1a: Venu|Venusaur|Venusaurite","|move|p1a: Venu|Sleep Powder|p2a: Gary MF Oak","|-status|p2a: Gary MF Oak|slp","|","|turn|9","|","|move|p1a: Venu|Leech Seed|p2a: Gary MF Oak","|-start|p2a: Gary MF Oak|move: Leech Seed","|cant|p2a: Gary MF Oak|slp","|","|-damage|p2a: Gary MF Oak|345/394 slp|[from] Leech Seed|[of] p1a: Venu","|turn|10","|","|switch|p1a: Toxicroak|Toxicroak, M, shiny|308/308","|cant|p2a: Gary MF Oak|slp","|","|-heal|p2a: Gary MF Oak|369/394 slp|[from] item: Leftovers","|-damage|p2a: Gary MF Oak|320/394 slp|[from] Leech Seed|[of] p1a: Toxicroak","|turn|11","|","|switch|p2a: Greedy ho|Sableye, M|73/241","|move|p1a: Toxicroak|Swords Dance|p1a: Toxicroak","|-boost|p1a: Toxicroak|atk|2","|","|-heal|p2a: Greedy ho|88/241|[from] item: Leftovers","|turn|12","|","|move|p2a: Greedy ho|Will-O-Wisp|p1a: Toxicroak","|-status|p1a: Toxicroak|brn","|move|p1a: Toxicroak|Poison Jab|p2a: Greedy ho","|-resisted|p2a: Greedy ho","|-damage|p2a: Greedy ho|5/241","|","|-heal|p2a: Greedy ho|20/241|[from] item: Leftovers","|-damage|p1a: Toxicroak|270/308 brn|[from] brn","|turn|13","|","|move|p2a: Greedy ho|Recover|p2a: Greedy ho","|-heal|p2a: Greedy ho|141/241","|move|p1a: Toxicroak|Poison Jab|p2a: Greedy ho","|-resisted|p2a: Greedy ho","|-damage|p2a: Greedy ho|65/241","|-status|p2a: Greedy ho|psn","|","|-heal|p2a: Greedy ho|80/241 psn|[from] item: Leftovers","|-damage|p1a: Toxicroak|232/308 brn|[from] brn","|-damage|p2a: Greedy ho|50/241 psn|[from] psn","|turn|14","|","|move|p2a: Greedy ho|Recover|p2a: Greedy ho","|-heal|p2a: Greedy ho|171/241 psn","|move|p1a: Toxicroak|Poison Jab|p2a: Greedy ho","|-crit|p2a: Greedy ho","|-resisted|p2a: Greedy ho","|-damage|p2a: Greedy ho|53/241 psn","|","|-heal|p2a: Greedy ho|68/241 psn|[from] item: Leftovers","|-damage|p1a: Toxicroak|194/308 brn|[from] brn","|-damage|p2a: Greedy ho|38/241 psn|[from] psn","|turn|15","|","|move|p2a: Greedy ho|Recover|p2a: Greedy ho","|-heal|p2a: Greedy ho|159/241 psn","|move|p1a: Toxicroak|Poison Jab|p2a: Greedy ho","|-resisted|p2a: Greedy ho","|-damage|p2a: Greedy ho|80/241 psn","|","|-heal|p2a: Greedy ho|95/241 psn|[from] item: Leftovers","|-damage|p1a: Toxicroak|156/308 brn|[from] brn","|-damage|p2a: Greedy ho|65/241 psn|[from] psn","|turn|16","|","|move|p2a: Greedy ho|Recover|p2a: Greedy ho","|-heal|p2a: Greedy ho|186/241 psn","|move|p1a: Toxicroak|Poison Jab|p2a: Greedy ho","|-resisted|p2a: Greedy ho","|-damage|p2a: Greedy ho|105/241 psn","|","|-heal|p2a: Greedy ho|120/241 psn|[from] item: Leftovers","|-damage|p1a: Toxicroak|118/308 brn|[from] brn","|-damage|p2a: Greedy ho|90/241 psn|[from] psn","|turn|17","|","|move|p2a: Greedy ho|Recover|p2a: Greedy ho","|-heal|p2a: Greedy ho|211/241 psn","|move|p1a: Toxicroak|Poison Jab|p2a: Greedy ho","|-resisted|p2a: Greedy ho","|-damage|p2a: Greedy ho|128/241 psn","|","|-heal|p2a: Greedy ho|143/241 psn|[from] item: Leftovers","|-damage|p1a: Toxicroak|80/308 brn|[from] brn","|-damage|p2a: Greedy ho|113/241 psn|[from] psn","|turn|18","|","|move|p2a: Greedy ho|Recover|p2a: Greedy ho","|-heal|p2a: Greedy ho|234/241 psn","|move|p1a: Toxicroak|Swords Dance|p1a: Toxicroak","|-boost|p1a: Toxicroak|atk|2","|","|-heal|p2a: Greedy ho|241/241 psn|[from] item: Leftovers","|-damage|p1a: Toxicroak|42/308 brn|[from] brn","|-damage|p2a: Greedy ho|211/241 psn|[from] psn","|turn|19","|","|move|p2a: Greedy ho|Recover|p2a: Greedy ho","|-heal|p2a: Greedy ho|241/241 psn","|move|p1a: Toxicroak|Poison Jab|p2a: Greedy ho","|-resisted|p2a: Greedy ho","|-damage|p2a: Greedy ho|132/241 psn","|","|-heal|p2a: Greedy ho|147/241 psn|[from] item: Leftovers","|-damage|p1a: Toxicroak|4/308 brn|[from] brn","|-damage|p2a: Greedy ho|117/241 psn|[from] psn","|turn|20","|","|move|p2a: Greedy ho|Recover|p2a: Greedy ho","|-heal|p2a: Greedy ho|238/241 psn","|move|p1a: Toxicroak|Poison Jab|p2a: Greedy ho","|-resisted|p2a: Greedy ho","|-damage|p2a: Greedy ho|118/241 psn","|","|-heal|p2a: Greedy ho|133/241 psn|[from] item: Leftovers","|-damage|p1a: Toxicroak|0 fnt|[from] brn","|-damage|p2a: Greedy ho|103/241 psn|[from] psn","|faint|p1a: Toxicroak","|","|switch|p1a: Gengar|Gengar, M, shiny|262/262","|turn|21","|","|move|p2a: Greedy ho|Taunt|p1a: Gengar","|-start|p1a: Gengar|move: Taunt","|move|p1a: Gengar|Shadow Ball|p2a: Greedy ho","|-damage|p2a: Greedy ho|0 fnt","|-damage|p1a: Gengar|236/262|[from] item: Life Orb","|faint|p2a: Greedy ho","|","|","|switch|p2a: Money Shark|Sharpedo, M|281/281","|turn|22","|","|switch|p1a: Venu|Venusaur-Mega, M, shiny|360/360","|move|p2a: Money Shark|Crunch|p1a: Venu","|-damage|p1a: Venu|248/360","|-unboost|p1a: Venu|def|1","|","|-boost|p2a: Money Shark|spe|1|[from] ability: Speed Boost","|turn|23","|","|detailschange|p2a: Money Shark|Sharpedo-Mega, M","|-mega|p2a: Money Shark|Sharpedo|Sharpedonite","|move|p2a: Money Shark|Protect|p2a: Money Shark","|-singleturn|p2a: Money Shark|Protect","|move|p1a: Venu|Sleep Powder|p2a: Money Shark","|-activate|p2a: Money Shark|Protect","|","|turn|24","|","|switch|p1a: Gengar|Gengar, M, shiny|236/262","|move|p2a: Money Shark|Crunch|p1a: Gengar","|-supereffective|p1a: Gengar","|-damage|p1a: Gengar|0 fnt","|faint|p1a: Gengar","|","|","|switch|p1a: Venu|Venusaur-Mega, M, shiny|248/360","|turn|25","|","|move|p2a: Money Shark|Protect|p2a: Money Shark","|-singleturn|p2a: Money Shark|Protect","|move|p1a: Venu|Sleep Powder|p2a: Money Shark","|-activate|p2a: Money Shark|Protect","|","|turn|26","|","|move|p2a: Money Shark|Crunch|p1a: Venu","|-damage|p1a: Venu|67/360","|move|p1a: Venu|Giga Drain|p2a: Money Shark","|-supereffective|p2a: Money Shark","|-damage|p2a: Money Shark|0 fnt","|-heal|p1a: Venu|208/360|[from] drain|[of] p2a: Money Shark","|faint|p2a: Money Shark","|","|","|switch|p2a: Your Mother|Hydreigon, F|325/325","|turn|27","|","|move|p2a: Your Mother|Dark Pulse|p1a: Venu","|-damage|p1a: Venu|99/360","|move|p1a: Venu|Leech Seed|p2a: Your Mother|[miss]","|-miss|p1a: Venu|p2a: Your Mother","|","|turn|28","|","|move|p2a: Your Mother|Dark Pulse|p1a: Venu","|-damage|p1a: Venu|0 fnt","|faint|p1a: Venu","|","|","|switch|p1a: Dragalge|Dragalge, M, shiny|326/326","|turn|29","|","|move|p2a: Your Mother|Dark Pulse|p1a: Dragalge","|-damage|p1a: Dragalge|218/326","|move|p1a: Dragalge|Draco Meteor|p2a: Your Mother|[miss]","|-miss|p1a: Dragalge|p2a: Your Mother","|","|turn|30","|","|switch|p2a: Gary MF Oak|Umbreon, M|320/394 slp","|move|p1a: Dragalge|Draco Meteor|p2a: Gary MF Oak","|-damage|p2a: Gary MF Oak|60/394 slp","|-unboost|p1a: Dragalge|spa|2","|","|-heal|p2a: Gary MF Oak|84/394 slp|[from] item: Leftovers","|turn|31","|","|switch|p1a: Skuntank|Skuntank, M, shiny|203/410","|cant|p2a: Gary MF Oak|slp","|","|-heal|p1a: Skuntank|228/410|[from] item: Black Sludge","|-heal|p2a: Gary MF Oak|108/394 slp|[from] item: Leftovers","|turn|32","|","|-curestatus|p2a: Gary MF Oak|slp","|move|p2a: Gary MF Oak|Protect|p2a: Gary MF Oak","|-singleturn|p2a: Gary MF Oak|Protect","|move|p1a: Skuntank|Poison Jab|p2a: Gary MF Oak","|-activate|p2a: Gary MF Oak|Protect","|","|-heal|p1a: Skuntank|253/410|[from] item: Black Sludge","|-heal|p2a: Gary MF Oak|132/394|[from] item: Leftovers","|turn|33","|","|move|p1a: Skuntank|Poison Jab|p2a: Gary MF Oak","|-damage|p2a: Gary MF Oak|24/394","|move|p2a: Gary MF Oak|Wish|p2a: Gary MF Oak","|","|-heal|p1a: Skuntank|278/410|[from] item: Black Sludge","|-heal|p2a: Gary MF Oak|48/394|[from] item: Leftovers","|turn|34","|","|switch|p1a: Dragalge|Dragalge, M, shiny|218/326","|move|p2a: Gary MF Oak|Protect|p2a: Gary MF Oak","|-fail|p2a: Gary MF Oak","|","|-heal|p2a: Gary MF Oak|245/394|[from] move: Wish|[wisher] Gary MF Oak","|-heal|p2a: Gary MF Oak|269/394|[from] item: Leftovers","|turn|35","|","|move|p2a: Gary MF Oak|Protect|p2a: Gary MF Oak","|-singleturn|p2a: Gary MF Oak|Protect","|move|p1a: Dragalge|Draco Meteor|p2a: Gary MF Oak","|-activate|p2a: Gary MF Oak|Protect","|","|-heal|p2a: Gary MF Oak|293/394|[from] item: Leftovers","|turn|36","|","|move|p2a: Gary MF Oak|Wish|p2a: Gary MF Oak","|move|p1a: Dragalge|Draco Meteor|p2a: Gary MF Oak|[miss]","|-miss|p1a: Dragalge|p2a: Gary MF Oak","|","|-heal|p2a: Gary MF Oak|317/394|[from] item: Leftovers","|turn|37","|","|move|p2a: Gary MF Oak|Foul Play|p1a: Dragalge","|-damage|p1a: Dragalge|136/326","|move|p1a: Dragalge|Draco Meteor|p2a: Gary MF Oak","|-damage|p2a: Gary MF Oak|53/394","|-unboost|p1a: Dragalge|spa|2","|","|-heal|p2a: Gary MF Oak|250/394|[from] move: Wish|[wisher] Gary MF Oak","|-heal|p2a: Gary MF Oak|274/394|[from] item: Leftovers","|turn|38","|","|switch|p1a: Skuntank|Skuntank, M, shiny|278/410","|move|p2a: Gary MF Oak|Wish|p2a: Gary MF Oak","|","|-heal|p1a: Skuntank|303/410|[from] item: Black Sludge","|-heal|p2a: Gary MF Oak|298/394|[from] item: Leftovers","|turn|39","|","|move|p2a: Gary MF Oak|Protect|p2a: Gary MF Oak","|-singleturn|p2a: Gary MF Oak|Protect","|move|p1a: Skuntank|Poison Jab|p2a: Gary MF Oak","|-activate|p2a: Gary MF Oak|Protect","|","|-heal|p2a: Gary MF Oak|394/394|[from] move: Wish|[wisher] Gary MF Oak","|-heal|p1a: Skuntank|328/410|[from] item: Black Sludge","|turn|40","|","|move|p1a: Skuntank|Poison Jab|p2a: Gary MF Oak","|-damage|p2a: Gary MF Oak|289/394","|move|p2a: Gary MF Oak|Foul Play|p1a: Skuntank","|-resisted|p1a: Skuntank","|-damage|p1a: Skuntank|220/410","|","|-heal|p1a: Skuntank|245/410|[from] item: Black Sludge","|-heal|p2a: Gary MF Oak|313/394|[from] item: Leftovers","|turn|41","|","|move|p1a: Skuntank|Poison Jab|p2a: Gary MF Oak","|-damage|p2a: Gary MF Oak|198/394","|move|p2a: Gary MF Oak|Wish|p2a: Gary MF Oak","|","|-heal|p1a: Skuntank|270/410|[from] item: Black Sludge","|-heal|p2a: Gary MF Oak|222/394|[from] item: Leftovers","|turn|42","|","|move|p1a: Skuntank|Poison Jab|p2a: Gary MF Oak","|-crit|p2a: Gary MF Oak","|-damage|p2a: Gary MF Oak|65/394","|-status|p2a: Gary MF Oak|psn","|move|p2a: Gary MF Oak|Foul Play|p1a: Skuntank","|-resisted|p1a: Skuntank","|-damage|p1a: Skuntank|166/410","|","|-heal|p2a: Gary MF Oak|262/394 psn|[from] move: Wish|[wisher] Gary MF Oak","|-heal|p1a: Skuntank|191/410|[from] item: Black Sludge","|-heal|p2a: Gary MF Oak|286/394 psn|[from] item: Leftovers","|-damage|p2a: Gary MF Oak|237/394 psn|[from] psn","|turn|43","|","|move|p1a: Skuntank|Poison Jab|p2a: Gary MF Oak","|-damage|p2a: Gary MF Oak|120/394 psn","|move|p2a: Gary MF Oak|Wish|p2a: Gary MF Oak","|","|-heal|p1a: Skuntank|216/410|[from] item: Black Sludge","|-heal|p2a: Gary MF Oak|144/394 psn|[from] item: Leftovers","|-damage|p2a: Gary MF Oak|95/394 psn|[from] psn","|turn|44","|","|switch|p1a: Dragalge|Dragalge, M, shiny|136/326","|move|p2a: Gary MF Oak|Protect|p2a: Gary MF Oak","|-fail|p2a: Gary MF Oak","|","|-heal|p2a: Gary MF Oak|292/394 psn|[from] move: Wish|[wisher] Gary MF Oak","|-heal|p2a: Gary MF Oak|316/394 psn|[from] item: Leftovers","|-damage|p2a: Gary MF Oak|267/394 psn|[from] psn","|turn|45","|","|move|p2a: Gary MF Oak|Protect|p2a: Gary MF Oak","|-singleturn|p2a: Gary MF Oak|Protect","|move|p1a: Dragalge|Draco Meteor|p2a: Gary MF Oak","|-activate|p2a: Gary MF Oak|Protect","|","|-heal|p2a: Gary MF Oak|291/394 psn|[from] item: Leftovers","|-damage|p2a: Gary MF Oak|242/394 psn|[from] psn","|turn|46","|","|move|p2a: Gary MF Oak|Wish|p2a: Gary MF Oak","|move|p1a: Dragalge|Draco Meteor|p2a: Gary MF Oak|[miss]","|-miss|p1a: Dragalge|p2a: Gary MF Oak","|","|-heal|p2a: Gary MF Oak|266/394 psn|[from] item: Leftovers","|-damage|p2a: Gary MF Oak|217/394 psn|[from] psn","|turn|47","|","|move|p2a: Gary MF Oak|Protect|p2a: Gary MF Oak","|-singleturn|p2a: Gary MF Oak|Protect","|move|p1a: Dragalge|Draco Meteor|p2a: Gary MF Oak","|-activate|p2a: Gary MF Oak|Protect","|","|-heal|p2a: Gary MF Oak|394/394 psn|[from] move: Wish|[wisher] Gary MF Oak","|-damage|p2a: Gary MF Oak|345/394 psn|[from] psn","|turn|48","|","|switch|p1a: Skuntank|Skuntank, M, shiny|216/410","|move|p2a: Gary MF Oak|Heal Bell|p2a: Gary MF Oak","|-cureteam|p2a: Gary MF Oak|[from] move: HealBell","|","|-heal|p1a: Skuntank|241/410|[from] item: Black Sludge","|-heal|p2a: Gary MF Oak|369/394|[from] item: Leftovers","|turn|49","|","|move|p2a: Gary MF Oak|Protect|p2a: Gary MF Oak","|-singleturn|p2a: Gary MF Oak|Protect","|move|p1a: Skuntank|Poison Jab|p2a: Gary MF Oak","|-activate|p2a: Gary MF Oak|Protect","|","|-heal|p1a: Skuntank|266/410|[from] item: Black Sludge","|-heal|p2a: Gary MF Oak|393/394|[from] item: Leftovers","|turn|50","|","|win|Knight♕Altair"],"p1rating":{"entryid":"117867","serverid":"eos","formatid":"monotype","userid":"adviserdooms","username":"Adviser♕Dooms","w":"6","l":10,"t":"0","gxe":40.7,"r":"1490.2739272723","rd":"84.782441648642","sigma":"0","rptime":"1440147600","rpr":1427.2620481522,"rprd":77.131183909884,"rpsigma":"0","acre":1023.6291449226,"lacre":1023.6291449226,"oldacre":"1038.7119185677"},"p2rating":{"entryid":"39559","serverid":"eos","formatid":"monotype","userid":"knightaltair","username":"Knight♕Altair","w":4,"l":"3","t":"0","gxe":52.5,"r":"1494.6170201287","rd":"99.278608634655","sigma":"0","rptime":"1440147600","rpr":1519.7660149222,"rprd":95.702612306642,"rpsigma":"0","acre":1084.9846806664,"lacre":1084.9846806664,"oldacre":"1054.6370020533"},"endType":"forfeit"}