{"seed":[52319,51941,40128,56658],"turns":30,"p1":"GTX♅Bzumzum","p2":"Guard Quilluminati","p1team":[{"name":"Elec","species":"manectric","item":"manectite","ability":"Lightning Rod","moves":["thunderbolt","hiddenpowerice","flamethrower","voltswitch"],"nature":"Timid","evs":{"hp":0,"atk":0,"def":0,"spa":252,"spd":4,"spe":252},"gender":"M","ivs":{"hp":31,"atk":30,"def":30,"spa":31,"spd":31,"spe":31}},{"name":"Breezer","species":"rotomfrost","item":"leftovers","ability":"Levitate","moves":["blizzard","painsplit","hiddenpowerfighting","willowisp"],"nature":"Bold","evs":{"hp":252,"atk":0,"def":28,"spa":228,"spd":0,"spe":0},"ivs":{"hp":31,"atk":31,"def":30,"spa":30,"spd":30,"spe":30},"shiny":true},{"name":"MY ZONE!!!","species":"magnezone","item":"choicespecs","ability":"Sturdy","moves":["hiddenpowerice","flashcannon","mirrorcoat","voltswitch"],"nature":"Timid","evs":{"hp":248,"atk":0,"def":0,"spa":252,"spd":0,"spe":8},"ivs":{"hp":31,"atk":30,"def":30,"spa":31,"spd":31,"spe":31},"shiny":true},{"name":"Thundurus","species":"Thundurus","item":"lifeorb","ability":"Prankster","moves":["grassknot","psychic","embargo","raindance"],"nature":"Timid","evs":{"hp":0,"atk":0,"def":4,"spa":252,"spd":0,"spe":252},"ivs":{"hp":31,"atk":30,"def":30,"spa":31,"spd":31,"spe":31},"shiny":true},{"name":"Zapz","species":"zapdos","item":"leftovers","ability":"Pressure","moves":["heatwave","roost","hiddenpowergrass","defog"],"nature":"Modest","evs":{"hp":252,"atk":0,"def":0,"spa":252,"spd":4,"spe":0},"ivs":{"hp":31,"atk":30,"def":31,"spa":30,"spd":31,"spe":31},"shiny":true},{"name":"Plugg-in Failure","species":"electivire","item":"choicescarf","ability":"Vital Spirit","moves":["thunderpunch","earthquake","icepunch","rockslide"],"nature":"Jolly","evs":{"hp":0,"atk":252,"def":0,"spa":0,"spd":4,"spe":252},"gender":"M","shiny":true,"ivs":{"hp":31,"atk":31,"def":31,"spa":31,"spd":31,"spe":31}}],"p2team":[{"name":"Aggron","species":"Aggron","item":"aggronite","ability":"Sturdy","moves":["heavyslam","curse","rest","sleeptalk"],"nature":"Impish","evs":{"hp":252,"atk":0,"def":16,"spa":0,"spd":240,"spe":0},"shiny":true,"ivs":{"hp":31,"atk":31,"def":31,"spa":31,"spd":31,"spe":31}},{"name":"Aerodactyl","species":"Aerodactyl","item":"focussash","ability":"Rock Head","moves":["aerialace","honeclaws","stoneedge","firefang"],"nature":"Jolly","evs":{"hp":0,"atk":252,"def":0,"spa":0,"spd":4,"spe":252},"ivs":{"hp":31,"atk":31,"def":31,"spa":31,"spd":31,"spe":31}},{"name":"Cradily","species":"Cradily","item":"rockyhelmet","ability":"Storm Drain","moves":["gigadrain","stockpile","recover","toxic"],"nature":"Calm","evs":{"hp":44,"atk":0,"def":216,"spa":48,"spd":140,"spe":60},"ivs":{"hp":31,"atk":31,"def":31,"spa":31,"spd":31,"spe":31}},{"name":"Tyranitar","species":"Tyranitar","item":"assaultvest","ability":"Sand Stream","moves":["fireblast","crunch","earthquake","stoneedge"],"nature":"Naughty","evs":{"hp":252,"atk":152,"def":0,"spa":104,"spd":0,"spe":0},"ivs":{"hp":31,"atk":31,"def":31,"spa":31,"spd":31,"spe":31}},{"name":"Terrakion","species":"Terrakion","item":"choicescarf","ability":"Justified","moves":["closecombat","earthquake","ironhead","stoneedge"],"nature":"Jolly","evs":{"hp":0,"atk":252,"def":0,"spa":0,"spd":4,"spe":252},"ivs":{"hp":31,"atk":31,"def":31,"spa":31,"spd":31,"spe":31}},{"name":"Omastar","species":"Omastar","item":"focussash","ability":"Shell Armor","moves":["shellsmash","icebeam","surf","earthpower"],"nature":"Modest","evs":{"hp":0,"atk":0,"def":0,"spa":252,"spd":4,"spe":252},"ivs":{"hp":31,"atk":31,"def":31,"spa":31,"spd":31,"spe":31}}],"log":["|player|p1|GTX♅Bzumzum|225","|player|p2|Guard Quilluminati|214","|gametype|singles","|gen|6","|tier|Monotype","|rated","|rule|Baton Pass Clause: Limit one Baton Passer, can't pass Spe and other stats simultaneously","|rule|Swagger Clause: Swagger is banned","|rule|Same Type Clause: Pokémon in a team must share a type","|clearpoke","|poke|p1|Manectric, M","|poke|p1|Rotom-Frost, shiny","|poke|p1|Magnezone, shiny","|poke|p1|Thundurus, M, shiny","|poke|p1|Zapdos, shiny","|poke|p1|Electivire, M, shiny","|poke|p2|Aggron, F, shiny","|poke|p2|Aerodactyl, M","|poke|p2|Cradily, M","|poke|p2|Tyranitar, F","|poke|p2|Terrakion","|poke|p2|Omastar, F","|rule|Sleep Clause Mod: Limit one foe put to sleep","|rule|Species Clause: Limit one of each Pokémon","|rule|OHKO Clause: OHKO moves are banned","|rule|Moody Clause: Moody is banned","|rule|Evasion Moves Clause: Evasion moves are banned","|rule|Endless Battle Clause: Forcing endless battles is banned","|rule|HP Percentage Mod: HP is shown in percentages","|teampreview","|","|start","|switch|p1a: Thundurus|Thundurus, M, shiny|299/299","|switch|p2a: Terrakion|Terrakion|323/323","|turn|1","|","|switch|p2a: Aggron|Aggron, F, shiny|344/344","|move|p1a: Thundurus|Psychic|p2a: Aggron","|-crit|p2a: Aggron","|-resisted|p2a: Aggron","|-damage|p2a: Aggron|232/344","|-unboost|p2a: Aggron|spd|1","|-damage|p1a: Thundurus|270/299|[from] item: Life Orb","|","|turn|2","|","|switch|p2a: Tyranitar|Tyranitar, F|404/404","|-weather|Sandstorm","|move|p1a: Thundurus|Grass Knot|p2a: Tyranitar","|-supereffective|p2a: Tyranitar","|-damage|p2a: Tyranitar|225/404","|-damage|p1a: Thundurus|241/299|[from] item: Life Orb","|","|-weather|Sandstorm|[upkeep]","|-damage|p1a: Thundurus|223/299|[from] sandstorm","|turn|3","|","|move|p1a: Thundurus|Rain Dance|p1a: Thundurus","|-weather|RainDance","|move|p2a: Tyranitar|Stone Edge|p1a: Thundurus|[miss]","|-miss|p2a: Tyranitar|p1a: Thundurus","|","|-weather|RainDance|[upkeep]","|turn|4","|","|switch|p2a: Cradily|Cradily, M|324/324","|move|p1a: Thundurus|Grass Knot|p2a: Cradily","|-damage|p2a: Cradily|232/324","|-damage|p1a: Thundurus|174/299|[from] item: Rocky Helmet|[of] p2a: Cradily","|-damage|p1a: Thundurus|145/299|[from] item: Life Orb","|","|-weather|RainDance|[upkeep]","|turn|5","|","|switch|p1a: Breezer|Rotom-Frost, shiny|304/304","|move|p2a: Cradily|Recover|p2a: Cradily","|-heal|p2a: Cradily|324/324","|","|-weather|RainDance|[upkeep]","|turn|6","|","|switch|p2a: Tyranitar|Tyranitar, F|225/404","|-weather|Sandstorm","|move|p1a: Breezer|Blizzard|p2a: Tyranitar","|-miss|p1a: Breezer|p2a: Tyranitar","|","|-weather|Sandstorm|[upkeep]","|-damage|p1a: Breezer|285/304|[from] sandstorm","|-heal|p1a: Breezer|304/304|[from] item: Leftovers","|turn|7","|","|move|p1a: Breezer|Hidden Power|p2a: Tyranitar","|-supereffective|p2a: Tyranitar","|-damage|p2a: Tyranitar|109/404","|move|p2a: Tyranitar|Stone Edge|p1a: Breezer","|-supereffective|p1a: Breezer","|-damage|p1a: Breezer|0 fnt","|faint|p1a: Breezer","|","|-weather|Sandstorm|[upkeep]","|","|switch|p1a: Elec|Manectric, M|281/281","|turn|8","|","|detailschange|p1a: Elec|Manectric-Mega, M","|-mega|p1a: Elec|Manectric|Manectite","|-ability|p1a: Elec|Intimidate","|-unboost|p2a: Tyranitar|atk|1","|move|p1a: Elec|Volt Switch|p2a: Tyranitar","|-damage|p2a: Tyranitar|46/404","|","|switch|p1a: Zapz|Zapdos, shiny|384/384","|-ability|p1a: Zapz|Pressure","|move|p2a: Tyranitar|Earthquake|p1a: Zapz","|-immune|p1a: Zapz|[msg]","|","|-weather|Sandstorm|[upkeep]","|-damage|p1a: Zapz|360/384|[from] sandstorm","|-heal|p1a: Zapz|384/384|[from] item: Leftovers","|turn|9","|","|switch|p2a: Cradily|Cradily, M|324/324","|move|p1a: Zapz|Hidden Power|p2a: Cradily","|-crit|p2a: Cradily","|-damage|p2a: Cradily|269/324","|","|-weather|Sandstorm|[upkeep]","|-damage|p1a: Zapz|360/384|[from] sandstorm","|-heal|p1a: Zapz|384/384|[from] item: Leftovers","|turn|10","|","|move|p1a: Zapz|Heat Wave|p2a: Cradily","|-damage|p2a: Cradily|206/324","|move|p2a: Cradily|Toxic|p1a: Zapz","|-status|p1a: Zapz|tox","|","|-weather|none","|-damage|p1a: Zapz|360/384 tox|[from] psn","|turn|11","|","|move|p1a: Zapz|Heat Wave|p2a: Cradily","|-damage|p2a: Cradily|113/324","|move|p2a: Cradily|Stockpile|p2a: Cradily","|-start|p2a: Cradily|stockpile1","|-boost|p2a: Cradily|def|1","|-boost|p2a: Cradily|spd|1","|","|-heal|p1a: Zapz|384/384 tox|[from] item: Leftovers","|-damage|p1a: Zapz|336/384 tox|[from] psn","|turn|12","|","|move|p1a: Zapz|Heat Wave|p2a: Cradily","|-damage|p2a: Cradily|52/324","|move|p2a: Cradily|Recover|p2a: Cradily","|-heal|p2a: Cradily|214/324","|","|-heal|p1a: Zapz|360/384 tox|[from] item: Leftovers","|-damage|p1a: Zapz|288/384 tox|[from] psn","|turn|13","|","|switch|p1a: Plugg-in Failure|Electivire, M, shiny|291/291","|move|p2a: Cradily|Stockpile|p2a: Cradily","|-start|p2a: Cradily|stockpile2","|-boost|p2a: Cradily|def|1","|-boost|p2a: Cradily|spd|1","|","|turn|14","|","|move|p1a: Plugg-in Failure|Ice Punch|p2a: Cradily","|-supereffective|p2a: Cradily","|-damage|p2a: Cradily|142/324","|-damage|p1a: Plugg-in Failure|243/291|[from] item: Rocky Helmet|[of] p2a: Cradily","|-status|p2a: Cradily|frz","|-curestatus|p2a: Cradily|frz","|move|p2a: Cradily|Toxic|p1a: Plugg-in Failure","|-status|p1a: Plugg-in Failure|tox","|","|-damage|p1a: Plugg-in Failure|225/291 tox|[from] psn","|turn|15","|","|move|p1a: Plugg-in Failure|Ice Punch|p2a: Cradily","|-supereffective|p2a: Cradily","|-damage|p2a: Cradily|66/324","|-damage|p1a: Plugg-in Failure|177/291 tox|[from] item: Rocky Helmet|[of] p2a: Cradily","|-status|p2a: Cradily|frz","|-curestatus|p2a: Cradily|frz","|move|p2a: Cradily|Giga Drain|p1a: Plugg-in Failure","|-damage|p1a: Plugg-in Failure|87/291 tox","|-heal|p2a: Cradily|111/324|[from] drain|[of] p1a: Plugg-in Failure","|","|-damage|p1a: Plugg-in Failure|51/291 tox|[from] psn","|turn|16","|","|move|p1a: Plugg-in Failure|Ice Punch|p2a: Cradily","|-supereffective|p2a: Cradily","|-damage|p2a: Cradily|43/324","|-damage|p1a: Plugg-in Failure|3/291 tox|[from] item: Rocky Helmet|[of] p2a: Cradily","|move|p2a: Cradily|Recover|p2a: Cradily","|-heal|p2a: Cradily|205/324","|","|-damage|p1a: Plugg-in Failure|0 fnt|[from] psn","|faint|p1a: Plugg-in Failure","|","|switch|p1a: Elec|Manectric-Mega, M|281/281","|-ability|p1a: Elec|Intimidate","|-unboost|p2a: Cradily|atk|1","|turn|17","|","|move|p1a: Elec|Thunderbolt|p2a: Cradily","|-resisted|p2a: Cradily","|-damage|p2a: Cradily|172/324","|-status|p2a: Cradily|par","|move|p2a: Cradily|Toxic|p1a: Elec|[miss]","|-miss|p2a: Cradily|p1a: Elec","|","|turn|18","|","|switch|p1a: MY ZONE!!!|Magnezone, shiny|343/343","|move|p2a: Cradily|Toxic|p1a: MY ZONE!!!","|-immune|p1a: MY ZONE!!!|[msg]","|","|turn|19","|","|move|p1a: MY ZONE!!!|Flash Cannon|p2a: Cradily","|-supereffective|p2a: Cradily","|-damage|p2a: Cradily|16/324 par","|move|p2a: Cradily|Recover|p2a: Cradily","|-heal|p2a: Cradily|178/324 par","|","|turn|20","|","|move|p1a: MY ZONE!!!|Flash Cannon|p2a: Cradily","|-supereffective|p2a: Cradily","|-damage|p2a: Cradily|8/324 par","|move|p2a: Cradily|Giga Drain|p1a: MY ZONE!!!","|-resisted|p1a: MY ZONE!!!","|-damage|p1a: MY ZONE!!!|301/343","|-heal|p2a: Cradily|29/324 par|[from] drain|[of] p1a: MY ZONE!!!","|","|turn|21","|","|move|p1a: MY ZONE!!!|Flash Cannon|p2a: Cradily","|-supereffective|p2a: Cradily","|-damage|p2a: Cradily|0 fnt","|faint|p2a: Cradily","|","|","|switch|p2a: Terrakion|Terrakion|323/323","|turn|22","|","|switch|p1a: Zapz|Zapdos, shiny|288/384 tox","|-ability|p1a: Zapz|Pressure","|move|p2a: Terrakion|Close Combat|p1a: Zapz","|-resisted|p1a: Zapz","|-damage|p1a: Zapz|171/384 tox","|-unboost|p2a: Terrakion|def|1","|-unboost|p2a: Terrakion|spd|1","|","|-heal|p1a: Zapz|195/384 tox|[from] item: Leftovers","|-damage|p1a: Zapz|171/384 tox|[from] psn","|turn|23","|","|switch|p2a: Tyranitar|Tyranitar, F|46/404","|-weather|Sandstorm","|move|p1a: Zapz|Roost|p1a: Zapz","|-heal|p1a: Zapz|363/384 tox","|","|-weather|Sandstorm|[upkeep]","|-damage|p1a: Zapz|339/384 tox|[from] sandstorm","|-heal|p1a: Zapz|363/384 tox|[from] item: Leftovers","|-damage|p1a: Zapz|315/384 tox|[from] psn","|turn|24","|","|move|p1a: Zapz|Hidden Power|p2a: Tyranitar","|-supereffective|p2a: Tyranitar","|-damage|p2a: Tyranitar|0 fnt","|faint|p2a: Tyranitar","|","|-weather|Sandstorm|[upkeep]","|-damage|p1a: Zapz|291/384 tox|[from] sandstorm","|-heal|p1a: Zapz|315/384 tox|[from] item: Leftovers","|-damage|p1a: Zapz|243/384 tox|[from] psn","|","|switch|p2a: Omastar|Omastar, F|281/281","|turn|25","|","|move|p1a: Zapz|Hidden Power|p2a: Omastar","|-supereffective|p2a: Omastar","|-enditem|p2a: Omastar|Focus Sash","|-damage|p2a: Omastar|1/281","|move|p2a: Omastar|Shell Smash|p2a: Omastar","|-unboost|p2a: Omastar|def|1","|-unboost|p2a: Omastar|spd|1","|-boost|p2a: Omastar|atk|2","|-boost|p2a: Omastar|spa|2","|-boost|p2a: Omastar|spe|2","|","|-weather|Sandstorm|[upkeep]","|-damage|p1a: Zapz|219/384 tox|[from] sandstorm","|-heal|p1a: Zapz|243/384 tox|[from] item: Leftovers","|-damage|p1a: Zapz|147/384 tox|[from] psn","|turn|26","|","|move|p2a: Omastar|Ice Beam|p1a: Zapz","|-supereffective|p1a: Zapz","|-damage|p1a: Zapz|0 fnt","|faint|p1a: Zapz","|","|-weather|Sandstorm|[upkeep]","|","|switch|p1a: MY ZONE!!!|Magnezone, shiny|301/343","|turn|27","|","|move|p2a: Omastar|Earth Power|p1a: MY ZONE!!!","|-supereffective|p1a: MY ZONE!!!","|-damage|p1a: MY ZONE!!!|0 fnt","|faint|p1a: MY ZONE!!!","|","|-weather|none","|","|switch|p1a: Elec|Manectric-Mega, M|281/281","|-ability|p1a: Elec|Intimidate","|-unboost|p2a: Omastar|atk|1","|turn|28","|","|switch|p1a: Thundurus|Thundurus, M, shiny|145/299","|move|p2a: Omastar|Earth Power|p1a: Thundurus","|-immune|p1a: Thundurus|[msg]","|","|turn|29","|","|move|p2a: Omastar|Surf|p1a: Thundurus","|-damage|p1a: Thundurus|0 fnt","|faint|p1a: Thundurus","|","|","|switch|p1a: Elec|Manectric-Mega, M|281/281","|-ability|p1a: Elec|Intimidate","|-unboost|p2a: Omastar|atk|1","|turn|30","|","|move|p2a: Omastar|Earth Power|p1a: Elec","|-supereffective|p1a: Elec","|-damage|p1a: Elec|0 fnt","|faint|p1a: Elec","|","|win|Guard Quilluminati"],"p1rating":{"entryid":"1463","serverid":"eos","formatid":"monotype","userid":"gtxbzumzum","username":"GTX♅Bzumzum","w":"8","l":20,"t":"0","gxe":33.1,"r":"1335.5317534789","rd":"74.142752899514","sigma":"0","rptime":"1440147600","rpr":1365.2186284091,"rprd":64.860978292387,"rpsigma":"0","acre":1068.5279082319,"lacre":1068.5279082319,"oldacre":"1098.0302603315"},"p2rating":{"entryid":"265729","serverid":"eos","formatid":"monotype","userid":"guardquilluminati","username":"Guard Quilluminati","w":3,"l":"5","t":"0","gxe":47.5,"r":"1500","rd":"130","sigma":"0","rptime":"1440147600","rpr":1480.1666315858,"rprd":93.501075648001,"rpsigma":"0","acre":1072.1378858642,"lacre":1072.1378858642,"oldacre":"1029.6875391025"},"endType":"normal"}