{"seed":[56493,47134,21221,7963],"turns":35,"p1":"Shining Yin","p2":"SWL ROCK","p1team":[{"name":"Chansey","species":"Chansey","item":"eviolite","ability":"Natural Cure","moves":["thunderwave","softboiled","seismictoss","stealthrock"],"nature":"Bold","evs":{"hp":0,"atk":0,"def":252,"spa":0,"spd":252,"spe":4},"ivs":{"hp":31,"atk":0,"def":31,"spa":31,"spd":31,"spe":31}},{"name":"Porygon2","species":"Porygon2","item":"eviolite","ability":"Trace","moves":["icebeam","discharge","recover","thunderwave"],"nature":"Calm","evs":{"hp":248,"atk":0,"def":204,"spa":0,"spd":56,"spe":0},"ivs":{"hp":31,"atk":0,"def":31,"spa":31,"spd":31,"spe":31}},{"name":"Pidgeot","species":"Pidgeot","item":"pidgeotite","ability":"Keen Eye","moves":["hurricane","heatwave","defog","roost"],"nature":"Timid","evs":{"hp":0,"atk":0,"def":0,"spa":252,"spd":4,"spe":252},"ivs":{"hp":31,"atk":0,"def":31,"spa":31,"spd":31,"spe":31}},{"name":"Staraptor","species":"Staraptor","item":"choicescarf","ability":"Reckless","moves":["bravebird","uturn","doubleedge","closecombat"],"nature":"Jolly","evs":{"hp":0,"atk":252,"def":0,"spa":0,"spd":4,"spe":252},"ivs":{"hp":31,"atk":31,"def":31,"spa":31,"spd":31,"spe":31}},{"name":"Diggersby","species":"Diggersby","item":"choiceband","ability":"Huge Power","moves":["return","earthquake","knockoff","quickattack"],"nature":"Jolly","evs":{"hp":0,"atk":252,"def":0,"spa":0,"spd":4,"spe":252},"ivs":{"hp":31,"atk":31,"def":31,"spa":31,"spd":31,"spe":31}},{"name":"Heliolisk","species":"Heliolisk","item":"lifeorb","ability":"Dry Skin","moves":["grassknot","voltswitch","surf","focusblast"],"nature":"Timid","evs":{"hp":0,"atk":0,"def":0,"spa":252,"spd":4,"spe":252},"ivs":{"hp":31,"atk":31,"def":31,"spa":31,"spd":31,"spe":31}}],"p2team":[{"name":"Rotom-Wash","species":"Rotom-Wash","item":"leftovers","ability":"Levitate","moves":["hydropump","voltswitch","painsplit","willowisp"],"nature":"Calm","evs":{"hp":252,"atk":0,"def":0,"spa":4,"spd":252,"spe":0},"ivs":{"hp":31,"atk":31,"def":31,"spa":31,"spd":31,"spe":31}},{"name":"Magnezone","species":"Magnezone","item":"choicescarf","ability":"Magnet Pull","moves":["voltswitch","hiddenpowerfire","flashcannon","thunderbolt"],"nature":"Timid","evs":{"hp":4,"atk":0,"def":0,"spa":252,"spd":0,"spe":252},"ivs":{"hp":31,"atk":30,"def":31,"spa":30,"spd":31,"spe":30}},{"name":"Zapdos","species":"Zapdos","item":"leftovers","ability":"Pressure","moves":["voltswitch","roost","defog","toxic"],"nature":"Bold","evs":{"hp":248,"atk":0,"def":176,"spa":68,"spd":0,"spe":16},"ivs":{"hp":31,"atk":31,"def":31,"spa":31,"spd":31,"spe":31}},{"name":"Thundurus","species":"Thundurus","item":"lifeorb","ability":"Prankster","moves":["voltswitch","knockoff","thunderwave","taunt"],"nature":"Naive","evs":{"hp":0,"atk":76,"def":0,"spa":180,"spd":0,"spe":252},"ivs":{"hp":31,"atk":30,"def":30,"spa":31,"spd":31,"spe":31}},{"name":"Ampharos","species":"Ampharos","item":"ampharosite","ability":"Static","moves":["discharge","dragonpulse","rest","cottonguard"],"nature":"Calm","evs":{"hp":250,"atk":0,"def":0,"spa":28,"spd":232,"spe":0},"ivs":{"hp":31,"atk":31,"def":31,"spa":31,"spd":31,"spe":31}},{"name":"Luxray","species":"Luxray","item":"choiceband","ability":"Guts","moves":["wildcharge","superpower","crunch","facade"],"nature":"Adamant","evs":{"hp":0,"atk":252,"def":0,"spa":0,"spd":4,"spe":252},"ivs":{"hp":31,"atk":31,"def":31,"spa":31,"spd":31,"spe":31}}],"log":["|player|p1|Shining Yin|277","|player|p2|SWL ROCK|wardenrock.png","|gametype|singles","|gen|6","|tier|Monotype","|rated","|rule|Baton Pass Clause: Limit one Baton Passer, can't pass Spe and other stats simultaneously","|rule|Swagger Clause: Swagger is banned","|rule|Same Type Clause: Pokémon in a team must share a type","|clearpoke","|poke|p1|Chansey, F","|poke|p1|Porygon2","|poke|p1|Pidgeot, M","|poke|p1|Staraptor, F","|poke|p1|Diggersby, F","|poke|p1|Heliolisk, F","|poke|p2|Rotom-Wash","|poke|p2|Magnezone","|poke|p2|Zapdos","|poke|p2|Thundurus, M","|poke|p2|Ampharos, M","|poke|p2|Luxray, F","|rule|Sleep Clause Mod: Limit one foe put to sleep","|rule|Species Clause: Limit one of each Pokémon","|rule|OHKO Clause: OHKO moves are banned","|rule|Moody Clause: Moody is banned","|rule|Evasion Moves Clause: Evasion moves are banned","|rule|Endless Battle Clause: Forcing endless battles is banned","|rule|HP Percentage Mod: HP is shown in percentages","|teampreview","|","|start","|switch|p1a: Chansey|Chansey, F|641/641","|switch|p2a: Rotom-Wash|Rotom-Wash|304/304","|turn|1","|","|move|p2a: Rotom-Wash|Volt Switch|p1a: Chansey","|-damage|p1a: Chansey|593/641","|","|switch|p2a: Luxray|Luxray, F|301/301","|move|p1a: Chansey|Stealth Rock|p2a: Luxray","|-sidestart|p2: SWL ROCK|move: Stealth Rock","|","|turn|2","|","|switch|p1a: Heliolisk|Heliolisk, F|265/265","|move|p2a: Luxray|Superpower|p1a: Heliolisk","|-supereffective|p1a: Heliolisk","|-damage|p1a: Heliolisk|0 fnt","|-unboost|p2a: Luxray|atk|1","|-unboost|p2a: Luxray|def|1","|faint|p1a: Heliolisk","|","|","|switch|p1a: Diggersby|Diggersby, F|311/311","|turn|3","|","|switch|p2a: Magnezone|Magnezone|282/282","|-damage|p2a: Magnezone|265/282|[from] Stealth Rock","|move|p1a: Diggersby|Return|p2a: Magnezone","|-resisted|p2a: Magnezone","|-damage|p2a: Magnezone|124/282","|","|turn|4","|","|switch|p1a: Chansey|Chansey, F|593/641","|move|p2a: Magnezone|Flash Cannon|p1a: Chansey","|-damage|p1a: Chansey|515/641","|","|turn|5","|","|switch|p2a: Zapdos|Zapdos|383/383","|-damage|p2a: Zapdos|288/383|[from] Stealth Rock","|-ability|p2a: Zapdos|Pressure","|switch|p1a: Staraptor|Staraptor, F|311/311","|","|-heal|p2a: Zapdos|311/383|[from] item: Leftovers","|turn|6","|","|move|p1a: Staraptor|U-turn|p2a: Zapdos","|-resisted|p2a: Zapdos","|-damage|p2a: Zapdos|276/383","|","|switch|p1a: Porygon2|Porygon2|373/373","|-ability|p1a: Porygon2|Pressure|[from] ability: Trace|[of] p2a: Zapdos","|-ability|p1a: Porygon2|Pressure","|move|p2a: Zapdos|Toxic|p1a: Porygon2","|-status|p1a: Porygon2|tox","|","|-heal|p2a: Zapdos|299/383|[from] item: Leftovers","|-damage|p1a: Porygon2|350/373 tox|[from] psn","|turn|7","|","|move|p2a: Zapdos|Defog|p1a: Porygon2","|-unboost|p1a: Porygon2|evasion|1","|-sideend|p2: SWL ROCK|Stealth Rock|[from] move: Defog|[of] p2a: Zapdos","|move|p1a: Porygon2|Ice Beam|p2a: Zapdos","|-crit|p2a: Zapdos","|-supereffective|p2a: Zapdos","|-damage|p2a: Zapdos|43/383","|","|-heal|p2a: Zapdos|66/383|[from] item: Leftovers","|-damage|p1a: Porygon2|304/373 tox|[from] psn","|turn|8","|","|switch|p1a: Diggersby|Diggersby, F|311/311","|move|p2a: Zapdos|Roost|p2a: Zapdos","|-heal|p2a: Zapdos|258/383","|","|-heal|p2a: Zapdos|281/383|[from] item: Leftovers","|turn|9","|","|move|p1a: Diggersby|Return|p2a: Zapdos","|-damage|p2a: Zapdos|10/383","|move|p2a: Zapdos|Roost|p2a: Zapdos","|-heal|p2a: Zapdos|202/383","|","|-heal|p2a: Zapdos|225/383|[from] item: Leftovers","|turn|10","|","|move|p1a: Diggersby|Return|p2a: Zapdos","|-damage|p2a: Zapdos|0 fnt","|faint|p2a: Zapdos","|","|","|switch|p2a: Rotom-Wash|Rotom-Wash|304/304","|turn|11","|","|switch|p1a: Chansey|Chansey, F|515/641","|move|p2a: Rotom-Wash|Will-O-Wisp|p1a: Chansey","|-status|p1a: Chansey|brn","|","|-damage|p1a: Chansey|435/641 brn|[from] brn","|turn|12","|","|move|p2a: Rotom-Wash|Volt Switch|p1a: Chansey","|-damage|p1a: Chansey|389/641 brn","|","|switch|p2a: Ampharos|Ampharos, M|383/383","|move|p1a: Chansey|Stealth Rock|p2a: Ampharos","|-sidestart|p2: SWL ROCK|move: Stealth Rock","|","|-damage|p1a: Chansey|309/641 brn|[from] brn","|turn|13","|","|switch|p1a: Porygon2|Porygon2|304/373 tox","|-ability|p1a: Porygon2|Static|[from] ability: Trace|[of] p2a: Ampharos","|detailschange|p2a: Ampharos|Ampharos-Mega, M","|-mega|p2a: Ampharos|Ampharos|Ampharosite","|-ability|p2a: Ampharos|Mold Breaker","|move|p2a: Ampharos|Cotton Guard|p2a: Ampharos","|-boost|p2a: Ampharos|def|3","|","|-damage|p1a: Porygon2|281/373 tox|[from] psn","|turn|14","|","|move|p1a: Porygon2|Ice Beam|p2a: Ampharos","|-supereffective|p2a: Ampharos","|-damage|p2a: Ampharos|285/383","|move|p2a: Ampharos|Cotton Guard|p2a: Ampharos","|-boost|p2a: Ampharos|def|3","|","|-damage|p1a: Porygon2|235/373 tox|[from] psn","|turn|15","|","|move|p1a: Porygon2|Ice Beam|p2a: Ampharos","|-supereffective|p2a: Ampharos","|-damage|p2a: Ampharos|179/383","|move|p2a: Ampharos|Discharge|p1a: Porygon2","|-damage|p1a: Porygon2|141/373 tox","|","|-damage|p1a: Porygon2|72/373 tox|[from] psn","|turn|16","|","|move|p1a: Porygon2|Ice Beam|p2a: Ampharos","|-supereffective|p2a: Ampharos","|-damage|p2a: Ampharos|79/383","|move|p2a: Ampharos|Rest|p2a: Ampharos","|-status|p2a: Ampharos|slp","|-heal|p2a: Ampharos|383/383 slp|[silent]","|-status|p2a: Ampharos|slp|[from] move: Rest","|","|-damage|p1a: Porygon2|0 fnt|[from] psn","|faint|p1a: Porygon2","|","|switch|p1a: Diggersby|Diggersby, F|311/311","|turn|17","|","|move|p1a: Diggersby|Earthquake|p2a: Ampharos","|-supereffective|p2a: Ampharos","|-damage|p2a: Ampharos|219/383 slp","|cant|p2a: Ampharos|slp","|","|turn|18","|","|switch|p2a: Thundurus|Thundurus, M|299/299","|-damage|p2a: Thundurus|225/299|[from] Stealth Rock","|move|p1a: Diggersby|Earthquake|p2a: Thundurus","|-immune|p2a: Thundurus|[msg]","|","|turn|19","|","|switch|p1a: Chansey|Chansey, F|309/641","|move|p2a: Thundurus|Knock Off|p1a: Chansey","|-damage|p1a: Chansey|141/641","|-enditem|p1a: Chansey|Eviolite|[from] move: Knock Off|[of] p2a: Thundurus","|-damage|p2a: Thundurus|196/299|[from] item: Life Orb","|","|turn|20","|","|move|p2a: Thundurus|Volt Switch|p1a: Chansey","|-damage|p1a: Chansey|32/641","|-damage|p2a: Thundurus|167/299|[from] item: Life Orb","|","|switch|p2a: Luxray|Luxray, F|301/301","|-damage|p2a: Luxray|264/301|[from] Stealth Rock","|move|p1a: Chansey|Soft-Boiled|p1a: Chansey","|-heal|p1a: Chansey|353/641","|","|turn|21","|","|move|p2a: Luxray|Superpower|p1a: Chansey","|-supereffective|p1a: Chansey","|-damage|p1a: Chansey|0 fnt","|-unboost|p2a: Luxray|atk|1","|-unboost|p2a: Luxray|def|1","|faint|p1a: Chansey","|","|","|switch|p1a: Diggersby|Diggersby, F|311/311","|turn|22","|","|switch|p2a: Rotom-Wash|Rotom-Wash|304/304","|-damage|p2a: Rotom-Wash|266/304|[from] Stealth Rock","|move|p1a: Diggersby|Quick Attack|p2a: Rotom-Wash","|-damage|p2a: Rotom-Wash|140/304","|","|-heal|p2a: Rotom-Wash|159/304|[from] item: Leftovers","|turn|23","|","|switch|p1a: Pidgeot|Pidgeot, M|307/307","|move|p2a: Rotom-Wash|Pain Split|p1a: Pidgeot","|-sethp|p1a: Pidgeot|233/307|p2a: Rotom-Wash|233/304|[from] move: Pain Split","|","|-heal|p2a: Rotom-Wash|252/304|[from] item: Leftovers","|turn|24","|","|detailschange|p1a: Pidgeot|Pidgeot-Mega, M","|-mega|p1a: Pidgeot|Pidgeot|Pidgeotite","|move|p1a: Pidgeot|Hurricane|p2a: Rotom-Wash","|-resisted|p2a: Rotom-Wash","|-damage|p2a: Rotom-Wash|186/304","|-start|p2a: Rotom-Wash|confusion","|-activate|p2a: Rotom-Wash|confusion","|-damage|p2a: Rotom-Wash|165/304|[from] confusion","|","|-heal|p2a: Rotom-Wash|184/304|[from] item: Leftovers","|turn|25","|","|switch|p1a: Diggersby|Diggersby, F|311/311","|-activate|p2a: Rotom-Wash|confusion","|-damage|p2a: Rotom-Wash|166/304|[from] confusion","|","|-heal|p2a: Rotom-Wash|185/304|[from] item: Leftovers","|turn|26","|","|move|p1a: Diggersby|Return|p2a: Rotom-Wash","|-crit|p2a: Rotom-Wash","|-damage|p2a: Rotom-Wash|0 fnt","|faint|p2a: Rotom-Wash","|","|","|switch|p2a: Thundurus|Thundurus, M|167/299","|-damage|p2a: Thundurus|93/299|[from] Stealth Rock","|turn|27","|","|switch|p1a: Pidgeot|Pidgeot-Mega, M|233/307","|move|p2a: Thundurus|Knock Off|p1a: Pidgeot","|-damage|p1a: Pidgeot|134/307","|-damage|p2a: Thundurus|64/299|[from] item: Life Orb","|","|turn|28","|","|move|p2a: Thundurus|Thunder Wave|p1a: Pidgeot","|-status|p1a: Pidgeot|par","|move|p1a: Pidgeot|Hurricane|p2a: Thundurus","|-resisted|p2a: Thundurus","|-damage|p2a: Thundurus|0 fnt","|faint|p2a: Thundurus","|","|","|switch|p2a: Magnezone|Magnezone|124/282","|-damage|p2a: Magnezone|107/282|[from] Stealth Rock","|turn|29","|","|move|p2a: Magnezone|Flash Cannon|p1a: Pidgeot","|-damage|p1a: Pidgeot|0 fnt","|faint|p1a: Pidgeot","|","|","|switch|p1a: Staraptor|Staraptor, F|311/311","|turn|30","|","|switch|p2a: Ampharos|Ampharos-Mega, M|219/383 slp","|-damage|p2a: Ampharos|172/383 slp|[from] Stealth Rock","|-ability|p2a: Ampharos|Mold Breaker","|move|p1a: Staraptor|Close Combat|p2a: Ampharos","|-damage|p2a: Ampharos|46/383 slp","|-unboost|p1a: Staraptor|def|1","|-unboost|p1a: Staraptor|spd|1","|","|turn|31","|","|switch|p1a: Diggersby|Diggersby, F|311/311","|cant|p2a: Ampharos|slp","|","|turn|32","|","|move|p1a: Diggersby|Quick Attack|p2a: Ampharos","|-damage|p2a: Ampharos|0 fnt","|faint|p2a: Ampharos","|","|","|switch|p2a: Luxray|Luxray, F|264/301","|-damage|p2a: Luxray|227/301|[from] Stealth Rock","|turn|33","|","|switch|p1a: Staraptor|Staraptor, F|311/311","|move|p2a: Luxray|Superpower|p1a: Staraptor","|-damage|p1a: Staraptor|7/311","|-unboost|p2a: Luxray|atk|1","|-unboost|p2a: Luxray|def|1","|","|turn|34","|","|move|p1a: Staraptor|Close Combat|p2a: Luxray","|-damage|p2a: Luxray|0 fnt","|-unboost|p1a: Staraptor|def|1","|-unboost|p1a: Staraptor|spd|1","|faint|p2a: Luxray","|","|","|switch|p2a: Magnezone|Magnezone|107/282","|-damage|p2a: Magnezone|90/282|[from] Stealth Rock","|turn|35","|","|move|p1a: Staraptor|Close Combat|p2a: Magnezone","|-supereffective|p2a: Magnezone","|-damage|p2a: Magnezone|0 fnt","|-unboost|p1a: Staraptor|def|1","|-unboost|p1a: Staraptor|spd|1","|faint|p2a: Magnezone","|","|win|Shining Yin"],"p1rating":{"entryid":"71235","serverid":"eos","formatid":"monotype","userid":"shiningyin","username":"Shining Yin","w":40,"l":"18","t":"0","gxe":65.6,"r":"1622.5575309041","rd":"55.410702091367","sigma":"0","rptime":"1440147600","rpr":1622.2882125806,"rprd":47.88602442817,"rpsigma":"0","acre":1220.118552406,"lacre":1220.118552406,"oldacre":"1208.5492938126"},"p2rating":{"entryid":"264356","serverid":"eos","formatid":"monotype","userid":"swlrock","username":"SWL ROCK","w":"0","l":2,"t":"0","gxe":41.1,"r":"1500","rd":"130","sigma":"0","rptime":"1440147600","rpr":1428.6633606743,"rprd":116.54265483312,"rpsigma":"0","acre":1000,"lacre":1000,"oldacre":"1000"},"endType":"normal"}