{"seed":[61328,51702,769,41649],"turns":24,"p1":"loatist","p2":"Adviser♕Dooms","p1team":[{"name":"Vanilla","species":"audino","item":"audinite","ability":"Regenerator","moves":["healbell","wish","calmmind","drainingkiss"],"nature":"Modest","evs":{"hp":252,"atk":0,"def":252,"spa":4,"spd":0,"spe":0},"gender":"F","shiny":true,"ivs":{"hp":31,"atk":31,"def":31,"spa":31,"spd":31,"spe":31}},{"name":"Ziggy","species":"kecleon","item":"lumberry","ability":"Protean","moves":["drainpunch","suckerpunch","skillswap","irontail"],"nature":"Adamant","evs":{"hp":4,"atk":252,"def":252,"spa":0,"spd":0,"spe":0},"gender":"F","shiny":true,"ivs":{"hp":31,"atk":31,"def":31,"spa":31,"spd":31,"spe":31}},{"name":"Emo bangs","species":"staraptor","item":"choiceband","ability":"Reckless","moves":["bravebird","steelwing","doubleedge","whirlwind"],"nature":"Adamant","evs":{"hp":4,"atk":252,"def":0,"spa":0,"spd":0,"spe":252},"gender":"M","shiny":true,"ivs":{"hp":31,"atk":31,"def":31,"spa":31,"spd":31,"spe":31}},{"name":"Hannah Montana","species":"meloetta","item":"lifeorb","ability":"Serene Grace","moves":["relicsong","lowkick","shadowball","psychic"],"nature":"Mild","evs":{"hp":252,"atk":84,"def":0,"spa":172,"spd":0,"spe":0},"ivs":{"hp":31,"atk":31,"def":31,"spa":31,"spd":31,"spe":31}},{"name":"Jezebel","species":"pyroar","item":"metronome","ability":"Unnerve","moves":["willowisp","echoedvoice","flamethrower","attract"],"nature":"Modest","evs":{"hp":4,"atk":0,"def":0,"spa":252,"spd":0,"spe":252},"gender":"F","shiny":true,"ivs":{"hp":31,"atk":31,"def":31,"spa":31,"spd":31,"spe":31}},{"name":"GEICO Gecko","species":"heliolisk","item":"bigroot","ability":"Dry Skin","moves":["raindance","voltswitch","surf","paraboliccharge"],"nature":"Timid","evs":{"hp":4,"atk":0,"def":0,"spa":252,"spd":0,"spe":252},"gender":"M","ivs":{"hp":31,"atk":31,"def":31,"spa":31,"spd":31,"spe":31}}],"p2team":[{"name":"Medicham","species":"Medicham","item":"medichamite","ability":"Pure Power","moves":["highjumpkick","fakeout","bulletpunch","icepunch"],"nature":"Jolly","evs":{"hp":0,"atk":252,"def":4,"spa":0,"spd":0,"spe":252},"gender":"M","shiny":true,"ivs":{"hp":31,"atk":31,"def":31,"spa":31,"spd":31,"spe":31}},{"name":"Espeon","species":"Espeon","item":"choicespecs","ability":"Magic Bounce","moves":["dazzlinggleam","psyshock","grassknot","shadowball"],"nature":"Timid","evs":{"hp":0,"atk":0,"def":4,"spa":252,"spd":0,"spe":252},"gender":"M","ivs":{"hp":31,"atk":0,"def":31,"spa":31,"spd":31,"spe":31},"shiny":true},{"name":"Slowbro","species":"Slowbro","item":"leftovers","ability":"Regenerator","moves":["scald","toxic","slackoff","icebeam"],"nature":"Bold","evs":{"hp":248,"atk":0,"def":252,"spa":0,"spd":8,"spe":0},"gender":"M","ivs":{"hp":31,"atk":0,"def":31,"spa":31,"spd":31,"spe":31},"shiny":true},{"name":"Victini","species":"Victini","item":"choicescarf","ability":"Victory Star","moves":["vcreate","uturn","boltstrike","zenheadbutt"],"nature":"Jolly","evs":{"hp":0,"atk":252,"def":4,"spa":0,"spd":0,"spe":252},"ivs":{"hp":31,"atk":31,"def":31,"spa":31,"spd":31,"spe":31}},{"name":"Meloetta","species":"Meloetta","item":"assaultvest","ability":"Serene Grace","moves":["thunderbolt","shadowball","psyshock","dazzlinggleam"],"nature":"Modest","evs":{"hp":248,"atk":0,"def":0,"spa":252,"spd":8,"spe":0},"ivs":{"hp":31,"atk":0,"def":31,"spa":31,"spd":31,"spe":31}},{"name":"Mew","species":"Mew","item":"leftovers","ability":"Synchronize","moves":["willowisp","taunt","softboiled","stealthrock"],"nature":"Calm","evs":{"hp":248,"atk":0,"def":8,"spa":0,"spd":252,"spe":0},"ivs":{"hp":31,"atk":0,"def":31,"spa":31,"spd":31,"spe":31},"shiny":true}],"log":["|player|p1|loatist|277","|player|p2|Adviser♕Dooms|154","|gametype|singles","|gen|6","|tier|Monotype","|rated","|rule|Baton Pass Clause: Limit one Baton Passer, can't pass Spe and other stats simultaneously","|rule|Swagger Clause: Swagger is banned","|rule|Same Type Clause: Pokémon in a team must share a type","|clearpoke","|poke|p1|Audino, F, shiny","|poke|p1|Kecleon, F, shiny","|poke|p1|Staraptor, M, shiny","|poke|p1|Meloetta","|poke|p1|Pyroar, F, shiny","|poke|p1|Heliolisk, M","|poke|p2|Medicham, M, shiny","|poke|p2|Espeon, M, shiny","|poke|p2|Slowbro, M, shiny","|poke|p2|Victini","|poke|p2|Meloetta","|poke|p2|Mew, shiny","|rule|Sleep Clause Mod: Limit one foe put to sleep","|rule|Species Clause: Limit one of each Pokémon","|rule|OHKO Clause: OHKO moves are banned","|rule|Moody Clause: Moody is banned","|rule|Evasion Moves Clause: Evasion moves are banned","|rule|Endless Battle Clause: Forcing endless battles is banned","|rule|HP Percentage Mod: HP is shown in percentages","|teampreview","|","|start","|switch|p1a: Hannah Montana|Meloetta|404/404","|switch|p2a: Espeon|Espeon, M, shiny|271/271","|turn|1","|","|switch|p2a: Meloetta|Meloetta|403/403","|move|p1a: Hannah Montana|Shadow Ball|p2a: Meloetta","|-immune|p2a: Meloetta|[msg]","|","|turn|2","|","|move|p2a: Meloetta|Psyshock|p1a: Hannah Montana","|-resisted|p1a: Hannah Montana","|-damage|p1a: Hannah Montana|288/404","|move|p1a: Hannah Montana|Psychic|p2a: Meloetta","|-resisted|p2a: Meloetta","|-damage|p2a: Meloetta|343/403","|-damage|p1a: Hannah Montana|248/404|[from] item: Life Orb","|","|turn|3","|","|move|p2a: Meloetta|Psyshock|p1a: Hannah Montana","|-resisted|p1a: Hannah Montana","|-damage|p1a: Hannah Montana|137/404","|move|p1a: Hannah Montana|Relic Song|p2a: Meloetta","|-damage|p2a: Meloetta|252/403","|-formechange|p1a: Hannah Montana|Meloetta-Pirouette|[msg]","|-damage|p1a: Hannah Montana|97/404|[from] item: Life Orb","|","|turn|4","|","|switch|p2a: Slowbro|Slowbro, M, shiny|393/393","|move|p1a: Hannah Montana|Relic Song|p2a: Slowbro","|-damage|p2a: Slowbro|245/393","|-formechange|p1a: Hannah Montana|Meloetta|[msg]","|-damage|p1a: Hannah Montana|57/404|[from] item: Life Orb","|","|-heal|p2a: Slowbro|269/393|[from] item: Leftovers","|turn|5","|","|switch|p2a: Meloetta|Meloetta|252/403","|move|p1a: Hannah Montana|Shadow Ball|p2a: Meloetta","|-immune|p2a: Meloetta|[msg]","|","|turn|6","|","|move|p1a: Hannah Montana|Relic Song|p2a: Meloetta","|-damage|p2a: Meloetta|157/403","|-damage|p1a: Hannah Montana|17/404|[from] item: Life Orb","|-formechange|p1a: Hannah Montana|Meloetta-Pirouette|[msg]","|move|p2a: Meloetta|Psyshock|p1a: Hannah Montana","|-supereffective|p1a: Hannah Montana","|-damage|p1a: Hannah Montana|0 fnt","|faint|p1a: Hannah Montana","|","|","|switch|p1a: Ziggy|Kecleon, F, shiny|262/262","|turn|7","|","|move|p1a: Ziggy|Sucker Punch|p2a: Meloetta","|-start|p1a: Ziggy|typechange|Dark|[from] Protean","|-supereffective|p2a: Meloetta","|-damage|p2a: Meloetta|0 fnt","|faint|p2a: Meloetta","|","|","|switch|p2a: Medicham|Medicham, M, shiny|261/261","|turn|8","|","|switch|p1a: Vanilla|Audino, F, shiny|410/410","|detailschange|p2a: Medicham|Medicham-Mega, M, shiny","|-mega|p2a: Medicham|Medicham|Medichamite","|move|p2a: Medicham|Fake Out|p1a: Vanilla","|-damage|p1a: Vanilla|337/410","|","|turn|9","|","|detailschange|p1a: Vanilla|Audino-Mega, F, shiny","|-mega|p1a: Vanilla|Audino|Audinite","|move|p2a: Medicham|High Jump Kick|p1a: Vanilla","|-damage|p1a: Vanilla|76/410","|move|p1a: Vanilla|Calm Mind|p1a: Vanilla","|-boost|p1a: Vanilla|spa|1","|-boost|p1a: Vanilla|spd|1","|","|turn|10","|","|move|p2a: Medicham|Bullet Punch|p1a: Vanilla","|-supereffective|p1a: Vanilla","|-damage|p1a: Vanilla|0 fnt","|faint|p1a: Vanilla","|","|","|switch|p1a: Jezebel|Pyroar, F, shiny|314/314","|-ability|p1a: Jezebel|Unnerve|p2: Adviser♕Dooms","|turn|11","|","|switch|p2a: Victini|Victini|341/341","|move|p1a: Jezebel|Will-O-Wisp|p2a: Victini|[miss]","|-miss|p1a: Jezebel|p2a: Victini","|","|turn|12","|","|move|p2a: Victini|V-create|p1a: Jezebel","|-resisted|p1a: Jezebel","|-damage|p1a: Jezebel|142/314","|-unboost|p2a: Victini|spe|1","|-unboost|p2a: Victini|def|1","|-unboost|p2a: Victini|spd|1","|move|p1a: Jezebel|Echoed Voice|p2a: Victini","|-damage|p2a: Victini|233/341","|","|turn|13","|","|move|p2a: Victini|V-create|p1a: Jezebel","|-resisted|p1a: Jezebel","|-damage|p1a: Jezebel|0 fnt","|-unboost|p2a: Victini|spe|1","|-unboost|p2a: Victini|def|1","|-unboost|p2a: Victini|spd|1","|faint|p1a: Jezebel","|","|","|switch|p1a: Emo bangs|Staraptor, M, shiny|312/312","|turn|14","|","|switch|p2a: Slowbro|Slowbro, M, shiny|393/393","|move|p1a: Emo bangs|Double-Edge|p2a: Slowbro","|-damage|p2a: Slowbro|114/393","|-damage|p1a: Emo bangs|220/312|[from] recoil|[of] p2a: Slowbro","|","|-heal|p2a: Slowbro|138/393|[from] item: Leftovers","|turn|15","|","|switch|p2a: Medicham|Medicham-Mega, M, shiny|261/261","|move|p1a: Emo bangs|Double-Edge|p2a: Medicham","|-damage|p2a: Medicham|0 fnt","|-damage|p1a: Emo bangs|134/312|[from] recoil|[of] p2a: Medicham","|faint|p2a: Medicham","|","|","|switch|p2a: Slowbro|Slowbro, M, shiny|269/393","|turn|16","|","|move|p1a: Emo bangs|Double-Edge|p2a: Slowbro","|-damage|p2a: Slowbro|0 fnt","|-damage|p1a: Emo bangs|45/312|[from] recoil|[of] p2a: Slowbro","|faint|p2a: Slowbro","|","|","|switch|p2a: Victini|Victini|233/341","|turn|17","|","|switch|p1a: Ziggy|Kecleon, F, shiny|262/262","|move|p2a: Victini|V-create|p1a: Ziggy","|-damage|p1a: Ziggy|16/262","|-unboost|p2a: Victini|spe|1","|-unboost|p2a: Victini|def|1","|-unboost|p2a: Victini|spd|1","|","|turn|18","|","|switch|p2a: Mew|Mew, shiny|403/403","|move|p1a: Ziggy|Sucker Punch|p2a: Mew","|-start|p1a: Ziggy|typechange|Dark|[from] Protean","|-fail|p1a: Ziggy","|","|turn|19","|","|move|p1a: Ziggy|Sucker Punch|p2a: Mew","|-fail|p1a: Ziggy","|move|p2a: Mew|Stealth Rock|p1a: Ziggy","|-sidestart|p1: loatist|move: Stealth Rock","|","|turn|20","|","|move|p2a: Mew|Will-O-Wisp|p1a: Ziggy","|-status|p1a: Ziggy|brn","|-enditem|p1a: Ziggy|Lum Berry|[eat]","|-curestatus|p1a: Ziggy|brn","|move|p1a: Ziggy|Drain Punch|p2a: Mew","|-start|p1a: Ziggy|typechange|Fighting|[from] Protean","|-resisted|p2a: Mew","|-damage|p2a: Mew|343/403","|-heal|p1a: Ziggy|46/262|[from] drain|[of] p2a: Mew","|","|-heal|p2a: Mew|368/403|[from] item: Leftovers","|turn|21","|","|move|p2a: Mew|Will-O-Wisp|p1a: Ziggy","|-status|p1a: Ziggy|brn","|move|p1a: Ziggy|Skill Swap|p2a: Mew","|-start|p1a: Ziggy|typechange|Psychic|[from] Protean","|-activate|p1a: Ziggy|move: Skill Swap|Synchronize|Protean|[of] p2a: Mew","|","|-heal|p2a: Mew|393/403|[from] item: Leftovers","|-damage|p1a: Ziggy|14/262 brn|[from] brn","|turn|22","|","|move|p1a: Ziggy|Sucker Punch|p2a: Mew","|-fail|p1a: Ziggy","|move|p2a: Mew|Taunt|p1a: Ziggy","|-start|p2a: Mew|typechange|Dark|[from] Protean","|-start|p1a: Ziggy|move: Taunt","|","|-heal|p2a: Mew|403/403|[from] item: Leftovers","|-damage|p1a: Ziggy|0 fnt|[from] brn","|faint|p1a: Ziggy","|","|switch|p1a: GEICO Gecko|Heliolisk, M|266/266","|-damage|p1a: GEICO Gecko|233/266|[from] Stealth Rock","|turn|23","|","|switch|p2a: Espeon|Espeon, M, shiny|271/271","|move|p1a: GEICO Gecko|Rain Dance|p1a: GEICO Gecko","|-weather|RainDance","|","|-weather|RainDance|[upkeep]","|-heal|p1a: GEICO Gecko|266/266|[from] ability: Dry Skin","|turn|24","|","|move|p2a: Espeon|Psyshock|p1a: GEICO Gecko","|-damage|p1a: GEICO Gecko|0 fnt","|faint|p1a: GEICO Gecko","|","|-weather|RainDance|[upkeep]","|","|switch|p1a: Emo bangs|Staraptor, M, shiny|45/312","|-damage|p1a: Emo bangs|0 fnt|[from] Stealth Rock","|faint|p1a: Emo bangs","|","|win|Adviser♕Dooms"],"p1rating":{"entryid":"218110","serverid":"eos","formatid":"monotype","userid":"loatist","username":"loatist","w":"1","l":5,"t":"0","gxe":38.1,"r":"1475.0385247759","rd":"123.44132577873","sigma":"0","rptime":"1440147600","rpr":1404.9224659999,"rprd":98.968128062848,"rpsigma":"0","acre":1008.0687074215,"lacre":1008.0687074215,"oldacre":"1016.8621023003"},"p2rating":{"entryid":"117867","serverid":"eos","formatid":"monotype","userid":"adviserdooms","username":"Adviser♕Dooms","w":11,"l":"12","t":"0","gxe":47.8,"r":"1490.2739272723","rd":"84.782441648642","sigma":"0","rptime":"1440147600","rpr":1483.2518442479,"rprd":67.588124404418,"rpsigma":"0","acre":1141.2492586795,"lacre":1141.2492586795,"oldacre":"1123.7036174441"},"endType":"normal"}