{"seed":[56558,54583,18544,48611],"turns":25,"p1":"Guard Wanderer","p2":"Apex Salamence","p1team":[{"name":"Furfrou","species":"Furfrou","item":"marangaberry","ability":"Fur Coat","moves":["snarl","cottonguard","thunderwave","toxic"],"nature":"Timid","evs":{"hp":252,"atk":0,"def":0,"spa":4,"spd":0,"spe":252},"ivs":{"hp":31,"atk":31,"def":31,"spa":31,"spd":31,"spe":31}},{"name":"Cinccino","species":"Cinccino","item":"razorfang","ability":"Skill Link","moves":["bulletseed","rockblast","tailslap","knockoff"],"nature":"Jolly","evs":{"hp":0,"atk":252,"def":0,"spa":0,"spd":4,"spe":252},"ivs":{"hp":31,"atk":31,"def":31,"spa":31,"spd":31,"spe":31}},{"name":"Miltank","species":"Miltank","item":"leftovers","ability":"Scrappy","moves":["bodyslam","earthquake","healbell","milkdrink"],"nature":"Adamant","evs":{"hp":252,"atk":252,"def":0,"spa":0,"spd":4,"spe":0},"ivs":{"hp":31,"atk":31,"def":31,"spa":31,"spd":31,"spe":31}},{"name":"Porygon2","species":"Porygon2","item":"eviolite","ability":"Trace","moves":["conversion2","discharge","icebeam","recover"],"nature":"Calm","evs":{"hp":252,"atk":0,"def":0,"spa":4,"spd":252,"spe":0},"ivs":{"hp":31,"atk":31,"def":31,"spa":31,"spd":31,"spe":31}},{"name":"Smeargle","species":"Smeargle","item":"focussash","ability":"Own Tempo","moves":["nightshade","kingsshield","magiccoat","spore"],"nature":"Timid","evs":{"hp":252,"atk":0,"def":0,"spa":0,"spd":4,"spe":252},"ivs":{"hp":31,"atk":31,"def":31,"spa":31,"spd":31,"spe":31}},{"name":"Ditto","species":"Ditto","item":"choicescarf","ability":"Imposter","moves":["transform"],"nature":"Bold","evs":{"hp":248,"atk":0,"def":252,"spa":0,"spd":8,"spe":0},"ivs":{"hp":31,"atk":31,"def":31,"spa":31,"spd":31,"spe":31}}],"p2team":[{"name":"Porunga","species":"dragonite","item":"weaknesspolicy","ability":"Multiscale","moves":["dragonclaw","dragondance","extremespeed","firepunch"],"nature":"Adamant","evs":{"hp":0,"atk":252,"def":0,"spa":0,"spd":4,"spe":252},"gender":"M","shiny":true,"ivs":{"hp":31,"atk":31,"def":31,"spa":31,"spd":31,"spe":31}},{"name":"Jupiter","species":"thundurus","item":"lifeorb","ability":"Prankster","moves":["taunt","thunderwave","thunderbolt","grassknot"],"nature":"Timid","evs":{"hp":0,"atk":0,"def":0,"spa":252,"spd":4,"spe":252},"shiny":true,"ivs":{"hp":31,"atk":31,"def":31,"spa":31,"spd":31,"spe":31}},{"name":"BIRD JESUS","species":"pidgeot","item":"pidgeotite","ability":"Big Pecks","moves":["heatwave","hurricane","protect","hiddenpowerground"],"nature":"Timid","evs":{"hp":0,"atk":0,"def":0,"spa":252,"spd":4,"spe":252},"gender":"M","ivs":{"hp":31,"atk":31,"def":31,"spa":30,"spd":30,"spe":31},"shiny":true},{"name":"BoneZ","species":"mandibuzz","item":"leftovers","ability":"Overcoat","moves":["foulplay","roost","toxic","defog"],"nature":"Bold","evs":{"hp":252,"atk":0,"def":252,"spa":0,"spd":4,"spe":0},"shiny":true,"ivs":{"hp":31,"atk":31,"def":31,"spa":31,"spd":31,"spe":31}},{"name":"Gaea","species":"landorus","item":"lifeorb","ability":"Sheer Force","moves":["earthpower","psychic","sludgewave","stealthrock"],"nature":"Timid","evs":{"hp":0,"atk":0,"def":0,"spa":252,"spd":4,"spe":252},"shiny":true,"ivs":{"hp":31,"atk":31,"def":31,"spa":31,"spd":31,"spe":31}},{"name":"Raptor","species":"staraptor","item":"choicescarf","ability":"Reckless","moves":["bravebird","closecombat","doubleedge","uturn"],"nature":"Jolly","evs":{"hp":0,"atk":252,"def":0,"spa":0,"spd":4,"spe":252},"gender":"M","shiny":true,"ivs":{"hp":31,"atk":31,"def":31,"spa":31,"spd":31,"spe":31}}],"log":["|player|p1|Guard Wanderer|235","|player|p2|Apex Salamence|1","|gametype|singles","|gen|6","|tier|Monotype","|rated","|rule|Baton Pass Clause: Limit one Baton Passer, can't pass Spe and other stats simultaneously","|rule|Swagger Clause: Swagger is banned","|rule|Same Type Clause: Pokémon in a team must share a type","|clearpoke","|poke|p1|Furfrou, F","|poke|p1|Cinccino, M","|poke|p1|Miltank, F","|poke|p1|Porygon2","|poke|p1|Smeargle, M","|poke|p1|Ditto","|poke|p2|Dragonite, M, shiny","|poke|p2|Thundurus, M, shiny","|poke|p2|Pidgeot, M, shiny","|poke|p2|Mandibuzz, F, shiny","|poke|p2|Landorus, M, shiny","|poke|p2|Staraptor, M, shiny","|rule|Sleep Clause Mod: Limit one foe put to sleep","|rule|Species Clause: Limit one of each Pokémon","|rule|OHKO Clause: OHKO moves are banned","|rule|Moody Clause: Moody is banned","|rule|Evasion Moves Clause: Evasion moves are banned","|rule|Endless Battle Clause: Forcing endless battles is banned","|rule|HP Percentage Mod: HP is shown in percentages","|teampreview","|","|start","|switch|p1a: Furfrou|Furfrou, F|354/354","|switch|p2a: Jupiter|Thundurus, M, shiny|299/299","|turn|1","|","|move|p2a: Jupiter|Taunt|p1a: Furfrou","|-start|p1a: Furfrou|move: Taunt","|move|p1a: Furfrou|Snarl|p2a: Jupiter","|-damage|p2a: Jupiter|261/299","|-unboost|p2a: Jupiter|spa|1","|","|turn|2","|","|move|p2a: Jupiter|Thunderbolt|p1a: Furfrou","|-damage|p1a: Furfrou|218/354","|-enditem|p1a: Furfrou|Maranga Berry|[eat]","|-boost|p1a: Furfrou|spd|1|[from] item: Maranga Berry","|-damage|p2a: Jupiter|232/299|[from] item: Life Orb","|move|p1a: Furfrou|Snarl|p2a: Jupiter","|-crit|p2a: Jupiter","|-damage|p2a: Jupiter|179/299","|-unboost|p2a: Jupiter|spa|1","|","|turn|3","|","|switch|p2a: Raptor|Staraptor, M, shiny|311/311","|move|p1a: Furfrou|Snarl|p2a: Raptor","|-damage|p2a: Raptor|266/311","|-unboost|p2a: Raptor|spa|1","|","|-end|p1a: Furfrou|move: Taunt","|turn|4","|","|move|p2a: Raptor|Close Combat|p1a: Furfrou","|-crit|p1a: Furfrou","|-supereffective|p1a: Furfrou","|-damage|p1a: Furfrou|0 fnt","|-unboost|p2a: Raptor|def|1","|-unboost|p2a: Raptor|spd|1","|faint|p1a: Furfrou","|","|","|switch|p1a: Smeargle|Smeargle, M|314/314","|turn|5","|","|move|p1a: Smeargle|King's Shield|p1a: Smeargle","|-singleturn|p1a: Smeargle|Protect","|move|p2a: Raptor|Close Combat|p1a: Smeargle","|-activate|p1a: Smeargle|Protect","|-unboost|p2a: Raptor|atk|2","|","|turn|6","|","|switch|p2a: Porunga|Dragonite, M, shiny|323/323","|move|p1a: Smeargle|Spore|p2a: Porunga","|-status|p2a: Porunga|slp","|","|turn|7","|","|switch|p1a: Porygon2|Porygon2|374/374","|-ability|p1a: Porygon2|Multiscale|[from] ability: Trace|[of] p2a: Porunga","|cant|p2a: Porunga|slp","|","|turn|8","|","|-curestatus|p2a: Porunga|slp","|move|p2a: Porunga|Dragon Dance|p2a: Porunga","|-boost|p2a: Porunga|atk|1","|-boost|p2a: Porunga|spe|1","|move|p1a: Porygon2|Ice Beam|p2a: Porunga","|-supereffective|p2a: Porunga","|-damage|p2a: Porunga|179/323","|-enditem|p2a: Porunga|Weakness Policy","|-boost|p2a: Porunga|atk|2|[from] item: Weakness Policy","|-boost|p2a: Porunga|spa|2|[from] item: Weakness Policy","|","|turn|9","|","|move|p2a: Porunga|Dragon Claw|p1a: Porygon2","|-damage|p1a: Porygon2|230/374","|move|p1a: Porygon2|Ice Beam|p2a: Porunga","|-supereffective|p2a: Porunga","|-damage|p2a: Porunga|0 fnt","|faint|p2a: Porunga","|","|","|switch|p2a: Jupiter|Thundurus, M, shiny|179/299","|turn|10","|","|move|p2a: Jupiter|Thunderbolt|p1a: Porygon2","|-damage|p1a: Porygon2|136/374","|-damage|p2a: Jupiter|150/299|[from] item: Life Orb","|move|p1a: Porygon2|Ice Beam|p2a: Jupiter","|-supereffective|p2a: Jupiter","|-damage|p2a: Jupiter|0 fnt","|faint|p2a: Jupiter","|","|","|switch|p2a: Raptor|Staraptor, M, shiny|266/311","|turn|11","|","|move|p2a: Raptor|Close Combat|p1a: Porygon2","|-supereffective|p1a: Porygon2","|-damage|p1a: Porygon2|0 fnt","|-unboost|p2a: Raptor|def|1","|-unboost|p2a: Raptor|spd|1","|faint|p1a: Porygon2","|","|","|switch|p1a: Cinccino|Cinccino, M|291/291","|turn|12","|","|move|p2a: Raptor|Close Combat|p1a: Cinccino","|-supereffective|p1a: Cinccino","|-damage|p1a: Cinccino|0 fnt","|-unboost|p2a: Raptor|def|1","|-unboost|p2a: Raptor|spd|1","|faint|p1a: Cinccino","|","|","|switch|p1a: Smeargle|Smeargle, M|314/314","|turn|13","|","|move|p2a: Raptor|Close Combat|p1a: Smeargle","|-supereffective|p1a: Smeargle","|-enditem|p1a: Smeargle|Focus Sash","|-damage|p1a: Smeargle|1/314","|-unboost|p2a: Raptor|def|1","|-unboost|p2a: Raptor|spd|1","|move|p1a: Smeargle|Spore|p2a: Raptor","|-status|p2a: Raptor|slp","|","|turn|14","|","|cant|p2a: Raptor|slp","|move|p1a: Smeargle|Night Shade|p2a: Raptor","|-immune|p2a: Raptor|[msg]","|","|turn|15","|","|switch|p1a: Miltank|Miltank, F|394/394","|cant|p2a: Raptor|slp","|","|turn|16","|","|-curestatus|p2a: Raptor|slp","|move|p2a: Raptor|Close Combat|p1a: Miltank","|-supereffective|p1a: Miltank","|-damage|p1a: Miltank|114/394","|-unboost|p2a: Raptor|def|1","|-unboost|p2a: Raptor|spd|1","|move|p1a: Miltank|Body Slam|p2a: Raptor","|-damage|p2a: Raptor|0 fnt","|faint|p2a: Raptor","|","|-heal|p1a: Miltank|138/394|[from] item: Leftovers","|","|switch|p2a: BIRD JESUS|Pidgeot, M, shiny|307/307","|turn|17","|","|detailschange|p2a: BIRD JESUS|Pidgeot-Mega, M, shiny","|-mega|p2a: BIRD JESUS|Pidgeot|Pidgeotite","|move|p2a: BIRD JESUS|Protect|p2a: BIRD JESUS","|-singleturn|p2a: BIRD JESUS|Protect","|move|p1a: Miltank|Body Slam|p2a: BIRD JESUS","|-activate|p2a: BIRD JESUS|Protect","|","|-heal|p1a: Miltank|162/394|[from] item: Leftovers","|turn|18","|","|move|p2a: BIRD JESUS|Hurricane|p1a: Miltank","|-damage|p1a: Miltank|0 fnt","|faint|p1a: Miltank","|","|","|switch|p1a: Ditto|Ditto|299/299","|-transform|p1a: Ditto|p2a: BIRD JESUS","|turn|19","|","|move|p2a: BIRD JESUS|Protect|p2a: BIRD JESUS","|-singleturn|p2a: BIRD JESUS|Protect","|move|p1a: Ditto|Hurricane|p2a: BIRD JESUS","|-activate|p2a: BIRD JESUS|Protect","|","|turn|20","|","|move|p1a: Ditto|Hurricane|p2a: BIRD JESUS","|-damage|p2a: BIRD JESUS|54/307","|move|p2a: BIRD JESUS|Hurricane|p1a: Ditto","|-damage|p1a: Ditto|74/299","|","|turn|21","|","|switch|p1a: Smeargle|Smeargle, M|1/314","|switch|p2a: BoneZ|Mandibuzz, F, shiny|424/424","|","|turn|22","|","|move|p1a: Smeargle|Spore|p2a: BoneZ","|-immune|p2a: BoneZ|[msg]","|move|p2a: BoneZ|Foul Play|p1a: Smeargle","|-damage|p1a: Smeargle|0 fnt","|faint|p1a: Smeargle","|","|","|switch|p1a: Ditto|Ditto|74/299","|-transform|p1a: Ditto|p2a: BoneZ","|turn|23","|","|move|p1a: Ditto|Foul Play|p2a: BoneZ","|-resisted|p2a: BoneZ","|-damage|p2a: BoneZ|397/424","|move|p2a: BoneZ|Foul Play|p1a: Ditto","|-resisted|p1a: Ditto","|-damage|p1a: Ditto|48/299","|","|-heal|p2a: BoneZ|423/424|[from] item: Leftovers","|turn|24","|","|move|p1a: Ditto|Foul Play|p2a: BoneZ","|-resisted|p2a: BoneZ","|-damage|p2a: BoneZ|398/424","|move|p2a: BoneZ|Toxic|p1a: Ditto","|-status|p1a: Ditto|tox","|","|-heal|p2a: BoneZ|424/424|[from] item: Leftovers","|-damage|p1a: Ditto|30/299 tox|[from] psn","|turn|25","|","|move|p1a: Ditto|Foul Play|p2a: BoneZ","|-resisted|p2a: BoneZ","|-damage|p2a: BoneZ|401/424","|move|p2a: BoneZ|Foul Play|p1a: Ditto","|-resisted|p1a: Ditto","|-damage|p1a: Ditto|7/299 tox","|","|-heal|p2a: BoneZ|424/424|[from] item: Leftovers","|-damage|p1a: Ditto|0 fnt|[from] psn","|faint|p1a: Ditto","|","|win|Apex Salamence"],"p1rating":{"entryid":"9966","serverid":"eos","formatid":"monotype","userid":"guardwanderer","username":"Guard Wanderer","w":"7","l":6,"t":"0","gxe":52.2,"r":"1524.6959176714","rd":"96.345686616013","sigma":"0","rptime":"1440147600","rpr":1517.3894601343,"rprd":81.418189636693,"rpsigma":"0","acre":1096.7666319248,"lacre":1096.7666319248,"oldacre":"1119.3703295407"},"p2rating":{"entryid":"1755","serverid":"eos","formatid":"monotype","userid":"apexsalamence","username":"Apex Salamence","w":22,"l":"16","t":"0","gxe":58.2,"r":"1545.1960980953","rd":"69.032897888715","sigma":"0","rptime":"1440147600","rpr":1563.3341001324,"rprd":54.773397272759,"rpsigma":"0","acre":1175.3790120435,"lacre":1175.3790120435,"oldacre":"1152.7753144276"},"endType":"normal"}