{"seed":[20015,49625,47109,21233],"turns":28,"p1":"SL~Kingdra","p2":"Guard Wanderer","p1team":[{"name":"Smegle","species":"smeargle","item":"focussash","ability":"Own Tempo","moves":["spore","stickyweb","stealthrock","transform"],"nature":"Timid","evs":{"hp":252,"atk":0,"def":4,"spa":0,"spd":0,"spe":252},"ivs":{"hp":31,"atk":31,"def":31,"spa":31,"spd":31,"spe":31}},{"name":"Slack King","species":"slaking","item":"choicescarf","ability":"Truant","moves":["retaliate","earthquake","firepunch","return"],"nature":"Adamant","evs":{"hp":4,"atk":252,"def":0,"spa":0,"spd":0,"spe":252},"ivs":{"hp":31,"atk":31,"def":31,"spa":31,"spd":31,"spe":31}},{"name":"Mel-B","species":"meloetta","item":"leftovers","ability":"Serene Grace","moves":["psychic","shadowball","hypervoice","calmmind"],"nature":"Calm","evs":{"hp":252,"atk":0,"def":0,"spa":4,"spd":252,"spe":0},"ivs":{"hp":31,"atk":31,"def":30,"spa":30,"spd":30,"spe":31}},{"name":"Demolition","species":"diggersby","item":"lifeorb","ability":"Huge Power","moves":["earthquake","quickattack","return","firepunch"],"nature":"Adamant","evs":{"hp":4,"atk":252,"def":0,"spa":0,"spd":0,"spe":252},"ivs":{"hp":31,"atk":31,"def":31,"spa":31,"spd":31,"spe":31}},{"name":"Cute Blob","species":"ditto","item":"choicescarf","ability":"Imposter","moves":["transform"],"nature":"Timid","evs":{"hp":252,"atk":0,"def":4,"spa":0,"spd":0,"spe":252},"ivs":{"hp":31,"atk":31,"def":31,"spa":31,"spd":31,"spe":31}},{"name":"Corey","species":"porygonz","item":"focussash","ability":"Adaptability","moves":["triattack","icebeam","hiddenpowerfire","nastyplot"],"nature":"Timid","evs":{"hp":4,"atk":0,"def":0,"spa":252,"spd":0,"spe":252},"ivs":{"hp":31,"atk":30,"def":31,"spa":30,"spd":31,"spe":30}}],"p2team":[{"name":"Weezing","species":"Weezing","item":"sitrusberry","ability":"Levitate","moves":["toxicspikes","willowisp","memento","thief"],"nature":"Careful","evs":{"hp":248,"atk":0,"def":0,"spa":0,"spd":252,"spe":0},"ivs":{"hp":31,"atk":31,"def":31,"spa":31,"spd":31,"spe":31}},{"name":"Tentacruel","species":"Tentacruel","item":"assaultvest","ability":"Liquid Ooze","moves":["scald","acidspray","gigadrain","hex"],"nature":"Timid","evs":{"hp":0,"atk":0,"def":4,"spa":252,"spd":0,"spe":252},"ivs":{"hp":31,"atk":31,"def":31,"spa":31,"spd":31,"spe":31}},{"name":"Skuntank","species":"Skuntank","item":"","ability":"Stench","moves":["snatch","thief","suckerpunch","poisonjab"],"nature":"Adamant","evs":{"hp":248,"atk":252,"def":0,"spa":0,"spd":8,"spe":0},"ivs":{"hp":31,"atk":31,"def":31,"spa":31,"spd":31,"spe":31}},{"name":"Crobat","species":"Crobat","item":"whiteherb","ability":"Infiltrator","moves":["curse","acrobatics","roost","hypnosis"],"nature":"Jolly","evs":{"hp":248,"atk":8,"def":0,"spa":0,"spd":0,"spe":252},"ivs":{"hp":31,"atk":31,"def":31,"spa":31,"spd":31,"spe":31}},{"name":"Gengar","species":"Gengar","item":"choicescarf","ability":"Levitate","moves":["trick","destinybond","venoshock","hex"],"nature":"Timid","evs":{"hp":0,"atk":0,"def":0,"spa":252,"spd":4,"spe":252},"ivs":{"hp":31,"atk":31,"def":31,"spa":31,"spd":31,"spe":31}},{"name":"Amoonguss","species":"Amoonguss","item":"blacksludge","ability":"Regenerator","moves":["spore","gigadrain","gastroacid","stunspore"],"nature":"Calm","evs":{"hp":248,"atk":0,"def":0,"spa":8,"spd":252,"spe":0},"shiny":true,"ivs":{"hp":31,"atk":31,"def":31,"spa":31,"spd":31,"spe":31}}],"log":["|player|p1|SL~Kingdra|99","|player|p2|Guard Wanderer|235","|gametype|singles","|gen|6","|tier|Monotype","|rated","|rule|Baton Pass Clause: Limit one Baton Passer, can't pass Spe and other stats simultaneously","|rule|Swagger Clause: Swagger is banned","|rule|Same Type Clause: Pokémon in a team must share a type","|clearpoke","|poke|p1|Smeargle, M","|poke|p1|Slaking, F","|poke|p1|Meloetta","|poke|p1|Diggersby, M","|poke|p1|Ditto","|poke|p1|Porygon-Z","|poke|p2|Weezing, M","|poke|p2|Tentacruel, M","|poke|p2|Skuntank, M","|poke|p2|Crobat, M","|poke|p2|Gengar, F","|poke|p2|Amoonguss, F, shiny","|rule|Sleep Clause Mod: Limit one foe put to sleep","|rule|Species Clause: Limit one of each Pokémon","|rule|OHKO Clause: OHKO moves are banned","|rule|Moody Clause: Moody is banned","|rule|Evasion Moves Clause: Evasion moves are banned","|rule|Endless Battle Clause: Forcing endless battles is banned","|rule|HP Percentage Mod: HP is shown in percentages","|teampreview","|","|start","|switch|p1a: Smegle|Smeargle, M|314/314","|switch|p2a: Amoonguss|Amoonguss, F, shiny|431/431","|turn|1","|","|move|p1a: Smegle|Sticky Web|p2a: Amoonguss","|-sidestart|p2: Guard Wanderer|move: Sticky Web","|move|p2a: Amoonguss|Spore|p1a: Smegle","|-status|p1a: Smegle|slp","|","|turn|2","|","|cant|p1a: Smegle|slp","|move|p2a: Amoonguss|Giga Drain|p1a: Smegle","|-damage|p1a: Smegle|176/314 slp","|","|turn|3","|","|-curestatus|p1a: Smegle|slp","|move|p1a: Smegle|Stealth Rock|p2a: Amoonguss","|-sidestart|p2: Guard Wanderer|move: Stealth Rock","|move|p2a: Amoonguss|Giga Drain|p1a: Smegle","|-damage|p1a: Smegle|22/314","|","|turn|4","|","|move|p1a: Smegle|Transform|p2a: Amoonguss","|-transform|p1a: Smegle|p2a: Amoonguss","|move|p2a: Amoonguss|Giga Drain|p1a: Smegle","|-resisted|p1a: Smegle","|-damage|p1a: Smegle|7/314","|","|turn|5","|","|move|p2a: Amoonguss|Giga Drain|p1a: Smegle","|-resisted|p1a: Smegle","|-damage|p1a: Smegle|0 fnt","|faint|p1a: Smegle","|","|","|switch|p1a: Corey|Porygon-Z|312/312","|turn|6","|","|move|p1a: Corey|Ice Beam|p2a: Amoonguss","|-supereffective|p2a: Amoonguss","|-damage|p2a: Amoonguss|251/431","|move|p2a: Amoonguss|Spore|p1a: Corey","|-status|p1a: Corey|slp","|","|-heal|p2a: Amoonguss|277/431|[from] item: Black Sludge","|turn|7","|","|switch|p1a: Mel-B|Meloetta|404/404","|switch|p2a: Weezing|Weezing, M|333/333","|-damage|p2a: Weezing|292/333|[from] Stealth Rock","|","|turn|8","|","|switch|p2a: Skuntank|Skuntank, M|409/409","|-activate|p2a: Skuntank|move: Sticky Web","|-unboost|p2a: Skuntank|spe|1","|-damage|p2a: Skuntank|358/409|[from] Stealth Rock","|move|p1a: Mel-B|Calm Mind|p1a: Mel-B","|-boost|p1a: Mel-B|spa|1","|-boost|p1a: Mel-B|spd|1","|","|turn|9","|","|move|p2a: Skuntank|Snatch|p2a: Skuntank","|-singleturn|p2a: Skuntank|Snatch","|move|p1a: Mel-B|Hyper Voice|p2a: Skuntank","|-damage|p2a: Skuntank|75/409","|","|turn|10","|","|move|p2a: Skuntank|Sucker Punch|p1a: Mel-B","|-supereffective|p1a: Mel-B","|-damage|p1a: Mel-B|116/404","|move|p1a: Mel-B|Hyper Voice|p2a: Skuntank","|-damage|p2a: Skuntank|0 fnt","|faint|p2a: Skuntank","|","|-heal|p1a: Mel-B|141/404|[from] item: Leftovers","|","|switch|p2a: Crobat|Crobat, M|373/373","|-damage|p2a: Crobat|280/373|[from] Stealth Rock","|turn|11","|","|move|p2a: Crobat|Acrobatics|p1a: Mel-B","|-damage|p1a: Mel-B|71/404","|move|p1a: Mel-B|Hyper Voice|p2a: Crobat","|-damage|p2a: Crobat|28/373","|","|-heal|p1a: Mel-B|96/404|[from] item: Leftovers","|turn|12","|","|move|p2a: Crobat|Acrobatics|p1a: Mel-B","|-damage|p1a: Mel-B|15/404","|move|p1a: Mel-B|Psychic|p2a: Crobat","|-supereffective|p2a: Crobat","|-damage|p2a: Crobat|0 fnt","|faint|p2a: Crobat","|","|-heal|p1a: Mel-B|40/404|[from] item: Leftovers","|","|switch|p2a: Gengar|Gengar, F|261/261","|-damage|p2a: Gengar|229/261|[from] Stealth Rock","|turn|13","|","|move|p2a: Gengar|Venoshock|p1a: Mel-B","|-damage|p1a: Mel-B|0 fnt","|faint|p1a: Mel-B","|","|","|switch|p1a: Cute Blob|Ditto|300/300","|-transform|p1a: Cute Blob|p2a: Gengar","|turn|14","|","|switch|p2a: Weezing|Weezing, M|292/333","|-damage|p2a: Weezing|251/333|[from] Stealth Rock","|move|p1a: Cute Blob|Trick|p2a: Weezing","|-activate|p1a: Cute Blob|move: Trick|[of] p2a: Weezing","|-item|p2a: Weezing|Choice Scarf|[from] move: Trick","|-item|p1a: Cute Blob|Sitrus Berry|[from] move: Trick","|","|turn|15","|","|move|p1a: Cute Blob|Hex|p2a: Weezing","|-damage|p2a: Weezing|140/333","|move|p2a: Weezing|Toxic Spikes|p1a: Cute Blob","|-sidestart|p1: SL~Kingdra|move: Toxic Spikes","|","|turn|16","|","|move|p1a: Cute Blob|Hex|p2a: Weezing","|-damage|p2a: Weezing|31/333","|move|p2a: Weezing|Toxic Spikes|p1a: Cute Blob","|-sidestart|p1: SL~Kingdra|move: Toxic Spikes","|","|turn|17","|","|move|p1a: Cute Blob|Hex|p2a: Weezing","|-damage|p2a: Weezing|0 fnt","|faint|p2a: Weezing","|","|","|switch|p2a: Amoonguss|Amoonguss, F, shiny|420/431","|-activate|p2a: Amoonguss|move: Sticky Web","|-unboost|p2a: Amoonguss|spe|1","|-damage|p2a: Amoonguss|367/431|[from] Stealth Rock","|turn|18","|","|move|p1a: Cute Blob|Hex|p2a: Amoonguss","|-damage|p2a: Amoonguss|267/431","|move|p2a: Amoonguss|Stun Spore|p1a: Cute Blob","|-status|p1a: Cute Blob|par","|","|-heal|p2a: Amoonguss|293/431|[from] item: Black Sludge","|turn|19","|","|switch|p2a: Tentacruel|Tentacruel, M|301/301","|-damage|p2a: Tentacruel|264/301|[from] Stealth Rock","|-activate|p2a: Tentacruel|move: Sticky Web","|-unboost|p2a: Tentacruel|spe|1","|move|p1a: Cute Blob|Hex|p2a: Tentacruel","|-damage|p2a: Tentacruel|194/301","|","|turn|20","|","|move|p2a: Tentacruel|Hex|p1a: Cute Blob","|-supereffective|p1a: Cute Blob","|-damage|p1a: Cute Blob|14/300 par","|-enditem|p1a: Cute Blob|Sitrus Berry|[eat]","|-heal|p1a: Cute Blob|89/300 par|[from] item: Sitrus Berry","|move|p1a: Cute Blob|Venoshock|p2a: Tentacruel","|-resisted|p2a: Tentacruel","|-damage|p2a: Tentacruel|163/301","|","|turn|21","|","|move|p2a: Tentacruel|Scald|p1a: Cute Blob","|-damage|p1a: Cute Blob|0 fnt","|faint|p1a: Cute Blob","|","|","|switch|p1a: Slack King|Slaking, F|442/442","|-status|p1a: Slack King|tox","|turn|22","|","|move|p1a: Slack King|Retaliate|p2a: Tentacruel","|-damage|p2a: Tentacruel|0 fnt","|faint|p2a: Tentacruel","|","|-damage|p1a: Slack King|415/442 tox|[from] psn","|","|switch|p2a: Gengar|Gengar, F|229/261","|-damage|p2a: Gengar|197/261|[from] Stealth Rock","|turn|23","|","|switch|p1a: Corey|Porygon-Z|312/312 slp","|move|p2a: Gengar|Venoshock|p1a: Corey","|-damage|p1a: Corey|159/312 slp","|","|turn|24","|","|move|p2a: Gengar|Venoshock|p1a: Corey","|-damage|p1a: Corey|3/312 slp","|cant|p1a: Corey|slp","|","|turn|25","|","|move|p2a: Gengar|Venoshock|p1a: Corey","|-damage|p1a: Corey|0 fnt","|faint|p1a: Corey","|","|","|switch|p1a: Demolition|Diggersby, M|312/312","|-status|p1a: Demolition|tox","|turn|26","|","|move|p2a: Gengar|Venoshock|p1a: Demolition","|-resisted|p1a: Demolition","|-damage|p1a: Demolition|162/312 tox","|move|p1a: Demolition|Fire Punch|p2a: Gengar","|-damage|p2a: Gengar|0 fnt","|-damage|p1a: Demolition|131/312 tox|[from] item: Life Orb","|faint|p2a: Gengar","|","|-damage|p1a: Demolition|112/312 tox|[from] psn","|","|switch|p2a: Amoonguss|Amoonguss, F, shiny|431/431","|-damage|p2a: Amoonguss|378/431|[from] Stealth Rock","|-activate|p2a: Amoonguss|move: Sticky Web","|-unboost|p2a: Amoonguss|spe|1","|turn|27","|","|move|p1a: Demolition|Fire Punch|p2a: Amoonguss","|-supereffective|p2a: Amoonguss","|-damage|p2a: Amoonguss|4/431","|-damage|p1a: Demolition|81/312 tox|[from] item: Life Orb","|move|p2a: Amoonguss|Giga Drain|p1a: Demolition","|-supereffective|p1a: Demolition","|-damage|p1a: Demolition|0 fnt","|-heal|p2a: Amoonguss|45/431|[from] drain|[of] p1a: Demolition","|faint|p1a: Demolition","|","|-heal|p2a: Amoonguss|71/431|[from] item: Black Sludge","|","|switch|p1a: Slack King|Slaking, F|415/442 tox","|turn|28","|","|move|p1a: Slack King|Fire Punch|p2a: Amoonguss","|-supereffective|p2a: Amoonguss","|-damage|p2a: Amoonguss|0 fnt","|faint|p2a: Amoonguss","|","|win|SL~Kingdra"],"p1rating":{"entryid":"101024","serverid":"eos","formatid":"monotype","userid":"slkingdra","username":"SL~Kingdra","w":13,"l":"5","t":"0","gxe":64,"r":"1580.8638059903","rd":"85.193412799414","sigma":"0","rptime":"1440147600","rpr":1610.9371254312,"rprd":72.954110605115,"rpsigma":"0","acre":1236.4109787658,"lacre":1236.4109787658,"oldacre":"1216.9375144356"},"p2rating":{"entryid":"9966","serverid":"eos","formatid":"monotype","userid":"guardwanderer","username":"Guard Wanderer","w":"7","l":5,"t":"0","gxe":54.6,"r":"1524.6959176714","rd":"96.345686616013","sigma":"0","rptime":"1440147600","rpr":1535.5192057108,"rprd":83.631360041027,"rpsigma":"0","acre":1119.3703295407,"lacre":1119.3703295407,"oldacre":"1138.8437938709"},"endType":"normal"}