{"seed":[44643,51540,50547,60853],"turns":30,"p1":"Guard Quilluminati","p2":"Void Wiley","p1team":[{"name":"Allen Iverson","species":"diancie","item":"diancite","ability":"Clear Body","moves":["protect","moonblast","earthpower","diamondstorm"],"nature":"Hasty","evs":{"hp":0,"atk":120,"def":0,"spa":128,"spd":8,"spe":252},"ivs":{"hp":31,"atk":31,"def":31,"spa":31,"spd":31,"spe":31}},{"name":"Karl Malone","species":"cradily","item":"rockyhelmet","ability":"Storm Drain","moves":["recover","toxic","gigadrain","stockpile"],"nature":"Calm","evs":{"hp":44,"atk":0,"def":216,"spa":48,"spd":140,"spe":60},"gender":"M","shiny":true,"ivs":{"hp":31,"atk":31,"def":31,"spa":31,"spd":31,"spe":31}},{"name":"Michael Jordan","species":"terrakion","item":"choicescarf","ability":"Justified","moves":["closecombat","ironhead","earthquake","stoneedge"],"nature":"Jolly","evs":{"hp":0,"atk":252,"def":0,"spa":0,"spd":4,"spe":252},"shiny":true,"ivs":{"hp":31,"atk":31,"def":31,"spa":31,"spd":31,"spe":31}},{"name":"Wilt Chamberlain","species":"regirock","item":"weaknesspolicy","ability":"Clear Body","moves":["counter","firepunch","thunderwave","drainpunch"],"nature":"Impish","evs":{"hp":248,"atk":148,"def":112,"spa":0,"spd":0,"spe":0},"shiny":true,"ivs":{"hp":31,"atk":31,"def":31,"spa":31,"spd":31,"spe":31}},{"name":"LeBron James","species":"aerodactyl","item":"focussash","ability":"Rock Head","moves":["honeclaws","aerialace","crunch","stoneedge"],"nature":"Jolly","evs":{"hp":0,"atk":252,"def":0,"spa":0,"spd":4,"spe":252},"shiny":true,"ivs":{"hp":31,"atk":31,"def":31,"spa":31,"spd":31,"spe":31}},{"name":"Kobe Bryant","species":"omastar","item":"focussash","ability":"Shell Armor","moves":["scald","shellsmash","icebeam","earthpower"],"nature":"Modest","evs":{"hp":0,"atk":0,"def":0,"spa":252,"spd":4,"spe":252},"shiny":true,"ivs":{"hp":31,"atk":31,"def":31,"spa":31,"spd":31,"spe":31}}],"p2team":[{"name":"Tuba","species":"slurpuff","item":"sitrusberry","ability":"Unburden","moves":["bellydrum","drainpunch","playrough","aromatherapy"],"nature":"Jolly","evs":{"hp":4,"atk":252,"def":0,"spa":0,"spd":0,"spe":252},"ivs":{"hp":31,"atk":31,"def":31,"spa":31,"spd":31,"spe":31}},{"name":"Clarinet","species":"azumarill","item":"sitrusberry","ability":"Huge Power","moves":["bellydrum","aquajet","brickbreak","playrough"],"nature":"Adamant","evs":{"hp":252,"atk":252,"def":0,"spa":0,"spd":4,"spe":0},"ivs":{"hp":31,"atk":31,"def":31,"spa":31,"spd":31,"spe":31}},{"name":"Flute","species":"gardevoir","item":"gardevoirite","ability":"Synchronize","moves":["psyshock","hypervoice","energyball","focusblast"],"nature":"Timid","evs":{"hp":4,"atk":0,"def":0,"spa":252,"spd":0,"spe":252},"ivs":{"hp":31,"atk":31,"def":31,"spa":31,"spd":31,"spe":31}},{"name":"Alto","species":"togekiss","item":"choicescarf","ability":"Serene Grace","moves":["airslash","flamethrower","aurasphere","dazzlinggleam"],"nature":"Timid","evs":{"hp":0,"atk":0,"def":0,"spa":252,"spd":4,"spe":252},"ivs":{"hp":31,"atk":31,"def":31,"spa":31,"spd":31,"spe":31}},{"name":"Sax","species":"klefki","item":"lightclay","ability":"Prankster","moves":["thunderwave","lightscreen","reflect","foulplay"],"nature":"Bold","evs":{"hp":248,"atk":0,"def":252,"spa":0,"spd":8,"spe":0},"ivs":{"hp":31,"atk":31,"def":31,"spa":31,"spd":31,"spe":31}},{"name":"Trumpet","species":"sylveon","item":"leftovers","ability":"Pixilate","moves":["hypervoice","wish","protect","calmmind"],"nature":"Bold","evs":{"hp":252,"atk":0,"def":252,"spa":4,"spd":0,"spe":0},"ivs":{"hp":31,"atk":31,"def":31,"spa":31,"spd":31,"spe":31}}],"log":["|player|p1|Guard Quilluminati|214","|player|p2|Void Wiley|voidwiley.png","|gametype|singles","|gen|6","|tier|Monotype","|rated","|rule|Baton Pass Clause: Limit one Baton Passer, can't pass Spe and other stats simultaneously","|rule|Swagger Clause: Swagger is banned","|rule|Same Type Clause: Pokémon in a team must share a type","|clearpoke","|poke|p1|Diancie","|poke|p1|Cradily, M, shiny","|poke|p1|Terrakion, shiny","|poke|p1|Regirock, shiny","|poke|p1|Aerodactyl, M, shiny","|poke|p1|Omastar, M, shiny","|poke|p2|Slurpuff, M","|poke|p2|Azumarill, F","|poke|p2|Gardevoir, F","|poke|p2|Togekiss, M","|poke|p2|Klefki, F","|poke|p2|Sylveon, F","|rule|Sleep Clause Mod: Limit one foe put to sleep","|rule|Species Clause: Limit one of each Pokémon","|rule|OHKO Clause: OHKO moves are banned","|rule|Moody Clause: Moody is banned","|rule|Evasion Moves Clause: Evasion moves are banned","|rule|Endless Battle Clause: Forcing endless battles is banned","|rule|HP Percentage Mod: HP is shown in percentages","|teampreview","|","|start","|switch|p1a: Allen Iverson|Diancie|241/241","|switch|p2a: Trumpet|Sylveon, F|394/394","|turn|1","|","|detailschange|p1a: Allen Iverson|Diancie-Mega","|-mega|p1a: Allen Iverson|Diancie|Diancite","|move|p1a: Allen Iverson|Protect|p1a: Allen Iverson","|-singleturn|p1a: Allen Iverson|Protect","|move|p2a: Trumpet|Calm Mind|p2a: Trumpet","|-boost|p2a: Trumpet|spa|1","|-boost|p2a: Trumpet|spd|1","|","|turn|2","|","|move|p1a: Allen Iverson|Diamond Storm|p2a: Trumpet","|-damage|p2a: Trumpet|208/394","|move|p2a: Trumpet|Calm Mind|p2a: Trumpet","|-boost|p2a: Trumpet|spa|1","|-boost|p2a: Trumpet|spd|1","|","|-heal|p2a: Trumpet|232/394|[from] item: Leftovers","|turn|3","|","|move|p1a: Allen Iverson|Diamond Storm|p2a: Trumpet","|-damage|p2a: Trumpet|57/394","|move|p2a: Trumpet|Wish|p2a: Trumpet","|","|-heal|p2a: Trumpet|81/394|[from] item: Leftovers","|turn|4","|","|move|p2a: Trumpet|Protect|p2a: Trumpet","|-singleturn|p2a: Trumpet|Protect","|move|p1a: Allen Iverson|Diamond Storm|p2a: Trumpet","|-activate|p2a: Trumpet|Protect","|","|-heal|p2a: Trumpet|278/394|[from] move: Wish|[wisher] Trumpet","|-heal|p2a: Trumpet|302/394|[from] item: Leftovers","|turn|5","|","|move|p1a: Allen Iverson|Diamond Storm|p2a: Trumpet","|-damage|p2a: Trumpet|128/394","|-boost|p1a: Allen Iverson|def|1","|move|p2a: Trumpet|Wish|p2a: Trumpet","|","|-heal|p2a: Trumpet|152/394|[from] item: Leftovers","|turn|6","|","|move|p2a: Trumpet|Protect|p2a: Trumpet","|-singleturn|p2a: Trumpet|Protect","|move|p1a: Allen Iverson|Earth Power|p2a: Trumpet","|-activate|p2a: Trumpet|Protect","|","|-heal|p2a: Trumpet|349/394|[from] move: Wish|[wisher] Trumpet","|-heal|p2a: Trumpet|373/394|[from] item: Leftovers","|turn|7","|","|move|p1a: Allen Iverson|Earth Power|p2a: Trumpet","|-damage|p2a: Trumpet|327/394","|-unboost|p2a: Trumpet|spd|1","|move|p2a: Trumpet|Hyper Voice|p1a: Allen Iverson","|-damage|p1a: Allen Iverson|0 fnt","|faint|p1a: Allen Iverson","|","|-heal|p2a: Trumpet|351/394|[from] item: Leftovers","|","|switch|p1a: Michael Jordan|Terrakion, shiny|323/323","|turn|8","|","|move|p1a: Michael Jordan|Iron Head|p2a: Trumpet","|-supereffective|p2a: Trumpet","|-damage|p2a: Trumpet|181/394","|cant|p2a: Trumpet|flinch","|","|-heal|p2a: Trumpet|205/394|[from] item: Leftovers","|turn|9","|","|move|p2a: Trumpet|Protect|p2a: Trumpet","|-singleturn|p2a: Trumpet|Protect","|move|p1a: Michael Jordan|Iron Head|p2a: Trumpet","|-activate|p2a: Trumpet|Protect","|","|-heal|p2a: Trumpet|229/394|[from] item: Leftovers","|turn|10","|","|move|p1a: Michael Jordan|Iron Head|p2a: Trumpet","|-supereffective|p2a: Trumpet","|-damage|p2a: Trumpet|55/394","|cant|p2a: Trumpet|flinch","|","|-heal|p2a: Trumpet|79/394|[from] item: Leftovers","|turn|11","|","|move|p2a: Trumpet|Protect|p2a: Trumpet","|-singleturn|p2a: Trumpet|Protect","|move|p1a: Michael Jordan|Iron Head|p2a: Trumpet","|-activate|p2a: Trumpet|Protect","|","|-heal|p2a: Trumpet|103/394|[from] item: Leftovers","|turn|12","|","|move|p2a: Trumpet|Protect|p2a: Trumpet","|-fail|p2a: Trumpet","|move|p1a: Michael Jordan|Iron Head|p2a: Trumpet","|-supereffective|p2a: Trumpet","|-damage|p2a: Trumpet|0 fnt","|faint|p2a: Trumpet","|","|","|switch|p2a: Sax|Klefki, F|317/317","|turn|13","|","|switch|p1a: Kobe Bryant|Omastar, M, shiny|281/281","|move|p2a: Sax|Thunder Wave|p1a: Kobe Bryant","|-status|p1a: Kobe Bryant|par","|","|turn|14","|","|switch|p2a: Tuba|Slurpuff, M|306/306","|move|p1a: Kobe Bryant|Shell Smash|p1a: Kobe Bryant","|-unboost|p1a: Kobe Bryant|def|1","|-unboost|p1a: Kobe Bryant|spd|1","|-boost|p1a: Kobe Bryant|atk|2","|-boost|p1a: Kobe Bryant|spa|2","|-boost|p1a: Kobe Bryant|spe|2","|","|turn|15","|","|move|p2a: Tuba|Drain Punch|p1a: Kobe Bryant","|-supereffective|p1a: Kobe Bryant","|-damage|p1a: Kobe Bryant|111/281 par","|move|p1a: Kobe Bryant|Scald|p2a: Tuba","|-damage|p2a: Tuba|0 fnt","|faint|p2a: Tuba","|","|","|switch|p2a: Clarinet|Azumarill, F|404/404","|turn|16","|","|move|p2a: Clarinet|Brick Break|p1a: Kobe Bryant","|-supereffective|p1a: Kobe Bryant","|-damage|p1a: Kobe Bryant|0 fnt","|faint|p1a: Kobe Bryant","|","|","|switch|p1a: Wilt Chamberlain|Regirock, shiny|363/363","|turn|17","|","|move|p1a: Wilt Chamberlain|Thunder Wave|p2a: Clarinet","|-status|p2a: Clarinet|par","|move|p2a: Clarinet|Belly Drum|p2a: Clarinet","|-damage|p2a: Clarinet|202/404 par","|-setboost|p2a: Clarinet|atk|6|[from] move: Belly Drum","|-enditem|p2a: Clarinet|Sitrus Berry|[eat]","|-heal|p2a: Clarinet|303/404 par|[from] item: Sitrus Berry","|","|turn|18","|","|move|p2a: Clarinet|Brick Break|p1a: Wilt Chamberlain","|-supereffective|p1a: Wilt Chamberlain","|-damage|p1a: Wilt Chamberlain|0 fnt","|faint|p1a: Wilt Chamberlain","|","|","|switch|p1a: Karl Malone|Cradily, M, shiny|324/324","|turn|19","|","|move|p1a: Karl Malone|Giga Drain|p2a: Clarinet","|-supereffective|p2a: Clarinet","|-damage|p2a: Clarinet|123/404 par","|cant|p2a: Clarinet|par","|","|turn|20","|","|move|p1a: Karl Malone|Giga Drain|p2a: Clarinet","|-supereffective|p2a: Clarinet","|-damage|p2a: Clarinet|0 fnt","|faint|p2a: Clarinet","|","|","|switch|p2a: Sax|Klefki, F|317/317","|turn|21","|","|move|p2a: Sax|Thunder Wave|p1a: Karl Malone","|-status|p1a: Karl Malone|par","|move|p1a: Karl Malone|Stockpile|p1a: Karl Malone","|-start|p1a: Karl Malone|stockpile1","|-boost|p1a: Karl Malone|def|1","|-boost|p1a: Karl Malone|spd|1","|","|turn|22","|","|switch|p2a: Flute|Gardevoir, F|278/278","|move|p1a: Karl Malone|Stockpile|p1a: Karl Malone","|-start|p1a: Karl Malone|stockpile2","|-boost|p1a: Karl Malone|def|1","|-boost|p1a: Karl Malone|spd|1","|","|turn|23","|","|detailschange|p2a: Flute|Gardevoir-Mega, F","|-mega|p2a: Flute|Gardevoir|Gardevoirite","|move|p2a: Flute|Hyper Voice|p1a: Karl Malone","|-damage|p1a: Karl Malone|228/324 par","|cant|p1a: Karl Malone|par","|","|turn|24","|","|move|p2a: Flute|Focus Blast|p1a: Karl Malone|[miss]","|-miss|p2a: Flute|p1a: Karl Malone","|cant|p1a: Karl Malone|par","|","|turn|25","|","|move|p2a: Flute|Focus Blast|p1a: Karl Malone","|-supereffective|p1a: Karl Malone","|-damage|p1a: Karl Malone|96/324 par","|move|p1a: Karl Malone|Toxic|p2a: Flute","|-status|p2a: Flute|tox","|","|-damage|p2a: Flute|261/278 tox|[from] psn","|turn|26","|","|move|p2a: Flute|Focus Blast|p1a: Karl Malone","|-supereffective|p1a: Karl Malone","|-damage|p1a: Karl Malone|0 fnt","|faint|p1a: Karl Malone","|","|-damage|p2a: Flute|227/278 tox|[from] psn","|","|switch|p1a: LeBron James|Aerodactyl, M, shiny|301/301","|turn|27","|","|move|p1a: LeBron James|Hone Claws|p1a: LeBron James","|-boost|p1a: LeBron James|atk|1","|-boost|p1a: LeBron James|accuracy|1","|move|p2a: Flute|Hyper Voice|p1a: LeBron James","|-damage|p1a: LeBron James|3/301","|","|-damage|p2a: Flute|176/278 tox|[from] psn","|turn|28","|","|move|p1a: LeBron James|Crunch|p2a: Flute","|-damage|p2a: Flute|5/278 tox","|move|p2a: Flute|Hyper Voice|p1a: LeBron James","|-damage|p1a: LeBron James|0 fnt","|faint|p1a: LeBron James","|","|-damage|p2a: Flute|0 fnt|[from] psn","|faint|p2a: Flute","|","|switch|p1a: Michael Jordan|Terrakion, shiny|323/323","|switch|p2a: Sax|Klefki, F|317/317","|turn|29","|","|move|p2a: Sax|Thunder Wave|p1a: Michael Jordan","|-status|p1a: Michael Jordan|par","|move|p1a: Michael Jordan|Earthquake|p2a: Sax","|-supereffective|p2a: Sax","|-damage|p2a: Sax|123/317","|","|turn|30","|","|win|Void Wiley"],"p1rating":{"entryid":"265729","serverid":"eos","formatid":"monotype","userid":"guardquilluminati","username":"Guard Quilluminati","w":"2","l":5,"t":"0","gxe":45.4,"r":"1500","rd":"130","sigma":"0","rptime":"1440147600","rpr":1464.2233733061,"rprd":96.228996871171,"rpsigma":"0","acre":1029.6875391025,"lacre":1029.6875391025,"oldacre":"1037.0859246856"},"p2rating":{"entryid":"91212","serverid":"eos","formatid":"monotype","userid":"voidwiley","username":"Void Wiley","w":22,"l":"9","t":"0","gxe":68.1,"r":"1641.5525346484","rd":"63.489408363734","sigma":"0","rptime":"1440147600","rpr":1644.7832281835,"rprd":60.651657745603,"rpsigma":"0","acre":1251.4158007122,"lacre":1251.4158007122,"oldacre":"1239.5311407941"},"endType":"forfeit"}