{"seed":[49646,44800,34066,39581],"turns":21,"p1":"Shining Yin","p2":"Rain Hoot","p1team":[{"name":"Chansey","species":"Chansey","item":"eviolite","ability":"Natural Cure","moves":["thunderwave","softboiled","seismictoss","stealthrock"],"nature":"Bold","evs":{"hp":0,"atk":0,"def":252,"spa":0,"spd":252,"spe":4},"ivs":{"hp":31,"atk":0,"def":31,"spa":31,"spd":31,"spe":31}},{"name":"Porygon2","species":"Porygon2","item":"eviolite","ability":"Trace","moves":["icebeam","discharge","recover","thunderwave"],"nature":"Calm","evs":{"hp":248,"atk":0,"def":204,"spa":0,"spd":56,"spe":0},"ivs":{"hp":31,"atk":0,"def":31,"spa":31,"spd":31,"spe":31}},{"name":"Pidgeot","species":"Pidgeot","item":"pidgeotite","ability":"Keen Eye","moves":["hurricane","heatwave","defog","roost"],"nature":"Timid","evs":{"hp":0,"atk":0,"def":0,"spa":252,"spd":4,"spe":252},"ivs":{"hp":31,"atk":0,"def":31,"spa":31,"spd":31,"spe":31}},{"name":"Staraptor","species":"Staraptor","item":"choicescarf","ability":"Reckless","moves":["bravebird","uturn","doubleedge","closecombat"],"nature":"Jolly","evs":{"hp":0,"atk":252,"def":0,"spa":0,"spd":4,"spe":252},"ivs":{"hp":31,"atk":31,"def":31,"spa":31,"spd":31,"spe":31}},{"name":"Diggersby","species":"Diggersby","item":"choiceband","ability":"Huge Power","moves":["return","earthquake","knockoff","quickattack"],"nature":"Jolly","evs":{"hp":0,"atk":252,"def":0,"spa":0,"spd":4,"spe":252},"ivs":{"hp":31,"atk":31,"def":31,"spa":31,"spd":31,"spe":31}},{"name":"Heliolisk","species":"Heliolisk","item":"lifeorb","ability":"Dry Skin","moves":["grassknot","voltswitch","surf","focusblast"],"nature":"Timid","evs":{"hp":0,"atk":0,"def":0,"spa":252,"spd":4,"spe":252},"ivs":{"hp":31,"atk":31,"def":31,"spa":31,"spd":31,"spe":31}}],"p2team":[{"name":"Golem","species":"Golem","item":"weaknesspolicy","ability":"Sturdy","moves":["earthquake","rockblast","suckerpunch","rockpolish"],"nature":"Adamant","evs":{"hp":0,"atk":252,"def":0,"spa":0,"spd":4,"spe":252},"ivs":{"hp":31,"atk":31,"def":31,"spa":31,"spd":31,"spe":31}},{"name":"Aerodactyl","species":"Aerodactyl","item":"lifeorb","ability":"Pressure","moves":["aerialace","stoneedge","earthquake","taunt"],"nature":"Jolly","evs":{"hp":0,"atk":252,"def":0,"spa":0,"spd":4,"spe":252},"ivs":{"hp":31,"atk":31,"def":31,"spa":31,"spd":31,"spe":31}},{"name":"Aurorus","species":"Aurorus","item":"assaultvest","ability":"Refrigerate","moves":["hypervoice","freezedry","darkpulse","mirrorcoat"],"nature":"Modest","evs":{"hp":248,"atk":0,"def":0,"spa":252,"spd":8,"spe":0},"ivs":{"hp":31,"atk":31,"def":31,"spa":31,"spd":31,"spe":31}},{"name":"Diancie","species":"Diancie","item":"diancite","ability":"Clear Body","moves":["moonblast","earthpower","diamondstorm","protect"],"nature":"Hasty","evs":{"hp":0,"atk":0,"def":0,"spa":252,"spd":0,"spe":252},"ivs":{"hp":31,"atk":31,"def":31,"spa":31,"spd":31,"spe":31}},{"name":"Shuckle","species":"Shuckle","item":"leftovers","ability":"Sturdy","moves":["stickyweb","stealthrock","toxic","encore"],"nature":"Calm","evs":{"hp":252,"atk":0,"def":4,"spa":0,"spd":252,"spe":0},"ivs":{"hp":31,"atk":31,"def":31,"spa":31,"spd":31,"spe":31}},{"name":"Omastar","species":"Omastar","item":"focussash","ability":"Swift Swim","moves":["icebeam","scald","shellsmash","toxicspikes"],"nature":"Modest","evs":{"hp":0,"atk":0,"def":0,"spa":252,"spd":4,"spe":252},"ivs":{"hp":31,"atk":31,"def":31,"spa":31,"spd":31,"spe":31}}],"log":["|player|p1|Shining Yin|277","|player|p2|Rain Hoot|101","|gametype|singles","|gen|6","|tier|Monotype","|rated","|rule|Baton Pass Clause: Limit one Baton Passer, can't pass Spe and other stats simultaneously","|rule|Swagger Clause: Swagger is banned","|rule|Same Type Clause: Pokémon in a team must share a type","|clearpoke","|poke|p1|Chansey, F","|poke|p1|Porygon2","|poke|p1|Pidgeot, M","|poke|p1|Staraptor, M","|poke|p1|Diggersby, M","|poke|p1|Heliolisk, F","|poke|p2|Golem, F","|poke|p2|Aerodactyl, M","|poke|p2|Aurorus, F","|poke|p2|Diancie","|poke|p2|Shuckle, F","|poke|p2|Omastar, M","|rule|Sleep Clause Mod: Limit one foe put to sleep","|rule|Species Clause: Limit one of each Pokémon","|rule|OHKO Clause: OHKO moves are banned","|rule|Moody Clause: Moody is banned","|rule|Evasion Moves Clause: Evasion moves are banned","|rule|Endless Battle Clause: Forcing endless battles is banned","|rule|HP Percentage Mod: HP is shown in percentages","|teampreview","|","|start","|switch|p1a: Porygon2|Porygon2|373/373","|switch|p2a: Omastar|Omastar, M|281/281","|-ability|p1a: Porygon2|Swift Swim|[from] ability: Trace|[of] p2a: Omastar","|turn|1","|","|move|p2a: Omastar|Toxic Spikes|p1a: Porygon2","|-sidestart|p1: Shining Yin|move: Toxic Spikes","|move|p1a: Porygon2|Discharge|p2a: Omastar","|-supereffective|p2a: Omastar","|-damage|p2a: Omastar|97/281","|","|turn|2","|","|move|p2a: Omastar|Toxic Spikes|p1a: Porygon2","|-sidestart|p1: Shining Yin|move: Toxic Spikes","|move|p1a: Porygon2|Discharge|p2a: Omastar","|-supereffective|p2a: Omastar","|-damage|p2a: Omastar|0 fnt","|faint|p2a: Omastar","|","|","|switch|p2a: Golem|Golem, F|301/301","|turn|3","|","|move|p2a: Golem|Earthquake|p1a: Porygon2","|-damage|p1a: Porygon2|271/373","|move|p1a: Porygon2|Ice Beam|p2a: Golem","|-supereffective|p2a: Golem","|-damage|p2a: Golem|99/301","|-enditem|p2a: Golem|Weakness Policy","|-boost|p2a: Golem|atk|2|[from] item: Weakness Policy","|-boost|p2a: Golem|spa|2|[from] item: Weakness Policy","|","|turn|4","|","|move|p2a: Golem|Earthquake|p1a: Porygon2","|-damage|p1a: Porygon2|37/373","|move|p1a: Porygon2|Ice Beam|p2a: Golem","|-supereffective|p2a: Golem","|-damage|p2a: Golem|0 fnt","|faint|p2a: Golem","|","|","|switch|p2a: Diancie|Diancie|241/241","|turn|5","|","|detailschange|p2a: Diancie|Diancie-Mega","|-mega|p2a: Diancie|Diancie|Diancite","|move|p2a: Diancie|Moonblast|p1a: Porygon2","|-crit|p1a: Porygon2","|-damage|p1a: Porygon2|0 fnt","|faint|p1a: Porygon2","|","|","|switch|p1a: Diggersby|Diggersby, M|311/311","|-status|p1a: Diggersby|tox","|turn|6","|","|move|p2a: Diancie|Protect|p2a: Diancie","|-singleturn|p2a: Diancie|Protect","|move|p1a: Diggersby|Knock Off|p2a: Diancie","|-activate|p2a: Diancie|Protect","|","|-damage|p1a: Diggersby|292/311 tox|[from] psn","|turn|7","|","|switch|p1a: Chansey|Chansey, F|641/641","|-status|p1a: Chansey|tox","|move|p2a: Diancie|Moonblast|p1a: Chansey","|-damage|p1a: Chansey|530/641 tox","|","|-damage|p1a: Chansey|490/641 tox|[from] psn","|turn|8","|","|move|p2a: Diancie|Diamond Storm|p1a: Chansey","|-damage|p1a: Chansey|253/641 tox","|-boost|p2a: Diancie|def|1","|move|p1a: Chansey|Seismic Toss|p2a: Diancie","|-damage|p2a: Diancie|141/241","|","|-damage|p1a: Chansey|173/641 tox|[from] psn","|turn|9","|","|move|p2a: Diancie|Diamond Storm|p1a: Chansey","|-damage|p1a: Chansey|0 fnt","|faint|p1a: Chansey","|","|","|switch|p1a: Heliolisk|Heliolisk, F|265/265","|-status|p1a: Heliolisk|tox","|turn|10","|","|switch|p2a: Shuckle|Shuckle, F|244/244","|move|p1a: Heliolisk|Surf|p2a: Shuckle","|-supereffective|p2a: Shuckle","|-damage|p2a: Shuckle|150/244","|-damage|p1a: Heliolisk|239/265 tox|[from] item: Life Orb","|","|-heal|p2a: Shuckle|165/244|[from] item: Leftovers","|-damage|p1a: Heliolisk|223/265 tox|[from] psn","|turn|11","|","|move|p1a: Heliolisk|Surf|p2a: Shuckle","|-supereffective|p2a: Shuckle","|-damage|p2a: Shuckle|74/244","|-damage|p1a: Heliolisk|197/265 tox|[from] item: Life Orb","|move|p2a: Shuckle|Stealth Rock|p1a: Heliolisk","|-sidestart|p1: Shining Yin|move: Stealth Rock","|","|-heal|p2a: Shuckle|89/244|[from] item: Leftovers","|-damage|p1a: Heliolisk|165/265 tox|[from] psn","|turn|12","|","|switch|p1a: Pidgeot|Pidgeot, M|307/307","|-damage|p1a: Pidgeot|231/307|[from] Stealth Rock","|move|p2a: Shuckle|Sticky Web|p1a: Pidgeot","|-sidestart|p1: Shining Yin|move: Sticky Web","|","|-heal|p2a: Shuckle|104/244|[from] item: Leftovers","|turn|13","|","|switch|p2a: Diancie|Diancie-Mega|141/241","|detailschange|p1a: Pidgeot|Pidgeot-Mega, M","|-mega|p1a: Pidgeot|Pidgeot|Pidgeotite","|move|p1a: Pidgeot|Defog|p2a: Diancie","|move|p2a: Diancie|Defog|p1a: Pidgeot|[from]Magic Bounce","|-unboost|p1a: Pidgeot|evasion|1","|-sideend|p1: Shining Yin|Toxic Spikes|[from] move: Defog|[of] p1a: Pidgeot","|-sideend|p1: Shining Yin|Stealth Rock|[from] move: Defog|[of] p1a: Pidgeot","|-sideend|p1: Shining Yin|Sticky Web|[from] move: Defog|[of] p1a: Pidgeot","|","|turn|14","|","|move|p1a: Pidgeot|Hurricane|p2a: Diancie","|-resisted|p2a: Diancie","|-damage|p2a: Diancie|56/241","|-start|p2a: Diancie|confusion","|-activate|p2a: Diancie|confusion","|move|p2a: Diancie|Diamond Storm|p1a: Pidgeot","|-crit|p1a: Pidgeot","|-supereffective|p1a: Pidgeot","|-damage|p1a: Pidgeot|0 fnt","|-boost|p2a: Diancie|def|1","|faint|p1a: Pidgeot","|","|","|switch|p1a: Heliolisk|Heliolisk, F|165/265 tox","|turn|15","|","|switch|p2a: Shuckle|Shuckle, F|104/244","|move|p1a: Heliolisk|Surf|p2a: Shuckle","|-supereffective|p2a: Shuckle","|-damage|p2a: Shuckle|5/244","|-damage|p1a: Heliolisk|139/265 tox|[from] item: Life Orb","|","|-heal|p2a: Shuckle|20/244|[from] item: Leftovers","|-damage|p1a: Heliolisk|123/265 tox|[from] psn","|turn|16","|","|move|p1a: Heliolisk|Volt Switch|p2a: Shuckle","|-damage|p2a: Shuckle|0 fnt","|-damage|p1a: Heliolisk|97/265 tox|[from] item: Life Orb","|faint|p2a: Shuckle","|","|switch|p1a: Staraptor|Staraptor, M|311/311","|","|","|switch|p2a: Aerodactyl|Aerodactyl, M|301/301","|-ability|p2a: Aerodactyl|Pressure","|turn|17","|","|move|p1a: Staraptor|Close Combat|p2a: Aerodactyl","|-damage|p2a: Aerodactyl|126/301","|-unboost|p1a: Staraptor|def|1","|-unboost|p1a: Staraptor|spd|1","|move|p2a: Aerodactyl|Stone Edge|p1a: Staraptor","|-supereffective|p1a: Staraptor","|-damage|p1a: Staraptor|0 fnt","|-damage|p2a: Aerodactyl|96/301|[from] item: Life Orb","|faint|p1a: Staraptor","|","|","|switch|p1a: Heliolisk|Heliolisk, F|97/265 tox","|turn|18","|","|move|p2a: Aerodactyl|Earthquake|p1a: Heliolisk","|-supereffective|p1a: Heliolisk","|-damage|p1a: Heliolisk|0 fnt","|-damage|p2a: Aerodactyl|66/301|[from] item: Life Orb","|faint|p1a: Heliolisk","|","|","|switch|p1a: Diggersby|Diggersby, M|292/311 tox","|turn|19","|","|move|p1a: Diggersby|Quick Attack|p2a: Aerodactyl","|-resisted|p2a: Aerodactyl","|-damage|p2a: Aerodactyl|0 fnt","|faint|p2a: Aerodactyl","|","|-damage|p1a: Diggersby|273/311 tox|[from] psn","|","|switch|p2a: Diancie|Diancie-Mega|56/241","|turn|20","|","|move|p1a: Diggersby|Quick Attack|p2a: Diancie","|-resisted|p2a: Diancie","|-damage|p2a: Diancie|0 fnt","|faint|p2a: Diancie","|","|-damage|p1a: Diggersby|235/311 tox|[from] psn","|","|switch|p2a: Aurorus|Aurorus, F|449/449","|turn|21","|","|move|p1a: Diggersby|Quick Attack|p2a: Aurorus","|-resisted|p2a: Aurorus","|-damage|p2a: Aurorus|362/449","|move|p2a: Aurorus|Hyper Voice|p1a: Diggersby","|-supereffective|p1a: Diggersby","|-damage|p1a: Diggersby|0 fnt","|faint|p1a: Diggersby","|","|win|Rain Hoot"],"p1rating":{"entryid":"71235","serverid":"eos","formatid":"monotype","userid":"shiningyin","username":"Shining Yin","w":"40","l":19,"t":"0","gxe":64.4,"r":"1622.5575309041","rd":"55.410702091367","sigma":"0","rptime":"1440147600","rpr":1612.8496950248,"rprd":47.575909202325,"rpsigma":"0","acre":1187.5936523745,"lacre":1187.5936523745,"oldacre":"1220.118552406"},"p2rating":{"entryid":"129353","serverid":"eos","formatid":"monotype","userid":"rainhoot","username":"Rain Hoot","w":7,"l":"8","t":"0","gxe":49.5,"r":"1421.1758888596","rd":"89.19862997338","sigma":"0","rptime":"1440147600","rpr":1495.9367281816,"rprd":79.108221841567,"rpsigma":"0","acre":1144.724931827,"lacre":1144.724931827,"oldacre":"1112.2000317955"},"endType":"normal"}