{"seed":[58273,62404,63675,24530],"turns":31,"p1":"alliance - mxy","p2":"Crystal Giigan","p1team":[{"name":"Hoopa-Unbound","species":"Hoopa-Unbound","item":"focussash","ability":"Magician","moves":["hyperspacefury","hyperspacehole","drainpunch","firepunch"],"nature":"Naive","evs":{"hp":0,"atk":252,"def":0,"spa":80,"spd":0,"spe":176},"ivs":{"hp":31,"atk":31,"def":31,"spa":31,"spd":31,"spe":31}},{"name":"Hydreigon","species":"Hydreigon","item":"choicescarf","ability":"Levitate","moves":["dracometeor","flamethrower","darkpulse","flashcannon"],"nature":"Modest","evs":{"hp":0,"atk":0,"def":0,"spa":252,"spd":4,"spe":252},"ivs":{"hp":31,"atk":31,"def":31,"spa":31,"spd":31,"spe":31}},{"name":"Umbreon","species":"Umbreon","item":"leftovers","ability":"Synchronize","moves":["foulplay","wish","healbell","protect"],"nature":"Impish","evs":{"hp":248,"atk":0,"def":252,"spa":0,"spd":8,"spe":0},"ivs":{"hp":31,"atk":31,"def":31,"spa":31,"spd":31,"spe":31}},{"name":"Sableye","species":"Sableye","item":"sablenite","ability":"Prankster","moves":["willowisp","calmmind","shadowball","recover"],"nature":"Bold","evs":{"hp":248,"atk":0,"def":180,"spa":0,"spd":80,"spe":0},"ivs":{"hp":31,"atk":31,"def":31,"spa":31,"spd":31,"spe":31}},{"name":"Bisharp","species":"Bisharp","item":"sitrusberry","ability":"Defiant","moves":["ironhead","knockoff","stealthrock","thunderwave"],"nature":"Careful","evs":{"hp":248,"atk":0,"def":0,"spa":0,"spd":172,"spe":88},"ivs":{"hp":31,"atk":31,"def":31,"spa":31,"spd":31,"spe":31}},{"name":"Honchkrow","species":"Honchkrow","item":"lifeorb","ability":"Moxie","moves":["suckerpunch","bravebird","heatwave","roost"],"nature":"Naive","evs":{"hp":0,"atk":216,"def":0,"spa":40,"spd":0,"spe":252},"ivs":{"hp":31,"atk":31,"def":31,"spa":31,"spd":31,"spe":31}}],"p2team":[{"name":"Cobalion","species":"Cobalion","item":"leftovers","ability":"Justified","moves":["stealthrock","sacredsword","voltswitch","ironhead"],"nature":"Jolly","evs":{"hp":252,"atk":4,"def":0,"spa":0,"spd":0,"spe":252},"ivs":{"hp":31,"atk":31,"def":31,"spa":31,"spd":31,"spe":31}},{"name":"Lucario","species":"Lucario","item":"lifeorb","ability":"Inner Focus","moves":["aurasphere","flashcannon","nastyplot","darkpulse"],"nature":"Timid","evs":{"hp":0,"atk":0,"def":0,"spa":252,"spd":4,"spe":252},"ivs":{"hp":31,"atk":31,"def":31,"spa":31,"spd":31,"spe":31}},{"name":"Bisharp","species":"Bisharp","item":"expertbelt","ability":"Defiant","moves":["swordsdance","ironhead","suckerpunch","taunt"],"nature":"Adamant","evs":{"hp":248,"atk":252,"def":0,"spa":0,"spd":8,"spe":0},"ivs":{"hp":31,"atk":31,"def":31,"spa":31,"spd":31,"spe":31}},{"name":"Excadrill","species":"Excadrill","item":"choicescarf","ability":"Mold Breaker","moves":["earthquake","ironhead","xscissor","rockslide"],"nature":"Jolly","evs":{"hp":0,"atk":252,"def":0,"spa":0,"spd":4,"spe":252},"ivs":{"hp":31,"atk":31,"def":31,"spa":31,"spd":31,"spe":31}},{"name":"Klefki","species":"Klefki","item":"leftovers","ability":"Prankster","moves":["substitute","thunderwave","calmmind","psyshock"],"nature":"Bold","evs":{"hp":252,"atk":0,"def":252,"spa":4,"spd":0,"spe":0},"ivs":{"hp":31,"atk":31,"def":31,"spa":31,"spd":31,"spe":31}},{"name":"Steelix","species":"Steelix","item":"steelixite","ability":"Rock Head","moves":["heavyslam","stoneedge","earthquake","crunch"],"nature":"Adamant","evs":{"hp":248,"atk":252,"def":0,"spa":0,"spd":8,"spe":0},"ivs":{"hp":31,"atk":31,"def":31,"spa":31,"spd":31,"spe":31}}],"log":["|player|p1|alliance - mxy|270","|player|p2|Crystal Giigan|crystalgiigan.png","|gametype|singles","|gen|6","|tier|Monotype","|rated","|rule|Baton Pass Clause: Limit one Baton Passer, can't pass Spe and other stats simultaneously","|rule|Swagger Clause: Swagger is banned","|rule|Same Type Clause: Pokémon in a team must share a type","|clearpoke","|poke|p1|Hoopa-Unbound","|poke|p1|Hydreigon, F","|poke|p1|Umbreon, M","|poke|p1|Sableye, M","|poke|p1|Bisharp, F","|poke|p1|Honchkrow, M","|poke|p2|Cobalion","|poke|p2|Lucario, F","|poke|p2|Bisharp, F","|poke|p2|Excadrill, M","|poke|p2|Klefki, F","|poke|p2|Steelix, F","|rule|Sleep Clause Mod: Limit one foe put to sleep","|rule|Species Clause: Limit one of each Pokémon","|rule|OHKO Clause: OHKO moves are banned","|rule|Moody Clause: Moody is banned","|rule|Evasion Moves Clause: Evasion moves are banned","|rule|Endless Battle Clause: Forcing endless battles is banned","|rule|HP Percentage Mod: HP is shown in percentages","|teampreview","|","|start","|switch|p1a: Sableye|Sableye, M|303/303","|switch|p2a: Klefki|Klefki, F|318/318","|turn|1","|","|switch|p2a: Steelix|Steelix, F|353/353","|move|p1a: Sableye|Calm Mind|p1a: Sableye","|-boost|p1a: Sableye|spa|1","|-boost|p1a: Sableye|spd|1","|","|turn|2","|","|detailschange|p1a: Sableye|Sableye-Mega, M","|-mega|p1a: Sableye|Sableye|Sablenite","|detailschange|p2a: Steelix|Steelix-Mega, F","|-mega|p2a: Steelix|Steelix|Steelixite","|move|p1a: Sableye|Will-O-Wisp|p2a: Steelix","|-status|p2a: Steelix|brn","|move|p2a: Steelix|Heavy Slam|p1a: Sableye","|-damage|p1a: Sableye|239/303","|","|-damage|p2a: Steelix|309/353 brn|[from] brn","|turn|3","|","|switch|p2a: Bisharp|Bisharp, F|333/333","|move|p1a: Sableye|Calm Mind|p1a: Sableye","|-boost|p1a: Sableye|spa|1","|-boost|p1a: Sableye|spd|1","|","|turn|4","|","|move|p2a: Bisharp|Iron Head|p1a: Sableye","|-damage|p1a: Sableye|148/303","|move|p1a: Sableye|Will-O-Wisp|p2a: Bisharp","|-status|p2a: Bisharp|brn","|","|-damage|p2a: Bisharp|292/333 brn|[from] brn","|turn|5","|","|move|p2a: Bisharp|Iron Head|p1a: Sableye","|-crit|p1a: Sableye","|-damage|p1a: Sableye|71/303","|move|p1a: Sableye|Recover|p1a: Sableye","|-heal|p1a: Sableye|223/303","|","|-damage|p2a: Bisharp|251/333 brn|[from] brn","|turn|6","|","|move|p2a: Bisharp|Swords Dance|p2a: Bisharp","|-boost|p2a: Bisharp|atk|2","|move|p1a: Sableye|Recover|p1a: Sableye","|-heal|p1a: Sableye|303/303","|","|-damage|p2a: Bisharp|210/333 brn|[from] brn","|turn|7","|","|move|p2a: Bisharp|Swords Dance|p2a: Bisharp","|-boost|p2a: Bisharp|atk|2","|move|p1a: Sableye|Calm Mind|p1a: Sableye","|-boost|p1a: Sableye|spa|1","|-boost|p1a: Sableye|spd|1","|","|-damage|p2a: Bisharp|169/333 brn|[from] brn","|turn|8","|","|move|p2a: Bisharp|Iron Head|p1a: Sableye","|-damage|p1a: Sableye|153/303","|move|p1a: Sableye|Shadow Ball|p2a: Bisharp","|-resisted|p2a: Bisharp","|-damage|p2a: Bisharp|24/333 brn","|","|-damage|p2a: Bisharp|0 fnt|[from] brn","|faint|p2a: Bisharp","|","|switch|p2a: Excadrill|Excadrill, M|361/361","|-ability|p2a: Excadrill|Mold Breaker","|turn|9","|","|move|p2a: Excadrill|Earthquake|p1a: Sableye","|-damage|p1a: Sableye|30/303","|move|p1a: Sableye|Recover|p1a: Sableye","|-heal|p1a: Sableye|182/303","|","|turn|10","|","|move|p2a: Excadrill|Earthquake|p1a: Sableye","|-damage|p1a: Sableye|55/303","|move|p1a: Sableye|Recover|p1a: Sableye","|-heal|p1a: Sableye|207/303","|","|turn|11","|","|switch|p1a: Honchkrow|Honchkrow, M|341/341","|move|p2a: Excadrill|Earthquake|p1a: Honchkrow","|-immune|p1a: Honchkrow|[msg]","|","|turn|12","|","|switch|p2a: Steelix|Steelix-Mega, F|309/353 brn","|move|p1a: Honchkrow|Heat Wave|p2a: Steelix","|-supereffective|p2a: Steelix","|-damage|p2a: Steelix|85/353 brn","|-damage|p1a: Honchkrow|307/341|[from] item: Life Orb","|","|-damage|p2a: Steelix|41/353 brn|[from] brn","|turn|13","|","|move|p1a: Honchkrow|Heat Wave|p2a: Steelix","|-supereffective|p2a: Steelix","|-damage|p2a: Steelix|0 fnt","|-damage|p1a: Honchkrow|273/341|[from] item: Life Orb","|faint|p2a: Steelix","|-boost|p1a: Honchkrow|atk|1|[from] ability: Moxie","|","|","|switch|p2a: Klefki|Klefki, F|318/318","|turn|14","|","|move|p2a: Klefki|Thunder Wave|p1a: Honchkrow","|-status|p1a: Honchkrow|par","|move|p1a: Honchkrow|Heat Wave|p2a: Klefki","|-supereffective|p2a: Klefki","|-damage|p2a: Klefki|71/318","|-status|p2a: Klefki|brn","|-damage|p1a: Honchkrow|239/341 par|[from] item: Life Orb","|","|-heal|p2a: Klefki|90/318 brn|[from] item: Leftovers","|-damage|p2a: Klefki|51/318 brn|[from] brn","|turn|15","|","|switch|p2a: Cobalion|Cobalion|386/386","|move|p1a: Honchkrow|Brave Bird|p2a: Cobalion","|-damage|p2a: Cobalion|65/386","|-damage|p1a: Honchkrow|133/341 par|[from] recoil|[of] p2a: Cobalion","|-damage|p1a: Honchkrow|99/341 par|[from] item: Life Orb","|","|-heal|p2a: Cobalion|89/386|[from] item: Leftovers","|turn|16","|","|switch|p1a: Sableye|Sableye-Mega, M|207/303","|move|p2a: Cobalion|Stealth Rock|p1a: Sableye","|move|p1a: Sableye|Stealth Rock|p2a: Cobalion|[from]Magic Bounce","|-sidestart|p2: Crystal Giigan|move: Stealth Rock","|","|-heal|p2a: Cobalion|113/386|[from] item: Leftovers","|turn|17","|","|move|p2a: Cobalion|Iron Head|p1a: Sableye","|-damage|p1a: Sableye|146/303","|move|p1a: Sableye|Calm Mind|p1a: Sableye","|-boost|p1a: Sableye|spa|1","|-boost|p1a: Sableye|spd|1","|","|-heal|p2a: Cobalion|137/386|[from] item: Leftovers","|turn|18","|","|move|p2a: Cobalion|Volt Switch|p1a: Sableye","|-damage|p1a: Sableye|120/303","|","|switch|p2a: Lucario|Lucario, F|281/281","|-damage|p2a: Lucario|273/281|[from] Stealth Rock","|move|p1a: Sableye|Recover|p1a: Sableye","|-heal|p1a: Sableye|272/303","|","|turn|19","|","|move|p2a: Lucario|Nasty Plot|p2a: Lucario","|-boost|p2a: Lucario|spa|2","|move|p1a: Sableye|Calm Mind|p1a: Sableye","|-boost|p1a: Sableye|spa|1","|-boost|p1a: Sableye|spd|1","|","|turn|20","|","|move|p2a: Lucario|Flash Cannon|p1a: Sableye","|-damage|p1a: Sableye|134/303","|-damage|p2a: Lucario|245/281|[from] item: Life Orb","|move|p1a: Sableye|Shadow Ball|p2a: Lucario","|-damage|p2a: Lucario|16/281","|","|turn|21","|","|move|p2a: Lucario|Flash Cannon|p1a: Sableye","|-damage|p1a: Sableye|0 fnt","|-damage|p2a: Lucario|0 fnt|[from] item: Life Orb","|faint|p1a: Sableye","|faint|p2a: Lucario","|","|","|switch|p1a: Hydreigon|Hydreigon, F|325/325","|switch|p2a: Klefki|Klefki, F|51/318 brn","|-damage|p2a: Klefki|32/318 brn|[from] Stealth Rock","|turn|22","|","|switch|p1a: Umbreon|Umbreon, M|393/393","|move|p2a: Klefki|Thunder Wave|p1a: Umbreon","|-status|p1a: Umbreon|par","|","|-heal|p2a: Klefki|51/318 brn|[from] item: Leftovers","|-damage|p2a: Klefki|12/318 brn|[from] brn","|turn|23","|","|move|p2a: Klefki|Calm Mind|p2a: Klefki","|-boost|p2a: Klefki|spa|1","|-boost|p2a: Klefki|spd|1","|cant|p1a: Umbreon|par","|","|-heal|p2a: Klefki|31/318 brn|[from] item: Leftovers","|-damage|p2a: Klefki|0 fnt|[from] brn","|faint|p2a: Klefki","|","|switch|p2a: Cobalion|Cobalion|137/386","|-damage|p2a: Cobalion|125/386|[from] Stealth Rock","|turn|24","|","|switch|p1a: Hydreigon|Hydreigon, F|325/325","|move|p2a: Cobalion|Sacred Sword|p1a: Hydreigon","|-supereffective|p1a: Hydreigon","|-damage|p1a: Hydreigon|97/325","|","|-heal|p2a: Cobalion|149/386|[from] item: Leftovers","|turn|25","|","|move|p1a: Hydreigon|Flamethrower|p2a: Cobalion","|-supereffective|p2a: Cobalion","|-damage|p2a: Cobalion|0 fnt","|faint|p2a: Cobalion","|","|","|switch|p2a: Excadrill|Excadrill, M|361/361","|-damage|p2a: Excadrill|350/361|[from] Stealth Rock","|-ability|p2a: Excadrill|Mold Breaker","|turn|26","|","|switch|p1a: Umbreon|Umbreon, M|393/393 par","|move|p2a: Excadrill|X-Scissor|p1a: Umbreon","|-supereffective|p1a: Umbreon","|-damage|p1a: Umbreon|255/393 par","|","|-heal|p1a: Umbreon|279/393 par|[from] item: Leftovers","|turn|27","|","|move|p2a: Excadrill|X-Scissor|p1a: Umbreon","|-supereffective|p1a: Umbreon","|-damage|p1a: Umbreon|139/393 par","|cant|p1a: Umbreon|par","|","|-heal|p1a: Umbreon|163/393 par|[from] item: Leftovers","|turn|28","|","|move|p2a: Excadrill|X-Scissor|p1a: Umbreon","|-supereffective|p1a: Umbreon","|-damage|p1a: Umbreon|25/393 par","|move|p1a: Umbreon|Wish|p1a: Umbreon","|","|-heal|p1a: Umbreon|49/393 par|[from] item: Leftovers","|turn|29","|","|cant|p1a: Umbreon|par","|move|p2a: Excadrill|X-Scissor|p1a: Umbreon","|-supereffective|p1a: Umbreon","|-damage|p1a: Umbreon|0 fnt","|faint|p1a: Umbreon","|","|","|switch|p1a: Hoopa-Unbound|Hoopa-Unbound|301/301","|turn|30","|","|move|p2a: Excadrill|X-Scissor|p1a: Hoopa-Unbound","|-supereffective|p1a: Hoopa-Unbound","|-enditem|p1a: Hoopa-Unbound|Focus Sash","|-damage|p1a: Hoopa-Unbound|1/301","|move|p1a: Hoopa-Unbound|Hyperspace Fury|p2a: Excadrill","|-damage|p2a: Excadrill|28/361","|-item|p1a: Hoopa-Unbound|Choice Scarf|[from] ability: Magician|[of] p2a: Excadrill","|-unboost|p1a: Hoopa-Unbound|def|1","|","|turn|31","|","|move|p1a: Hoopa-Unbound|Hyperspace Fury|p2a: Excadrill","|-damage|p2a: Excadrill|0 fnt","|-unboost|p1a: Hoopa-Unbound|def|1","|faint|p2a: Excadrill","|","|win|alliance - mxy"],"p1rating":{"entryid":"127788","serverid":"eos","formatid":"monotype","userid":"alliancemxy","username":"Alliance - Mxy","w":12,"l":"6","t":"0","gxe":60.6,"r":"1565.8041704662","rd":"79.935581571093","sigma":"0","rptime":"1440147600","rpr":1582.4327299161,"rprd":73.581737262743,"rpsigma":"0","acre":1148.6916383705,"lacre":1148.6916383705,"oldacre":"1125.4943054061"},"p2rating":{"entryid":"80850","serverid":"eos","formatid":"monotype","userid":"crystalgiigan","username":"Crystal Giigan","w":"6","l":7,"t":"0","gxe":49.4,"r":"1492.3436251734","rd":"85.168259443625","sigma":"0","rptime":"1440147600","rpr":1495.5515720089,"rprd":81.003262698478,"rpsigma":"0","acre":1077.2009904301,"lacre":1077.2009904301,"oldacre":"1100.3983233945"},"endType":"normal"}