{"seed":[16650,43321,65467,61961],"turns":30,"p1":"Sableye is a Lord","p2":"loatist","p1team":[{"name":"Diancie","species":"Diancie","item":"leftovers","ability":"Clear Body","moves":["stealthrock","trickroom","diamondstorm","explosion"],"nature":"Brave","evs":{"hp":248,"atk":252,"def":8,"spa":0,"spd":0,"spe":0},"ivs":{"hp":31,"atk":31,"def":31,"spa":31,"spd":31,"spe":0}},{"name":"Sylveon","species":"Sylveon","item":"choicespecs","ability":"Pixilate","moves":["hypervoice","hiddenpowerfire","psyshock","shadowball"],"nature":"Quiet","evs":{"hp":248,"atk":0,"def":8,"spa":252,"spd":0,"spe":0},"gender":"M","ivs":{"hp":31,"atk":0,"def":31,"spa":30,"spd":31,"spe":0}},{"name":"Azumarill","species":"Azumarill","item":"lifeorb","ability":"Huge Power","moves":["playrough","waterfall","superpower","aquajet"],"nature":"Brave","evs":{"hp":248,"atk":252,"def":8,"spa":0,"spd":0,"spe":0},"gender":"M","ivs":{"hp":31,"atk":31,"def":31,"spa":31,"spd":31,"spe":0}},{"name":"Gardevoir","species":"Gardevoir","item":"gardevoirite","ability":"Trace","moves":["hypervoice","focusblast","trickroom","healingwish"],"nature":"Quiet","evs":{"hp":248,"atk":0,"def":8,"spa":252,"spd":0,"spe":0},"gender":"M","ivs":{"hp":31,"atk":0,"def":31,"spa":31,"spd":31,"spe":0},"shiny":true},{"name":"Klefki","species":"Klefki","item":"lightclay","ability":"Prankster","moves":["reflect","lightscreen","foulplay","spikes"],"nature":"Bold","evs":{"hp":248,"atk":0,"def":204,"spa":0,"spd":0,"spe":56},"ivs":{"hp":31,"atk":0,"def":31,"spa":31,"spd":31,"spe":31}},{"name":"Togekiss","species":"Togekiss","item":"choicescarf","ability":"Serene Grace","moves":["airslash","fireblast","dazzlinggleam","trick"],"nature":"Timid","evs":{"hp":0,"atk":0,"def":0,"spa":252,"spd":4,"spe":252},"ivs":{"hp":31,"atk":0,"def":31,"spa":31,"spd":31,"spe":31}}],"p2team":[{"name":"Vanilla","species":"audino","item":"audinite","ability":"Regenerator","moves":["healbell","wish","calmmind","drainingkiss"],"nature":"Modest","evs":{"hp":252,"atk":0,"def":252,"spa":4,"spd":0,"spe":0},"gender":"F","shiny":true,"ivs":{"hp":31,"atk":31,"def":31,"spa":31,"spd":31,"spe":31}},{"name":"Ziggy","species":"kecleon","item":"lifeorb","ability":"Color Change","moves":["drainpunch","suckerpunch","skillswap","aerialace"],"nature":"Adamant","evs":{"hp":4,"atk":252,"def":252,"spa":0,"spd":0,"spe":0},"gender":"F","shiny":true,"ivs":{"hp":31,"atk":31,"def":31,"spa":31,"spd":31,"spe":31}},{"name":"Emo bangs","species":"staraptor","item":"lifeorb","ability":"Reckless","moves":["bravebird","steelwing","doubleedge","whirlwind"],"nature":"Adamant","evs":{"hp":4,"atk":252,"def":0,"spa":0,"spd":0,"spe":252},"gender":"M","shiny":true,"ivs":{"hp":31,"atk":31,"def":31,"spa":31,"spd":31,"spe":31}},{"name":"Hannah Montana","species":"meloetta","item":"lifeorb","ability":"Serene Grace","moves":["relicsong","lowkick","shadowball","psychic"],"nature":"Mild","evs":{"hp":252,"atk":76,"def":4,"spa":172,"spd":0,"spe":0},"ivs":{"hp":31,"atk":31,"def":31,"spa":31,"spd":31,"spe":31}},{"name":"Jezebel","species":"pyroar","item":"metronome","ability":"Unnerve","moves":["willowisp","echoedvoice","flamethrower","attract"],"nature":"Modest","evs":{"hp":4,"atk":0,"def":0,"spa":252,"spd":0,"spe":252},"gender":"F","shiny":true,"ivs":{"hp":31,"atk":31,"def":31,"spa":31,"spd":31,"spe":31}},{"name":"GEICO Gecko","species":"heliolisk","item":"bigroot","ability":"Dry Skin","moves":["raindance","voltswitch","surf","paraboliccharge"],"nature":"Timid","evs":{"hp":4,"atk":0,"def":0,"spa":252,"spd":0,"spe":252},"gender":"M","ivs":{"hp":31,"atk":31,"def":31,"spa":31,"spd":31,"spe":31}}],"log":["|player|p1|Sableye is a Lord|167","|player|p2|loatist|143","|gametype|singles","|gen|6","|tier|Monotype","|rated","|rule|Baton Pass Clause: Limit one Baton Passer, can't pass Spe and other stats simultaneously","|rule|Swagger Clause: Swagger is banned","|rule|Same Type Clause: Pokémon in a team must share a type","|clearpoke","|poke|p1|Diancie","|poke|p1|Sylveon, M","|poke|p1|Azumarill, M","|poke|p1|Gardevoir, M, shiny","|poke|p1|Klefki, M","|poke|p1|Togekiss, F","|poke|p2|Audino, F, shiny","|poke|p2|Kecleon, F, shiny","|poke|p2|Staraptor, M, shiny","|poke|p2|Meloetta","|poke|p2|Pyroar, F, shiny","|poke|p2|Heliolisk, M","|rule|Sleep Clause Mod: Limit one foe put to sleep","|rule|Species Clause: Limit one of each Pokémon","|rule|OHKO Clause: OHKO moves are banned","|rule|Moody Clause: Moody is banned","|rule|Evasion Moves Clause: Evasion moves are banned","|rule|Endless Battle Clause: Forcing endless battles is banned","|rule|HP Percentage Mod: HP is shown in percentages","|teampreview","|","|start","|switch|p1a: Diancie|Diancie|303/303","|switch|p2a: Emo bangs|Staraptor, M, shiny|312/312","|turn|1","|","|move|p2a: Emo bangs|Steel Wing|p1a: Diancie","|-supereffective|p1a: Diancie","|-damage|p1a: Diancie|0 fnt","|-damage|p2a: Emo bangs|281/312|[from] item: Life Orb","|faint|p1a: Diancie","|","|","|switch|p1a: Klefki|Klefki, M|317/317","|turn|2","|","|move|p1a: Klefki|Reflect|p1a: Klefki","|-sidestart|p1: Sableye is a Lord|Reflect","|move|p2a: Emo bangs|Whirlwind|p1a: Klefki","|drag|p1a: Gardevoir|Gardevoir, M, shiny|339/339","|-ability|p1a: Gardevoir|Reckless|[from] ability: Trace|[of] p2a: Emo bangs","|","|turn|3","|","|detailschange|p1a: Gardevoir|Gardevoir-Mega, M, shiny","|-mega|p1a: Gardevoir|Gardevoir|Gardevoirite","|move|p2a: Emo bangs|Steel Wing|p1a: Gardevoir","|-supereffective|p1a: Gardevoir","|-damage|p1a: Gardevoir|173/339","|-damage|p2a: Emo bangs|250/312|[from] item: Life Orb","|move|p1a: Gardevoir|Trick Room|p1a: Gardevoir","|-fieldstart|move: Trick Room|[of] p1a: Gardevoir","|","|turn|4","|","|move|p1a: Gardevoir|Hyper Voice|p2a: Emo bangs","|-damage|p2a: Emo bangs|0 fnt","|faint|p2a: Emo bangs","|","|","|switch|p2a: Ziggy|Kecleon, F, shiny|262/262","|turn|5","|","|move|p2a: Ziggy|Sucker Punch|p1a: Gardevoir","|-damage|p1a: Gardevoir|104/339","|-damage|p2a: Ziggy|236/262|[from] item: Life Orb","|move|p1a: Gardevoir|Hyper Voice|p2a: Ziggy","|-damage|p2a: Ziggy|14/262","|-start|p2a: Ziggy|typechange|Fairy|[from] Color Change","|","|turn|6","|","|move|p2a: Ziggy|Skill Swap|p1a: Gardevoir","|-activate|p2a: Ziggy|move: Skill Swap|Pixilate|Color Change|[of] p1a: Gardevoir","|move|p1a: Gardevoir|Hyper Voice|p2a: Ziggy","|-damage|p2a: Ziggy|0 fnt","|faint|p2a: Ziggy","|","|","|switch|p2a: Vanilla|Audino, F, shiny|410/410","|turn|7","|","|switch|p1a: Sylveon|Sylveon, M|393/393","|detailschange|p2a: Vanilla|Audino-Mega, F, shiny","|-mega|p2a: Vanilla|Audino|Audinite","|move|p2a: Vanilla|Calm Mind|p2a: Vanilla","|-boost|p2a: Vanilla|spa|1","|-boost|p2a: Vanilla|spd|1","|","|-fieldend|move: Trick Room","|turn|8","|","|move|p2a: Vanilla|Calm Mind|p2a: Vanilla","|-boost|p2a: Vanilla|spa|1","|-boost|p2a: Vanilla|spd|1","|move|p1a: Sylveon|Hyper Voice|p2a: Vanilla","|-damage|p2a: Vanilla|275/410","|","|turn|9","|","|switch|p1a: Gardevoir|Gardevoir-Mega, M, shiny|104/339","|move|p2a: Vanilla|Calm Mind|p2a: Vanilla","|-boost|p2a: Vanilla|spa|1","|-boost|p2a: Vanilla|spd|1","|","|-sideend|p1: Sableye is a Lord|Reflect","|turn|10","|","|move|p2a: Vanilla|Draining Kiss|p1a: Gardevoir","|-damage|p1a: Gardevoir|7/339","|-heal|p2a: Vanilla|348/410|[from] drain|[of] p1a: Gardevoir","|move|p1a: Gardevoir|Trick Room|p1a: Gardevoir","|-fieldstart|move: Trick Room|[of] p1a: Gardevoir","|","|turn|11","|","|move|p2a: Vanilla|Wish|p2a: Vanilla","|move|p1a: Gardevoir|Hyper Voice|p2a: Vanilla","|-damage|p2a: Vanilla|249/410","|","|turn|12","|","|switch|p1a: Azumarill|Azumarill, M|403/403","|move|p2a: Vanilla|Calm Mind|p2a: Vanilla","|-boost|p2a: Vanilla|spa|1","|-boost|p2a: Vanilla|spd|1","|","|-heal|p2a: Vanilla|410/410|[from] move: Wish|[wisher] Vanilla","|turn|13","|","|move|p1a: Azumarill|Waterfall|p2a: Vanilla","|-damage|p2a: Vanilla|264/410","|-damage|p1a: Azumarill|363/403|[from] item: Life Orb","|cant|p2a: Vanilla|flinch","|","|turn|14","|","|move|p1a: Azumarill|Waterfall|p2a: Vanilla","|-damage|p2a: Vanilla|100/410","|-damage|p1a: Azumarill|323/403|[from] item: Life Orb","|move|p2a: Vanilla|Draining Kiss|p1a: Azumarill","|-damage|p1a: Azumarill|113/403","|-heal|p2a: Vanilla|258/410|[from] drain|[of] p1a: Azumarill","|","|-fieldend|move: Trick Room","|turn|15","|","|move|p2a: Vanilla|Draining Kiss|p1a: Azumarill","|-damage|p1a: Azumarill|0 fnt","|-heal|p2a: Vanilla|343/410|[from] drain|[of] p1a: Azumarill","|faint|p1a: Azumarill","|","|","|switch|p1a: Klefki|Klefki, M|317/317","|turn|16","|","|move|p1a: Klefki|Light Screen|p1a: Klefki","|-sidestart|p1: Sableye is a Lord|move: Light Screen","|move|p2a: Vanilla|Wish|p2a: Vanilla","|","|turn|17","|","|switch|p1a: Togekiss|Togekiss, F|311/311","|move|p2a: Vanilla|Calm Mind|p2a: Vanilla","|-boost|p2a: Vanilla|spa|1","|-boost|p2a: Vanilla|spd|1","|","|-heal|p2a: Vanilla|410/410|[from] move: Wish|[wisher] Vanilla","|turn|18","|","|move|p1a: Togekiss|Air Slash|p2a: Vanilla","|-damage|p2a: Vanilla|379/410","|move|p2a: Vanilla|Draining Kiss|p1a: Togekiss","|-damage|p1a: Togekiss|232/311","|-heal|p2a: Vanilla|410/410|[from] drain|[of] p1a: Togekiss","|","|turn|19","|","|move|p1a: Togekiss|Air Slash|p2a: Vanilla","|-damage|p2a: Vanilla|380/410","|cant|p2a: Vanilla|flinch","|","|turn|20","|","|move|p1a: Togekiss|Air Slash|p2a: Vanilla","|-damage|p2a: Vanilla|350/410","|cant|p2a: Vanilla|flinch","|","|turn|21","|","|move|p1a: Togekiss|Air Slash|p2a: Vanilla","|-damage|p2a: Vanilla|317/410","|move|p2a: Vanilla|Calm Mind|p2a: Vanilla","|-boost|p2a: Vanilla|spa|1","|-boost|p2a: Vanilla|spd|1","|","|turn|22","|","|move|p1a: Togekiss|Air Slash|p2a: Vanilla","|-damage|p2a: Vanilla|289/410","|move|p2a: Vanilla|Draining Kiss|p1a: Togekiss","|-damage|p1a: Togekiss|138/311","|-heal|p2a: Vanilla|360/410|[from] drain|[of] p1a: Togekiss","|","|turn|23","|","|move|p1a: Togekiss|Air Slash|p2a: Vanilla","|-damage|p2a: Vanilla|335/410","|cant|p2a: Vanilla|flinch","|","|-sideend|p1: Sableye is a Lord|move: Light Screen","|turn|24","|","|move|p1a: Togekiss|Air Slash|p2a: Vanilla","|-damage|p2a: Vanilla|307/410","|cant|p2a: Vanilla|flinch","|","|turn|25","|","|move|p1a: Togekiss|Air Slash|p2a: Vanilla","|-damage|p2a: Vanilla|280/410","|cant|p2a: Vanilla|flinch","|","|turn|26","|","|move|p1a: Togekiss|Air Slash|p2a: Vanilla","|-crit|p2a: Vanilla","|-damage|p2a: Vanilla|109/410","|cant|p2a: Vanilla|flinch","|","|turn|27","|","|move|p1a: Togekiss|Air Slash|p2a: Vanilla","|-damage|p2a: Vanilla|81/410","|move|p2a: Vanilla|Draining Kiss|p1a: Togekiss","|-damage|p1a: Togekiss|0 fnt","|-heal|p2a: Vanilla|185/410|[from] drain|[of] p1a: Togekiss","|faint|p1a: Togekiss","|","|","|switch|p1a: Sylveon|Sylveon, M|393/393","|turn|28","|","|move|p2a: Vanilla|Draining Kiss|p1a: Sylveon","|-damage|p1a: Sylveon|227/393","|-heal|p2a: Vanilla|310/410|[from] drain|[of] p1a: Sylveon","|move|p1a: Sylveon|Psyshock|p2a: Vanilla","|-damage|p2a: Vanilla|212/410","|","|turn|29","|","|move|p2a: Vanilla|Draining Kiss|p1a: Sylveon","|-damage|p1a: Sylveon|46/393","|-heal|p2a: Vanilla|348/410|[from] drain|[of] p1a: Sylveon","|move|p1a: Sylveon|Psyshock|p2a: Vanilla","|-damage|p2a: Vanilla|250/410","|","|turn|30","|","|win|loatist"],"p1rating":{"entryid":"271045","serverid":"eos","formatid":"monotype","userid":"sableyeisalord","username":"Sableye is a Lord","w":"2","l":1,"t":"0","gxe":53.9,"r":"1500","rd":"130","sigma":"0","rptime":"1440147600","rpr":1530.5968200194,"rprd":111.46960801134,"rpsigma":"0","acre":1049.3319083916,"lacre":1049.3319083916,"oldacre":"1075.13050592"},"p2rating":{"entryid":"218110","serverid":"eos","formatid":"monotype","userid":"loatist","username":"loatist","w":1,"l":"2","t":"0","gxe":47.9,"r":"1475.0385247759","rd":"123.44132577873","sigma":"0","rptime":"1440147600","rpr":1483.191037183,"rprd":112.06571915424,"rpsigma":"0","acre":1048.517370848,"lacre":1048.517370848,"oldacre":"1000"},"endType":"forfeit"}