{"seed":[52860,42624,53266,830],"turns":22,"p1":"Void Wiley","p2":"Rain Hoot","p1team":[{"name":"Tuba","species":"slurpuff","item":"sitrusberry","ability":"Unburden","moves":["bellydrum","drainpunch","playrough","aromatherapy"],"nature":"Jolly","evs":{"hp":4,"atk":252,"def":0,"spa":0,"spd":0,"spe":252},"ivs":{"hp":31,"atk":31,"def":31,"spa":31,"spd":31,"spe":31}},{"name":"Clarinet","species":"azumarill","item":"sitrusberry","ability":"Huge Power","moves":["bellydrum","aquajet","brickbreak","playrough"],"nature":"Adamant","evs":{"hp":252,"atk":252,"def":0,"spa":0,"spd":4,"spe":0},"ivs":{"hp":31,"atk":31,"def":31,"spa":31,"spd":31,"spe":31}},{"name":"Flute","species":"gardevoir","item":"gardevoirite","ability":"Synchronize","moves":["psyshock","hypervoice","energyball","focusblast"],"nature":"Timid","evs":{"hp":4,"atk":0,"def":0,"spa":252,"spd":0,"spe":252},"ivs":{"hp":31,"atk":31,"def":31,"spa":31,"spd":31,"spe":31}},{"name":"Alto","species":"togekiss","item":"choicescarf","ability":"Serene Grace","moves":["airslash","flamethrower","aurasphere","dazzlinggleam"],"nature":"Timid","evs":{"hp":0,"atk":0,"def":0,"spa":252,"spd":4,"spe":252},"ivs":{"hp":31,"atk":31,"def":31,"spa":31,"spd":31,"spe":31}},{"name":"Sax","species":"klefki","item":"lightclay","ability":"Prankster","moves":["thunderwave","lightscreen","reflect","foulplay"],"nature":"Bold","evs":{"hp":248,"atk":0,"def":252,"spa":0,"spd":8,"spe":0},"ivs":{"hp":31,"atk":31,"def":31,"spa":31,"spd":31,"spe":31}},{"name":"Trumpet","species":"sylveon","item":"leftovers","ability":"Pixilate","moves":["hypervoice","wish","protect","calmmind"],"nature":"Bold","evs":{"hp":252,"atk":0,"def":252,"spa":4,"spd":0,"spe":0},"ivs":{"hp":31,"atk":31,"def":31,"spa":31,"spd":31,"spe":31}}],"p2team":[{"name":"Golem","species":"Golem","item":"weaknesspolicy","ability":"Sturdy","moves":["earthquake","rockblast","suckerpunch","rockpolish"],"nature":"Adamant","evs":{"hp":0,"atk":252,"def":0,"spa":0,"spd":4,"spe":252},"ivs":{"hp":31,"atk":31,"def":31,"spa":31,"spd":31,"spe":31}},{"name":"Aerodactyl","species":"Aerodactyl","item":"lifeorb","ability":"Pressure","moves":["aerialace","stoneedge","earthquake","taunt"],"nature":"Jolly","evs":{"hp":0,"atk":252,"def":0,"spa":0,"spd":4,"spe":252},"ivs":{"hp":31,"atk":31,"def":31,"spa":31,"spd":31,"spe":31}},{"name":"Aurorus","species":"Aurorus","item":"assaultvest","ability":"Refrigerate","moves":["hypervoice","freezedry","darkpulse","mirrorcoat"],"nature":"Modest","evs":{"hp":248,"atk":0,"def":0,"spa":252,"spd":8,"spe":0},"ivs":{"hp":31,"atk":31,"def":31,"spa":31,"spd":31,"spe":31}},{"name":"Diancie","species":"Diancie","item":"diancite","ability":"Clear Body","moves":["moonblast","earthpower","diamondstorm","protect"],"nature":"Hasty","evs":{"hp":0,"atk":0,"def":0,"spa":252,"spd":0,"spe":252},"ivs":{"hp":31,"atk":31,"def":31,"spa":31,"spd":31,"spe":31}},{"name":"Shuckle","species":"Shuckle","item":"leftovers","ability":"Sturdy","moves":["stickyweb","stealthrock","toxic","encore"],"nature":"Calm","evs":{"hp":252,"atk":0,"def":4,"spa":0,"spd":252,"spe":0},"ivs":{"hp":31,"atk":31,"def":31,"spa":31,"spd":31,"spe":31}},{"name":"Omastar","species":"Omastar","item":"focussash","ability":"Swift Swim","moves":["icebeam","scald","shellsmash","toxicspikes"],"nature":"Modest","evs":{"hp":0,"atk":0,"def":0,"spa":252,"spd":4,"spe":252},"ivs":{"hp":31,"atk":31,"def":31,"spa":31,"spd":31,"spe":31}}],"log":["|player|p1|Void Wiley|voidwiley.png","|player|p2|Rain Hoot|101","|gametype|singles","|gen|6","|tier|Monotype","|rated","|rule|Baton Pass Clause: Limit one Baton Passer, can't pass Spe and other stats simultaneously","|rule|Swagger Clause: Swagger is banned","|rule|Same Type Clause: Pokémon in a team must share a type","|clearpoke","|poke|p1|Slurpuff, F","|poke|p1|Azumarill, M","|poke|p1|Gardevoir, M","|poke|p1|Togekiss, M","|poke|p1|Klefki, M","|poke|p1|Sylveon, M","|poke|p2|Golem, F","|poke|p2|Aerodactyl, F","|poke|p2|Aurorus, M","|poke|p2|Diancie","|poke|p2|Shuckle, F","|poke|p2|Omastar, M","|rule|Sleep Clause Mod: Limit one foe put to sleep","|rule|Species Clause: Limit one of each Pokémon","|rule|OHKO Clause: OHKO moves are banned","|rule|Moody Clause: Moody is banned","|rule|Evasion Moves Clause: Evasion moves are banned","|rule|Endless Battle Clause: Forcing endless battles is banned","|rule|HP Percentage Mod: HP is shown in percentages","|teampreview","|","|start","|switch|p1a: Sax|Klefki, M|317/317","|switch|p2a: Omastar|Omastar, M|281/281","|turn|1","|","|move|p1a: Sax|Thunder Wave|p2a: Omastar","|-status|p2a: Omastar|par","|cant|p2a: Omastar|par","|","|turn|2","|","|move|p1a: Sax|Foul Play|p2a: Omastar","|-damage|p2a: Omastar|246/281 par","|move|p2a: Omastar|Toxic Spikes|p1a: Sax","|-sidestart|p1: Void Wiley|move: Toxic Spikes","|","|turn|3","|","|switch|p1a: Tuba|Slurpuff, F|306/306","|-status|p1a: Tuba|psn","|move|p2a: Omastar|Toxic Spikes|p1a: Tuba","|-sidestart|p1: Void Wiley|move: Toxic Spikes","|","|-damage|p1a: Tuba|268/306 psn|[from] psn","|turn|4","|","|move|p1a: Tuba|Aromatherapy|p1a: Tuba","|-cureteam|p1a: Tuba|[from] move: Aromatherapy","|move|p2a: Omastar|Scald|p1a: Tuba","|-damage|p1a: Tuba|100/306","|-enditem|p1a: Tuba|Sitrus Berry|[eat]","|-heal|p1a: Tuba|176/306|[from] item: Sitrus Berry","|","|turn|5","|","|move|p1a: Tuba|Drain Punch|p2a: Omastar","|-supereffective|p2a: Omastar","|-damage|p2a: Omastar|142/281 par","|-heal|p1a: Tuba|228/306|[from] drain|[of] p2a: Omastar","|cant|p2a: Omastar|par","|","|turn|6","|","|move|p1a: Tuba|Belly Drum|p1a: Tuba","|-damage|p1a: Tuba|75/306","|-setboost|p1a: Tuba|atk|6|[from] move: Belly Drum","|cant|p2a: Omastar|par","|","|turn|7","|","|move|p1a: Tuba|Drain Punch|p2a: Omastar","|-supereffective|p2a: Omastar","|-damage|p2a: Omastar|0 fnt","|-heal|p1a: Tuba|146/306|[from] drain|[of] p2a: Omastar","|faint|p2a: Omastar","|","|","|switch|p2a: Golem|Golem, F|301/301","|turn|8","|","|move|p1a: Tuba|Play Rough|p2a: Golem","|-ability|p2a: Golem|Sturdy","|-damage|p2a: Golem|1/301","|move|p2a: Golem|Earthquake|p1a: Tuba","|-damage|p1a: Tuba|0 fnt","|faint|p1a: Tuba","|","|","|switch|p1a: Clarinet|Azumarill, M|404/404","|-status|p1a: Clarinet|tox","|turn|9","|","|move|p1a: Clarinet|Aqua Jet|p2a: Golem","|-supereffective|p2a: Golem","|-damage|p2a: Golem|0 fnt","|faint|p2a: Golem","|","|-damage|p1a: Clarinet|379/404 tox|[from] psn","|","|switch|p2a: Shuckle|Shuckle, F|244/244","|turn|10","|","|switch|p1a: Sax|Klefki, M|317/317","|move|p2a: Shuckle|Sticky Web|p1a: Sax","|-sidestart|p1: Void Wiley|move: Sticky Web","|","|turn|11","|","|move|p1a: Sax|Thunder Wave|p2a: Shuckle","|-status|p2a: Shuckle|par","|move|p2a: Shuckle|Stealth Rock|p1a: Sax","|-sidestart|p1: Void Wiley|move: Stealth Rock","|","|turn|12","|","|switch|p1a: Clarinet|Azumarill, M|379/404 tox","|-activate|p1a: Clarinet|move: Sticky Web","|-unboost|p1a: Clarinet|spe|1","|-damage|p1a: Clarinet|329/404 tox|[from] Stealth Rock","|move|p2a: Shuckle|Encore|p1a: Clarinet","|-fail|p1a: Clarinet","|","|-damage|p1a: Clarinet|304/404 tox|[from] psn","|turn|13","|","|move|p1a: Clarinet|Belly Drum|p1a: Clarinet","|-damage|p1a: Clarinet|102/404 tox","|-setboost|p1a: Clarinet|atk|6|[from] move: Belly Drum","|-enditem|p1a: Clarinet|Sitrus Berry|[eat]","|-heal|p1a: Clarinet|203/404 tox|[from] item: Sitrus Berry","|cant|p2a: Shuckle|par","|","|-damage|p1a: Clarinet|153/404 tox|[from] psn","|turn|14","|","|move|p1a: Clarinet|Aqua Jet|p2a: Shuckle","|-supereffective|p2a: Shuckle","|-ability|p2a: Shuckle|Sturdy","|-damage|p2a: Shuckle|1/244 par","|cant|p2a: Shuckle|par","|","|-heal|p2a: Shuckle|16/244 par|[from] item: Leftovers","|-damage|p1a: Clarinet|78/404 tox|[from] psn","|turn|15","|","|move|p1a: Clarinet|Aqua Jet|p2a: Shuckle","|-supereffective|p2a: Shuckle","|-damage|p2a: Shuckle|0 fnt","|faint|p2a: Shuckle","|","|-damage|p1a: Clarinet|0 fnt|[from] psn","|faint|p1a: Clarinet","|","|switch|p2a: Diancie|Diancie|241/241","|switch|p1a: Sax|Klefki, M|317/317","|-activate|p1a: Sax|move: Sticky Web","|-unboost|p1a: Sax|spe|1","|-damage|p1a: Sax|298/317|[from] Stealth Rock","|turn|16","|","|switch|p1a: Alto|Togekiss, M|311/311","|-damage|p1a: Alto|234/311|[from] Stealth Rock","|detailschange|p2a: Diancie|Diancie-Mega","|-mega|p2a: Diancie|Diancie|Diancite","|move|p2a: Diancie|Earth Power|p1a: Alto","|-immune|p1a: Alto|[msg]","|","|turn|17","|","|move|p1a: Alto|Air Slash|p2a: Diancie","|-resisted|p2a: Diancie","|-damage|p2a: Diancie|180/241","|move|p2a: Diancie|Diamond Storm|p1a: Alto","|-supereffective|p1a: Alto","|-damage|p1a: Alto|0 fnt","|faint|p1a: Alto","|","|","|switch|p1a: Flute|Gardevoir, M|278/278","|-status|p1a: Flute|tox","|-activate|p1a: Flute|move: Sticky Web","|-unboost|p1a: Flute|spe|1","|-damage|p1a: Flute|244/278 tox|[from] Stealth Rock","|turn|18","|","|detailschange|p1a: Flute|Gardevoir-Mega, M","|-mega|p1a: Flute|Gardevoir|Gardevoirite","|move|p2a: Diancie|Protect|p2a: Diancie","|-singleturn|p2a: Diancie|Protect","|move|p1a: Flute|Energy Ball|p2a: Diancie","|-activate|p2a: Diancie|Protect","|","|-damage|p1a: Flute|227/278 tox|[from] psn","|turn|19","|","|move|p2a: Diancie|Diamond Storm|p1a: Flute","|-damage|p1a: Flute|0 fnt","|faint|p1a: Flute","|","|","|switch|p1a: Trumpet|Sylveon, M|394/394","|-damage|p1a: Trumpet|345/394|[from] Stealth Rock","|-status|p1a: Trumpet|tox","|-activate|p1a: Trumpet|move: Sticky Web","|-unboost|p1a: Trumpet|spe|1","|turn|20","|","|switch|p2a: Aerodactyl|Aerodactyl, F|301/301","|-ability|p2a: Aerodactyl|Pressure","|move|p1a: Trumpet|Wish|p1a: Trumpet","|","|-heal|p1a: Trumpet|369/394 tox|[from] item: Leftovers","|-damage|p1a: Trumpet|345/394 tox|[from] psn","|turn|21","|","|move|p2a: Aerodactyl|Taunt|p1a: Trumpet","|-start|p1a: Trumpet|move: Taunt","|move|p1a: Trumpet|Hyper Voice|p2a: Aerodactyl","|-damage|p2a: Aerodactyl|117/301","|","|-heal|p1a: Trumpet|394/394 tox|[from] move: Wish|[wisher] Trumpet","|-damage|p1a: Trumpet|346/394 tox|[from] psn","|turn|22","|","|move|p2a: Aerodactyl|Earthquake|p1a: Trumpet","|-damage|p1a: Trumpet|212/394 tox","|-damage|p2a: Aerodactyl|87/301|[from] item: Life Orb","|move|p1a: Trumpet|Hyper Voice|p2a: Aerodactyl","|-damage|p2a: Aerodactyl|0 fnt","|faint|p2a: Aerodactyl","|","|-heal|p1a: Trumpet|236/394 tox|[from] item: Leftovers","|-damage|p1a: Trumpet|164/394 tox|[from] psn","|","|win|Void Wiley"],"p1rating":{"entryid":"91212","serverid":"eos","formatid":"monotype","userid":"voidwiley","username":"Void Wiley","w":21,"l":"9","t":"0","gxe":67.4,"r":"1641.5525346484","rd":"63.489408363734","sigma":"0","rptime":"1440147600","rpr":1638.4465174973,"rprd":61.351086261412,"rpsigma":"0","acre":1239.5311407941,"lacre":1239.5311407941,"oldacre":"1219.8544282268"},"p2rating":{"entryid":"129353","serverid":"eos","formatid":"monotype","userid":"rainhoot","username":"Rain Hoot","w":"7","l":9,"t":"0","gxe":48.2,"r":"1421.1758888596","rd":"89.19862997338","sigma":"0","rptime":"1440147600","rpr":1485.7957951608,"rprd":77.773442539447,"rpsigma":"0","acre":1125.0482192597,"lacre":1125.0482192597,"oldacre":"1144.724931827"},"endType":"forfeit"}