{"seed":[45761,19397,35452,61980],"turns":30,"p1":"Inferno Sableye","p2":"Inferno Jit","p1team":[{"name":"Dom","species":"sableye","item":"sablenite","ability":"Prankster","moves":["shadowball","willowisp","recover","calmmind"],"nature":"Bold","evs":{"hp":252,"atk":0,"def":252,"spa":0,"spd":4,"spe":0},"gender":"M","ivs":{"hp":31,"atk":0,"def":31,"spa":31,"spd":31,"spe":31}},{"name":"Blades of Demise","species":"aegislash","item":"weaknesspolicy","ability":"Stance Change","moves":["kingsshield","swordsdance","ironhead","shadowsneak"],"nature":"Lonely","evs":{"hp":40,"atk":252,"def":0,"spa":0,"spd":0,"spe":216},"gender":"M","shiny":true,"ivs":{"hp":31,"atk":31,"def":31,"spa":31,"spd":31,"spe":31}},{"name":"Squidward","species":"jellicent","item":"leftovers","ability":"Cursed Body","moves":["toxic","scald","recover","ominouswind"],"nature":"Bold","evs":{"hp":40,"atk":252,"def":0,"spa":0,"spd":0,"spe":216},"gender":"M","ivs":{"hp":31,"atk":0,"def":31,"spa":31,"spd":31,"spe":31},"shiny":true},{"name":"Tomb","species":"golurk","item":"focussash","ability":"No Guard","moves":["stealthrock","stoneedge","dynamicpunch","thunderpunch"],"nature":"Adamant","evs":{"hp":40,"atk":252,"def":0,"spa":0,"spd":0,"spe":216},"shiny":true,"ivs":{"hp":31,"atk":31,"def":31,"spa":31,"spd":31,"spe":31}},{"name":"Gengar","species":"Gengar","item":"lifeorb","ability":"Levitate","moves":["substitute","sludgewave","shadowball","icywind"],"nature":"Timid","evs":{"hp":0,"atk":0,"def":0,"spa":252,"spd":4,"spe":252},"ivs":{"hp":31,"atk":31,"def":31,"spa":31,"spd":31,"spe":31}},{"name":"Hoopa Loopa","species":"hoopa","item":"choicescarf","ability":"Magician","moves":["shadowball","psychic","energyball","focusblast"],"nature":"Timid","evs":{"hp":0,"atk":0,"def":0,"spa":252,"spd":4,"spe":252},"ivs":{"hp":31,"atk":31,"def":31,"spa":31,"spd":31,"spe":31}}],"p2team":[{"name":"Pinsir","species":"Pinsir","item":"pinsirite","ability":"Moxie","moves":["feint","earthquake","frustration","swordsdance"],"nature":"Jolly","evs":{"hp":0,"atk":252,"def":0,"spa":0,"spd":4,"spe":252},"happiness":0,"ivs":{"hp":31,"atk":31,"def":31,"spa":31,"spd":31,"spe":31}},{"name":"Shuckle","species":"Shuckle","item":"mentalherb","ability":"Sturdy","moves":["stealthrock","stickyweb","toxic","encore"],"nature":"Calm","evs":{"hp":248,"atk":0,"def":8,"spa":0,"spd":252,"spe":0},"ivs":{"hp":31,"atk":31,"def":31,"spa":31,"spd":31,"spe":31}},{"name":"Volcarona","species":"Volcarona","item":"lumberry","ability":"Flame Body","moves":["quiverdance","roost","hiddenpowerground","fierydance"],"nature":"Bold","evs":{"hp":248,"atk":0,"def":208,"spa":0,"spd":0,"spe":52},"ivs":{"hp":31,"atk":0,"def":31,"spa":30,"spd":30,"spe":31}},{"name":"Scizor","species":"Scizor","item":"leftovers","ability":"Technician","moves":["bulletpunch","uturn","roost","defog"],"nature":"Impish","evs":{"hp":248,"atk":8,"def":252,"spa":0,"spd":0,"spe":0},"ivs":{"hp":31,"atk":31,"def":31,"spa":31,"spd":31,"spe":31}},{"name":"Heracross","species":"Heracross","item":"choicescarf","ability":"Moxie","moves":["closecombat","earthquake","megahorn","stoneedge"],"nature":"Jolly","evs":{"hp":0,"atk":252,"def":4,"spa":0,"spd":0,"spe":252},"ivs":{"hp":31,"atk":31,"def":31,"spa":31,"spd":31,"spe":31}},{"name":"Galvantula","species":"Galvantula","item":"lifeorb","ability":"Swarm","moves":["thunderbolt","bugbuzz","spiderweb","pinmissile"],"nature":"Hasty","evs":{"hp":0,"atk":4,"def":0,"spa":252,"spd":0,"spe":252},"ivs":{"hp":31,"atk":31,"def":31,"spa":31,"spd":31,"spe":31}}],"log":["|player|p1|Inferno Sableye|infernosableye.gif","|player|p2|Inferno Jit|250","|gametype|singles","|gen|6","|tier|Monotype","|rated","|rule|Baton Pass Clause: Limit one Baton Passer, can't pass Spe and other stats simultaneously","|rule|Swagger Clause: Swagger is banned","|rule|Same Type Clause: Pokémon in a team must share a type","|clearpoke","|poke|p1|Sableye, M","|poke|p1|Aegislash, M, shiny","|poke|p1|Jellicent, M, shiny","|poke|p1|Golurk, shiny","|poke|p1|Gengar, F","|poke|p1|Hoopa","|poke|p2|Pinsir, M","|poke|p2|Shuckle, F","|poke|p2|Volcarona, F","|poke|p2|Scizor, M","|poke|p2|Heracross, M","|poke|p2|Galvantula, F","|rule|Sleep Clause Mod: Limit one foe put to sleep","|rule|Species Clause: Limit one of each Pokémon","|rule|OHKO Clause: OHKO moves are banned","|rule|Moody Clause: Moody is banned","|rule|Evasion Moves Clause: Evasion moves are banned","|rule|Endless Battle Clause: Forcing endless battles is banned","|rule|HP Percentage Mod: HP is shown in percentages","|teampreview","|","|start","|switch|p1a: Hoopa Loopa|Hoopa|301/301","|switch|p2a: Shuckle|Shuckle, F|243/243","|turn|1","|","|move|p1a: Hoopa Loopa|Shadow Ball|p2a: Shuckle","|-damage|p2a: Shuckle|185/243","|-unboost|p2a: Shuckle|spd|1","|move|p2a: Shuckle|Sticky Web|p1a: Hoopa Loopa","|-sidestart|p1: Inferno Sableye|move: Sticky Web","|","|turn|2","|","|move|p1a: Hoopa Loopa|Shadow Ball|p2a: Shuckle","|-damage|p2a: Shuckle|89/243","|move|p2a: Shuckle|Stealth Rock|p1a: Hoopa Loopa","|-sidestart|p1: Inferno Sableye|move: Stealth Rock","|","|turn|3","|","|move|p1a: Hoopa Loopa|Shadow Ball|p2a: Shuckle","|-damage|p2a: Shuckle|2/243","|-unboost|p2a: Shuckle|spd|1","|move|p2a: Shuckle|Toxic|p1a: Hoopa Loopa|[miss]","|-miss|p2a: Shuckle|p1a: Hoopa Loopa","|","|turn|4","|","|move|p1a: Hoopa Loopa|Shadow Ball|p2a: Shuckle","|-crit|p2a: Shuckle","|-damage|p2a: Shuckle|0 fnt","|faint|p2a: Shuckle","|","|","|switch|p2a: Galvantula|Galvantula, F|281/281","|turn|5","|","|move|p1a: Hoopa Loopa|Shadow Ball|p2a: Galvantula","|-damage|p2a: Galvantula|49/281","|move|p2a: Galvantula|Pin Missile|p1a: Hoopa Loopa","|-damage|p1a: Hoopa Loopa|235/301","|-damage|p1a: Hoopa Loopa|157/301","|-damage|p1a: Hoopa Loopa|89/301","|-hitcount|p1a: Hoopa Loopa|3","|-damage|p2a: Galvantula|21/281|[from] item: Life Orb","|","|turn|6","|","|move|p1a: Hoopa Loopa|Shadow Ball|p2a: Galvantula","|-damage|p2a: Galvantula|0 fnt","|faint|p2a: Galvantula","|","|","|switch|p2a: Heracross|Heracross, M|301/301","|turn|7","|","|move|p2a: Heracross|Megahorn|p1a: Hoopa Loopa","|-damage|p1a: Hoopa Loopa|0 fnt","|faint|p1a: Hoopa Loopa","|-boost|p2a: Heracross|atk|1|[from] ability: Moxie","|","|","|switch|p1a: Dom|Sableye, M|304/304","|-activate|p1a: Dom|move: Sticky Web","|-unboost|p1a: Dom|spe|1","|-damage|p1a: Dom|266/304|[from] Stealth Rock","|turn|8","|","|detailschange|p1a: Dom|Sableye-Mega, M","|-mega|p1a: Dom|Sableye|Sablenite","|move|p1a: Dom|Will-O-Wisp|p2a: Heracross","|-status|p2a: Heracross|brn","|move|p2a: Heracross|Megahorn|p1a: Dom","|-damage|p1a: Dom|176/304","|","|-damage|p2a: Heracross|264/301 brn|[from] brn","|turn|9","|","|move|p2a: Heracross|Megahorn|p1a: Dom","|-damage|p1a: Dom|82/304","|move|p1a: Dom|Recover|p1a: Dom","|-heal|p1a: Dom|234/304","|","|-damage|p2a: Heracross|227/301 brn|[from] brn","|turn|10","|","|switch|p1a: Gengar|Gengar, F|261/261","|-damage|p1a: Gengar|229/261|[from] Stealth Rock","|move|p2a: Heracross|Megahorn|p1a: Gengar","|-resisted|p1a: Gengar","|-damage|p1a: Gengar|174/261","|","|-damage|p2a: Heracross|190/301 brn|[from] brn","|turn|11","|","|switch|p2a: Volcarona|Volcarona, F|373/373","|move|p1a: Gengar|Icy Wind|p2a: Volcarona","|-resisted|p2a: Volcarona","|-damage|p2a: Volcarona|335/373","|-unboost|p2a: Volcarona|spe|1","|-damage|p1a: Gengar|148/261|[from] item: Life Orb","|","|turn|12","|","|move|p1a: Gengar|Shadow Ball|p2a: Volcarona","|-damage|p2a: Volcarona|167/373","|-unboost|p2a: Volcarona|spd|1","|-damage|p1a: Gengar|122/261|[from] item: Life Orb","|move|p2a: Volcarona|Quiver Dance|p2a: Volcarona","|-boost|p2a: Volcarona|spa|1","|-boost|p2a: Volcarona|spd|1","|-boost|p2a: Volcarona|spe|1","|","|turn|13","|","|move|p1a: Gengar|Shadow Ball|p2a: Volcarona","|-damage|p2a: Volcarona|0 fnt","|-damage|p1a: Gengar|96/261|[from] item: Life Orb","|faint|p2a: Volcarona","|","|","|switch|p2a: Scizor|Scizor, M|343/343","|turn|14","|","|move|p2a: Scizor|Bullet Punch|p1a: Gengar","|-damage|p1a: Gengar|0 fnt","|faint|p1a: Gengar","|","|","|switch|p1a: Squidward|Jellicent, M, shiny|351/351","|-damage|p1a: Squidward|308/351|[from] Stealth Rock","|-activate|p1a: Squidward|move: Sticky Web","|-unboost|p1a: Squidward|spe|1","|turn|15","|","|move|p2a: Scizor|Bullet Punch|p1a: Squidward","|-resisted|p1a: Squidward","|-damage|p1a: Squidward|251/351","|move|p1a: Squidward|Scald|p2a: Scizor","|-damage|p2a: Scizor|238/343","|-status|p2a: Scizor|brn","|","|-heal|p2a: Scizor|259/343 brn|[from] item: Leftovers","|-heal|p1a: Squidward|272/351|[from] item: Leftovers","|-damage|p2a: Scizor|217/343 brn|[from] brn","|turn|16","|","|move|p2a: Scizor|U-turn|p1a: Squidward","|-resisted|p1a: Squidward","|-damage|p1a: Squidward|239/351","|","|switch|p2a: Pinsir|Pinsir, M|271/271","|move|p1a: Squidward|Ominous Wind|p2a: Pinsir","|-damage|p2a: Pinsir|189/271","|","|-heal|p1a: Squidward|260/351|[from] item: Leftovers","|turn|17","|","|detailschange|p2a: Pinsir|Pinsir-Mega, M","|-mega|p2a: Pinsir|Pinsir|Pinsirite","|move|p2a: Pinsir|Earthquake|p1a: Squidward","|-damage|p1a: Squidward|89/351","|move|p1a: Squidward|Scald|p2a: Pinsir","|-damage|p2a: Pinsir|95/271","|-status|p2a: Pinsir|brn","|","|-heal|p1a: Squidward|110/351|[from] item: Leftovers","|-damage|p2a: Pinsir|62/271 brn|[from] brn","|turn|18","|","|move|p2a: Pinsir|Earthquake|p1a: Squidward","|-damage|p1a: Squidward|29/351","|move|p1a: Squidward|Recover|p1a: Squidward","|-heal|p1a: Squidward|205/351","|","|-heal|p1a: Squidward|226/351|[from] item: Leftovers","|-damage|p2a: Pinsir|29/271 brn|[from] brn","|turn|19","|","|move|p2a: Pinsir|Frustration|p1a: Squidward","|-damage|p1a: Squidward|68/351","|move|p1a: Squidward|Recover|p1a: Squidward","|-heal|p1a: Squidward|244/351","|","|-heal|p1a: Squidward|265/351|[from] item: Leftovers","|-damage|p2a: Pinsir|0 fnt|[from] brn","|faint|p2a: Pinsir","|","|switch|p2a: Scizor|Scizor, M|217/343 brn","|turn|20","|","|move|p2a: Scizor|Roost|p2a: Scizor","|-heal|p2a: Scizor|343/343 brn","|move|p1a: Squidward|Recover|p1a: Squidward","|-heal|p1a: Squidward|351/351","|","|-damage|p2a: Scizor|301/343 brn|[from] brn","|turn|21","|","|move|p2a: Scizor|Defog|p1a: Squidward","|-unboost|p1a: Squidward|evasion|1","|-sideend|p1: Inferno Sableye|Stealth Rock|[from] move: Defog|[of] p1a: Squidward","|-sideend|p1: Inferno Sableye|Sticky Web|[from] move: Defog|[of] p1a: Squidward","|move|p1a: Squidward|Ominous Wind|p2a: Scizor","|-damage|p2a: Scizor|228/343 brn","|","|-heal|p2a: Scizor|249/343 brn|[from] item: Leftovers","|-damage|p2a: Scizor|207/343 brn|[from] brn","|turn|22","|","|move|p2a: Scizor|Bullet Punch|p1a: Squidward","|-resisted|p1a: Squidward","|-damage|p1a: Squidward|326/351","|move|p1a: Squidward|Ominous Wind|p2a: Scizor","|-damage|p2a: Scizor|131/343 brn","|","|-heal|p2a: Scizor|152/343 brn|[from] item: Leftovers","|-heal|p1a: Squidward|347/351|[from] item: Leftovers","|-damage|p2a: Scizor|110/343 brn|[from] brn","|turn|23","|","|move|p2a: Scizor|Roost|p2a: Scizor","|-heal|p2a: Scizor|282/343 brn","|move|p1a: Squidward|Ominous Wind|p2a: Scizor","|-damage|p2a: Scizor|213/343 brn","|","|-heal|p2a: Scizor|234/343 brn|[from] item: Leftovers","|-heal|p1a: Squidward|351/351|[from] item: Leftovers","|-damage|p2a: Scizor|192/343 brn|[from] brn","|turn|24","|","|move|p2a: Scizor|U-turn|p1a: Squidward","|-resisted|p1a: Squidward","|-damage|p1a: Squidward|320/351","|","|switch|p2a: Heracross|Heracross, M|190/301 brn","|move|p1a: Squidward|Ominous Wind|p2a: Heracross","|-damage|p2a: Heracross|129/301 brn","|","|-heal|p1a: Squidward|341/351|[from] item: Leftovers","|-damage|p2a: Heracross|92/301 brn|[from] brn","|turn|25","|","|move|p2a: Heracross|Earthquake|p1a: Squidward","|-damage|p1a: Squidward|276/351","|move|p1a: Squidward|Ominous Wind|p2a: Heracross","|-damage|p2a: Heracross|26/301 brn","|","|-heal|p1a: Squidward|297/351|[from] item: Leftovers","|-damage|p2a: Heracross|0 fnt|[from] brn","|faint|p2a: Heracross","|","|switch|p2a: Scizor|Scizor, M|192/343 brn","|turn|26","|","|move|p2a: Scizor|Bullet Punch|p1a: Squidward","|-resisted|p1a: Squidward","|-damage|p1a: Squidward|272/351","|move|p1a: Squidward|Ominous Wind|p2a: Scizor","|-damage|p2a: Scizor|113/343 brn","|","|-heal|p2a: Scizor|134/343 brn|[from] item: Leftovers","|-heal|p1a: Squidward|293/351|[from] item: Leftovers","|-damage|p2a: Scizor|92/343 brn|[from] brn","|turn|27","|","|move|p2a: Scizor|Roost|p2a: Scizor","|-heal|p2a: Scizor|264/343 brn","|move|p1a: Squidward|Recover|p1a: Squidward","|-heal|p1a: Squidward|351/351","|","|-heal|p2a: Scizor|285/343 brn|[from] item: Leftovers","|-damage|p2a: Scizor|243/343 brn|[from] brn","|turn|28","|","|move|p2a: Scizor|U-turn|p1a: Squidward","|-resisted|p1a: Squidward","|-damage|p1a: Squidward|318/351","|move|p1a: Squidward|Ominous Wind|p2a: Scizor","|-damage|p2a: Scizor|171/343 brn","|","|-heal|p2a: Scizor|192/343 brn|[from] item: Leftovers","|-heal|p1a: Squidward|339/351|[from] item: Leftovers","|-damage|p2a: Scizor|150/343 brn|[from] brn","|turn|29","|","|move|p2a: Scizor|U-turn|p1a: Squidward","|-resisted|p1a: Squidward","|-damage|p1a: Squidward|309/351","|-start|p2a: Scizor|Disable|U-turn","|move|p1a: Squidward|Scald|p2a: Scizor","|-damage|p2a: Scizor|56/343 brn","|","|-heal|p2a: Scizor|77/343 brn|[from] item: Leftovers","|-heal|p1a: Squidward|330/351|[from] item: Leftovers","|-damage|p2a: Scizor|35/343 brn|[from] brn","|turn|30","|","|move|p2a: Scizor|Bullet Punch|p1a: Squidward","|-crit|p1a: Squidward","|-resisted|p1a: Squidward","|-damage|p1a: Squidward|288/351","|move|p1a: Squidward|Scald|p2a: Scizor","|-damage|p2a: Scizor|0 fnt","|faint|p2a: Scizor","|","|win|Inferno Sableye"],"p1rating":{"entryid":"83803","serverid":"eos","formatid":"monotype","userid":"infernosableye","username":"Inferno Sableye","w":22,"l":"7","t":"0","gxe":71.1,"r":"1662.8474925572","rd":"72.058346226027","sigma":"0","rptime":"1440061200","rpr":1671.7960803131,"rprd":62.313902804209,"rpsigma":"0","acre":1267.9682235064,"lacre":1267.9682235064,"oldacre":"1258.7690947048"},"p2rating":{"entryid":"224575","serverid":"eos","formatid":"monotype","userid":"infernojit","username":"Inferno Jit","w":"0","l":3,"t":"0","gxe":39.4,"r":"1500","rd":"130","sigma":"0","rptime":"1440061200","rpr":1415.1437833517,"rprd":111.14786723043,"rpsigma":"0","acre":1000,"lacre":1000,"oldacre":"1000"},"endType":"normal"}