{"seed":[35185,38795,7933,4894],"turns":20,"p1":"TTIL-amb64","p2":"Suichika","p1team":[{"name":"Absol","species":"Absol","item":"scopelens","ability":"Super Luck","moves":["nightslash","psychocut","stoneedge","playrough"],"nature":"Jolly","evs":{"hp":0,"atk":252,"def":0,"spa":0,"spd":4,"spe":252},"ivs":{"hp":31,"atk":31,"def":31,"spa":31,"spd":31,"spe":31}},{"name":"Sableye","species":"Sableye","item":"blacksludge","ability":"Prankster","moves":["trick","willowisp","shadowsneak","recover"],"nature":"Careful","evs":{"hp":252,"atk":4,"def":0,"spa":0,"spd":252,"spe":0},"ivs":{"hp":31,"atk":31,"def":31,"spa":31,"spd":31,"spe":31}},{"name":"Bisharp","species":"Bisharp","item":"focussash","ability":"Defiant","moves":["suckerpunch","ironhead","swordsdance","stealthrock"],"nature":"Jolly","evs":{"hp":0,"atk":252,"def":0,"spa":0,"spd":4,"spe":252},"ivs":{"hp":31,"atk":31,"def":31,"spa":31,"spd":31,"spe":31}},{"name":"Krookodile","species":"Krookodile","item":"choicescarf","ability":"Moxie","moves":["earthquake","aquatail","crunch","brickbreak"],"nature":"Adamant","evs":{"hp":0,"atk":252,"def":0,"spa":0,"spd":4,"spe":252},"ivs":{"hp":31,"atk":31,"def":31,"spa":31,"spd":31,"spe":31}},{"name":"Weavile","species":"Weavile","item":"focussash","ability":"Pickpocket","moves":["swordsdance","fakeout","iciclecrash","knockoff"],"nature":"Jolly","evs":{"hp":0,"atk":252,"def":0,"spa":0,"spd":4,"spe":252},"ivs":{"hp":31,"atk":31,"def":31,"spa":31,"spd":31,"spe":31}},{"name":"Tyranitar","species":"Tyranitar","item":"tyranitarite","ability":"Sand Stream","moves":["rockpolish","thunderpunch","stoneedge","firepunch"],"nature":"Adamant","evs":{"hp":152,"atk":252,"def":4,"spa":0,"spd":60,"spe":40},"ivs":{"hp":31,"atk":31,"def":31,"spa":31,"spd":31,"spe":31}}],"p2team":[{"name":"Bellossom","species":"Bellossom","item":"choicespecs","ability":"Chlorophyll","moves":["leafstorm","gigadrain","moonblast","hiddenpowerfire"],"nature":"Modest","evs":{"hp":92,"atk":0,"def":0,"spa":252,"spd":4,"spe":160},"ivs":{"hp":31,"atk":30,"def":31,"spa":30,"spd":31,"spe":30}},{"name":"Abomasnow","species":"Abomasnow","item":"abomasite","ability":"Snow Warning","moves":["iceshard","swordsdance","earthquake","woodhammer"],"nature":"Adamant","evs":{"hp":248,"atk":252,"def":0,"spa":0,"spd":8,"spe":0},"ivs":{"hp":31,"atk":31,"def":31,"spa":31,"spd":31,"spe":31}},{"name":"Roserade","species":"Roserade","item":"choicescarf","ability":"Technician","moves":["hiddenpowerrock","extrasensory","sludgebomb","gigadrain"],"nature":"Timid","evs":{"hp":0,"atk":0,"def":0,"spa":252,"spd":4,"spe":252},"ivs":{"hp":31,"atk":31,"def":30,"spa":31,"spd":30,"spe":30}},{"name":"Shiftry","species":"Shiftry","item":"lifeorb","ability":"Chlorophyll","moves":["fakeout","suckerpunch","knockoff","leafblade"],"nature":"Adamant","evs":{"hp":0,"atk":252,"def":0,"spa":0,"spd":4,"spe":252},"ivs":{"hp":31,"atk":31,"def":31,"spa":31,"spd":31,"spe":31}},{"name":"Ferrothorn","species":"Ferrothorn","item":"occaberry","ability":"Iron Barbs","moves":["stealthrock","thunderwave","knockoff","gyroball"],"nature":"Impish","evs":{"hp":252,"atk":0,"def":88,"spa":0,"spd":168,"spe":0},"ivs":{"hp":31,"atk":31,"def":31,"spa":31,"spd":31,"spe":31}},{"name":"Breloom","species":"Breloom","item":"focussash","ability":"Technician","moves":["spore","machpunch","bulletseed","rocktomb"],"nature":"Jolly","evs":{"hp":0,"atk":252,"def":0,"spa":0,"spd":4,"spe":252},"ivs":{"hp":31,"atk":31,"def":31,"spa":31,"spd":31,"spe":31}}],"log":["|player|p1|TTIL-amb64|153","|player|p2|Suichika|265","|gametype|singles","|gen|6","|tier|Monotype","|rated","|rule|Baton Pass Clause: Limit one Baton Passer, can't pass Spe and other stats simultaneously","|rule|Swagger Clause: Swagger is banned","|rule|Same Type Clause: Pokémon in a team must share a type","|clearpoke","|poke|p1|Absol, F","|poke|p1|Sableye, F","|poke|p1|Bisharp, F","|poke|p1|Krookodile, M","|poke|p1|Weavile, M","|poke|p1|Tyranitar, M","|poke|p2|Bellossom, M","|poke|p2|Abomasnow, M","|poke|p2|Roserade, F","|poke|p2|Shiftry, F","|poke|p2|Ferrothorn, F","|poke|p2|Breloom, M","|rule|Sleep Clause Mod: Limit one foe put to sleep","|rule|Species Clause: Limit one of each Pokémon","|rule|OHKO Clause: OHKO moves are banned","|rule|Moody Clause: Moody is banned","|rule|Evasion Moves Clause: Evasion moves are banned","|rule|Endless Battle Clause: Forcing endless battles is banned","|rule|HP Percentage Mod: HP is shown in percentages","|teampreview","|","|start","|switch|p1a: Sableye|Sableye, F|304/304","|switch|p2a: Bellossom|Bellossom, M|314/314","|turn|1","|","|move|p1a: Sableye|Trick|p2a: Bellossom","|-activate|p1a: Sableye|move: Trick|[of] p2a: Bellossom","|-item|p2a: Bellossom|Black Sludge|[from] move: Trick","|-item|p1a: Sableye|Choice Specs|[from] move: Trick","|move|p2a: Bellossom|Moonblast|p1a: Sableye","|-supereffective|p1a: Sableye","|-damage|p1a: Sableye|130/304","|-unboost|p1a: Sableye|spa|1","|","|-damage|p2a: Bellossom|275/314|[from] item: Black Sludge","|turn|2","|","|move|p1a: Sableye|Will-O-Wisp|p2a: Bellossom","|-status|p2a: Bellossom|brn","|move|p2a: Bellossom|Moonblast|p1a: Sableye","|-supereffective|p1a: Sableye","|-damage|p1a: Sableye|0 fnt","|faint|p1a: Sableye","|","|-damage|p2a: Bellossom|236/314 brn|[from] item: Black Sludge","|-damage|p2a: Bellossom|197/314 brn|[from] brn","|","|switch|p1a: Weavile|Weavile, M|281/281","|turn|3","|","|move|p1a: Weavile|Fake Out|p2a: Bellossom","|-damage|p2a: Bellossom|152/314 brn","|cant|p2a: Bellossom|flinch","|","|-damage|p2a: Bellossom|113/314 brn|[from] item: Black Sludge","|-damage|p2a: Bellossom|74/314 brn|[from] brn","|turn|4","|","|move|p1a: Weavile|Knock Off|p2a: Bellossom","|-damage|p2a: Bellossom|0 fnt","|-enditem|p2a: Bellossom|Black Sludge|[from] move: Knock Off|[of] p1a: Weavile","|faint|p2a: Bellossom","|","|","|switch|p2a: Ferrothorn|Ferrothorn, F|352/352","|turn|5","|","|move|p1a: Weavile|Knock Off|p2a: Ferrothorn","|-damage|p2a: Ferrothorn|235/352","|-damage|p1a: Weavile|246/281|[from] ability: Iron Barbs|[of] p2a: Ferrothorn","|-enditem|p2a: Ferrothorn|Occa Berry|[from] move: Knock Off|[of] p1a: Weavile","|move|p2a: Ferrothorn|Thunder Wave|p1a: Weavile","|-status|p1a: Weavile|par","|","|turn|6","|","|cant|p1a: Weavile|par","|move|p2a: Ferrothorn|Stealth Rock|p1a: Weavile","|-sidestart|p1: TTIL-amb64|move: Stealth Rock","|","|turn|7","|","|cant|p1a: Weavile|par","|move|p2a: Ferrothorn|Gyro Ball|p1a: Weavile","|-supereffective|p1a: Weavile","|-damage|p1a: Weavile|154/281 par","|","|turn|8","|","|move|p1a: Weavile|Icicle Crash|p2a: Ferrothorn","|-damage|p2a: Ferrothorn|135/352","|move|p2a: Ferrothorn|Knock Off|p1a: Weavile","|-resisted|p1a: Weavile","|-damage|p1a: Weavile|106/281 par","|-enditem|p1a: Weavile|Focus Sash|[from] move: Knock Off|[of] p2a: Ferrothorn","|","|turn|9","|","|cant|p1a: Weavile|par","|move|p2a: Ferrothorn|Gyro Ball|p1a: Weavile","|-supereffective|p1a: Weavile","|-damage|p1a: Weavile|10/281 par","|","|turn|10","|","|move|p1a: Weavile|Icicle Crash|p2a: Ferrothorn","|-damage|p2a: Ferrothorn|33/352","|cant|p2a: Ferrothorn|flinch","|","|turn|11","|","|move|p1a: Weavile|Icicle Crash|p2a: Ferrothorn","|-damage|p2a: Ferrothorn|0 fnt","|faint|p2a: Ferrothorn","|","|","|switch|p2a: Abomasnow|Abomasnow, M|383/383","|-weather|Hail","|turn|12","|","|detailschange|p2a: Abomasnow|Abomasnow-Mega, M","|-mega|p2a: Abomasnow|Abomasnow|Abomasite","|move|p2a: Abomasnow|Ice Shard|p1a: Weavile","|-resisted|p1a: Weavile","|-damage|p1a: Weavile|0 fnt","|faint|p1a: Weavile","|","|-weather|Hail|[upkeep]","|","|switch|p1a: Absol|Absol, F|271/271","|-damage|p1a: Absol|238/271|[from] Stealth Rock","|turn|13","|","|move|p1a: Absol|Stone Edge|p2a: Abomasnow","|-crit|p2a: Abomasnow","|-supereffective|p2a: Abomasnow","|-damage|p2a: Abomasnow|67/383","|move|p2a: Abomasnow|Wood Hammer|p1a: Absol","|-damage|p1a: Absol|0 fnt","|-damage|p2a: Abomasnow|0 fnt|[from] recoil|[of] p1a: Absol","|faint|p1a: Absol","|faint|p2a: Abomasnow","|","|-weather|Hail|[upkeep]","|","|switch|p2a: Shiftry|Shiftry, F|321/321","|switch|p1a: Tyranitar|Tyranitar, M|379/379","|-damage|p1a: Tyranitar|332/379|[from] Stealth Rock","|-weather|Sandstorm","|turn|14","|","|detailschange|p1a: Tyranitar|Tyranitar-Mega, M","|-mega|p1a: Tyranitar|Tyranitar|Tyranitarite","|move|p2a: Shiftry|Fake Out|p1a: Tyranitar","|-resisted|p1a: Tyranitar","|-damage|p1a: Tyranitar|311/379","|-damage|p2a: Shiftry|289/321|[from] item: Life Orb","|cant|p1a: Tyranitar|flinch","|","|-weather|Sandstorm|[upkeep]","|-damage|p2a: Shiftry|269/321|[from] sandstorm","|turn|15","|","|move|p2a: Shiftry|Leaf Blade|p1a: Tyranitar","|-crit|p1a: Tyranitar","|-supereffective|p1a: Tyranitar","|-damage|p1a: Tyranitar|0 fnt","|-damage|p2a: Shiftry|237/321|[from] item: Life Orb","|faint|p1a: Tyranitar","|","|-weather|Sandstorm|[upkeep]","|-damage|p2a: Shiftry|217/321|[from] sandstorm","|","|switch|p1a: Bisharp|Bisharp, F|271/271","|-damage|p1a: Bisharp|255/271|[from] Stealth Rock","|turn|16","|","|move|p1a: Bisharp|Swords Dance|p1a: Bisharp","|-boost|p1a: Bisharp|atk|2","|move|p2a: Shiftry|Knock Off|p1a: Bisharp","|-resisted|p1a: Bisharp","|-damage|p1a: Bisharp|147/271","|-enditem|p1a: Bisharp|Focus Sash|[from] move: Knock Off|[of] p2a: Shiftry","|-damage|p2a: Shiftry|185/321|[from] item: Life Orb","|","|-weather|Sandstorm|[upkeep]","|-damage|p2a: Shiftry|165/321|[from] sandstorm","|turn|17","|","|move|p1a: Bisharp|Iron Head|p2a: Shiftry","|-damage|p2a: Shiftry|0 fnt","|faint|p2a: Shiftry","|","|-weather|Sandstorm|[upkeep]","|","|switch|p2a: Breloom|Breloom, M|261/261","|turn|18","|","|move|p1a: Bisharp|Sucker Punch|p2a: Breloom","|-resisted|p2a: Breloom","|-damage|p2a: Breloom|81/261","|move|p2a: Breloom|Mach Punch|p1a: Bisharp","|-supereffective|p1a: Bisharp","|-damage|p1a: Bisharp|0 fnt","|faint|p1a: Bisharp","|","|-weather|none","|","|switch|p1a: Krookodile|Krookodile, M|331/331","|-damage|p1a: Krookodile|311/331|[from] Stealth Rock","|turn|19","|","|move|p2a: Breloom|Mach Punch|p1a: Krookodile","|-supereffective|p1a: Krookodile","|-damage|p1a: Krookodile|33/331","|move|p1a: Krookodile|Crunch|p2a: Breloom","|-resisted|p2a: Breloom","|-damage|p2a: Breloom|0 fnt","|faint|p2a: Breloom","|-boost|p1a: Krookodile|atk|1|[from] ability: Moxie","|","|","|switch|p2a: Roserade|Roserade, F|261/261","|turn|20","|","|move|p2a: Roserade|Giga Drain|p1a: Krookodile","|-supereffective|p1a: Krookodile","|-damage|p1a: Krookodile|0 fnt","|faint|p1a: Krookodile","|","|win|Suichika"],"p1rating":{"entryid":"274777","serverid":"eos","formatid":"monotype","userid":"ttilamb64","username":"TTIL-amb64","w":"0","l":3,"t":"0","gxe":35.6,"r":"1500","rd":"130","sigma":"0","rptime":"1440147600","rpr":1383.0799213126,"rprd":110.94199440185,"rpsigma":"0","acre":1000,"lacre":1000,"oldacre":"1000"},"p2rating":{"entryid":"158116","serverid":"eos","formatid":"monotype","userid":"suichika","username":"Suichika","w":6,"l":"7","t":"0","gxe":47.3,"r":"1397.9507165891","rd":"99.397110185641","sigma":"0","rptime":"1440147600","rpr":1479.0213219311,"rprd":81.835903144037,"rpsigma":"0","acre":1114.1365795908,"lacre":1114.1365795908,"oldacre":"1095.3130012942"},"endType":"normal"}