{"seed":[45351,10267,57504,34766],"turns":22,"p1":"LTIL-maz","p2":"Guard Wulf - ⓓⓔⓐⓓ","p1team":[{"name":"Geist","species":"gengar","item":"choicescarf","ability":"Levitate","moves":["shadowball","sludgebomb","thunderbolt","dazzlinggleam"],"nature":"Timid","evs":{"hp":0,"atk":0,"def":0,"spa":252,"spd":4,"spe":252},"gender":"M","ivs":{"hp":31,"atk":31,"def":31,"spa":31,"spd":31,"spe":31}},{"name":"Lumiere","species":"chandelure","item":"choicespecs","ability":"Flame Body","moves":["flamethrower","shadowball","psychic","energyball"],"nature":"Modest","evs":{"hp":0,"atk":0,"def":0,"spa":252,"spd":4,"spe":252},"gender":"M","ivs":{"hp":31,"atk":31,"def":31,"spa":31,"spd":31,"spe":31}},{"name":"Yandere","species":"sableye","item":"sablenite","ability":"Prankster","moves":["calmmind","recover","willowisp","shadowball"],"nature":"Bold","evs":{"hp":248,"atk":0,"def":252,"spa":8,"spd":0,"spe":0},"gender":"F","ivs":{"hp":31,"atk":31,"def":31,"spa":31,"spd":31,"spe":31}},{"name":"Hollow","species":"trevenant","item":"sitrusberry","ability":"Harvest","moves":["honeclaws","hornleech","protect","shadowclaw"],"nature":"Adamant","evs":{"hp":248,"atk":252,"def":0,"spa":0,"spd":8,"spe":0},"gender":"M","ivs":{"hp":31,"atk":31,"def":31,"spa":31,"spd":31,"spe":31}},{"name":"Gaia","species":"golurk","item":"assaultvest","ability":"Iron Fist","moves":["drainpunch","earthquake","icepunch","shadowpunch"],"nature":"Adamant","evs":{"hp":248,"atk":252,"def":0,"spa":0,"spd":8,"spe":0},"ivs":{"hp":31,"atk":31,"def":31,"spa":31,"spd":31,"spe":31}},{"name":"Masamune","species":"aegislash","item":"weaknesspolicy","ability":"Stance Change","moves":["kingsshield","shadowsneak","ironhead","sacredsword"],"nature":"Adamant","evs":{"hp":248,"atk":252,"def":0,"spa":0,"spd":8,"spe":0},"gender":"M","ivs":{"hp":31,"atk":31,"def":31,"spa":31,"spd":31,"spe":31}}],"p2team":[{"name":"Reuniclus","species":"Reuniclus","item":"lifeorb","ability":"Magic Guard","moves":["trickroom","psychic","shadowball","focusblast"],"nature":"Quiet","evs":{"hp":248,"atk":0,"def":0,"spa":252,"spd":8,"spe":0},"ivs":{"hp":31,"atk":31,"def":31,"spa":31,"spd":31,"spe":0}},{"name":"Slowbro","species":"Slowbro","item":"leftovers","ability":"Regenerator","moves":["scald","flamethrower","slackoff","thunderwave"],"nature":"Bold","evs":{"hp":252,"atk":0,"def":252,"spa":4,"spd":0,"spe":0},"ivs":{"hp":31,"atk":31,"def":31,"spa":31,"spd":31,"spe":31}},{"name":"Meloetta","species":"Meloetta","item":"leftovers","ability":"Serene Grace","moves":["dazzlinggleam","hypervoice","healbell","thunderwave"],"nature":"Calm","evs":{"hp":252,"atk":0,"def":4,"spa":0,"spd":252,"spe":0},"ivs":{"hp":31,"atk":31,"def":31,"spa":31,"spd":31,"spe":31}},{"name":"Gardevoir","species":"Gardevoir","item":"gardevoirite","ability":"Trace","moves":["hypervoice","substitute","focusblast","thunderbolt"],"nature":"Timid","evs":{"hp":0,"atk":0,"def":4,"spa":252,"spd":0,"spe":252},"ivs":{"hp":31,"atk":31,"def":31,"spa":31,"spd":31,"spe":31}},{"name":"Hoopa-Unbound","species":"Hoopa-Unbound","item":"choicescarf","ability":"Magician","moves":["hyperspacefury","drainpunch","knockoff","firepunch"],"nature":"Jolly","evs":{"hp":0,"atk":252,"def":0,"spa":0,"spd":4,"spe":252},"ivs":{"hp":31,"atk":31,"def":31,"spa":31,"spd":31,"spe":31}},{"name":"Latios","species":"Latios","item":"choicespecs","ability":"Levitate","moves":["dracometeor","psyshock","hiddenpowerfire","trick"],"nature":"Timid","evs":{"hp":0,"atk":0,"def":0,"spa":252,"spd":4,"spe":252},"ivs":{"hp":31,"atk":30,"def":31,"spa":30,"spd":31,"spe":30}}],"log":["|player|p1|LTIL-maz|1","|player|p2|Guard Wulf - ⓓⓔⓐⓓ|143","|gametype|singles","|gen|6","|tier|Monotype","|rated","|rule|Baton Pass Clause: Limit one Baton Passer, can't pass Spe and other stats simultaneously","|rule|Swagger Clause: Swagger is banned","|rule|Same Type Clause: Pokémon in a team must share a type","|clearpoke","|poke|p1|Gengar, M","|poke|p1|Chandelure, M","|poke|p1|Sableye, F","|poke|p1|Trevenant, M","|poke|p1|Golurk","|poke|p1|Aegislash, M","|poke|p2|Reuniclus, F","|poke|p2|Slowbro, F","|poke|p2|Meloetta","|poke|p2|Gardevoir, M","|poke|p2|Hoopa-Unbound","|poke|p2|Latios, M","|rule|Sleep Clause Mod: Limit one foe put to sleep","|rule|Species Clause: Limit one of each Pokémon","|rule|OHKO Clause: OHKO moves are banned","|rule|Moody Clause: Moody is banned","|rule|Evasion Moves Clause: Evasion moves are banned","|rule|Endless Battle Clause: Forcing endless battles is banned","|rule|HP Percentage Mod: HP is shown in percentages","|teampreview","|","|start","|switch|p1a: Geist|Gengar, M|261/261","|switch|p2a: Latios|Latios, M|301/301","|turn|1","|","|move|p1a: Geist|Shadow Ball|p2a: Latios","|-supereffective|p2a: Latios","|-damage|p2a: Latios|41/301","|-unboost|p2a: Latios|spd|1","|move|p2a: Latios|Psyshock|p1a: Geist","|-supereffective|p1a: Geist","|-damage|p1a: Geist|0 fnt","|faint|p1a: Geist","|","|","|switch|p1a: Gaia|Golurk|381/381","|turn|2","|","|move|p2a: Latios|Psyshock|p1a: Gaia","|-damage|p1a: Gaia|125/381","|move|p1a: Gaia|Shadow Punch|p2a: Latios","|-supereffective|p2a: Latios","|-damage|p2a: Latios|0 fnt","|faint|p2a: Latios","|","|","|switch|p2a: Meloetta|Meloetta|404/404","|turn|3","|","|move|p2a: Meloetta|Dazzling Gleam|p1a: Gaia","|-damage|p1a: Gaia|65/381","|move|p1a: Gaia|Drain Punch|p2a: Meloetta","|-damage|p2a: Meloetta|272/404","|-heal|p1a: Gaia|131/381|[from] drain|[of] p2a: Meloetta","|","|-heal|p2a: Meloetta|297/404|[from] item: Leftovers","|turn|4","|","|switch|p2a: Slowbro|Slowbro, F|394/394","|move|p1a: Gaia|Ice Punch|p2a: Slowbro","|-resisted|p2a: Slowbro","|-damage|p2a: Slowbro|354/394","|","|-heal|p2a: Slowbro|378/394|[from] item: Leftovers","|turn|5","|","|move|p1a: Gaia|Earthquake|p2a: Slowbro","|-damage|p2a: Slowbro|240/394","|move|p2a: Slowbro|Scald|p1a: Gaia","|-supereffective|p1a: Gaia","|-damage|p1a: Gaia|0 fnt","|faint|p1a: Gaia","|","|-heal|p2a: Slowbro|264/394|[from] item: Leftovers","|","|switch|p1a: Lumiere|Chandelure, M|261/261","|turn|6","|","|switch|p2a: Meloetta|Meloetta|297/404","|move|p1a: Lumiere|Shadow Ball|p2a: Meloetta","|-immune|p2a: Meloetta|[msg]","|","|-heal|p2a: Meloetta|322/404|[from] item: Leftovers","|turn|7","|","|switch|p1a: Masamune|Aegislash, M|323/323","|move|p2a: Meloetta|Thunder Wave|p1a: Masamune","|-status|p1a: Masamune|par","|","|-heal|p2a: Meloetta|347/404|[from] item: Leftovers","|turn|8","|","|switch|p2a: Slowbro|Slowbro, F|394/394","|-formechange|p1a: Masamune|Aegislash-Blade","|move|p1a: Masamune|Iron Head|p2a: Slowbro","|-resisted|p2a: Slowbro","|-damage|p2a: Slowbro|335/394","|","|-heal|p2a: Slowbro|359/394|[from] item: Leftovers","|turn|9","|","|-formechange|p1a: Masamune|Aegislash","|cant|p1a: Masamune|par","|move|p2a: Slowbro|Scald|p1a: Masamune","|-damage|p1a: Masamune|259/323 par","|","|-heal|p2a: Slowbro|383/394|[from] item: Leftovers","|turn|10","|","|-formechange|p1a: Masamune|Aegislash-Blade","|cant|p1a: Masamune|par","|move|p2a: Slowbro|Flamethrower|p1a: Masamune","|-supereffective|p1a: Masamune","|-damage|p1a: Masamune|9/323 par","|-enditem|p1a: Masamune|Weakness Policy","|-boost|p1a: Masamune|atk|2|[from] item: Weakness Policy","|-boost|p1a: Masamune|spa|2|[from] item: Weakness Policy","|","|-heal|p2a: Slowbro|394/394|[from] item: Leftovers","|turn|11","|","|switch|p2a: Meloetta|Meloetta|347/404","|move|p1a: Masamune|Shadow Sneak|p2a: Meloetta","|-immune|p2a: Meloetta|[msg]","|","|-heal|p2a: Meloetta|372/404|[from] item: Leftovers","|turn|12","|","|move|p2a: Meloetta|Hyper Voice|p1a: Masamune","|-immune|p1a: Masamune|[msg]","|move|p1a: Masamune|Iron Head|p2a: Meloetta","|-damage|p2a: Meloetta|0 fnt","|faint|p2a: Meloetta","|","|","|switch|p2a: Gardevoir|Gardevoir, M|277/277","|turn|13","|","|switch|p2a: Slowbro|Slowbro, F|394/394","|move|p1a: Masamune|Shadow Sneak|p2a: Slowbro","|-supereffective|p2a: Slowbro","|-damage|p2a: Slowbro|140/394","|","|-heal|p2a: Slowbro|164/394|[from] item: Leftovers","|turn|14","|","|move|p1a: Masamune|Shadow Sneak|p2a: Slowbro","|-supereffective|p2a: Slowbro","|-damage|p2a: Slowbro|0 fnt","|faint|p2a: Slowbro","|","|","|switch|p2a: Hoopa-Unbound|Hoopa-Unbound|301/301","|turn|15","|","|cant|p1a: Masamune|par","|move|p2a: Hoopa-Unbound|Hyperspace Fury|p1a: Masamune","|-supereffective|p1a: Masamune","|-damage|p1a: Masamune|0 fnt","|-unboost|p2a: Hoopa-Unbound|def|1","|faint|p1a: Masamune","|","|","|switch|p1a: Yandere|Sableye, F|303/303","|turn|16","|","|switch|p2a: Reuniclus|Reuniclus, F|423/423","|move|p1a: Yandere|Calm Mind|p1a: Yandere","|-boost|p1a: Yandere|spa|1","|-boost|p1a: Yandere|spd|1","|","|turn|17","|","|switch|p2a: Gardevoir|Gardevoir, M|277/277","|-ability|p2a: Gardevoir|Prankster|[from] ability: Trace|[of] p1a: Yandere","|move|p1a: Yandere|Calm Mind|p1a: Yandere","|-boost|p1a: Yandere|spa|1","|-boost|p1a: Yandere|spd|1","|","|turn|18","|","|detailschange|p2a: Gardevoir|Gardevoir-Mega, M","|-mega|p2a: Gardevoir|Gardevoir|Gardevoirite","|detailschange|p1a: Yandere|Sableye-Mega, F","|-mega|p1a: Yandere|Sableye|Sablenite","|move|p2a: Gardevoir|Hyper Voice|p1a: Yandere","|-supereffective|p1a: Yandere","|-damage|p1a: Yandere|85/303","|move|p1a: Yandere|Shadow Ball|p2a: Gardevoir","|-supereffective|p2a: Gardevoir","|-damage|p2a: Gardevoir|35/277","|","|turn|19","|","|move|p2a: Gardevoir|Hyper Voice|p1a: Yandere","|-supereffective|p1a: Yandere","|-damage|p1a: Yandere|0 fnt","|faint|p1a: Yandere","|","|","|switch|p1a: Hollow|Trevenant, M|373/373","|turn|20","|","|move|p2a: Gardevoir|Hyper Voice|p1a: Hollow","|-damage|p1a: Hollow|84/373","|-enditem|p1a: Hollow|Sitrus Berry|[eat]","|-heal|p1a: Hollow|177/373|[from] item: Sitrus Berry","|move|p1a: Hollow|Shadow Claw|p2a: Gardevoir","|-supereffective|p2a: Gardevoir","|-damage|p2a: Gardevoir|0 fnt","|faint|p2a: Gardevoir","|","|-item|p1a: Hollow|Sitrus Berry|[from] ability: Harvest","|-enditem|p1a: Hollow|Sitrus Berry|[eat]","|-heal|p1a: Hollow|270/373|[from] item: Sitrus Berry","|","|switch|p2a: Hoopa-Unbound|Hoopa-Unbound|301/301","|turn|21","|","|move|p2a: Hoopa-Unbound|Knock Off|p1a: Hollow","|-supereffective|p1a: Hollow","|-damage|p1a: Hollow|0 fnt","|faint|p1a: Hollow","|","|","|switch|p1a: Lumiere|Chandelure, M|261/261","|turn|22","|","|move|p2a: Hoopa-Unbound|Knock Off|p1a: Lumiere","|-supereffective|p1a: Lumiere","|-damage|p1a: Lumiere|0 fnt","|-enditem|p1a: Lumiere|Choice Specs|[from] move: Knock Off|[of] p2a: Hoopa-Unbound","|faint|p1a: Lumiere","|","|win|Guard Wulf - ⓓⓔⓐⓓ"],"p1rating":{"entryid":"165531","serverid":"eos","formatid":"monotype","userid":"ltilmaz","username":"LTIL-maz","w":"1","l":5,"t":"0","gxe":38.3,"r":"1427.343889663","rd":"116.85377810729","sigma":"0","rptime":"1440147600","rpr":1406.2652322647,"rprd":100.10731176767,"rpsigma":"0","acre":1039.7837017768,"lacre":1039.7837017768,"oldacre":"1048.1580694168"},"p2rating":{"entryid":"152473","serverid":"eos","formatid":"monotype","userid":"guardwulf","username":"Guard Wulf","w":22,"l":"7","t":"0","gxe":67.2,"r":"1624.8574665632","rd":"63.647097488422","sigma":"0","rptime":"1440147600","rpr":1637.1874356762,"rprd":62.166022693025,"rpsigma":"0","acre":1257.6093062932,"lacre":1257.6093062932,"oldacre":"1245.4540165219"},"endType":"normal"}