{"seed":[57516,59054,59538,56739],"turns":26,"p1":"Alpha알파α큐레무Kyurem","p2":"Doctor Mental1st","p1team":[{"name":"Tornadus-Therian","species":"Tornadus-Therian","item":"assaultvest","ability":"Regenerator","moves":["hurricane","heatwave","knockoff","uturn"],"nature":"Modest","evs":{"hp":112,"atk":0,"def":0,"spa":200,"spd":0,"spe":196},"shiny":true,"ivs":{"hp":31,"atk":31,"def":31,"spa":31,"spd":31,"spe":31}},{"name":"Landorus-Therian","species":"Landorus-Therian","item":"choicescarf","ability":"Intimidate","moves":["uturn","knockoff","earthquake","rockslide"],"nature":"Jolly","evs":{"hp":4,"atk":252,"def":0,"spa":0,"spd":0,"spe":252},"ivs":{"hp":31,"atk":31,"def":31,"spa":31,"spd":31,"spe":31}},{"name":"Skarmory","species":"Skarmory","item":"rockyhelmet","ability":"Sturdy","moves":["ironhead","roost","defog","stealthrock"],"nature":"Impish","evs":{"hp":252,"atk":0,"def":212,"spa":0,"spd":44,"spe":0},"shiny":true,"ivs":{"hp":31,"atk":31,"def":31,"spa":31,"spd":31,"spe":31}},{"name":"Thundurus-Therian","species":"Thundurus-Therian","item":"lifeorb","ability":"Volt Absorb","moves":["hiddenpowerice","grassknot","focusblast","voltswitch"],"nature":"Timid","evs":{"hp":4,"atk":0,"def":0,"spa":252,"spd":0,"spe":252},"ivs":{"hp":31,"atk":30,"def":30,"spa":31,"spd":31,"spe":31}},{"name":"Gyarados","species":"Gyarados","item":"gyaradosite","ability":"Intimidate","moves":["dragondance","earthquake","waterfall","icefang"],"nature":"Adamant","evs":{"hp":0,"atk":252,"def":0,"spa":0,"spd":4,"spe":252},"ivs":{"hp":31,"atk":31,"def":31,"spa":31,"spd":31,"spe":31}},{"name":"Dragonite","species":"Dragonite","item":"weaknesspolicy","ability":"Multiscale","moves":["extremespeed","dragondance","earthquake","dragonclaw"],"nature":"Adamant","evs":{"hp":4,"atk":252,"def":0,"spa":0,"spd":0,"spe":252},"ivs":{"hp":31,"atk":31,"def":31,"spa":31,"spd":31,"spe":31}}],"p2team":[{"name":"Jirachi","species":"Jirachi","item":"choicescarf","ability":"Serene Grace","moves":["ironhead","trick","healingwish","uturn"],"nature":"Jolly","evs":{"hp":0,"atk":252,"def":0,"spa":0,"spd":4,"spe":252},"ivs":{"hp":31,"atk":31,"def":31,"spa":31,"spd":31,"spe":31}},{"name":"Victini","species":"Victini","item":"choicescarf","ability":"Victory Star","moves":["vcreate","boltstrike","zenheadbutt","blueflare"],"nature":"Adamant","evs":{"hp":0,"atk":252,"def":0,"spa":0,"spd":4,"spe":252},"ivs":{"hp":31,"atk":31,"def":31,"spa":31,"spd":31,"spe":31}},{"name":"Mew","species":"Mew","item":"leftovers","ability":"Synchronize","moves":["roost","stealthrock","defog","willowisp"],"nature":"Calm","evs":{"hp":252,"atk":0,"def":4,"spa":0,"spd":144,"spe":108},"ivs":{"hp":31,"atk":31,"def":31,"spa":31,"spd":31,"spe":31}},{"name":"Gardevoir","species":"Gardevoir","item":"gardevoirite","ability":"Trace","moves":["hypervoice","psyshock","focusblast","substitute"],"nature":"Timid","evs":{"hp":0,"atk":0,"def":0,"spa":252,"spd":4,"spe":252},"shiny":true,"ivs":{"hp":31,"atk":31,"def":31,"spa":31,"spd":31,"spe":31}},{"name":"Meloetta","species":"Meloetta","item":"assaultvest","ability":"Serene Grace","moves":["focusblast","psyshock","energyball","shadowball"],"nature":"Modest","evs":{"hp":248,"atk":0,"def":0,"spa":252,"spd":8,"spe":0},"ivs":{"hp":31,"atk":31,"def":31,"spa":31,"spd":31,"spe":31}},{"name":"Slowbro","species":"Slowbro","item":"rockyhelmet","ability":"Regenerator","moves":["slackoff","scald","fireblast","thunderwave"],"nature":"Bold","evs":{"hp":248,"atk":0,"def":252,"spa":8,"spd":0,"spe":0},"ivs":{"hp":31,"atk":31,"def":31,"spa":31,"spd":31,"spe":31}}],"log":["|player|p1|Alpha알파α큐레무Kyurem|alphakyurem.gif","|player|p2|Doctor Mental1st|184","|gametype|singles","|gen|6","|tier|Monotype","|rated","|rule|Baton Pass Clause: Limit one Baton Passer, can't pass Spe and other stats simultaneously","|rule|Swagger Clause: Swagger is banned","|rule|Same Type Clause: Pokémon in a team must share a type","|clearpoke","|poke|p1|Tornadus-Therian, M, shiny","|poke|p1|Landorus-Therian, M","|poke|p1|Skarmory, M, shiny","|poke|p1|Thundurus-Therian, M","|poke|p1|Gyarados, F","|poke|p1|Dragonite, F","|poke|p2|Jirachi","|poke|p2|Victini","|poke|p2|Mew","|poke|p2|Gardevoir, F, shiny","|poke|p2|Meloetta","|poke|p2|Slowbro, M","|rule|Sleep Clause Mod: Limit one foe put to sleep","|rule|Species Clause: Limit one of each Pokémon","|rule|OHKO Clause: OHKO moves are banned","|rule|Moody Clause: Moody is banned","|rule|Evasion Moves Clause: Evasion moves are banned","|rule|Endless Battle Clause: Forcing endless battles is banned","|rule|HP Percentage Mod: HP is shown in percentages","|teampreview","|","|start","|switch|p1a: Landorus-Therian|Landorus-Therian, M|320/320","|switch|p2a: Mew|Mew|404/404","|-ability|p1a: Landorus-Therian|Intimidate","|-unboost|p2a: Mew|atk|1","|turn|1","|","|move|p1a: Landorus-Therian|U-turn|p2a: Mew","|-supereffective|p2a: Mew","|-damage|p2a: Mew|234/404","|","|switch|p1a: Tornadus-Therian|Tornadus-Therian, M, shiny|327/327","|move|p2a: Mew|Stealth Rock|p1a: Tornadus-Therian","|-sidestart|p1: Alpha알파α큐레무Kyurem|move: Stealth Rock","|","|-heal|p2a: Mew|259/404|[from] item: Leftovers","|turn|2","|","|move|p1a: Tornadus-Therian|Knock Off|p2a: Mew","|-supereffective|p2a: Mew","|-damage|p2a: Mew|117/404","|-enditem|p2a: Mew|Leftovers|[from] move: Knock Off|[of] p1a: Tornadus-Therian","|move|p2a: Mew|Roost|p2a: Mew","|-heal|p2a: Mew|319/404","|","|turn|3","|","|move|p1a: Tornadus-Therian|Hurricane|p2a: Mew","|-crit|p2a: Mew","|-damage|p2a: Mew|106/404","|-start|p2a: Mew|confusion","|-activate|p2a: Mew|confusion","|move|p2a: Mew|Will-O-Wisp|p1a: Tornadus-Therian","|-status|p1a: Tornadus-Therian|brn","|","|-damage|p1a: Tornadus-Therian|287/327 brn|[from] brn","|turn|4","|","|move|p1a: Tornadus-Therian|Hurricane|p2a: Mew","|-damage|p2a: Mew|0 fnt","|faint|p2a: Mew","|","|-damage|p1a: Tornadus-Therian|247/327 brn|[from] brn","|","|switch|p2a: Victini|Victini|341/341","|turn|5","|","|switch|p1a: Landorus-Therian|Landorus-Therian, M|320/320","|-damage|p1a: Landorus-Therian|280/320|[from] Stealth Rock","|-ability|p1a: Landorus-Therian|Intimidate","|-unboost|p2a: Victini|atk|1","|move|p2a: Victini|V-create|p1a: Landorus-Therian","|-damage|p1a: Landorus-Therian|66/320","|-unboost|p2a: Victini|spe|1","|-unboost|p2a: Victini|def|1","|-unboost|p2a: Victini|spd|1","|","|turn|6","|","|switch|p2a: Slowbro|Slowbro, M|393/393","|move|p1a: Landorus-Therian|Knock Off|p2a: Slowbro","|-supereffective|p2a: Slowbro","|-damage|p2a: Slowbro|213/393","|-damage|p1a: Landorus-Therian|13/320|[from] item: Rocky Helmet|[of] p2a: Slowbro","|-enditem|p2a: Slowbro|Rocky Helmet|[from] move: Knock Off|[of] p1a: Landorus-Therian","|","|turn|7","|","|switch|p1a: Skarmory|Skarmory, M, shiny|334/334","|-damage|p1a: Skarmory|293/334|[from] Stealth Rock","|move|p2a: Slowbro|Slack Off|p2a: Slowbro","|-heal|p2a: Slowbro|393/393","|","|turn|8","|","|move|p1a: Skarmory|Defog|p2a: Slowbro","|-unboost|p2a: Slowbro|evasion|1","|-sideend|p1: Alpha알파α큐레무Kyurem|Stealth Rock|[from] move: Defog|[of] p1a: Skarmory","|move|p2a: Slowbro|Thunder Wave|p1a: Skarmory","|-status|p1a: Skarmory|par","|","|turn|9","|","|move|p2a: Slowbro|Fire Blast|p1a: Skarmory","|-supereffective|p1a: Skarmory","|-damage|p1a: Skarmory|55/334 par","|cant|p1a: Skarmory|par","|","|turn|10","|","|move|p2a: Slowbro|Scald|p1a: Skarmory","|-damage|p1a: Skarmory|0 fnt","|faint|p1a: Skarmory","|","|","|switch|p1a: Thundurus-Therian|Thundurus-Therian, M|300/300","|turn|11","|","|switch|p2a: Meloetta|Meloetta|403/403","|move|p1a: Thundurus-Therian|Grass Knot|p2a: Meloetta","|-damage|p2a: Meloetta|385/403","|-damage|p1a: Thundurus-Therian|270/300|[from] item: Life Orb","|","|turn|12","|","|move|p1a: Thundurus-Therian|Volt Switch|p2a: Meloetta","|-damage|p2a: Meloetta|290/403","|-damage|p1a: Thundurus-Therian|240/300|[from] item: Life Orb","|","|switch|p1a: Tornadus-Therian|Tornadus-Therian, M, shiny|327/327 brn","|move|p2a: Meloetta|Psyshock|p1a: Tornadus-Therian","|-damage|p1a: Tornadus-Therian|138/327 brn","|","|-damage|p1a: Tornadus-Therian|98/327 brn|[from] brn","|turn|13","|","|move|p1a: Tornadus-Therian|U-turn|p2a: Meloetta","|-supereffective|p2a: Meloetta","|-damage|p2a: Meloetta|230/403","|","|switch|p1a: Thundurus-Therian|Thundurus-Therian, M|240/300","|move|p2a: Meloetta|Psyshock|p1a: Thundurus-Therian","|-damage|p1a: Thundurus-Therian|17/300","|","|turn|14","|","|move|p1a: Thundurus-Therian|Volt Switch|p2a: Meloetta","|-damage|p2a: Meloetta|135/403","|-damage|p1a: Thundurus-Therian|0 fnt|[from] item: Life Orb","|faint|p1a: Thundurus-Therian","|move|p2a: Meloetta|Psyshock|p1: Thundurus-Therian|[notarget]","|-notarget","|","|","|switch|p1a: Gyarados|Gyarados, F|331/331","|-ability|p1a: Gyarados|Intimidate","|-unboost|p2a: Meloetta|atk|1","|turn|15","|","|switch|p2a: Gardevoir|Gardevoir, F, shiny|277/277","|-ability|p2a: Gardevoir|Intimidate|[from] ability: Trace|[of] p1a: Gyarados","|-ability|p2a: Gardevoir|Intimidate","|-unboost|p1a: Gyarados|atk|1","|move|p1a: Gyarados|Dragon Dance|p1a: Gyarados","|-boost|p1a: Gyarados|atk|1","|-boost|p1a: Gyarados|spe|1","|","|turn|16","|","|switch|p1a: Dragonite|Dragonite, F|324/324","|detailschange|p2a: Gardevoir|Gardevoir-Mega, F, shiny","|-mega|p2a: Gardevoir|Gardevoir|Gardevoirite","|move|p2a: Gardevoir|Hyper Voice|p1a: Dragonite","|-supereffective|p1a: Dragonite","|-damage|p1a: Dragonite|84/324","|-enditem|p1a: Dragonite|Weakness Policy","|-boost|p1a: Dragonite|atk|2|[from] item: Weakness Policy","|-boost|p1a: Dragonite|spa|2|[from] item: Weakness Policy","|","|turn|17","|","|switch|p2a: Slowbro|Slowbro, M|393/393","|move|p1a: Dragonite|Extreme Speed|p2a: Slowbro","|-damage|p2a: Slowbro|256/393","|","|turn|18","|","|switch|p2a: Meloetta|Meloetta|135/403","|move|p1a: Dragonite|Dragon Claw|p2a: Meloetta","|-damage|p2a: Meloetta|0 fnt","|faint|p2a: Meloetta","|","|","|switch|p2a: Slowbro|Slowbro, M|387/393","|turn|19","|","|move|p1a: Dragonite|Dragon Claw|p2a: Slowbro","|-damage|p2a: Slowbro|173/393","|move|p2a: Slowbro|Thunder Wave|p1a: Dragonite","|-status|p1a: Dragonite|par","|","|turn|20","|","|switch|p2a: Jirachi|Jirachi|341/341","|move|p1a: Dragonite|Earthquake|p2a: Jirachi","|-supereffective|p2a: Jirachi","|-damage|p2a: Jirachi|0 fnt","|faint|p2a: Jirachi","|","|","|switch|p2a: Victini|Victini|341/341","|turn|21","|","|move|p1a: Dragonite|Extreme Speed|p2a: Victini","|-damage|p2a: Victini|122/341","|move|p2a: Victini|Bolt Strike|p1a: Dragonite","|-damage|p1a: Dragonite|0 fnt","|faint|p1a: Dragonite","|","|","|switch|p1a: Landorus-Therian|Landorus-Therian, M|13/320","|-ability|p1a: Landorus-Therian|Intimidate","|-unboost|p2a: Victini|atk|1","|turn|22","|","|switch|p2a: Slowbro|Slowbro, M|304/393","|move|p1a: Landorus-Therian|U-turn|p2a: Slowbro","|-supereffective|p2a: Slowbro","|-damage|p2a: Slowbro|182/393","|","|switch|p1a: Tornadus-Therian|Tornadus-Therian, M, shiny|207/327 brn","|","|-damage|p1a: Tornadus-Therian|167/327 brn|[from] brn","|turn|23","|","|move|p1a: Tornadus-Therian|Hurricane|p2a: Slowbro","|-damage|p2a: Slowbro|0 fnt","|faint|p2a: Slowbro","|","|-damage|p1a: Tornadus-Therian|127/327 brn|[from] brn","|","|switch|p2a: Gardevoir|Gardevoir-Mega, F, shiny|277/277","|turn|24","|","|move|p2a: Gardevoir|Hyper Voice|p1a: Tornadus-Therian","|-damage|p1a: Tornadus-Therian|0 fnt","|faint|p1a: Tornadus-Therian","|","|","|switch|p1a: Landorus-Therian|Landorus-Therian, M|13/320","|-ability|p1a: Landorus-Therian|Intimidate","|-unboost|p2a: Gardevoir|atk|1","|turn|25","|","|move|p1a: Landorus-Therian|Earthquake|p2a: Gardevoir","|-damage|p2a: Gardevoir|0 fnt","|faint|p2a: Gardevoir","|","|","|switch|p2a: Victini|Victini|122/341","|turn|26","|","|win|Alpha알파α큐레무Kyurem"],"p1rating":{"entryid":"22404","serverid":"eos","formatid":"monotype","userid":"alphakyurem","username":"Alpha알파α큐레무Kyurem","w":24,"l":"5","t":"0","gxe":74,"r":"1688.7297524747","rd":"65.859096528998","sigma":"0","rptime":"1440147600","rpr":1700.3450304107,"rprd":64.32840619322,"rpsigma":"0","acre":1261.3490618567,"lacre":1261.3490618567,"oldacre":"1247.021809633"},"p2rating":{"entryid":"188280","serverid":"eos","formatid":"monotype","userid":"doctormental1st","username":"Doctor Mental1st","w":"3","l":2,"t":"0","gxe":54.6,"r":"1490.7879692667","rd":"116.63580602451","sigma":"0","rptime":"1440147600","rpr":1536.3110386708,"rprd":103.14976491694,"rpsigma":"0","acre":1075.2091752094,"lacre":1075.2091752094,"oldacre":"1088.5523469581"},"endType":"forfeit"}