{"seed":[39425,44828,18572,33247],"turns":25,"p1":"Shining Yin","p2":"Feety Wepp","p1team":[{"name":"Chansey","species":"Chansey","item":"eviolite","ability":"Natural Cure","moves":["thunderwave","softboiled","seismictoss","stealthrock"],"nature":"Bold","evs":{"hp":0,"atk":0,"def":252,"spa":0,"spd":252,"spe":4},"ivs":{"hp":31,"atk":0,"def":31,"spa":31,"spd":31,"spe":31}},{"name":"Porygon2","species":"Porygon2","item":"eviolite","ability":"Trace","moves":["icebeam","discharge","recover","thunderwave"],"nature":"Calm","evs":{"hp":248,"atk":0,"def":204,"spa":0,"spd":56,"spe":0},"ivs":{"hp":31,"atk":0,"def":31,"spa":31,"spd":31,"spe":31}},{"name":"Pidgeot","species":"Pidgeot","item":"pidgeotite","ability":"Keen Eye","moves":["hurricane","heatwave","defog","roost"],"nature":"Timid","evs":{"hp":0,"atk":0,"def":0,"spa":252,"spd":4,"spe":252},"ivs":{"hp":31,"atk":0,"def":31,"spa":31,"spd":31,"spe":31}},{"name":"Staraptor","species":"Staraptor","item":"choicescarf","ability":"Reckless","moves":["bravebird","uturn","doubleedge","closecombat"],"nature":"Jolly","evs":{"hp":0,"atk":252,"def":0,"spa":0,"spd":4,"spe":252},"ivs":{"hp":31,"atk":31,"def":31,"spa":31,"spd":31,"spe":31}},{"name":"Diggersby","species":"Diggersby","item":"choiceband","ability":"Huge Power","moves":["return","earthquake","knockoff","quickattack"],"nature":"Jolly","evs":{"hp":0,"atk":252,"def":0,"spa":0,"spd":4,"spe":252},"ivs":{"hp":31,"atk":31,"def":31,"spa":31,"spd":31,"spe":31}},{"name":"Heliolisk","species":"Heliolisk","item":"lifeorb","ability":"Dry Skin","moves":["grassknot","voltswitch","surf","focusblast"],"nature":"Timid","evs":{"hp":0,"atk":0,"def":0,"spa":252,"spd":4,"spe":252},"ivs":{"hp":31,"atk":31,"def":31,"spa":31,"spd":31,"spe":31}}],"p2team":[{"name":"Torkoal","species":"Torkoal","item":"leftovers","ability":"Shell Armor","moves":["stealthrock","rapidspin","yawn","lavaplume"],"nature":"Bold","evs":{"hp":252,"atk":0,"def":252,"spa":0,"spd":4,"spe":0},"ivs":{"hp":31,"atk":0,"def":31,"spa":31,"spd":31,"spe":31}},{"name":"Entei","species":"Entei","item":"lifeorb","ability":"Pressure","moves":["sacredfire","extremespeed","stoneedge","ironhead"],"nature":"Adamant","evs":{"hp":0,"atk":252,"def":0,"spa":0,"spd":4,"spe":252},"shiny":true,"ivs":{"hp":31,"atk":31,"def":31,"spa":31,"spd":31,"spe":31}},{"name":"Charizard","species":"Charizard","item":"charizarditey","ability":"Blaze","moves":["fireblast","airslash","focusblast","solarbeam"],"nature":"Timid","evs":{"hp":0,"atk":0,"def":0,"spa":252,"spd":4,"spe":252},"ivs":{"hp":31,"atk":0,"def":31,"spa":31,"spd":31,"spe":31},"shiny":true},{"name":"Darmanitan","species":"Darmanitan","item":"choicescarf","ability":"Sheer Force","moves":["flareblitz","superpower","rockslide","uturn"],"nature":"Jolly","evs":{"hp":0,"atk":252,"def":0,"spa":0,"spd":4,"spe":252},"ivs":{"hp":31,"atk":31,"def":31,"spa":31,"spd":31,"spe":31}},{"name":"Heatran","species":"Heatran","item":"airballoon","ability":"Flash Fire","moves":["lavaplume","earthpower","toxic","flashcannon"],"nature":"Calm","evs":{"hp":248,"atk":0,"def":0,"spa":8,"spd":252,"spe":0},"ivs":{"hp":31,"atk":0,"def":31,"spa":31,"spd":31,"spe":31}},{"name":"Rotom-Heat","species":"Rotom-Heat","item":"choicescarf","ability":"Levitate","moves":["voltswitch","thunderbolt","overheat","trick"],"nature":"Timid","evs":{"hp":0,"atk":0,"def":0,"spa":252,"spd":4,"spe":252},"ivs":{"hp":31,"atk":0,"def":30,"spa":31,"spd":31,"spe":31}}],"log":["|player|p1|Shining Yin|277","|player|p2|Feety Wepp|275","|gametype|singles","|gen|6","|tier|Monotype","|rated","|rule|Baton Pass Clause: Limit one Baton Passer, can't pass Spe and other stats simultaneously","|rule|Swagger Clause: Swagger is banned","|rule|Same Type Clause: Pokémon in a team must share a type","|clearpoke","|poke|p1|Chansey, F","|poke|p1|Porygon2","|poke|p1|Pidgeot, M","|poke|p1|Staraptor, F","|poke|p1|Diggersby, F","|poke|p1|Heliolisk, F","|poke|p2|Torkoal, F","|poke|p2|Entei, shiny","|poke|p2|Charizard, F, shiny","|poke|p2|Darmanitan, M","|poke|p2|Heatran, M","|poke|p2|Rotom-Heat","|rule|Sleep Clause Mod: Limit one foe put to sleep","|rule|Species Clause: Limit one of each Pokémon","|rule|OHKO Clause: OHKO moves are banned","|rule|Moody Clause: Moody is banned","|rule|Evasion Moves Clause: Evasion moves are banned","|rule|Endless Battle Clause: Forcing endless battles is banned","|rule|HP Percentage Mod: HP is shown in percentages","|teampreview","|","|start","|switch|p1a: Pidgeot|Pidgeot, M|307/307","|switch|p2a: Torkoal|Torkoal, F|344/344","|turn|1","|","|detailschange|p1a: Pidgeot|Pidgeot-Mega, M","|-mega|p1a: Pidgeot|Pidgeot|Pidgeotite","|move|p1a: Pidgeot|Hurricane|p2a: Torkoal","|-damage|p2a: Torkoal|89/344","|move|p2a: Torkoal|Yawn|p1a: Pidgeot","|-start|p1a: Pidgeot|move: Yawn|[of] p2a: Torkoal","|","|-heal|p2a: Torkoal|110/344|[from] item: Leftovers","|turn|2","|","|switch|p2a: Heatran|Heatran, M|385/385","|-item|p2a: Heatran|Air Balloon","|move|p1a: Pidgeot|Hurricane|p2a: Heatran","|-resisted|p2a: Heatran","|-damage|p2a: Heatran|316/385","|-enditem|p2a: Heatran|Air Balloon","|-start|p2a: Heatran|confusion","|","|-end|p1a: Pidgeot|move: Yawn|[silent]","|-status|p1a: Pidgeot|slp","|turn|3","|","|switch|p1a: Chansey|Chansey, F|641/641","|-activate|p2a: Heatran|confusion","|move|p2a: Heatran|Lava Plume|p1a: Chansey","|-damage|p1a: Chansey|581/641","|","|turn|4","|","|-activate|p2a: Heatran|confusion","|move|p2a: Heatran|Toxic|p1a: Chansey","|-status|p1a: Chansey|tox","|move|p1a: Chansey|Stealth Rock|p2a: Heatran","|-sidestart|p2: Feety Wepp|move: Stealth Rock","|","|-damage|p1a: Chansey|541/641 tox|[from] psn","|turn|5","|","|-end|p2a: Heatran|confusion","|move|p2a: Heatran|Earth Power|p1a: Chansey","|-damage|p1a: Chansey|496/641 tox","|-unboost|p1a: Chansey|spd|1","|move|p1a: Chansey|Thunder Wave|p2a: Heatran","|-status|p2a: Heatran|par","|","|-damage|p1a: Chansey|416/641 tox|[from] psn","|turn|6","|","|switch|p1a: Porygon2|Porygon2|373/373","|-ability|p1a: Porygon2|Flash Fire|[from] ability: Trace|[of] p2a: Heatran","|cant|p2a: Heatran|par","|","|turn|7","|","|switch|p1a: Chansey|Chansey, F|416/641","|move|p2a: Heatran|Toxic|p1a: Chansey","|-status|p1a: Chansey|tox","|","|-damage|p1a: Chansey|376/641 tox|[from] psn","|turn|8","|","|move|p1a: Chansey|Soft-Boiled|p1a: Chansey","|-heal|p1a: Chansey|641/641 tox","|move|p2a: Heatran|Earth Power|p1a: Chansey","|-damage|p1a: Chansey|597/641 tox","|","|-damage|p1a: Chansey|517/641 tox|[from] psn","|turn|9","|","|move|p1a: Chansey|Seismic Toss|p2a: Heatran","|-damage|p2a: Heatran|216/385 par","|move|p2a: Heatran|Flash Cannon|p1a: Chansey","|-damage|p1a: Chansey|460/641 tox","|","|-damage|p1a: Chansey|340/641 tox|[from] psn","|turn|10","|","|move|p1a: Chansey|Soft-Boiled|p1a: Chansey","|-heal|p1a: Chansey|641/641 tox","|move|p2a: Heatran|Flash Cannon|p1a: Chansey","|-crit|p1a: Chansey","|-damage|p1a: Chansey|545/641 tox","|","|-damage|p1a: Chansey|385/641 tox|[from] psn","|turn|11","|","|switch|p1a: Porygon2|Porygon2|373/373","|-ability|p1a: Porygon2|Flash Fire|[from] ability: Trace|[of] p2a: Heatran","|move|p2a: Heatran|Flash Cannon|p1a: Porygon2","|-damage|p1a: Porygon2|304/373","|","|turn|12","|","|switch|p1a: Chansey|Chansey, F|385/641","|move|p2a: Heatran|Toxic|p1a: Chansey","|-status|p1a: Chansey|tox","|","|-damage|p1a: Chansey|345/641 tox|[from] psn","|turn|13","|","|switch|p2a: Darmanitan|Darmanitan, M|351/351","|-damage|p2a: Darmanitan|264/351|[from] Stealth Rock","|move|p1a: Chansey|Soft-Boiled|p1a: Chansey","|-heal|p1a: Chansey|641/641 tox","|","|-damage|p1a: Chansey|561/641 tox|[from] psn","|turn|14","|","|move|p2a: Darmanitan|Superpower|p1a: Chansey","|-supereffective|p1a: Chansey","|-damage|p1a: Chansey|169/641 tox","|-unboost|p2a: Darmanitan|atk|1","|-unboost|p2a: Darmanitan|def|1","|move|p1a: Chansey|Thunder Wave|p2a: Darmanitan","|-status|p2a: Darmanitan|par","|","|-damage|p1a: Chansey|49/641 tox|[from] psn","|turn|15","|","|move|p1a: Chansey|Soft-Boiled|p1a: Chansey","|-heal|p1a: Chansey|370/641 tox","|move|p2a: Darmanitan|Superpower|p1a: Chansey","|-supereffective|p1a: Chansey","|-damage|p1a: Chansey|114/641 tox","|-unboost|p2a: Darmanitan|atk|1","|-unboost|p2a: Darmanitan|def|1","|","|-damage|p1a: Chansey|0 fnt|[from] psn","|faint|p1a: Chansey","|","|switch|p1a: Heliolisk|Heliolisk, F|265/265","|turn|16","|","|move|p1a: Heliolisk|Surf|p2a: Darmanitan","|-supereffective|p2a: Darmanitan","|-damage|p2a: Darmanitan|0 fnt","|-damage|p1a: Heliolisk|239/265|[from] item: Life Orb","|faint|p2a: Darmanitan","|","|","|switch|p2a: Torkoal|Torkoal, F|110/344","|-damage|p2a: Torkoal|24/344|[from] Stealth Rock","|turn|17","|","|move|p1a: Heliolisk|Surf|p2a: Torkoal","|-supereffective|p2a: Torkoal","|-damage|p2a: Torkoal|0 fnt","|-damage|p1a: Heliolisk|213/265|[from] item: Life Orb","|faint|p2a: Torkoal","|","|","|switch|p2a: Rotom-Heat|Rotom-Heat|241/241","|-damage|p2a: Rotom-Heat|181/241|[from] Stealth Rock","|turn|18","|","|switch|p1a: Pidgeot|Pidgeot-Mega, M|307/307 slp","|move|p2a: Rotom-Heat|Overheat|p1a: Pidgeot","|-damage|p1a: Pidgeot|75/307 slp","|-unboost|p2a: Rotom-Heat|spa|2","|","|turn|19","|","|move|p2a: Rotom-Heat|Overheat|p1a: Pidgeot","|-damage|p1a: Pidgeot|0 fnt","|-unboost|p2a: Rotom-Heat|spa|2","|faint|p1a: Pidgeot","|","|","|switch|p1a: Heliolisk|Heliolisk, F|213/265","|turn|20","|","|move|p2a: Rotom-Heat|Overheat|p1a: Heliolisk","|-damage|p1a: Heliolisk|126/265","|-unboost|p2a: Rotom-Heat|spa|2","|move|p1a: Heliolisk|Surf|p2a: Rotom-Heat","|-supereffective|p2a: Rotom-Heat","|-damage|p2a: Rotom-Heat|0 fnt","|-damage|p1a: Heliolisk|100/265|[from] item: Life Orb","|faint|p2a: Rotom-Heat","|","|","|switch|p2a: Heatran|Heatran, M|216/385 par","|-damage|p2a: Heatran|168/385 par|[from] Stealth Rock","|turn|21","|","|move|p1a: Heliolisk|Surf|p2a: Heatran","|-supereffective|p2a: Heatran","|-damage|p2a: Heatran|7/385 par","|-damage|p1a: Heliolisk|74/265|[from] item: Life Orb","|move|p2a: Heatran|Lava Plume|p1a: Heliolisk","|-damage|p1a: Heliolisk|0 fnt","|faint|p1a: Heliolisk","|","|","|switch|p1a: Diggersby|Diggersby, F|311/311","|turn|22","|","|move|p1a: Diggersby|Quick Attack|p2a: Heatran","|-resisted|p2a: Heatran","|-damage|p2a: Heatran|0 fnt","|faint|p2a: Heatran","|","|","|switch|p2a: Charizard|Charizard, F, shiny|297/297","|-damage|p2a: Charizard|149/297|[from] Stealth Rock","|turn|23","|","|detailschange|p2a: Charizard|Charizard-Mega-Y, F, shiny","|-mega|p2a: Charizard|Charizard|Charizardite Y","|-weather|SunnyDay","|move|p1a: Diggersby|Quick Attack|p2a: Charizard","|-damage|p2a: Charizard|5/297","|move|p2a: Charizard|Solar Beam|p1a: Diggersby|[still]","|-prepare|p2a: Charizard|Solar Beam|p1a: Diggersby","|-anim|p2a: Charizard|Solar Beam|p1a: Diggersby","|-supereffective|p1a: Diggersby","|-damage|p1a: Diggersby|0 fnt","|faint|p1a: Diggersby","|","|-weather|SunnyDay|[upkeep]","|","|switch|p1a: Staraptor|Staraptor, F|311/311","|turn|24","|","|move|p1a: Staraptor|Double-Edge|p2a: Charizard","|-crit|p2a: Charizard","|-damage|p2a: Charizard|0 fnt","|-damage|p1a: Staraptor|309/311|[from] recoil|[of] p2a: Charizard","|faint|p2a: Charizard","|","|-weather|SunnyDay|[upkeep]","|","|switch|p2a: Entei|Entei, shiny|371/371","|-damage|p2a: Entei|279/371|[from] Stealth Rock","|-ability|p2a: Entei|Pressure","|turn|25","|","|move|p1a: Staraptor|Double-Edge|p2a: Entei","|-damage|p2a: Entei|0 fnt","|-damage|p1a: Staraptor|217/311|[from] recoil|[of] p2a: Entei","|faint|p2a: Entei","|","|win|Shining Yin"],"p1rating":{"entryid":"71235","serverid":"eos","formatid":"monotype","userid":"shiningyin","username":"Shining Yin","w":36,"l":"17","t":"0","gxe":63.8,"r":"1622.5575309041","rd":"55.410702091367","sigma":"0","rptime":"1440147600","rpr":1607.3981620784,"rprd":49.970179630011,"rpsigma":"0","acre":1166.5957238789,"lacre":1166.5957238789,"oldacre":"1150.3915130868"},"p2rating":{"entryid":"159981","serverid":"eos","formatid":"monotype","userid":"feetywepp","username":"Feety Wepp","w":"1","l":2,"t":"0","gxe":47,"r":"1499.4809370882","rd":"116.8060171653","sigma":"0","rptime":"1440147600","rpr":1476.055783704,"rprd":111.50691241285,"rpsigma":"0","acre":1014.0091622802,"lacre":1014.0091622802,"oldacre":"1022.6976296489"},"endType":"normal"}