{"seed":[4915,38088,56610,24925],"turns":31,"p1":"tboltrider","p2":"wishmynamewasprple","p1team":[{"name":"Skarmory","species":"Skarmory","item":"rockyhelmet","ability":"Sturdy","moves":["roost","swordsdance","stealthrock","ironhead"],"nature":"Jolly","evs":{"hp":0,"atk":128,"def":0,"spa":0,"spd":248,"spe":132},"gender":"M","ivs":{"hp":31,"atk":31,"def":31,"spa":31,"spd":31,"spe":31}},{"name":"Togekiss","species":"Togekiss","item":"leftovers","ability":"Serene Grace","moves":["aurasphere","airslash","softboiled","thunderwave"],"nature":"Modest","evs":{"hp":0,"atk":0,"def":148,"spa":108,"spd":0,"spe":252},"gender":"F","ivs":{"hp":31,"atk":31,"def":31,"spa":31,"spd":31,"spe":31}},{"name":"Mandibuzz","species":"Mandibuzz","item":"leftovers","ability":"Overcoat","moves":["roost","defog","foulplay","taunt"],"nature":"Adamant","evs":{"hp":0,"atk":232,"def":0,"spa":0,"spd":156,"spe":120},"ivs":{"hp":31,"atk":31,"def":31,"spa":31,"spd":31,"spe":31}},{"name":"Gliscor","species":"Gliscor","item":"toxicorb","ability":"Poison Heal","moves":["earthquake","swordsdance","roost","facade"],"nature":"Careful","evs":{"hp":244,"atk":0,"def":8,"spa":0,"spd":200,"spe":56},"ivs":{"hp":31,"atk":31,"def":31,"spa":31,"spd":31,"spe":31}},{"name":"Aerodactyl","species":"Aerodactyl","item":"aerodactylite","ability":"Pressure","moves":["earthquake","stoneedge","firefang","aerialace"],"nature":"Jolly","evs":{"hp":0,"atk":248,"def":44,"spa":0,"spd":0,"spe":216},"gender":"M","ivs":{"hp":31,"atk":31,"def":31,"spa":31,"spd":31,"spe":31}},{"name":"Thundurus","species":"Thundurus","item":"lifeorb","ability":"Prankster","moves":["thunderwave","thunderbolt","sludgewave","focusblast"],"nature":"Timid","evs":{"hp":0,"atk":0,"def":4,"spa":252,"spd":0,"spe":252},"ivs":{"hp":31,"atk":31,"def":31,"spa":31,"spd":31,"spe":31}}],"p2team":[{"name":"Pew Pew","species":"cloyster","item":"focussash","ability":"Skill Link","moves":["shellsmash","iceshard","iciclespear","rockblast"],"nature":"Adamant","evs":{"hp":0,"atk":252,"def":0,"spa":0,"spd":4,"spe":252},"shiny":true,"ivs":{"hp":31,"atk":31,"def":31,"spa":31,"spd":31,"spe":31}},{"name":"skeet","species":"politoed","item":"leftovers","ability":"Drizzle","moves":["scald","toxic","icebeam","encore"],"nature":"Bold","evs":{"hp":248,"atk":0,"def":252,"spa":0,"spd":8,"spe":0},"shiny":true,"ivs":{"hp":31,"atk":31,"def":31,"spa":31,"spd":31,"spe":31}},{"name":"Rotom-Wash","species":"Rotom-Wash","item":"leftovers","ability":"Levitate","moves":["willowisp","painsplit","voltswitch","hydropump"],"nature":"Calm","evs":{"hp":248,"atk":0,"def":0,"spa":8,"spd":252,"spe":0},"ivs":{"hp":31,"atk":31,"def":31,"spa":31,"spd":31,"spe":31}},{"name":"Roid Rage","species":"swampert","item":"swampertite","ability":"Torrent","moves":["earthquake","lowkick","icepunch","waterfall"],"nature":"Adamant","evs":{"hp":152,"atk":252,"def":0,"spa":0,"spd":4,"spe":100},"shiny":true,"ivs":{"hp":31,"atk":31,"def":31,"spa":31,"spd":31,"spe":31}},{"name":"Mustang","species":"kingdra","item":"choicespecs","ability":"Swift Swim","moves":["surf","icebeam","flashcannon","dracometeor"],"nature":"Modest","evs":{"hp":80,"atk":0,"def":0,"spa":252,"spd":0,"spe":176},"shiny":true,"ivs":{"hp":31,"atk":31,"def":31,"spa":31,"spd":31,"spe":31}},{"name":"Grim Reaper","species":"gyarados","item":"leftovers","ability":"Intimidate","moves":["dragondance","substitute","waterfall","bounce"],"nature":"Adamant","evs":{"hp":0,"atk":252,"def":0,"spa":0,"spd":4,"spe":252},"shiny":true,"ivs":{"hp":31,"atk":31,"def":31,"spa":31,"spd":31,"spe":31}}],"log":["|player|p1|tboltrider|93","|player|p2|wishmynamewasprple|192","|gametype|singles","|gen|6","|tier|Monotype","|rated","|rule|Baton Pass Clause: Limit one Baton Passer, can't pass Spe and other stats simultaneously","|rule|Swagger Clause: Swagger is banned","|rule|Same Type Clause: Pokémon in a team must share a type","|clearpoke","|poke|p1|Skarmory, M","|poke|p1|Togekiss, F","|poke|p1|Mandibuzz, F","|poke|p1|Gliscor, F","|poke|p1|Aerodactyl, M","|poke|p1|Thundurus, M","|poke|p2|Cloyster, M, shiny","|poke|p2|Politoed, F, shiny","|poke|p2|Rotom-Wash","|poke|p2|Swampert, M, shiny","|poke|p2|Kingdra, M, shiny","|poke|p2|Gyarados, M, shiny","|rule|Sleep Clause Mod: Limit one foe put to sleep","|rule|Species Clause: Limit one of each Pokémon","|rule|OHKO Clause: OHKO moves are banned","|rule|Moody Clause: Moody is banned","|rule|Evasion Moves Clause: Evasion moves are banned","|rule|Endless Battle Clause: Forcing endless battles is banned","|rule|HP Percentage Mod: HP is shown in percentages","|teampreview","|","|start","|switch|p1a: Thundurus|Thundurus, M|299/299","|switch|p2a: Pew Pew|Cloyster, M, shiny|241/241","|turn|1","|","|switch|p2a: Rotom-Wash|Rotom-Wash|303/303","|move|p1a: Thundurus|Thunderbolt|p2a: Rotom-Wash","|-damage|p2a: Rotom-Wash|159/303","|-damage|p1a: Thundurus|270/299|[from] item: Life Orb","|","|-heal|p2a: Rotom-Wash|177/303|[from] item: Leftovers","|turn|2","|","|move|p1a: Thundurus|Focus Blast|p2a: Rotom-Wash|[miss]","|-miss|p1a: Thundurus|p2a: Rotom-Wash","|move|p2a: Rotom-Wash|Hydro Pump|p1a: Thundurus|[miss]","|-miss|p2a: Rotom-Wash|p1a: Thundurus","|","|-heal|p2a: Rotom-Wash|195/303|[from] item: Leftovers","|turn|3","|","|switch|p2a: Roid Rage|Swampert, M, shiny|379/379","|move|p1a: Thundurus|Sludge Wave|p2a: Roid Rage","|-resisted|p2a: Roid Rage","|-damage|p2a: Roid Rage|302/379","|-damage|p1a: Thundurus|241/299|[from] item: Life Orb","|","|turn|4","|","|switch|p1a: Mandibuzz|Mandibuzz, F|361/361","|detailschange|p2a: Roid Rage|Swampert-Mega, M, shiny","|-mega|p2a: Roid Rage|Swampert|Swampertite","|move|p2a: Roid Rage|Ice Punch|p1a: Mandibuzz","|-crit|p1a: Mandibuzz","|-supereffective|p1a: Mandibuzz","|-damage|p1a: Mandibuzz|61/361","|","|-heal|p1a: Mandibuzz|83/361|[from] item: Leftovers","|turn|5","|","|move|p1a: Mandibuzz|Foul Play|p2a: Roid Rage","|-damage|p2a: Roid Rage|104/379","|move|p2a: Roid Rage|Ice Punch|p1a: Mandibuzz","|-supereffective|p1a: Mandibuzz","|-damage|p1a: Mandibuzz|0 fnt","|faint|p1a: Mandibuzz","|","|","|switch|p1a: Togekiss|Togekiss, F|311/311","|turn|6","|","|switch|p2a: Rotom-Wash|Rotom-Wash|195/303","|move|p1a: Togekiss|Air Slash|p2a: Rotom-Wash","|-resisted|p2a: Rotom-Wash","|-damage|p2a: Rotom-Wash|154/303","|","|-heal|p2a: Rotom-Wash|172/303|[from] item: Leftovers","|turn|7","|","|move|p1a: Togekiss|Thunder Wave|p2a: Rotom-Wash","|-immune|p2a: Rotom-Wash|[msg]","|move|p2a: Rotom-Wash|Pain Split|p1a: Togekiss","|-sethp|p1a: Togekiss|241/311|p2a: Rotom-Wash|241/303|[from] move: Pain Split","|","|-heal|p1a: Togekiss|260/311|[from] item: Leftovers","|-heal|p2a: Rotom-Wash|259/303|[from] item: Leftovers","|turn|8","|","|switch|p1a: Skarmory|Skarmory, M|271/271","|move|p2a: Rotom-Wash|Will-O-Wisp|p1a: Skarmory","|-status|p1a: Skarmory|brn","|","|-heal|p2a: Rotom-Wash|277/303|[from] item: Leftovers","|-damage|p1a: Skarmory|238/271 brn|[from] brn","|turn|9","|","|move|p1a: Skarmory|Stealth Rock|p2a: Rotom-Wash","|-sidestart|p2: wishmynamewasprple|move: Stealth Rock","|move|p2a: Rotom-Wash|Volt Switch|p1a: Skarmory","|-supereffective|p1a: Skarmory","|-damage|p1a: Skarmory|62/271 brn","|","|switch|p2a: Pew Pew|Cloyster, M, shiny|241/241","|-damage|p2a: Pew Pew|181/241|[from] Stealth Rock","|","|-damage|p1a: Skarmory|29/271 brn|[from] brn","|turn|10","|","|move|p2a: Pew Pew|Icicle Spear|p1a: Skarmory","|-damage|p1a: Skarmory|0 fnt","|-hitcount|p1a: Skarmory|1","|faint|p1a: Skarmory","|","|","|switch|p1a: Aerodactyl|Aerodactyl, M|301/301","|-ability|p1a: Aerodactyl|Pressure","|turn|11","|","|detailschange|p1a: Aerodactyl|Aerodactyl-Mega, M","|-mega|p1a: Aerodactyl|Aerodactyl|Aerodactylite","|move|p1a: Aerodactyl|Stone Edge|p2a: Pew Pew","|-supereffective|p2a: Pew Pew","|-damage|p2a: Pew Pew|0 fnt","|faint|p2a: Pew Pew","|","|","|switch|p2a: skeet|Politoed, F, shiny|383/383","|-damage|p2a: skeet|336/383|[from] Stealth Rock","|-weather|RainDance","|turn|12","|","|switch|p1a: Togekiss|Togekiss, F|260/311","|move|p2a: skeet|Scald|p1a: Togekiss","|-damage|p1a: Togekiss|137/311","|","|-weather|RainDance|[upkeep]","|-heal|p1a: Togekiss|156/311|[from] item: Leftovers","|-heal|p2a: skeet|359/383|[from] item: Leftovers","|turn|13","|","|switch|p2a: Rotom-Wash|Rotom-Wash|277/303","|-damage|p2a: Rotom-Wash|240/303|[from] Stealth Rock","|move|p1a: Togekiss|Air Slash|p2a: Rotom-Wash","|-resisted|p2a: Rotom-Wash","|-damage|p2a: Rotom-Wash|195/303","|","|-weather|RainDance|[upkeep]","|-heal|p1a: Togekiss|175/311|[from] item: Leftovers","|-heal|p2a: Rotom-Wash|213/303|[from] item: Leftovers","|turn|14","|","|move|p1a: Togekiss|Air Slash|p2a: Rotom-Wash","|-resisted|p2a: Rotom-Wash","|-damage|p2a: Rotom-Wash|168/303","|cant|p2a: Rotom-Wash|flinch","|","|-weather|RainDance|[upkeep]","|-heal|p1a: Togekiss|194/311|[from] item: Leftovers","|-heal|p2a: Rotom-Wash|186/303|[from] item: Leftovers","|turn|15","|","|move|p1a: Togekiss|Air Slash|p2a: Rotom-Wash","|-resisted|p2a: Rotom-Wash","|-damage|p2a: Rotom-Wash|143/303","|cant|p2a: Rotom-Wash|flinch","|","|-weather|RainDance|[upkeep]","|-heal|p1a: Togekiss|213/311|[from] item: Leftovers","|-heal|p2a: Rotom-Wash|161/303|[from] item: Leftovers","|turn|16","|","|move|p1a: Togekiss|Air Slash|p2a: Rotom-Wash","|-resisted|p2a: Rotom-Wash","|-damage|p2a: Rotom-Wash|116/303","|cant|p2a: Rotom-Wash|flinch","|","|-weather|none","|-heal|p1a: Togekiss|232/311|[from] item: Leftovers","|-heal|p2a: Rotom-Wash|134/303|[from] item: Leftovers","|turn|17","|","|move|p1a: Togekiss|Air Slash|p2a: Rotom-Wash","|-resisted|p2a: Rotom-Wash","|-damage|p2a: Rotom-Wash|94/303","|move|p2a: Rotom-Wash|Will-O-Wisp|p1a: Togekiss|[miss]","|-miss|p2a: Rotom-Wash|p1a: Togekiss","|","|-heal|p1a: Togekiss|251/311|[from] item: Leftovers","|-heal|p2a: Rotom-Wash|112/303|[from] item: Leftovers","|turn|18","|","|move|p1a: Togekiss|Air Slash|p2a: Rotom-Wash","|-resisted|p2a: Rotom-Wash","|-damage|p2a: Rotom-Wash|69/303","|cant|p2a: Rotom-Wash|flinch","|","|-heal|p1a: Togekiss|270/311|[from] item: Leftovers","|-heal|p2a: Rotom-Wash|87/303|[from] item: Leftovers","|turn|19","|","|move|p1a: Togekiss|Air Slash|p2a: Rotom-Wash","|-resisted|p2a: Rotom-Wash","|-damage|p2a: Rotom-Wash|45/303","|move|p2a: Rotom-Wash|Volt Switch|p1a: Togekiss","|-supereffective|p1a: Togekiss","|-damage|p1a: Togekiss|120/311","|","|switch|p2a: skeet|Politoed, F, shiny|359/383","|-damage|p2a: skeet|312/383|[from] Stealth Rock","|-weather|RainDance","|","|-weather|RainDance|[upkeep]","|-heal|p1a: Togekiss|139/311|[from] item: Leftovers","|-heal|p2a: skeet|335/383|[from] item: Leftovers","|turn|20","|","|move|p1a: Togekiss|Thunder Wave|p2a: skeet","|-status|p2a: skeet|par","|move|p2a: skeet|Encore|p1a: Togekiss","|-start|p1a: Togekiss|Encore","|","|-weather|RainDance|[upkeep]","|-heal|p1a: Togekiss|158/311|[from] item: Leftovers","|-heal|p2a: skeet|358/383 par|[from] item: Leftovers","|turn|21","|","|switch|p1a: Thundurus|Thundurus, M|241/299","|switch|p2a: Roid Rage|Swampert-Mega, M, shiny|104/379","|-damage|p2a: Roid Rage|81/379|[from] Stealth Rock","|","|-weather|RainDance|[upkeep]","|turn|22","|","|switch|p1a: Gliscor|Gliscor, F|352/352","|move|p2a: Roid Rage|Ice Punch|p1a: Gliscor","|-supereffective|p1a: Gliscor","|-damage|p1a: Gliscor|12/352","|","|-weather|RainDance|[upkeep]","|-status|p1a: Gliscor|tox|[from] item: Toxic Orb","|turn|23","|","|move|p2a: Roid Rage|Waterfall|p1a: Gliscor","|-crit|p1a: Gliscor","|-supereffective|p1a: Gliscor","|-damage|p1a: Gliscor|0 fnt","|faint|p1a: Gliscor","|","|-weather|none","|","|switch|p1a: Togekiss|Togekiss, F|158/311","|turn|24","|","|switch|p2a: skeet|Politoed, F, shiny|358/383 par","|-damage|p2a: skeet|311/383 par|[from] Stealth Rock","|-weather|RainDance","|move|p1a: Togekiss|Air Slash|p2a: skeet","|-damage|p2a: skeet|191/383 par","|","|-weather|RainDance|[upkeep]","|-heal|p1a: Togekiss|177/311|[from] item: Leftovers","|-heal|p2a: skeet|214/383 par|[from] item: Leftovers","|turn|25","|","|move|p1a: Togekiss|Air Slash|p2a: skeet","|-damage|p2a: skeet|84/383 par","|move|p2a: skeet|Toxic|p1a: Togekiss","|-status|p1a: Togekiss|tox","|","|-weather|RainDance|[upkeep]","|-heal|p1a: Togekiss|196/311 tox|[from] item: Leftovers","|-heal|p2a: skeet|107/383 par|[from] item: Leftovers","|-damage|p1a: Togekiss|177/311 tox|[from] psn","|turn|26","|","|switch|p2a: Rotom-Wash|Rotom-Wash|45/303","|-damage|p2a: Rotom-Wash|8/303|[from] Stealth Rock","|move|p1a: Togekiss|Air Slash|p2a: Rotom-Wash","|-resisted|p2a: Rotom-Wash","|-damage|p2a: Rotom-Wash|0 fnt","|faint|p2a: Rotom-Wash","|","|-weather|RainDance|[upkeep]","|-heal|p1a: Togekiss|196/311 tox|[from] item: Leftovers","|-damage|p1a: Togekiss|158/311 tox|[from] psn","|","|switch|p2a: Roid Rage|Swampert-Mega, M, shiny|81/379","|-damage|p2a: Roid Rage|58/379|[from] Stealth Rock","|turn|27","|","|move|p2a: Roid Rage|Ice Punch|p1a: Togekiss","|-supereffective|p1a: Togekiss","|-damage|p1a: Togekiss|0 fnt","|faint|p1a: Togekiss","|","|-weather|RainDance|[upkeep]","|","|switch|p1a: Aerodactyl|Aerodactyl-Mega, M|301/301","|turn|28","|","|switch|p2a: Grim Reaper|Gyarados, M, shiny|331/331","|-damage|p2a: Grim Reaper|249/331|[from] Stealth Rock","|-ability|p2a: Grim Reaper|Intimidate","|-unboost|p1a: Aerodactyl|atk|1","|move|p1a: Aerodactyl|Aerial Ace|p2a: Grim Reaper","|-damage|p2a: Grim Reaper|125/331","|","|-weather|none","|-heal|p2a: Grim Reaper|145/331|[from] item: Leftovers","|turn|29","|","|switch|p2a: skeet|Politoed, F, shiny|107/383 par","|-damage|p2a: skeet|60/383 par|[from] Stealth Rock","|-weather|RainDance","|move|p1a: Aerodactyl|Stone Edge|p2a: skeet","|-damage|p2a: skeet|0 fnt","|faint|p2a: skeet","|","|-weather|RainDance|[upkeep]","|","|switch|p2a: Mustang|Kingdra, M, shiny|311/311","|-damage|p2a: Mustang|273/311|[from] Stealth Rock","|turn|30","|","|move|p2a: Mustang|Surf|p1a: Aerodactyl","|-crit|p1a: Aerodactyl","|-supereffective|p1a: Aerodactyl","|-damage|p1a: Aerodactyl|0 fnt","|faint|p1a: Aerodactyl","|","|-weather|RainDance|[upkeep]","|","|switch|p1a: Thundurus|Thundurus, M|241/299","|turn|31","|","|move|p2a: Mustang|Surf|p1a: Thundurus","|-damage|p1a: Thundurus|0 fnt","|faint|p1a: Thundurus","|","|win|wishmynamewasprple"],"p1rating":{"entryid":"11792","serverid":"eos","formatid":"monotype","userid":"tboltrider","username":"tboltrider","w":"8","l":11,"t":"0","gxe":44,"r":"1466.632181551","rd":"73.349562818991","sigma":"0","rptime":"1440061200","rpr":1454.0599843936,"rprd":72.001760380492,"rpsigma":"0","acre":1022.3153249345,"lacre":1022.3153249345,"oldacre":"1040.1896362819"},"p2rating":{"entryid":"223174","serverid":"eos","formatid":"monotype","userid":"wishmynamewasprple","username":"wishmynamewasprple","w":1,"l":"2","t":"0","gxe":45.3,"r":"1500","rd":"130","sigma":"0","rptime":"1440061200","rpr":1462.6628952896,"rprd":110.5742848156,"rpsigma":"0","acre":1044.6064751862,"lacre":1044.6064751862,"oldacre":"1000"},"endType":"normal"}