{"seed":[25220,6796,65156,4970],"turns":22,"p1":"Praingel&cena","p2":"Fraternity Wulf","p1team":[{"name":"Meloetta","species":"Meloetta","item":"leftovers","ability":"Serene Grace","moves":["rest","snore","chargebeam","psychic"],"nature":"Modest","evs":{"hp":252,"atk":0,"def":0,"spa":252,"spd":4,"spe":0},"ivs":{"hp":31,"atk":31,"def":31,"spa":31,"spd":31,"spe":31}},{"name":"Diggersby","species":"Diggersby","item":"choiceband","ability":"Huge Power","moves":["quickattack","earthquake","knockoff","hammerarm"],"nature":"Lonely","evs":{"hp":248,"atk":252,"def":0,"spa":8,"spd":0,"spe":0},"ivs":{"hp":31,"atk":31,"def":31,"spa":31,"spd":31,"spe":31}},{"name":"Audino","species":"Audino","item":"audinite","ability":"Regenerator","moves":["healbell","blizzard","calmmind","dazzlinggleam"],"nature":"Modest","evs":{"hp":248,"atk":0,"def":0,"spa":252,"spd":8,"spe":0},"ivs":{"hp":31,"atk":31,"def":31,"spa":31,"spd":31,"spe":31}},{"name":"Cinccino","species":"Cinccino","item":"lifeorb","ability":"Skill Link","moves":["bulletseed","tailslap","rockblast","knockoff"],"nature":"Jolly","evs":{"hp":0,"atk":252,"def":0,"spa":0,"spd":4,"spe":252},"ivs":{"hp":31,"atk":31,"def":31,"spa":31,"spd":31,"spe":31}},{"name":"Miltank","species":"Miltank","item":"assaultvest","ability":"Sap Sipper","moves":["bodyslam","icepunch","poweruppunch","earthquake"],"nature":"Jolly","evs":{"hp":0,"atk":252,"def":0,"spa":0,"spd":4,"spe":252},"ivs":{"hp":31,"atk":31,"def":31,"spa":31,"spd":31,"spe":31}},{"name":"Ambipom","species":"Ambipom","item":"lifeorb","ability":"Technician","moves":["fakeout","aerialace","pursuit","payback"],"nature":"Jolly","evs":{"hp":0,"atk":252,"def":0,"spa":0,"spd":4,"spe":252},"ivs":{"hp":31,"atk":31,"def":31,"spa":31,"spd":31,"spe":31}}],"p2team":[{"name":"Gyarados","species":"Gyarados","item":"gyaradosite","ability":"Intimidate","moves":["dragondance","waterfall","earthquake","crunch"],"nature":"Jolly","evs":{"hp":0,"atk":252,"def":0,"spa":0,"spd":4,"spe":252},"ivs":{"hp":31,"atk":31,"def":31,"spa":31,"spd":31,"spe":31}},{"name":"Thundurus-Therian","species":"Thundurus-Therian","item":"choicescarf","ability":"Volt Absorb","moves":["sludgewave","thunderbolt","voltswitch","darkpulse"],"nature":"Timid","evs":{"hp":0,"atk":0,"def":0,"spa":252,"spd":4,"spe":252},"ivs":{"hp":31,"atk":31,"def":31,"spa":31,"spd":31,"spe":31}},{"name":"Landorus","species":"Landorus","item":"lifeorb","ability":"Sheer Force","moves":["earthpower","grassknot","psychic","rockpolish"],"nature":"Timid","evs":{"hp":0,"atk":0,"def":0,"spa":252,"spd":4,"spe":252},"ivs":{"hp":31,"atk":31,"def":31,"spa":31,"spd":31,"spe":31}},{"name":"Skarmory","species":"Skarmory","item":"leftovers","ability":"Sturdy","moves":["roost","ironhead","stealthrock","whirlwind"],"nature":"Impish","evs":{"hp":244,"atk":8,"def":232,"spa":0,"spd":0,"spe":24},"ivs":{"hp":31,"atk":31,"def":31,"spa":31,"spd":31,"spe":31}},{"name":"Mandibuzz","species":"Mandibuzz","item":"leftovers","ability":"Overcoat","moves":["roost","foulplay","toxic","defog"],"nature":"Serious","evs":{"hp":240,"atk":0,"def":16,"spa":0,"spd":252,"spe":0},"ivs":{"hp":31,"atk":31,"def":31,"spa":31,"spd":31,"spe":31}},{"name":"Hawlucha","species":"Hawlucha","item":"powerherb","ability":"Unburden","moves":["skyattack","highjumpkick","swordsdance","acrobatics"],"nature":"Jolly","evs":{"hp":0,"atk":252,"def":0,"spa":0,"spd":4,"spe":252},"ivs":{"hp":31,"atk":31,"def":31,"spa":31,"spd":31,"spe":31}}],"log":["|player|p1|Praingel&cena|2","|player|p2|Fraternity Wulf|143","|gametype|singles","|gen|6","|tier|Monotype","|rated","|rule|Baton Pass Clause: Limit one Baton Passer, can't pass Spe and other stats simultaneously","|rule|Swagger Clause: Swagger is banned","|rule|Same Type Clause: Pokémon in a team must share a type","|clearpoke","|poke|p1|Meloetta","|poke|p1|Diggersby, M","|poke|p1|Audino, M","|poke|p1|Cinccino, F","|poke|p1|Miltank, F","|poke|p1|Ambipom, F","|poke|p2|Gyarados, F","|poke|p2|Thundurus-Therian, M","|poke|p2|Landorus, M","|poke|p2|Skarmory, F","|poke|p2|Mandibuzz, F","|poke|p2|Hawlucha, F","|rule|Sleep Clause Mod: Limit one foe put to sleep","|rule|Species Clause: Limit one of each Pokémon","|rule|OHKO Clause: OHKO moves are banned","|rule|Moody Clause: Moody is banned","|rule|Evasion Moves Clause: Evasion moves are banned","|rule|Endless Battle Clause: Forcing endless battles is banned","|rule|HP Percentage Mod: HP is shown in percentages","|teampreview","|","|start","|switch|p1a: Cinccino|Cinccino, F|291/291","|switch|p2a: Thundurus-Therian|Thundurus-Therian, M|299/299","|turn|1","|","|move|p2a: Thundurus-Therian|Volt Switch|p1a: Cinccino","|-damage|p1a: Cinccino|83/291","|","|switch|p2a: Skarmory|Skarmory, F|332/332","|move|p1a: Cinccino|Rock Blast|p2a: Skarmory","|-damage|p2a: Skarmory|313/332","|-damage|p2a: Skarmory|295/332","|-damage|p2a: Skarmory|278/332","|-damage|p2a: Skarmory|260/332","|-damage|p2a: Skarmory|241/332","|-hitcount|p2a: Skarmory|5","|-damage|p1a: Cinccino|54/291|[from] item: Life Orb","|","|-heal|p2a: Skarmory|261/332|[from] item: Leftovers","|turn|2","|","|switch|p1a: Miltank|Miltank, F|331/331","|move|p2a: Skarmory|Stealth Rock|p1a: Miltank","|-sidestart|p1: Praingel&cena|move: Stealth Rock","|","|-heal|p2a: Skarmory|281/332|[from] item: Leftovers","|turn|3","|","|switch|p2a: Mandibuzz|Mandibuzz, F|421/421","|move|p1a: Miltank|Power-Up Punch|p2a: Mandibuzz","|-damage|p2a: Mandibuzz|387/421","|-boost|p1a: Miltank|atk|1","|","|-heal|p2a: Mandibuzz|413/421|[from] item: Leftovers","|turn|4","|","|move|p1a: Miltank|Ice Punch|p2a: Mandibuzz","|-supereffective|p2a: Mandibuzz","|-damage|p2a: Mandibuzz|245/421","|-status|p2a: Mandibuzz|frz","|cant|p2a: Mandibuzz|frz","|","|-heal|p2a: Mandibuzz|271/421 frz|[from] item: Leftovers","|turn|5","|","|move|p1a: Miltank|Power-Up Punch|p2a: Mandibuzz","|-damage|p2a: Mandibuzz|221/421 frz","|-boost|p1a: Miltank|atk|1","|-curestatus|p2a: Mandibuzz|frz","|move|p2a: Mandibuzz|Toxic|p1a: Miltank","|-status|p1a: Miltank|tox","|","|-heal|p2a: Mandibuzz|247/421|[from] item: Leftovers","|-damage|p1a: Miltank|311/331 tox|[from] psn","|turn|6","|","|move|p1a: Miltank|Ice Punch|p2a: Mandibuzz","|-supereffective|p2a: Mandibuzz","|-damage|p2a: Mandibuzz|5/421","|move|p2a: Mandibuzz|Foul Play|p1a: Miltank","|-damage|p1a: Miltank|82/331 tox","|","|-heal|p2a: Mandibuzz|31/421|[from] item: Leftovers","|-damage|p1a: Miltank|42/331 tox|[from] psn","|turn|7","|","|move|p1a: Miltank|Body Slam|p2a: Mandibuzz","|-damage|p2a: Mandibuzz|0 fnt","|faint|p2a: Mandibuzz","|","|-damage|p1a: Miltank|0 fnt|[from] psn","|faint|p1a: Miltank","|","|switch|p2a: Thundurus-Therian|Thundurus-Therian, M|299/299","|switch|p1a: Diggersby|Diggersby, M|373/373","|-damage|p1a: Diggersby|350/373|[from] Stealth Rock","|turn|8","|","|move|p2a: Thundurus-Therian|Dark Pulse|p1a: Diggersby","|-damage|p1a: Diggersby|211/373","|move|p1a: Diggersby|Knock Off|p2a: Thundurus-Therian","|-damage|p2a: Thundurus-Therian|0 fnt","|-enditem|p2a: Thundurus-Therian|Choice Scarf|[from] move: Knock Off|[of] p1a: Diggersby","|faint|p2a: Thundurus-Therian","|","|","|switch|p2a: Gyarados|Gyarados, F|331/331","|-ability|p2a: Gyarados|Intimidate","|-unboost|p1a: Diggersby|atk|1","|turn|9","|","|switch|p1a: Audino|Audino, M|409/409","|-damage|p1a: Audino|358/409|[from] Stealth Rock","|move|p2a: Gyarados|Dragon Dance|p2a: Gyarados","|-boost|p2a: Gyarados|atk|1","|-boost|p2a: Gyarados|spe|1","|","|turn|10","|","|detailschange|p1a: Audino|Audino-Mega, M","|-mega|p1a: Audino|Audino|Audinite","|move|p2a: Gyarados|Dragon Dance|p2a: Gyarados","|-boost|p2a: Gyarados|atk|1","|-boost|p2a: Gyarados|spe|1","|move|p1a: Audino|Blizzard|p2a: Gyarados","|-crit|p2a: Gyarados","|-damage|p2a: Gyarados|184/331","|","|turn|11","|","|move|p2a: Gyarados|Waterfall|p1a: Audino","|-damage|p1a: Audino|115/409","|cant|p1a: Audino|flinch","|","|turn|12","|","|detailschange|p2a: Gyarados|Gyarados-Mega, F","|-mega|p2a: Gyarados|Gyarados|Gyaradosite","|-ability|p2a: Gyarados|Mold Breaker","|move|p2a: Gyarados|Waterfall|p1a: Audino","|-damage|p1a: Audino|0 fnt","|faint|p1a: Audino","|","|","|switch|p1a: Diggersby|Diggersby, M|211/373","|-damage|p1a: Diggersby|188/373|[from] Stealth Rock","|turn|13","|","|move|p1a: Diggersby|Quick Attack|p2a: Gyarados","|-damage|p2a: Gyarados|48/331","|move|p2a: Gyarados|Waterfall|p1a: Diggersby","|-supereffective|p1a: Diggersby","|-damage|p1a: Diggersby|0 fnt","|faint|p1a: Diggersby","|","|","|switch|p1a: Ambipom|Ambipom, F|291/291","|-damage|p1a: Ambipom|255/291|[from] Stealth Rock","|turn|14","|","|move|p1a: Ambipom|Fake Out|p2a: Gyarados","|-crit|p2a: Gyarados","|-damage|p2a: Gyarados|0 fnt","|-damage|p1a: Ambipom|226/291|[from] item: Life Orb","|faint|p2a: Gyarados","|","|","|switch|p2a: Hawlucha|Hawlucha, F|297/297","|turn|15","|","|move|p2a: Hawlucha|Sky Attack|p1a: Ambipom|[still]","|-prepare|p2a: Hawlucha|Sky Attack|p1a: Ambipom","|-enditem|p2a: Hawlucha|Power Herb","|-anim|p2a: Hawlucha|Sky Attack|p1a: Ambipom","|-damage|p1a: Ambipom|0 fnt","|faint|p1a: Ambipom","|","|","|switch|p1a: Cinccino|Cinccino, F|54/291","|-damage|p1a: Cinccino|18/291|[from] Stealth Rock","|turn|16","|","|move|p2a: Hawlucha|Acrobatics|p1a: Cinccino","|-damage|p1a: Cinccino|0 fnt","|faint|p1a: Cinccino","|","|","|switch|p1a: Meloetta|Meloetta|404/404","|-damage|p1a: Meloetta|354/404|[from] Stealth Rock","|turn|17","|","|move|p2a: Hawlucha|High Jump Kick|p1a: Meloetta|[miss]","|-miss|p2a: Hawlucha|p1a: Meloetta","|-damage|p2a: Hawlucha|149/297|[from] highjumpkick","|move|p1a: Meloetta|Charge Beam|p2a: Hawlucha","|-supereffective|p2a: Hawlucha","|-damage|p2a: Hawlucha|0 fnt","|-boost|p1a: Meloetta|spa|1","|faint|p2a: Hawlucha","|","|-heal|p1a: Meloetta|379/404|[from] item: Leftovers","|","|switch|p2a: Skarmory|Skarmory, F|281/332","|turn|18","|","|move|p1a: Meloetta|Charge Beam|p2a: Skarmory","|-supereffective|p2a: Skarmory","|-damage|p2a: Skarmory|15/332","|-boost|p1a: Meloetta|spa|1","|move|p2a: Skarmory|Iron Head|p1a: Meloetta","|-damage|p1a: Meloetta|282/404","|","|-heal|p1a: Meloetta|307/404|[from] item: Leftovers","|-heal|p2a: Skarmory|35/332|[from] item: Leftovers","|turn|19","|","|switch|p2a: Landorus|Landorus, M|319/319","|move|p1a: Meloetta|Rest|p1a: Meloetta","|-status|p1a: Meloetta|slp","|-heal|p1a: Meloetta|404/404 slp|[silent]","|-status|p1a: Meloetta|slp|[from] move: Rest","|","|turn|20","|","|move|p2a: Landorus|Earth Power|p1a: Meloetta","|-damage|p1a: Meloetta|190/404 slp","|cant|p1a: Meloetta|slp","|move|p1a: Meloetta|Snore|p2a: Landorus","|-damage|p2a: Landorus|96/319","|","|-heal|p1a: Meloetta|215/404 slp|[from] item: Leftovers","|turn|21","|","|move|p2a: Landorus|Earth Power|p1a: Meloetta","|-damage|p1a: Meloetta|27/404 slp","|cant|p1a: Meloetta|slp","|move|p1a: Meloetta|Snore|p2a: Landorus","|-damage|p2a: Landorus|0 fnt","|faint|p2a: Landorus","|","|-heal|p1a: Meloetta|52/404 slp|[from] item: Leftovers","|","|switch|p2a: Skarmory|Skarmory, F|35/332","|turn|22","|","|-curestatus|p1a: Meloetta|slp","|move|p1a: Meloetta|Psychic|p2a: Skarmory","|-resisted|p2a: Skarmory","|-damage|p2a: Skarmory|0 fnt","|faint|p2a: Skarmory","|","|win|Praingel&cena"],"p1rating":{"entryid":"268551","serverid":"eos","formatid":"monotype","userid":"praingelcena","username":"Praingel&cena","w":1,"l":"1","t":"0","gxe":50,"r":"1500","rd":"130","sigma":"0","rptime":"1440147600","rpr":1500,"rprd":116.77753930647,"rpsigma":"0","acre":1054.0928783636,"lacre":1054.0928783636,"oldacre":"1000"},"p2rating":{"entryid":"266962","serverid":"eos","formatid":"monotype","userid":"fraternitywulf","username":"Fraternity Wulf","w":"3","l":1,"t":"0","gxe":61.2,"r":"1500","rd":"130","sigma":"0","rptime":"1440147600","rpr":1589.5149013337,"rprd":107.23610155201,"rpsigma":"0","acre":1094.0803219643,"lacre":1094.0803219643,"oldacre":"1127.8883709416"},"endType":"normal"}