{"seed":[31051,55248,38817,22317],"turns":18,"p1":"KGBeast","p2":"King Capo","p1team":[{"name":"Terrakion","species":"Terrakion","item":"choicescarf","ability":"Justified","moves":["closecombat","stoneedge","earthquake","ironhead"],"nature":"Adamant","evs":{"hp":0,"atk":252,"def":4,"spa":0,"spd":0,"spe":252},"ivs":{"hp":31,"atk":31,"def":31,"spa":31,"spd":31,"spe":31}},{"name":"Breloom","species":"Breloom","item":"lifeorb","ability":"Technician","moves":["spore","swordsdance","machpunch","bulletseed"],"nature":"Jolly","evs":{"hp":0,"atk":252,"def":4,"spa":0,"spd":0,"spe":252},"ivs":{"hp":31,"atk":31,"def":31,"spa":31,"spd":31,"spe":31}},{"name":"Medicham","species":"Medicham","item":"medichamite","ability":"Pure Power","moves":["fakeout","highjumpkick","psychocut","icepunch"],"nature":"Adamant","evs":{"hp":0,"atk":252,"def":4,"spa":0,"spd":0,"spe":252},"ivs":{"hp":31,"atk":31,"def":31,"spa":31,"spd":31,"spe":31}},{"name":"Keldeo-Resolute","species":"Keldeo-Resolute","item":"leftovers","ability":"Justified","moves":["calmmind","substitute","scald","secretsword"],"nature":"Timid","evs":{"hp":0,"atk":0,"def":4,"spa":252,"spd":0,"spe":252},"ivs":{"hp":31,"atk":0,"def":31,"spa":31,"spd":31,"spe":31}},{"name":"Cobalion","species":"Cobalion","item":"leftovers","ability":"Justified","moves":["stealthrock","ironhead","roar","thunderwave"],"nature":"Impish","evs":{"hp":252,"atk":0,"def":220,"spa":0,"spd":32,"spe":4},"ivs":{"hp":31,"atk":31,"def":31,"spa":31,"spd":31,"spe":31}},{"name":"Heracross","species":"Heracross","item":"choiceband","ability":"Guts","moves":["closecombat","stoneedge","knockoff","megahorn"],"nature":"Adamant","evs":{"hp":0,"atk":252,"def":4,"spa":0,"spd":0,"spe":252},"ivs":{"hp":31,"atk":31,"def":31,"spa":31,"spd":31,"spe":31}}],"p2team":[{"name":"Bisharp","species":"Bisharp","item":"lumberry","ability":"Defiant","moves":["ironhead","knockoff","lowkick","suckerpunch"],"nature":"Adamant","evs":{"hp":192,"atk":252,"def":0,"spa":0,"spd":64,"spe":0},"ivs":{"hp":31,"atk":31,"def":31,"spa":31,"spd":31,"spe":31}},{"name":"Weavile","species":"Weavile","item":"lifeorb","ability":"Pressure","moves":["iciclecrash","iceshard","knockoff","poisonjab"],"nature":"Jolly","evs":{"hp":0,"atk":252,"def":24,"spa":0,"spd":0,"spe":232},"ivs":{"hp":31,"atk":31,"def":31,"spa":31,"spd":31,"spe":31}},{"name":"Tyranitar","species":"Tyranitar","item":"leftovers","ability":"Sand Stream","moves":["stealthrock","stoneedge","fireblast","icebeam"],"nature":"Relaxed","evs":{"hp":248,"atk":0,"def":80,"spa":0,"spd":180,"spe":0},"ivs":{"hp":31,"atk":31,"def":31,"spa":31,"spd":31,"spe":31}},{"name":"Crawdaunt","species":"Crawdaunt","item":"lifeorb","ability":"Adaptability","moves":["crabhammer","crunch","dragondance","aquajet"],"nature":"Jolly","evs":{"hp":4,"atk":252,"def":0,"spa":0,"spd":0,"spe":252},"ivs":{"hp":31,"atk":31,"def":31,"spa":31,"spd":31,"spe":31}},{"name":"Hydreigon","species":"Hydreigon","item":"choicescarf","ability":"Levitate","moves":["darkpulse","dracometeor","irontail","fireblast"],"nature":"Naive","evs":{"hp":0,"atk":4,"def":0,"spa":252,"spd":0,"spe":252},"ivs":{"hp":31,"atk":31,"def":31,"spa":31,"spd":31,"spe":31}},{"name":"Mandibuzz","species":"Mandibuzz","item":"leftovers","ability":"Overcoat","moves":["foulplay","bravebird","roost","defog"],"nature":"Impish","evs":{"hp":252,"atk":0,"def":152,"spa":0,"spd":104,"spe":0},"ivs":{"hp":31,"atk":31,"def":31,"spa":31,"spd":31,"spe":31}}],"log":["|player|p1|KGBeast|kgbeast.png","|player|p2|King Capo|7","|gametype|singles","|gen|6","|tier|Monotype","|rated","|rule|Baton Pass Clause: Limit one Baton Passer, can't pass Spe and other stats simultaneously","|rule|Swagger Clause: Swagger is banned","|rule|Same Type Clause: Pokémon in a team must share a type","|clearpoke","|poke|p1|Terrakion","|poke|p1|Breloom, F","|poke|p1|Medicham, M","|poke|p1|Keldeo-Resolute","|poke|p1|Cobalion","|poke|p1|Heracross, M","|poke|p2|Bisharp, F","|poke|p2|Weavile, M","|poke|p2|Tyranitar, M","|poke|p2|Crawdaunt, M","|poke|p2|Hydreigon, M","|poke|p2|Mandibuzz, F","|rule|Sleep Clause Mod: Limit one foe put to sleep","|rule|Species Clause: Limit one of each Pokémon","|rule|OHKO Clause: OHKO moves are banned","|rule|Moody Clause: Moody is banned","|rule|Evasion Moves Clause: Evasion moves are banned","|rule|Endless Battle Clause: Forcing endless battles is banned","|rule|HP Percentage Mod: HP is shown in percentages","|teampreview","|","|start","|switch|p1a: Keldeo-Resolute|Keldeo-Resolute|323/323","|switch|p2a: Tyranitar|Tyranitar, M|403/403","|-weather|Sandstorm","|turn|1","|","|switch|p2a: Mandibuzz|Mandibuzz, F|424/424","|move|p1a: Keldeo-Resolute|Secret Sword|p2a: Mandibuzz","|-damage|p2a: Mandibuzz|301/424","|","|-weather|Sandstorm|[upkeep]","|-damage|p1a: Keldeo-Resolute|303/323|[from] sandstorm","|-heal|p1a: Keldeo-Resolute|323/323|[from] item: Leftovers","|-heal|p2a: Mandibuzz|327/424|[from] item: Leftovers","|turn|2","|","|move|p1a: Keldeo-Resolute|Substitute|p1a: Keldeo-Resolute","|-start|p1a: Keldeo-Resolute|Substitute","|-damage|p1a: Keldeo-Resolute|243/323","|move|p2a: Mandibuzz|Brave Bird|p1a: Keldeo-Resolute","|-supereffective|p1a: Keldeo-Resolute","|-end|p1a: Keldeo-Resolute|Substitute","|-damage|p2a: Mandibuzz|301/424|[from] recoil|[of] p1a: Keldeo-Resolute","|","|-weather|Sandstorm|[upkeep]","|-damage|p1a: Keldeo-Resolute|223/323|[from] sandstorm","|-heal|p1a: Keldeo-Resolute|243/323|[from] item: Leftovers","|-heal|p2a: Mandibuzz|327/424|[from] item: Leftovers","|turn|3","|","|switch|p1a: Cobalion|Cobalion|386/386","|switch|p2a: Hydreigon|Hydreigon, M|325/325","|","|-weather|Sandstorm|[upkeep]","|-damage|p2a: Hydreigon|305/325|[from] sandstorm","|turn|4","|","|switch|p1a: Keldeo-Resolute|Keldeo-Resolute|243/323","|move|p2a: Hydreigon|Fire Blast|p1a: Keldeo-Resolute","|-resisted|p1a: Keldeo-Resolute","|-damage|p1a: Keldeo-Resolute|179/323","|-status|p1a: Keldeo-Resolute|brn","|","|-weather|Sandstorm|[upkeep]","|-damage|p2a: Hydreigon|285/325|[from] sandstorm","|-damage|p1a: Keldeo-Resolute|159/323 brn|[from] sandstorm","|-heal|p1a: Keldeo-Resolute|179/323 brn|[from] item: Leftovers","|-damage|p1a: Keldeo-Resolute|139/323 brn|[from] brn","|turn|5","|","|switch|p2a: Mandibuzz|Mandibuzz, F|327/424","|move|p1a: Keldeo-Resolute|Calm Mind|p1a: Keldeo-Resolute","|-boost|p1a: Keldeo-Resolute|spa|1","|-boost|p1a: Keldeo-Resolute|spd|1","|","|-weather|none","|-heal|p1a: Keldeo-Resolute|159/323 brn|[from] item: Leftovers","|-heal|p2a: Mandibuzz|353/424|[from] item: Leftovers","|-damage|p1a: Keldeo-Resolute|119/323 brn|[from] brn","|turn|6","|","|move|p1a: Keldeo-Resolute|Secret Sword|p2a: Mandibuzz","|-damage|p2a: Mandibuzz|187/424","|move|p2a: Mandibuzz|Brave Bird|p1a: Keldeo-Resolute","|-supereffective|p1a: Keldeo-Resolute","|-damage|p1a: Keldeo-Resolute|0 fnt","|-damage|p2a: Mandibuzz|148/424|[from] recoil|[of] p1a: Keldeo-Resolute","|faint|p1a: Keldeo-Resolute","|","|-heal|p2a: Mandibuzz|174/424|[from] item: Leftovers","|","|switch|p1a: Heracross|Heracross, M|301/301","|turn|7","|","|move|p1a: Heracross|Close Combat|p2a: Mandibuzz","|-damage|p2a: Mandibuzz|0 fnt","|-unboost|p1a: Heracross|def|1","|-unboost|p1a: Heracross|spd|1","|faint|p2a: Mandibuzz","|","|","|switch|p2a: Hydreigon|Hydreigon, M|285/325","|turn|8","|","|move|p2a: Hydreigon|Fire Blast|p1a: Heracross|[miss]","|-miss|p2a: Hydreigon|p1a: Heracross","|move|p1a: Heracross|Close Combat|p2a: Hydreigon","|-supereffective|p2a: Hydreigon","|-damage|p2a: Hydreigon|0 fnt","|-unboost|p1a: Heracross|def|1","|-unboost|p1a: Heracross|spd|1","|faint|p2a: Hydreigon","|","|","|switch|p2a: Crawdaunt|Crawdaunt, M|268/268","|turn|9","|","|move|p2a: Crawdaunt|Aqua Jet|p1a: Heracross","|-damage|p1a: Heracross|0 fnt","|-damage|p2a: Crawdaunt|242/268|[from] item: Life Orb","|faint|p1a: Heracross","|","|","|switch|p1a: Breloom|Breloom, F|261/261","|turn|10","|","|switch|p2a: Tyranitar|Tyranitar, M|403/403","|-weather|Sandstorm","|move|p1a: Breloom|Mach Punch|p2a: Tyranitar","|-supereffective|p2a: Tyranitar","|-damage|p2a: Tyranitar|0 fnt","|-damage|p1a: Breloom|235/261|[from] item: Life Orb","|faint|p2a: Tyranitar","|","|-weather|Sandstorm|[upkeep]","|-damage|p1a: Breloom|219/261|[from] sandstorm","|","|switch|p2a: Weavile|Weavile, M|281/281","|-ability|p2a: Weavile|Pressure","|turn|11","|","|switch|p1a: Cobalion|Cobalion|386/386","|move|p2a: Weavile|Icicle Crash|p1a: Cobalion","|-resisted|p1a: Cobalion","|-damage|p1a: Cobalion|333/386","|-damage|p2a: Weavile|253/281|[from] item: Life Orb","|","|-weather|Sandstorm|[upkeep]","|-damage|p2a: Weavile|236/281|[from] sandstorm","|-heal|p1a: Cobalion|357/386|[from] item: Leftovers","|turn|12","|","|switch|p2a: Bisharp|Bisharp, F|319/319","|move|p1a: Cobalion|Stealth Rock|p2a: Bisharp","|-sidestart|p2: King Capo|move: Stealth Rock","|","|-weather|Sandstorm|[upkeep]","|-heal|p1a: Cobalion|381/386|[from] item: Leftovers","|turn|13","|","|move|p1a: Cobalion|Thunder Wave|p2a: Bisharp","|-status|p2a: Bisharp|par","|-enditem|p2a: Bisharp|Lum Berry|[eat]","|-curestatus|p2a: Bisharp|par","|move|p2a: Bisharp|Low Kick|p1a: Cobalion","|-supereffective|p1a: Cobalion","|-damage|p1a: Cobalion|195/386","|","|-weather|Sandstorm|[upkeep]","|-heal|p1a: Cobalion|219/386|[from] item: Leftovers","|turn|14","|","|switch|p1a: Medicham|Medicham, M|261/261","|move|p2a: Bisharp|Low Kick|p1a: Medicham","|-resisted|p1a: Medicham","|-damage|p1a: Medicham|216/261","|","|-weather|none","|turn|15","|","|detailschange|p1a: Medicham|Medicham-Mega, M","|-mega|p1a: Medicham|Medicham|Medichamite","|move|p1a: Medicham|Fake Out|p2a: Bisharp","|-resisted|p2a: Bisharp","|-damage|p2a: Bisharp|277/319","|cant|p2a: Bisharp|flinch","|","|turn|16","|","|move|p1a: Medicham|High Jump Kick|p2a: Bisharp","|-supereffective|p2a: Bisharp","|-damage|p2a: Bisharp|0 fnt","|faint|p2a: Bisharp","|","|","|switch|p2a: Crawdaunt|Crawdaunt, M|242/268","|-damage|p2a: Crawdaunt|209/268|[from] Stealth Rock","|turn|17","|","|move|p1a: Medicham|High Jump Kick|p2a: Crawdaunt","|-supereffective|p2a: Crawdaunt","|-damage|p2a: Crawdaunt|0 fnt","|faint|p2a: Crawdaunt","|","|","|switch|p2a: Weavile|Weavile, M|236/281","|-damage|p2a: Weavile|166/281|[from] Stealth Rock","|-ability|p2a: Weavile|Pressure","|turn|18","|","|move|p2a: Weavile|Knock Off|p1a: Medicham","|-damage|p1a: Medicham|64/261","|-damage|p2a: Weavile|138/281|[from] item: Life Orb","|move|p1a: Medicham|High Jump Kick|p2a: Weavile","|-supereffective|p2a: Weavile","|-damage|p2a: Weavile|0 fnt","|faint|p2a: Weavile","|","|win|KGBeast"],"p1rating":{"entryid":"262469","serverid":"eos","formatid":"monotype","userid":"kgbeast","username":"KGBeast","w":2,"l":"0","t":"0","gxe":59.9,"r":"1500","rd":"130","sigma":"0","rptime":"1440147600","rpr":1579.3834396316,"rprd":116.66335634972,"rpsigma":"0","acre":1084.7382975562,"lacre":1084.7382975562,"oldacre":"1058.7814584605"},"p2rating":{"entryid":262861,"formatid":"monotype","userid":"kingcapo","username":"King Capo","r":1500,"rd":130,"sigma":0,"rpr":1459.8393856612,"rprd":122.8583080769,"rpsigma":0,"rptime":1440147600,"w":0,"l":1,"t":0,"gxe":45,"acre":1000,"lacre":1000,"oldacre":1000},"endType":"normal"}