{"seed":[29433,43736,50150,13256],"turns":25,"p1":"Suichika","p2":"tboltrider","p1team":[{"name":"Bellossom","species":"Bellossom","item":"choicespecs","ability":"Chlorophyll","moves":["leafstorm","gigadrain","moonblast","hiddenpowerfire"],"nature":"Modest","evs":{"hp":92,"atk":0,"def":0,"spa":252,"spd":4,"spe":160},"ivs":{"hp":31,"atk":30,"def":31,"spa":30,"spd":31,"spe":30}},{"name":"Abomasnow","species":"Abomasnow","item":"abomasite","ability":"Snow Warning","moves":["iceshard","swordsdance","earthquake","woodhammer"],"nature":"Adamant","evs":{"hp":248,"atk":252,"def":0,"spa":0,"spd":8,"spe":0},"ivs":{"hp":31,"atk":31,"def":31,"spa":31,"spd":31,"spe":31}},{"name":"Roserade","species":"Roserade","item":"choicescarf","ability":"Technician","moves":["hiddenpowerrock","extrasensory","sludgebomb","gigadrain"],"nature":"Timid","evs":{"hp":0,"atk":0,"def":0,"spa":252,"spd":4,"spe":252},"ivs":{"hp":31,"atk":31,"def":30,"spa":31,"spd":30,"spe":30}},{"name":"Shiftry","species":"Shiftry","item":"lifeorb","ability":"Chlorophyll","moves":["fakeout","suckerpunch","knockoff","rockslide"],"nature":"Adamant","evs":{"hp":0,"atk":252,"def":0,"spa":0,"spd":4,"spe":252},"ivs":{"hp":31,"atk":31,"def":31,"spa":31,"spd":31,"spe":31}},{"name":"Ferrothorn","species":"Ferrothorn","item":"occaberry","ability":"Iron Barbs","moves":["stealthrock","thunderwave","knockoff","gyroball"],"nature":"Impish","evs":{"hp":252,"atk":0,"def":88,"spa":0,"spd":168,"spe":0},"ivs":{"hp":31,"atk":31,"def":31,"spa":31,"spd":31,"spe":31}},{"name":"Breloom","species":"Breloom","item":"focussash","ability":"Technician","moves":["spore","machpunch","bulletseed","rocktomb"],"nature":"Jolly","evs":{"hp":0,"atk":252,"def":0,"spa":0,"spd":4,"spe":252},"ivs":{"hp":31,"atk":31,"def":31,"spa":31,"spd":31,"spe":31}}],"p2team":[{"name":"Skarmory","species":"Skarmory","item":"rockyhelmet","ability":"Sturdy","moves":["roost","swordsdance","stealthrock","ironhead"],"nature":"Jolly","evs":{"hp":0,"atk":128,"def":0,"spa":0,"spd":248,"spe":132},"gender":"M","ivs":{"hp":31,"atk":31,"def":31,"spa":31,"spd":31,"spe":31}},{"name":"Togekiss","species":"Togekiss","item":"leftovers","ability":"Serene Grace","moves":["aurasphere","airslash","softboiled","thunderwave"],"nature":"Modest","evs":{"hp":0,"atk":0,"def":148,"spa":108,"spd":0,"spe":252},"gender":"F","ivs":{"hp":31,"atk":31,"def":31,"spa":31,"spd":31,"spe":31}},{"name":"Mandibuzz","species":"Mandibuzz","item":"leftovers","ability":"Overcoat","moves":["roost","defog","foulplay","taunt"],"nature":"Adamant","evs":{"hp":0,"atk":232,"def":0,"spa":0,"spd":156,"spe":120},"ivs":{"hp":31,"atk":31,"def":31,"spa":31,"spd":31,"spe":31}},{"name":"Gliscor","species":"Gliscor","item":"toxicorb","ability":"Poison Heal","moves":["earthquake","swordsdance","roost","facade"],"nature":"Careful","evs":{"hp":244,"atk":0,"def":8,"spa":0,"spd":200,"spe":56},"ivs":{"hp":31,"atk":31,"def":31,"spa":31,"spd":31,"spe":31}},{"name":"Thundurus","species":"Thundurus","item":"lifeorb","ability":"Prankster","moves":["thunderwave","thunderbolt","sludgewave","focusblast"],"nature":"Timid","evs":{"hp":0,"atk":0,"def":4,"spa":252,"spd":0,"spe":252},"ivs":{"hp":31,"atk":31,"def":31,"spa":31,"spd":31,"spe":31}},{"name":"Pidgeot","species":"Pidgeot","item":"pidgeotite","ability":"Big Pecks","moves":["heatwave","uturn","roost","hurricane"],"nature":"Timid","evs":{"hp":0,"atk":0,"def":4,"spa":252,"spd":0,"spe":252},"ivs":{"hp":31,"atk":31,"def":31,"spa":31,"spd":31,"spe":31}}],"log":["|player|p1|Suichika|265","|player|p2|tboltrider|93","|gametype|singles","|gen|6","|tier|Monotype","|rated","|rule|Baton Pass Clause: Limit one Baton Passer, can't pass Spe and other stats simultaneously","|rule|Swagger Clause: Swagger is banned","|rule|Same Type Clause: Pokémon in a team must share a type","|clearpoke","|poke|p1|Bellossom, M","|poke|p1|Abomasnow, F","|poke|p1|Roserade, M","|poke|p1|Shiftry, F","|poke|p1|Ferrothorn, M","|poke|p1|Breloom, F","|poke|p2|Skarmory, M","|poke|p2|Togekiss, F","|poke|p2|Mandibuzz, F","|poke|p2|Gliscor, F","|poke|p2|Thundurus, M","|poke|p2|Pidgeot, M","|rule|Sleep Clause Mod: Limit one foe put to sleep","|rule|Species Clause: Limit one of each Pokémon","|rule|OHKO Clause: OHKO moves are banned","|rule|Moody Clause: Moody is banned","|rule|Evasion Moves Clause: Evasion moves are banned","|rule|Endless Battle Clause: Forcing endless battles is banned","|rule|HP Percentage Mod: HP is shown in percentages","|teampreview","|","|start","|switch|p1a: Roserade|Roserade, M|261/261","|switch|p2a: Pidgeot|Pidgeot, M|307/307","|turn|1","|","|detailschange|p2a: Pidgeot|Pidgeot-Mega, M","|-mega|p2a: Pidgeot|Pidgeot|Pidgeotite","|move|p1a: Roserade|Hidden Power|p2a: Pidgeot","|-supereffective|p2a: Pidgeot","|-damage|p2a: Pidgeot|75/307","|move|p2a: Pidgeot|Hurricane|p1a: Roserade","|-supereffective|p1a: Roserade","|-damage|p1a: Roserade|0 fnt","|faint|p1a: Roserade","|","|","|switch|p1a: Breloom|Breloom, F|261/261","|turn|2","|","|switch|p2a: Togekiss|Togekiss, F|311/311","|move|p1a: Breloom|Mach Punch|p2a: Togekiss","|-resisted|p2a: Togekiss","|-damage|p2a: Togekiss|286/311","|","|-heal|p2a: Togekiss|305/311|[from] item: Leftovers","|turn|3","|","|move|p1a: Breloom|Rock Tomb|p2a: Togekiss|[miss]","|-miss|p1a: Breloom|p2a: Togekiss","|move|p2a: Togekiss|Thunder Wave|p1a: Breloom","|-status|p1a: Breloom|par","|","|-heal|p2a: Togekiss|311/311|[from] item: Leftovers","|turn|4","|","|switch|p1a: Ferrothorn|Ferrothorn, M|352/352","|move|p2a: Togekiss|Air Slash|p1a: Ferrothorn","|-damage|p1a: Ferrothorn|256/352","|","|turn|5","|","|move|p2a: Togekiss|Thunder Wave|p1a: Ferrothorn","|-status|p1a: Ferrothorn|par","|move|p1a: Ferrothorn|Thunder Wave|p2a: Togekiss","|-status|p2a: Togekiss|par","|","|turn|6","|","|move|p2a: Togekiss|Aura Sphere|p1a: Ferrothorn","|-supereffective|p1a: Ferrothorn","|-damage|p1a: Ferrothorn|126/352 par","|cant|p1a: Ferrothorn|par","|","|turn|7","|","|move|p2a: Togekiss|Air Slash|p1a: Ferrothorn","|-damage|p1a: Ferrothorn|38/352 par","|cant|p1a: Ferrothorn|flinch","|","|turn|8","|","|move|p2a: Togekiss|Air Slash|p1a: Ferrothorn","|-damage|p1a: Ferrothorn|0 fnt","|faint|p1a: Ferrothorn","|","|","|switch|p1a: Abomasnow|Abomasnow, F|383/383","|-weather|Hail","|turn|9","|","|detailschange|p1a: Abomasnow|Abomasnow-Mega, F","|-mega|p1a: Abomasnow|Abomasnow|Abomasite","|move|p1a: Abomasnow|Swords Dance|p1a: Abomasnow","|-boost|p1a: Abomasnow|atk|2","|cant|p2a: Togekiss|par","|","|-weather|Hail|[upkeep]","|-damage|p2a: Togekiss|292/311 par|[from] hail","|-heal|p2a: Togekiss|311/311 par|[from] item: Leftovers","|turn|10","|","|move|p1a: Abomasnow|Ice Shard|p2a: Togekiss","|-supereffective|p2a: Togekiss","|-damage|p2a: Togekiss|51/311 par","|move|p2a: Togekiss|Thunder Wave|p1a: Abomasnow","|-status|p1a: Abomasnow|par","|","|-weather|Hail|[upkeep]","|-damage|p2a: Togekiss|32/311 par|[from] hail","|-heal|p2a: Togekiss|51/311 par|[from] item: Leftovers","|turn|11","|","|switch|p2a: Mandibuzz|Mandibuzz, F|361/361","|move|p1a: Abomasnow|Ice Shard|p2a: Mandibuzz","|-supereffective|p2a: Mandibuzz","|-damage|p2a: Mandibuzz|77/361","|","|-weather|Hail|[upkeep]","|-heal|p2a: Mandibuzz|99/361|[from] item: Leftovers","|turn|12","|","|move|p1a: Abomasnow|Ice Shard|p2a: Mandibuzz","|-supereffective|p2a: Mandibuzz","|-damage|p2a: Mandibuzz|0 fnt","|faint|p2a: Mandibuzz","|","|-weather|Hail|[upkeep]","|","|switch|p2a: Skarmory|Skarmory, M|271/271","|turn|13","|","|move|p1a: Abomasnow|Ice Shard|p2a: Skarmory","|-damage|p2a: Skarmory|159/271","|move|p2a: Skarmory|Iron Head|p1a: Abomasnow","|-supereffective|p1a: Abomasnow","|-damage|p1a: Abomasnow|203/383 par","|","|-weather|none","|turn|14","|","|switch|p1a: Bellossom|Bellossom, M|314/314","|move|p2a: Skarmory|Swords Dance|p2a: Skarmory","|-boost|p2a: Skarmory|atk|2","|","|turn|15","|","|move|p2a: Skarmory|Iron Head|p1a: Bellossom","|-damage|p1a: Bellossom|130/314","|cant|p1a: Bellossom|flinch","|","|turn|16","|","|move|p2a: Skarmory|Iron Head|p1a: Bellossom","|-damage|p1a: Bellossom|0 fnt","|faint|p1a: Bellossom","|","|","|switch|p1a: Shiftry|Shiftry, F|321/321","|turn|17","|","|move|p1a: Shiftry|Knock Off|p2a: Skarmory","|-damage|p2a: Skarmory|0 fnt","|-damage|p1a: Shiftry|268/321|[from] item: Rocky Helmet|[of] p2a: Skarmory","|-enditem|p2a: Skarmory|Rocky Helmet|[from] move: Knock Off|[of] p1a: Shiftry","|-damage|p1a: Shiftry|236/321|[from] item: Life Orb","|faint|p2a: Skarmory","|","|","|switch|p2a: Thundurus|Thundurus, M|299/299","|turn|18","|","|move|p2a: Thundurus|Sludge Wave|p1a: Shiftry","|-supereffective|p1a: Shiftry","|-damage|p1a: Shiftry|0 fnt","|-damage|p2a: Thundurus|270/299|[from] item: Life Orb","|faint|p1a: Shiftry","|","|","|switch|p1a: Breloom|Breloom, F|261/261 par","|turn|19","|","|move|p2a: Thundurus|Sludge Wave|p1a: Breloom","|-supereffective|p1a: Breloom","|-enditem|p1a: Breloom|Focus Sash","|-damage|p1a: Breloom|1/261 par","|-damage|p2a: Thundurus|241/299|[from] item: Life Orb","|move|p1a: Breloom|Rock Tomb|p2a: Thundurus","|-supereffective|p2a: Thundurus","|-damage|p2a: Thundurus|0 fnt","|faint|p2a: Thundurus","|","|","|switch|p2a: Togekiss|Togekiss, F|51/311 par","|turn|20","|","|move|p1a: Breloom|Mach Punch|p2a: Togekiss","|-resisted|p2a: Togekiss","|-damage|p2a: Togekiss|25/311 par","|cant|p2a: Togekiss|par","|","|-heal|p2a: Togekiss|44/311 par|[from] item: Leftovers","|turn|21","|","|move|p1a: Breloom|Rock Tomb|p2a: Togekiss","|-supereffective|p2a: Togekiss","|-damage|p2a: Togekiss|0 fnt","|faint|p2a: Togekiss","|","|","|switch|p2a: Gliscor|Gliscor, F|352/352","|turn|22","|","|move|p2a: Gliscor|Earthquake|p1a: Breloom","|-resisted|p1a: Breloom","|-damage|p1a: Breloom|0 fnt","|faint|p1a: Breloom","|","|-status|p2a: Gliscor|tox|[from] item: Toxic Orb","|","|switch|p1a: Abomasnow|Abomasnow-Mega, F|203/383 par","|-weather|Hail","|turn|23","|","|move|p1a: Abomasnow|Ice Shard|p2a: Gliscor","|-supereffective|p2a: Gliscor","|-damage|p2a: Gliscor|72/352 tox","|move|p2a: Gliscor|Facade|p1a: Abomasnow","|-damage|p1a: Abomasnow|108/383 par","|","|-weather|Hail|[upkeep]","|-damage|p2a: Gliscor|50/352 tox|[from] hail","|-heal|p2a: Gliscor|94/352 tox|[from] ability: Poison Heal","|turn|24","|","|move|p1a: Abomasnow|Ice Shard|p2a: Gliscor","|-supereffective|p2a: Gliscor","|-damage|p2a: Gliscor|0 fnt","|faint|p2a: Gliscor","|","|-weather|Hail|[upkeep]","|","|switch|p2a: Pidgeot|Pidgeot-Mega, M|75/307","|turn|25","|","|move|p1a: Abomasnow|Ice Shard|p2a: Pidgeot","|-supereffective|p2a: Pidgeot","|-damage|p2a: Pidgeot|0 fnt","|faint|p2a: Pidgeot","|","|win|Suichika"],"p1rating":{"entryid":"158116","serverid":"eos","formatid":"monotype","userid":"suichika","username":"Suichika","w":3,"l":"6","t":"0","gxe":41.9,"r":"1397.9507165891","rd":"99.397110185641","sigma":"0","rptime":"1440147600","rpr":1436.2986181607,"rprd":90.405617138206,"rpsigma":"0","acre":1074.2280096273,"lacre":1074.2280096273,"oldacre":"1045.04528875"},"p2rating":{"entryid":"11792","serverid":"eos","formatid":"monotype","userid":"tboltrider","username":"tboltrider","w":"8","l":15,"t":"0","gxe":38.8,"r":"1426.2157222511","rd":"68.382591090969","sigma":"0","rptime":"1440147600","rpr":1412.8541956359,"rprd":67.215732868306,"rpsigma":"0","acre":1000,"lacre":1000,"oldacre":"1002.394872272"},"endType":"normal"}