{"seed":[38747,48993,38132,20944],"turns":32,"p1":"tboltrider","p2":"Inferno Sableye","p1team":[{"name":"Skarmory","species":"Skarmory","item":"rockyhelmet","ability":"Sturdy","moves":["roost","swordsdance","stealthrock","ironhead"],"nature":"Jolly","evs":{"hp":0,"atk":128,"def":0,"spa":0,"spd":248,"spe":132},"gender":"M","ivs":{"hp":31,"atk":31,"def":31,"spa":31,"spd":31,"spe":31}},{"name":"Togekiss","species":"Togekiss","item":"leftovers","ability":"Serene Grace","moves":["aurasphere","airslash","softboiled","thunderwave"],"nature":"Modest","evs":{"hp":0,"atk":0,"def":148,"spa":108,"spd":0,"spe":252},"gender":"F","ivs":{"hp":31,"atk":31,"def":31,"spa":31,"spd":31,"spe":31}},{"name":"Mandibuzz","species":"Mandibuzz","item":"leftovers","ability":"Overcoat","moves":["roost","defog","foulplay","taunt"],"nature":"Adamant","evs":{"hp":0,"atk":232,"def":0,"spa":0,"spd":156,"spe":120},"ivs":{"hp":31,"atk":31,"def":31,"spa":31,"spd":31,"spe":31}},{"name":"Gliscor","species":"Gliscor","item":"toxicorb","ability":"Poison Heal","moves":["earthquake","swordsdance","roost","facade"],"nature":"Careful","evs":{"hp":244,"atk":0,"def":8,"spa":0,"spd":200,"spe":56},"ivs":{"hp":31,"atk":31,"def":31,"spa":31,"spd":31,"spe":31}},{"name":"Aerodactyl","species":"Aerodactyl","item":"aerodactylite","ability":"Pressure","moves":["earthquake","stoneedge","firefang","aerialace"],"nature":"Jolly","evs":{"hp":0,"atk":248,"def":44,"spa":0,"spd":0,"spe":216},"gender":"M","ivs":{"hp":31,"atk":31,"def":31,"spa":31,"spd":31,"spe":31}},{"name":"Thundurus","species":"Thundurus","item":"lifeorb","ability":"Prankster","moves":["thunderwave","thunderbolt","sludgewave","focusblast"],"nature":"Timid","evs":{"hp":0,"atk":0,"def":4,"spa":252,"spd":0,"spe":252},"ivs":{"hp":31,"atk":31,"def":31,"spa":31,"spd":31,"spe":31}}],"p2team":[{"name":"Skarmory","species":"Skarmory","item":"shedshell","ability":"Sturdy","moves":["roost","defog","stealthrock","whirlwind"],"nature":"Bold","evs":{"hp":4,"atk":252,"def":0,"spa":0,"spd":0,"spe":252},"ivs":{"hp":31,"atk":31,"def":31,"spa":31,"spd":31,"spe":31}},{"name":"Charizard","species":"Charizard","item":"charizarditey","ability":"Blaze","moves":["flamecharge","solarbeam","airslash","earthquake"],"nature":"Hasty","evs":{"hp":0,"atk":4,"def":0,"spa":252,"spd":0,"spe":252},"ivs":{"hp":31,"atk":31,"def":31,"spa":31,"spd":31,"spe":31}},{"name":"Thundurus","species":"Thundurus","item":"lifeorb","ability":"Prankster","moves":["thunderbolt","thunderwave","knockoff","superpower"],"nature":"Naive","evs":{"hp":4,"atk":252,"def":0,"spa":0,"spd":0,"spe":252},"ivs":{"hp":31,"atk":31,"def":31,"spa":31,"spd":31,"spe":31}},{"name":"Landorus","species":"Landorus","item":"lifeorb","ability":"Sheer Force","moves":["earthpower","sludgebomb","focusblast","rockpolish"],"nature":"Timid","evs":{"hp":0,"atk":0,"def":0,"spa":252,"spd":4,"spe":252},"ivs":{"hp":31,"atk":31,"def":31,"spa":31,"spd":31,"spe":31}},{"name":"Gyarados","species":"Gyarados","item":"choicescarf","ability":"Moxie","moves":["icefang","waterfall","crunch","earthquake"],"nature":"Jolly","evs":{"hp":4,"atk":252,"def":0,"spa":0,"spd":0,"spe":252},"ivs":{"hp":31,"atk":31,"def":31,"spa":31,"spd":31,"spe":31}},{"name":"Dragonite","species":"Dragonite","item":"weaknesspolicy","ability":"Multiscale","moves":["outrage","extremespeed","thunderpunch","dragondance"],"nature":"Adamant","evs":{"hp":4,"atk":252,"def":0,"spa":0,"spd":0,"spe":252},"ivs":{"hp":31,"atk":31,"def":31,"spa":31,"spd":31,"spe":31}}],"log":["|player|p1|tboltrider|93","|player|p2|Inferno Sableye|infernosableye.gif","|gametype|singles","|gen|6","|tier|Monotype","|rated","|rule|Baton Pass Clause: Limit one Baton Passer, can't pass Spe and other stats simultaneously","|rule|Swagger Clause: Swagger is banned","|rule|Same Type Clause: Pokémon in a team must share a type","|clearpoke","|poke|p1|Skarmory, M","|poke|p1|Togekiss, F","|poke|p1|Mandibuzz, F","|poke|p1|Gliscor, F","|poke|p1|Aerodactyl, M","|poke|p1|Thundurus, M","|poke|p2|Skarmory, F","|poke|p2|Charizard, M","|poke|p2|Thundurus, M","|poke|p2|Landorus, M","|poke|p2|Gyarados, M","|poke|p2|Dragonite, F","|rule|Sleep Clause Mod: Limit one foe put to sleep","|rule|Species Clause: Limit one of each Pokémon","|rule|OHKO Clause: OHKO moves are banned","|rule|Moody Clause: Moody is banned","|rule|Evasion Moves Clause: Evasion moves are banned","|rule|Endless Battle Clause: Forcing endless battles is banned","|rule|HP Percentage Mod: HP is shown in percentages","|teampreview","|","|start","|switch|p1a: Thundurus|Thundurus, M|299/299","|switch|p2a: Gyarados|Gyarados, M|332/332","|turn|1","|","|move|p2a: Gyarados|Ice Fang|p1a: Thundurus","|-supereffective|p1a: Thundurus","|-damage|p1a: Thundurus|93/299","|move|p1a: Thundurus|Sludge Wave|p2a: Gyarados","|-damage|p2a: Gyarados|189/332","|-damage|p1a: Thundurus|64/299|[from] item: Life Orb","|","|turn|2","|","|move|p1a: Thundurus|Thunder Wave|p2a: Gyarados","|-status|p2a: Gyarados|par","|move|p2a: Gyarados|Ice Fang|p1a: Thundurus","|-supereffective|p1a: Thundurus","|-damage|p1a: Thundurus|0 fnt","|faint|p1a: Thundurus","|-boost|p2a: Gyarados|atk|1|[from] ability: Moxie","|","|","|switch|p1a: Mandibuzz|Mandibuzz, F|361/361","|turn|3","|","|move|p1a: Mandibuzz|Foul Play|p2a: Gyarados","|-damage|p2a: Gyarados|0 fnt","|faint|p2a: Gyarados","|","|","|switch|p2a: Skarmory|Skarmory, F|272/272","|turn|4","|","|move|p2a: Skarmory|Stealth Rock|p1a: Mandibuzz","|-sidestart|p1: tboltrider|move: Stealth Rock","|move|p1a: Mandibuzz|Taunt|p2a: Skarmory","|-start|p2a: Skarmory|move: Taunt","|","|turn|5","|","|switch|p2a: Thundurus|Thundurus, M|300/300","|move|p1a: Mandibuzz|Defog|p2a: Thundurus","|-unboost|p2a: Thundurus|evasion|1","|-sideend|p1: tboltrider|Stealth Rock|[from] move: Defog|[of] p1a: Mandibuzz","|","|turn|6","|","|move|p2a: Thundurus|Thunderbolt|p1a: Mandibuzz","|-supereffective|p1a: Mandibuzz","|-damage|p1a: Mandibuzz|78/361","|-damage|p2a: Thundurus|270/300|[from] item: Life Orb","|move|p1a: Mandibuzz|Foul Play|p2a: Thundurus","|-damage|p2a: Thundurus|59/300","|","|-heal|p1a: Mandibuzz|100/361|[from] item: Leftovers","|turn|7","|","|switch|p1a: Gliscor|Gliscor, F|352/352","|move|p2a: Thundurus|Thunderbolt|p1a: Gliscor","|-immune|p1a: Gliscor|[msg]","|","|-status|p1a: Gliscor|tox|[from] item: Toxic Orb","|turn|8","|","|switch|p2a: Skarmory|Skarmory, F|272/272","|move|p1a: Gliscor|Facade|p2a: Skarmory","|-resisted|p2a: Skarmory","|-damage|p2a: Skarmory|237/272","|","|turn|9","|","|switch|p1a: Aerodactyl|Aerodactyl, M|301/301","|-ability|p1a: Aerodactyl|Pressure","|switch|p2a: Thundurus|Thundurus, M|59/300","|","|turn|10","|","|detailschange|p1a: Aerodactyl|Aerodactyl-Mega, M","|-mega|p1a: Aerodactyl|Aerodactyl|Aerodactylite","|move|p2a: Thundurus|Thunder Wave|p1a: Aerodactyl","|-status|p1a: Aerodactyl|par","|move|p1a: Aerodactyl|Aerial Ace|p2a: Thundurus","|-resisted|p2a: Thundurus","|-damage|p2a: Thundurus|0 fnt","|faint|p2a: Thundurus","|","|","|switch|p2a: Skarmory|Skarmory, F|237/272","|turn|11","|","|move|p2a: Skarmory|Stealth Rock|p1a: Aerodactyl","|-sidestart|p1: tboltrider|move: Stealth Rock","|move|p1a: Aerodactyl|Fire Fang|p2a: Skarmory","|-supereffective|p2a: Skarmory","|-damage|p2a: Skarmory|105/272","|","|turn|12","|","|cant|p1a: Aerodactyl|par","|move|p2a: Skarmory|Whirlwind|p1a: Aerodactyl","|drag|p1a: Skarmory|Skarmory, M|271/271","|-damage|p1a: Skarmory|238/271|[from] Stealth Rock","|","|turn|13","|","|move|p2a: Skarmory|Roost|p2a: Skarmory","|-heal|p2a: Skarmory|241/272","|move|p1a: Skarmory|Swords Dance|p1a: Skarmory","|-boost|p1a: Skarmory|atk|2","|","|turn|14","|","|move|p2a: Skarmory|Roost|p2a: Skarmory","|-heal|p2a: Skarmory|272/272","|move|p1a: Skarmory|Swords Dance|p1a: Skarmory","|-boost|p1a: Skarmory|atk|2","|","|turn|15","|","|move|p1a: Skarmory|Stealth Rock|p2a: Skarmory","|-sidestart|p2: Inferno Sableye|move: Stealth Rock","|move|p2a: Skarmory|Whirlwind|p1a: Skarmory","|drag|p1a: Gliscor|Gliscor, F|352/352 tox","|-damage|p1a: Gliscor|308/352 tox|[from] Stealth Rock","|","|-heal|p1a: Gliscor|352/352 tox|[from] ability: Poison Heal","|turn|16","|","|move|p1a: Gliscor|Swords Dance|p1a: Gliscor","|-boost|p1a: Gliscor|atk|2","|move|p2a: Skarmory|Whirlwind|p1a: Gliscor","|drag|p1a: Togekiss|Togekiss, F|311/311","|-damage|p1a: Togekiss|234/311|[from] Stealth Rock","|","|-heal|p1a: Togekiss|253/311|[from] item: Leftovers","|turn|17","|","|move|p1a: Togekiss|Thunder Wave|p2a: Skarmory","|-status|p2a: Skarmory|par","|cant|p2a: Skarmory|par","|","|-heal|p1a: Togekiss|272/311|[from] item: Leftovers","|turn|18","|","|move|p1a: Togekiss|Air Slash|p2a: Skarmory","|-resisted|p2a: Skarmory","|-damage|p2a: Skarmory|188/272 par","|move|p2a: Skarmory|Defog|p1a: Togekiss","|-unboost|p1a: Togekiss|evasion|1","|-sideend|p1: tboltrider|Stealth Rock|[from] move: Defog|[of] p1a: Togekiss","|-sideend|p2: Inferno Sableye|Stealth Rock|[from] move: Defog|[of] p2a: Skarmory","|","|-heal|p1a: Togekiss|291/311|[from] item: Leftovers","|turn|19","|","|switch|p2a: Landorus|Landorus, M|319/319","|move|p1a: Togekiss|Air Slash|p2a: Landorus","|-damage|p2a: Landorus|157/319","|","|-heal|p1a: Togekiss|310/311|[from] item: Leftovers","|turn|20","|","|move|p2a: Landorus|Sludge Bomb|p1a: Togekiss","|-supereffective|p1a: Togekiss","|-damage|p1a: Togekiss|0 fnt","|faint|p1a: Togekiss","|","|","|switch|p1a: Gliscor|Gliscor, F|352/352 tox","|turn|21","|","|switch|p2a: Charizard|Charizard, M|297/297","|move|p1a: Gliscor|Facade|p2a: Charizard","|-damage|p2a: Charizard|143/297","|","|turn|22","|","|detailschange|p2a: Charizard|Charizard-Mega-Y, M","|-mega|p2a: Charizard|Charizard|Charizardite Y","|-weather|SunnyDay","|move|p2a: Charizard|Air Slash|p1a: Gliscor","|-damage|p1a: Gliscor|217/352 tox","|move|p1a: Gliscor|Swords Dance|p1a: Gliscor","|-boost|p1a: Gliscor|atk|2","|","|-weather|SunnyDay|[upkeep]","|-heal|p1a: Gliscor|261/352 tox|[from] ability: Poison Heal","|turn|23","|","|move|p2a: Charizard|Solar Beam|p1a: Gliscor|[still]","|-prepare|p2a: Charizard|Solar Beam|p1a: Gliscor","|-anim|p2a: Charizard|Solar Beam|p1a: Gliscor","|-damage|p1a: Gliscor|104/352 tox","|move|p1a: Gliscor|Facade|p2a: Charizard","|-damage|p2a: Charizard|0 fnt","|faint|p2a: Charizard","|","|-weather|SunnyDay|[upkeep]","|-heal|p1a: Gliscor|148/352 tox|[from] ability: Poison Heal","|","|switch|p2a: Dragonite|Dragonite, F|324/324","|turn|24","|","|move|p2a: Dragonite|Dragon Dance|p2a: Dragonite","|-boost|p2a: Dragonite|atk|1","|-boost|p2a: Dragonite|spe|1","|move|p1a: Gliscor|Roost|p1a: Gliscor","|-heal|p1a: Gliscor|324/352 tox","|","|-weather|SunnyDay|[upkeep]","|-heal|p1a: Gliscor|352/352 tox|[from] ability: Poison Heal","|turn|25","|","|move|p2a: Dragonite|Dragon Dance|p2a: Dragonite","|-boost|p2a: Dragonite|atk|1","|-boost|p2a: Dragonite|spe|1","|move|p1a: Gliscor|Facade|p2a: Dragonite","|-damage|p2a: Dragonite|217/324","|","|-weather|SunnyDay|[upkeep]","|turn|26","|","|move|p2a: Dragonite|Outrage|p1a: Gliscor","|-damage|p1a: Gliscor|0 fnt","|faint|p1a: Gliscor","|","|-weather|none","|","|switch|p1a: Skarmory|Skarmory, M|238/271","|turn|27","|","|move|p2a: Dragonite|Outrage|p1a: Skarmory|[from]lockedmove","|-resisted|p1a: Skarmory","|-damage|p1a: Skarmory|60/271","|-damage|p2a: Dragonite|163/324|[from] item: Rocky Helmet|[of] p1a: Skarmory","|-start|p2a: Dragonite|confusion|[fatigue]","|move|p1a: Skarmory|Roost|p1a: Skarmory","|-heal|p1a: Skarmory|196/271","|","|turn|28","|","|-activate|p2a: Dragonite|confusion","|-damage|p2a: Dragonite|56/324|[from] confusion","|move|p1a: Skarmory|Iron Head|p2a: Dragonite","|-damage|p2a: Dragonite|0 fnt","|faint|p2a: Dragonite","|","|","|switch|p2a: Landorus|Landorus, M|157/319","|turn|29","|","|move|p2a: Landorus|Focus Blast|p1a: Skarmory","|-damage|p1a: Skarmory|0 fnt","|faint|p1a: Skarmory","|","|","|switch|p1a: Aerodactyl|Aerodactyl-Mega, M|301/301 par","|turn|30","|","|move|p2a: Landorus|Focus Blast|p1a: Aerodactyl","|-damage|p1a: Aerodactyl|57/301 par","|move|p1a: Aerodactyl|Stone Edge|p2a: Landorus|[miss]","|-miss|p1a: Aerodactyl|p2a: Landorus","|","|turn|31","|","|move|p2a: Landorus|Sludge Bomb|p1a: Aerodactyl","|-resisted|p1a: Aerodactyl","|-damage|p1a: Aerodactyl|0 fnt","|faint|p1a: Aerodactyl","|","|","|switch|p1a: Mandibuzz|Mandibuzz, F|100/361","|turn|32","|","|move|p2a: Landorus|Sludge Bomb|p1a: Mandibuzz","|-damage|p1a: Mandibuzz|0 fnt","|faint|p1a: Mandibuzz","|","|win|Inferno Sableye"],"p1rating":{"entryid":"11792","serverid":"eos","formatid":"monotype","userid":"tboltrider","username":"tboltrider","w":"8","l":14,"t":"0","gxe":40.5,"r":"1466.632181551","rd":"73.349562818991","sigma":"0","rptime":"1440061200","rpr":1426.2157222511,"rprd":68.382591090969,"rpsigma":"0","acre":1002.394872272,"lacre":1002.394872272,"oldacre":"1006.1983189825"},"p2rating":{"entryid":"83803","serverid":"eos","formatid":"monotype","userid":"infernosableye","username":"Inferno Sableye","w":24,"l":"7","t":"0","gxe":72.2,"r":"1662.8474925572","rd":"72.058346226027","sigma":"0","rptime":"1440061200","rpr":1682.4507756301,"rprd":60.93471365308,"rpsigma":"0","acre":1285.4762329649,"lacre":1285.4762329649,"oldacre":"1276.7764743712"},"endType":"normal"}