{"seed":[48313,2670,43597,58645],"turns":23,"p1":"Shining Yin","p2":"SWL Neßki","p1team":[{"name":"Chansey","species":"Chansey","item":"eviolite","ability":"Natural Cure","moves":["thunderwave","softboiled","seismictoss","stealthrock"],"nature":"Bold","evs":{"hp":0,"atk":0,"def":252,"spa":0,"spd":252,"spe":4},"ivs":{"hp":31,"atk":0,"def":31,"spa":31,"spd":31,"spe":31}},{"name":"Porygon2","species":"Porygon2","item":"eviolite","ability":"Trace","moves":["icebeam","discharge","recover","thunderwave"],"nature":"Calm","evs":{"hp":248,"atk":0,"def":204,"spa":0,"spd":56,"spe":0},"ivs":{"hp":31,"atk":0,"def":31,"spa":31,"spd":31,"spe":31}},{"name":"Pidgeot","species":"Pidgeot","item":"pidgeotite","ability":"Keen Eye","moves":["hurricane","heatwave","defog","roost"],"nature":"Timid","evs":{"hp":0,"atk":0,"def":0,"spa":252,"spd":4,"spe":252},"ivs":{"hp":31,"atk":0,"def":31,"spa":31,"spd":31,"spe":31}},{"name":"Staraptor","species":"Staraptor","item":"choicescarf","ability":"Reckless","moves":["bravebird","uturn","doubleedge","closecombat"],"nature":"Jolly","evs":{"hp":0,"atk":252,"def":0,"spa":0,"spd":4,"spe":252},"ivs":{"hp":31,"atk":31,"def":31,"spa":31,"spd":31,"spe":31}},{"name":"Diggersby","species":"Diggersby","item":"choiceband","ability":"Huge Power","moves":["return","earthquake","knockoff","quickattack"],"nature":"Jolly","evs":{"hp":0,"atk":252,"def":0,"spa":0,"spd":4,"spe":252},"ivs":{"hp":31,"atk":31,"def":31,"spa":31,"spd":31,"spe":31}},{"name":"Heliolisk","species":"Heliolisk","item":"lifeorb","ability":"Dry Skin","moves":["grassknot","voltswitch","surf","focusblast"],"nature":"Timid","evs":{"hp":0,"atk":0,"def":0,"spa":252,"spd":4,"spe":252},"ivs":{"hp":31,"atk":31,"def":31,"spa":31,"spd":31,"spe":31}}],"p2team":[{"name":"Azumarill","species":"Azumarill","item":"sitrusberry","ability":"Huge Power","moves":["aquajet","playrough","knockoff","bellydrum"],"nature":"Adamant","evs":{"hp":244,"atk":252,"def":0,"spa":0,"spd":0,"spe":12},"ivs":{"hp":31,"atk":31,"def":31,"spa":31,"spd":31,"spe":31}},{"name":"Ludicolo","species":"Ludicolo","item":"assaultvest","ability":"Swift Swim","moves":["scald","icebeam","gigadrain","focusblast"],"nature":"Timid","evs":{"hp":0,"atk":0,"def":0,"spa":252,"spd":4,"spe":252},"ivs":{"hp":31,"atk":0,"def":31,"spa":31,"spd":31,"spe":31}},{"name":"Keldeo","species":"Keldeo","item":"focussash","ability":"Justified","moves":["taunt","scald","secretsword","endeavor"],"nature":"Timid","evs":{"hp":0,"atk":0,"def":0,"spa":252,"spd":4,"spe":252},"ivs":{"hp":31,"atk":0,"def":31,"spa":31,"spd":31,"spe":31}},{"name":"Seismitoad","species":"Seismitoad","item":"lifeorb","ability":"Swift Swim","moves":["stealthrock","earthquake","knockoff","scald"],"nature":"Adamant","evs":{"hp":0,"atk":252,"def":0,"spa":4,"spd":0,"spe":252},"ivs":{"hp":31,"atk":31,"def":31,"spa":31,"spd":31,"spe":31}},{"name":"Politoed","species":"Politoed","item":"choicescarf","ability":"Drizzle","moves":["hiddenpowerrock","icebeam","psychic","scald"],"nature":"Modest","evs":{"hp":0,"atk":0,"def":0,"spa":252,"spd":4,"spe":252},"ivs":{"hp":31,"atk":31,"def":30,"spa":31,"spd":30,"spe":30}},{"name":"Gyarados","species":"Gyarados","item":"gyaradosite","ability":"Intimidate","moves":["dragondance","earthquake","icefang","crunch"],"nature":"Adamant","evs":{"hp":0,"atk":252,"def":0,"spa":0,"spd":4,"spe":252},"ivs":{"hp":31,"atk":31,"def":31,"spa":31,"spd":31,"spe":31}}],"log":["|player|p1|Shining Yin|277","|player|p2|SWL Neßki|swlneki.png","|gametype|singles","|gen|6","|tier|Monotype","|rated","|rule|Baton Pass Clause: Limit one Baton Passer, can't pass Spe and other stats simultaneously","|rule|Swagger Clause: Swagger is banned","|rule|Same Type Clause: Pokémon in a team must share a type","|clearpoke","|poke|p1|Chansey, F","|poke|p1|Porygon2","|poke|p1|Pidgeot, F","|poke|p1|Staraptor, F","|poke|p1|Diggersby, F","|poke|p1|Heliolisk, M","|poke|p2|Azumarill, M","|poke|p2|Ludicolo, M","|poke|p2|Keldeo","|poke|p2|Seismitoad, M","|poke|p2|Politoed, M","|poke|p2|Gyarados, M","|rule|Sleep Clause Mod: Limit one foe put to sleep","|rule|Species Clause: Limit one of each Pokémon","|rule|OHKO Clause: OHKO moves are banned","|rule|Moody Clause: Moody is banned","|rule|Evasion Moves Clause: Evasion moves are banned","|rule|Endless Battle Clause: Forcing endless battles is banned","|rule|HP Percentage Mod: HP is shown in percentages","|teampreview","|","|start","|switch|p1a: Heliolisk|Heliolisk, M|265/265","|switch|p2a: Keldeo|Keldeo|323/323","|turn|1","|","|switch|p1a: Chansey|Chansey, F|641/641","|move|p2a: Keldeo|Secret Sword|p1a: Chansey","|-supereffective|p1a: Chansey","|-damage|p1a: Chansey|251/641","|","|turn|2","|","|switch|p1a: Pidgeot|Pidgeot, F|307/307","|move|p2a: Keldeo|Secret Sword|p1a: Pidgeot","|-damage|p1a: Pidgeot|106/307","|","|turn|3","|","|detailschange|p1a: Pidgeot|Pidgeot-Mega, F","|-mega|p1a: Pidgeot|Pidgeot|Pidgeotite","|move|p2a: Keldeo|Secret Sword|p1a: Pidgeot","|-damage|p1a: Pidgeot|0 fnt","|faint|p1a: Pidgeot","|","|","|switch|p1a: Staraptor|Staraptor, F|311/311","|turn|4","|","|move|p1a: Staraptor|Double-Edge|p2a: Keldeo","|-damage|p2a: Keldeo|37/323","|-damage|p1a: Staraptor|217/311|[from] recoil|[of] p2a: Keldeo","|move|p2a: Keldeo|Scald|p1a: Staraptor","|-damage|p1a: Staraptor|15/311","|","|turn|5","|","|switch|p2a: Politoed|Politoed, M|321/321","|-weather|RainDance","|move|p1a: Staraptor|Double-Edge|p2a: Politoed","|-crit|p2a: Politoed","|-damage|p2a: Politoed|0 fnt","|-damage|p1a: Staraptor|0 fnt|[from] recoil|[of] p2a: Politoed","|faint|p2a: Politoed","|faint|p1a: Staraptor","|","|-weather|RainDance|[upkeep]","|","|switch|p2a: Seismitoad|Seismitoad, M|351/351","|switch|p1a: Chansey|Chansey, F|251/641","|turn|6","|","|move|p2a: Seismitoad|Earthquake|p1a: Chansey","|-damage|p1a: Chansey|0 fnt","|-damage|p2a: Seismitoad|316/351|[from] item: Life Orb","|faint|p1a: Chansey","|","|-weather|RainDance|[upkeep]","|","|switch|p1a: Porygon2|Porygon2|373/373","|-ability|p1a: Porygon2|Swift Swim|[from] ability: Trace|[of] p2a: Seismitoad","|turn|7","|","|move|p2a: Seismitoad|Knock Off|p1a: Porygon2","|-damage|p1a: Porygon2|298/373","|-enditem|p1a: Porygon2|Eviolite|[from] move: Knock Off|[of] p2a: Seismitoad","|-damage|p2a: Seismitoad|281/351|[from] item: Life Orb","|move|p1a: Porygon2|Ice Beam|p2a: Seismitoad","|-damage|p2a: Seismitoad|180/351","|","|-weather|RainDance|[upkeep]","|turn|8","|","|move|p2a: Seismitoad|Stealth Rock|p1a: Porygon2","|-sidestart|p1: Shining Yin|move: Stealth Rock","|move|p1a: Porygon2|Ice Beam|p2a: Seismitoad","|-damage|p2a: Seismitoad|86/351","|","|-weather|RainDance|[upkeep]","|turn|9","|","|move|p2a: Seismitoad|Earthquake|p1a: Porygon2","|-damage|p1a: Porygon2|125/373","|-damage|p2a: Seismitoad|51/351|[from] item: Life Orb","|move|p1a: Porygon2|Recover|p1a: Porygon2","|-heal|p1a: Porygon2|312/373","|","|-weather|none","|turn|10","|","|move|p2a: Seismitoad|Scald|p1a: Porygon2","|-damage|p1a: Porygon2|226/373","|-status|p1a: Porygon2|brn","|-damage|p2a: Seismitoad|16/351|[from] item: Life Orb","|move|p1a: Porygon2|Recover|p1a: Porygon2","|-heal|p1a: Porygon2|373/373 brn","|","|-damage|p1a: Porygon2|327/373 brn|[from] brn","|turn|11","|","|move|p2a: Seismitoad|Earthquake|p1a: Porygon2","|-damage|p1a: Porygon2|140/373 brn","|-damage|p2a: Seismitoad|0 fnt|[from] item: Life Orb","|faint|p2a: Seismitoad","|move|p1a: Porygon2|Recover|p1a: Porygon2","|-heal|p1a: Porygon2|327/373 brn","|","|-damage|p1a: Porygon2|281/373 brn|[from] brn","|","|switch|p2a: Keldeo|Keldeo|37/323","|turn|12","|","|switch|p1a: Diggersby|Diggersby, F|311/311","|-damage|p1a: Diggersby|292/311|[from] Stealth Rock","|move|p2a: Keldeo|Endeavor|p1a: Diggersby","|-damage|p1a: Diggersby|37/311","|","|turn|13","|","|switch|p2a: Gyarados|Gyarados, M|331/331","|-ability|p2a: Gyarados|Intimidate","|-unboost|p1a: Diggersby|atk|1","|move|p1a: Diggersby|Quick Attack|p2a: Gyarados","|-damage|p2a: Gyarados|223/331","|","|turn|14","|","|switch|p1a: Porygon2|Porygon2|281/373 brn","|-damage|p1a: Porygon2|235/373 brn|[from] Stealth Rock","|-ability|p1a: Porygon2|Intimidate|[from] ability: Trace|[of] p2a: Gyarados","|-ability|p1a: Porygon2|Intimidate","|-unboost|p2a: Gyarados|atk|1","|detailschange|p2a: Gyarados|Gyarados-Mega, M","|-mega|p2a: Gyarados|Gyarados|Gyaradosite","|-ability|p2a: Gyarados|Mold Breaker","|move|p2a: Gyarados|Dragon Dance|p2a: Gyarados","|-boost|p2a: Gyarados|atk|1","|-boost|p2a: Gyarados|spe|1","|","|-damage|p1a: Porygon2|189/373 brn|[from] brn","|turn|15","|","|move|p2a: Gyarados|Dragon Dance|p2a: Gyarados","|-boost|p2a: Gyarados|atk|1","|-boost|p2a: Gyarados|spe|1","|move|p1a: Porygon2|Thunder Wave|p2a: Gyarados","|-status|p2a: Gyarados|par","|","|-damage|p1a: Porygon2|143/373 brn|[from] brn","|turn|16","|","|move|p1a: Porygon2|Discharge|p2a: Gyarados","|-supereffective|p2a: Gyarados","|-damage|p2a: Gyarados|119/331 par","|cant|p2a: Gyarados|par","|","|-damage|p1a: Porygon2|97/373 brn|[from] brn","|turn|17","|","|move|p1a: Porygon2|Discharge|p2a: Gyarados","|-supereffective|p2a: Gyarados","|-damage|p2a: Gyarados|11/331 par","|cant|p2a: Gyarados|par","|","|-damage|p1a: Porygon2|51/373 brn|[from] brn","|turn|18","|","|move|p1a: Porygon2|Discharge|p2a: Gyarados","|-supereffective|p2a: Gyarados","|-damage|p2a: Gyarados|0 fnt","|faint|p2a: Gyarados","|","|-damage|p1a: Porygon2|5/373 brn|[from] brn","|","|switch|p2a: Azumarill|Azumarill, M|402/402","|turn|19","|","|move|p2a: Azumarill|Aqua Jet|p1a: Porygon2","|-damage|p1a: Porygon2|0 fnt","|faint|p1a: Porygon2","|","|","|switch|p1a: Heliolisk|Heliolisk, M|265/265","|-damage|p1a: Heliolisk|232/265|[from] Stealth Rock","|turn|20","|","|switch|p2a: Keldeo|Keldeo|37/323","|move|p1a: Heliolisk|Grass Knot|p2a: Keldeo","|-crit|p2a: Keldeo","|-supereffective|p2a: Keldeo","|-damage|p2a: Keldeo|0 fnt","|-damage|p1a: Heliolisk|206/265|[from] item: Life Orb","|faint|p2a: Keldeo","|","|","|switch|p2a: Ludicolo|Ludicolo, M|301/301","|turn|21","|","|move|p1a: Heliolisk|Volt Switch|p2a: Ludicolo","|-damage|p2a: Ludicolo|200/301","|-damage|p1a: Heliolisk|180/265|[from] item: Life Orb","|","|switch|p1a: Diggersby|Diggersby, F|37/311","|-damage|p1a: Diggersby|18/311|[from] Stealth Rock","|move|p2a: Ludicolo|Giga Drain|p1a: Diggersby","|-supereffective|p1a: Diggersby","|-damage|p1a: Diggersby|0 fnt","|-heal|p2a: Ludicolo|209/301|[from] drain|[of] p1a: Diggersby","|faint|p1a: Diggersby","|","|","|switch|p1a: Heliolisk|Heliolisk, M|180/265","|-damage|p1a: Heliolisk|147/265|[from] Stealth Rock","|turn|22","|","|move|p1a: Heliolisk|Focus Blast|p2a: Ludicolo|[miss]","|-miss|p1a: Heliolisk|p2a: Ludicolo","|move|p2a: Ludicolo|Giga Drain|p1a: Heliolisk","|-damage|p1a: Heliolisk|39/265","|-heal|p2a: Ludicolo|263/301|[from] drain|[of] p1a: Heliolisk","|","|turn|23","|","|win|SWL Neßki"],"p1rating":{"entryid":"71235","serverid":"eos","formatid":"monotype","userid":"shiningyin","username":"Shining Yin","w":"36","l":18,"t":"0","gxe":63,"r":"1622.5575309041","rd":"55.410702091367","sigma":"0","rptime":"1440147600","rpr":1601.0527447,"rprd":49.483163606069,"rpsigma":"0","acre":1141.8075475105,"lacre":1141.8075475105,"oldacre":"1166.5957238789"},"p2rating":{"entryid":"388","serverid":"eos","formatid":"monotype","userid":"swlneki","username":"SWL Neßki","w":20,"l":"7","t":"0","gxe":68.4,"r":"1635.7970085528","rd":"66.312267527012","sigma":"0","rptime":"1440147600","rpr":1647.3857021699,"rprd":65.172404766836,"rpsigma":"0","acre":1194.3277733959,"lacre":1194.3277733959,"oldacre":"1169.5395970275"},"endType":"forfeit"}