{"seed":[62308,1170,32047,30997],"turns":21,"p1":"SL Realms","p2":"Feety Wepp","p1team":[{"name":"Lanturn","species":"Lanturn","item":"leftovers","ability":"Volt Absorb","moves":["healbell","scald","thunderwave","voltswitch"],"nature":"","evs":{"hp":40,"atk":0,"def":220,"spa":40,"spd":208,"spe":0},"ivs":{"hp":31,"atk":31,"def":31,"spa":31,"spd":31,"spe":31}},{"name":"Tentacruel","species":"Tentacruel","item":"blacksludge","ability":"Liquid Ooze","moves":["rapidspin","scald","sludgebomb","gigadrain"],"nature":"Bold","evs":{"hp":156,"atk":0,"def":252,"spa":68,"spd":32,"spe":0},"ivs":{"hp":31,"atk":31,"def":31,"spa":31,"spd":31,"spe":31}},{"name":"Gyarados","species":"Gyarados","item":"leftovers","ability":"Intimidate","moves":["dragondance","waterfall","substitute","bounce"],"nature":"Jolly","evs":{"hp":88,"atk":220,"def":4,"spa":0,"spd":0,"spe":196},"ivs":{"hp":31,"atk":31,"def":31,"spa":31,"spd":31,"spe":31}},{"name":"Swampert","species":"Swampert","item":"leftovers","ability":"Torrent","moves":["stealthrock","earthquake","roar","protect"],"nature":"Relaxed","evs":{"hp":240,"atk":16,"def":252,"spa":0,"spd":0,"spe":0},"ivs":{"hp":31,"atk":31,"def":31,"spa":31,"spd":31,"spe":31}},{"name":"~Keldeo~","species":"keldeoresolute","item":"choicescarf","ability":"Justified","moves":["secretsword","hydropump","icywind","hiddenpowerfire"],"nature":"Mild","evs":{"hp":0,"atk":4,"def":0,"spa":252,"spd":0,"spe":252},"ivs":{"hp":31,"atk":30,"def":31,"spa":30,"spd":31,"spe":30}},{"name":"2mu(h$w@g","species":"blastoise","item":"blastoisinite","ability":"Torrent","moves":["hydropump","darkpulse","blizzard","aurasphere"],"nature":"Modest","evs":{"hp":248,"atk":0,"def":0,"spa":252,"spd":8,"spe":0},"ivs":{"hp":31,"atk":31,"def":31,"spa":31,"spd":31,"spe":31}}],"p2team":[{"name":"Torkoal","species":"Torkoal","item":"leftovers","ability":"Shell Armor","moves":["stealthrock","rapidspin","yawn","lavaplume"],"nature":"Bold","evs":{"hp":252,"atk":0,"def":252,"spa":0,"spd":4,"spe":0},"ivs":{"hp":31,"atk":0,"def":31,"spa":31,"spd":31,"spe":31}},{"name":"Entei","species":"Entei","item":"lifeorb","ability":"Pressure","moves":["sacredfire","extremespeed","stoneedge","ironhead"],"nature":"Adamant","evs":{"hp":0,"atk":252,"def":0,"spa":0,"spd":4,"spe":252},"shiny":true,"ivs":{"hp":31,"atk":31,"def":31,"spa":31,"spd":31,"spe":31}},{"name":"Charizard","species":"Charizard","item":"charizarditey","ability":"Blaze","moves":["fireblast","airslash","focusblast","solarbeam"],"nature":"Timid","evs":{"hp":0,"atk":0,"def":0,"spa":252,"spd":4,"spe":252},"ivs":{"hp":31,"atk":0,"def":31,"spa":31,"spd":31,"spe":31},"shiny":true},{"name":"Darmanitan","species":"Darmanitan","item":"choicescarf","ability":"Sheer Force","moves":["flareblitz","superpower","rockslide","uturn"],"nature":"Jolly","evs":{"hp":0,"atk":252,"def":0,"spa":0,"spd":4,"spe":252},"ivs":{"hp":31,"atk":31,"def":31,"spa":31,"spd":31,"spe":31}},{"name":"Heatran","species":"Heatran","item":"airballoon","ability":"Flash Fire","moves":["lavaplume","earthpower","toxic","flashcannon"],"nature":"Calm","evs":{"hp":248,"atk":0,"def":0,"spa":8,"spd":252,"spe":0},"ivs":{"hp":31,"atk":0,"def":31,"spa":31,"spd":31,"spe":31}},{"name":"Rotom-Heat","species":"Rotom-Heat","item":"choicescarf","ability":"Levitate","moves":["voltswitch","thunderbolt","overheat","trick"],"nature":"Timid","evs":{"hp":0,"atk":0,"def":0,"spa":252,"spd":4,"spe":252},"ivs":{"hp":31,"atk":0,"def":30,"spa":31,"spd":31,"spe":31}}],"log":["|player|p1|SL Realms|118","|player|p2|Feety Wepp|275","|gametype|singles","|gen|6","|tier|Monotype","|rated","|rule|Baton Pass Clause: Limit one Baton Passer, can't pass Spe and other stats simultaneously","|rule|Swagger Clause: Swagger is banned","|rule|Same Type Clause: Pokémon in a team must share a type","|clearpoke","|poke|p1|Lanturn, F","|poke|p1|Tentacruel, F","|poke|p1|Gyarados, F","|poke|p1|Swampert, M","|poke|p1|Keldeo-Resolute","|poke|p1|Blastoise, F","|poke|p2|Torkoal, F","|poke|p2|Entei, shiny","|poke|p2|Charizard, F, shiny","|poke|p2|Darmanitan, F","|poke|p2|Heatran, F","|poke|p2|Rotom-Heat","|rule|Sleep Clause Mod: Limit one foe put to sleep","|rule|Species Clause: Limit one of each Pokémon","|rule|OHKO Clause: OHKO moves are banned","|rule|Moody Clause: Moody is banned","|rule|Evasion Moves Clause: Evasion moves are banned","|rule|Endless Battle Clause: Forcing endless battles is banned","|rule|HP Percentage Mod: HP is shown in percentages","|teampreview","|","|start","|switch|p1a: Swampert|Swampert, M|401/401","|switch|p2a: Torkoal|Torkoal, F|344/344","|turn|1","|","|move|p1a: Swampert|Stealth Rock|p2a: Torkoal","|-sidestart|p2: Feety Wepp|move: Stealth Rock","|move|p2a: Torkoal|Stealth Rock|p1a: Swampert","|-sidestart|p1: SL Realms|move: Stealth Rock","|","|turn|2","|","|move|p1a: Swampert|Earthquake|p2a: Torkoal","|-supereffective|p2a: Torkoal","|-damage|p2a: Torkoal|188/344","|move|p2a: Torkoal|Yawn|p1a: Swampert","|-start|p1a: Swampert|move: Yawn|[of] p2a: Torkoal","|","|-heal|p2a: Torkoal|209/344|[from] item: Leftovers","|turn|3","|","|move|p1a: Swampert|Earthquake|p2a: Torkoal","|-supereffective|p2a: Torkoal","|-damage|p2a: Torkoal|63/344","|move|p2a: Torkoal|Lava Plume|p1a: Swampert","|-resisted|p1a: Swampert","|-damage|p1a: Swampert|353/401","|-status|p1a: Swampert|brn","|","|-end|p1a: Swampert|move: Yawn|[silent]","|-heal|p1a: Swampert|378/401 brn|[from] item: Leftovers","|-heal|p2a: Torkoal|84/344|[from] item: Leftovers","|-damage|p1a: Swampert|328/401 brn|[from] brn","|turn|4","|","|move|p2a: Torkoal|Rapid Spin|p1a: Swampert","|-damage|p1a: Swampert|319/401 brn","|-sideend|p2: Feety Wepp|Stealth Rock|[from] move: Rapid Spin|[of] p2a: Torkoal","|move|p1a: Swampert|Roar|p2a: Torkoal","|drag|p2a: Charizard|Charizard, F, shiny|297/297","|","|-heal|p1a: Swampert|344/401 brn|[from] item: Leftovers","|-damage|p1a: Swampert|294/401 brn|[from] brn","|turn|5","|","|detailschange|p2a: Charizard|Charizard-Mega-Y, F, shiny","|-mega|p2a: Charizard|Charizard|Charizardite Y","|-weather|SunnyDay","|move|p2a: Charizard|Solar Beam|p1a: Swampert|[still]","|-prepare|p2a: Charizard|Solar Beam|p1a: Swampert","|-anim|p2a: Charizard|Solar Beam|p1a: Swampert","|-supereffective|p1a: Swampert","|-damage|p1a: Swampert|0 fnt","|faint|p1a: Swampert","|","|-weather|SunnyDay|[upkeep]","|","|switch|p1a: Lanturn|Lanturn, F|401/401","|-damage|p1a: Lanturn|351/401|[from] Stealth Rock","|turn|6","|","|move|p2a: Charizard|Focus Blast|p1a: Lanturn","|-damage|p1a: Lanturn|190/401","|move|p1a: Lanturn|Thunder Wave|p2a: Charizard","|-status|p2a: Charizard|par","|","|-weather|SunnyDay|[upkeep]","|-heal|p1a: Lanturn|215/401|[from] item: Leftovers","|turn|7","|","|move|p1a: Lanturn|Volt Switch|p2a: Charizard","|-supereffective|p2a: Charizard","|-damage|p2a: Charizard|177/297 par","|","|switch|p1a: Tentacruel|Tentacruel, F|340/340","|-damage|p1a: Tentacruel|298/340|[from] Stealth Rock","|move|p2a: Charizard|Focus Blast|p1a: Tentacruel|[miss]","|-miss|p2a: Charizard|p1a: Tentacruel","|","|-weather|SunnyDay|[upkeep]","|-heal|p1a: Tentacruel|319/340|[from] item: Black Sludge","|turn|8","|","|move|p1a: Tentacruel|Rapid Spin|p2a: Charizard","|-damage|p2a: Charizard|165/297 par","|-sideend|p1: SL Realms|Stealth Rock|[from] move: Rapid Spin|[of] p1a: Tentacruel","|move|p2a: Charizard|Air Slash|p1a: Tentacruel","|-damage|p1a: Tentacruel|190/340","|","|-weather|SunnyDay|[upkeep]","|-heal|p1a: Tentacruel|211/340|[from] item: Black Sludge","|turn|9","|","|move|p1a: Tentacruel|Sludge Bomb|p2a: Charizard","|-damage|p2a: Charizard|80/297 par","|cant|p2a: Charizard|par","|","|-weather|none","|-heal|p1a: Tentacruel|232/340|[from] item: Black Sludge","|turn|10","|","|move|p1a: Tentacruel|Scald|p2a: Charizard","|-supereffective|p2a: Charizard","|-damage|p2a: Charizard|0 fnt","|faint|p2a: Charizard","|","|-heal|p1a: Tentacruel|253/340|[from] item: Black Sludge","|","|switch|p2a: Torkoal|Torkoal, F|84/344","|turn|11","|","|move|p1a: Tentacruel|Scald|p2a: Torkoal","|-supereffective|p2a: Torkoal","|-damage|p2a: Torkoal|0 fnt","|faint|p2a: Torkoal","|","|-heal|p1a: Tentacruel|274/340|[from] item: Black Sludge","|","|switch|p2a: Heatran|Heatran, F|385/385","|-item|p2a: Heatran|Air Balloon","|turn|12","|","|move|p1a: Tentacruel|Scald|p2a: Heatran","|-supereffective|p2a: Heatran","|-damage|p2a: Heatran|277/385","|-enditem|p2a: Heatran|Air Balloon","|move|p2a: Heatran|Flash Cannon|p1a: Tentacruel","|-resisted|p1a: Tentacruel","|-damage|p1a: Tentacruel|222/340","|","|-heal|p1a: Tentacruel|243/340|[from] item: Black Sludge","|turn|13","|","|move|p1a: Tentacruel|Scald|p2a: Heatran","|-supereffective|p2a: Heatran","|-damage|p2a: Heatran|161/385","|move|p2a: Heatran|Earth Power|p1a: Tentacruel","|-supereffective|p1a: Tentacruel","|-damage|p1a: Tentacruel|105/340","|","|-heal|p1a: Tentacruel|126/340|[from] item: Black Sludge","|turn|14","|","|switch|p1a: Gyarados|Gyarados, F|353/353","|-ability|p1a: Gyarados|Intimidate","|-unboost|p2a: Heatran|atk|1","|move|p2a: Heatran|Earth Power|p1a: Gyarados","|-immune|p1a: Gyarados|[msg]","|","|turn|15","|","|move|p1a: Gyarados|Substitute|p1a: Gyarados","|-start|p1a: Gyarados|Substitute","|-damage|p1a: Gyarados|265/353","|move|p2a: Heatran|Toxic|p1a: Gyarados","|-fail|p1a: Gyarados","|","|-heal|p1a: Gyarados|287/353|[from] item: Leftovers","|turn|16","|","|move|p1a: Gyarados|Dragon Dance|p1a: Gyarados","|-boost|p1a: Gyarados|atk|1","|-boost|p1a: Gyarados|spe|1","|move|p2a: Heatran|Flash Cannon|p1a: Gyarados","|-resisted|p1a: Gyarados","|-activate|p1a: Gyarados|Substitute|[damage]","|","|-heal|p1a: Gyarados|309/353|[from] item: Leftovers","|turn|17","|","|switch|p2a: Rotom-Heat|Rotom-Heat|241/241","|move|p1a: Gyarados|Dragon Dance|p1a: Gyarados","|-boost|p1a: Gyarados|atk|1","|-boost|p1a: Gyarados|spe|1","|","|-heal|p1a: Gyarados|331/353|[from] item: Leftovers","|turn|18","|","|move|p1a: Gyarados|Waterfall|p2a: Rotom-Heat","|-supereffective|p2a: Rotom-Heat","|-damage|p2a: Rotom-Heat|0 fnt","|faint|p2a: Rotom-Heat","|","|-heal|p1a: Gyarados|353/353|[from] item: Leftovers","|","|switch|p2a: Heatran|Heatran, F|161/385","|turn|19","|","|move|p1a: Gyarados|Waterfall|p2a: Heatran","|-supereffective|p2a: Heatran","|-damage|p2a: Heatran|0 fnt","|faint|p2a: Heatran","|","|","|switch|p2a: Darmanitan|Darmanitan, F|351/351","|turn|20","|","|move|p1a: Gyarados|Waterfall|p2a: Darmanitan","|-supereffective|p2a: Darmanitan","|-damage|p2a: Darmanitan|0 fnt","|faint|p2a: Darmanitan","|","|","|switch|p2a: Entei|Entei, shiny|371/371","|-ability|p2a: Entei|Pressure","|turn|21","|","|move|p2a: Entei|Extreme Speed|p1a: Gyarados","|-end|p1a: Gyarados|Substitute","|-damage|p2a: Entei|334/371|[from] item: Life Orb","|move|p1a: Gyarados|Waterfall|p2a: Entei","|-supereffective|p2a: Entei","|-damage|p2a: Entei|0 fnt","|faint|p2a: Entei","|","|win|SL Realms"],"p1rating":{"entryid":"259244","serverid":"eos","formatid":"monotype","userid":"slrealms","username":"SL Realms","w":1,"l":"2","t":"0","gxe":46.5,"r":"1500","rd":"130","sigma":"0","rptime":"1440147600","rpr":1472.227759446,"rprd":111.27825356777,"rpsigma":"0","acre":1041.6119908973,"lacre":1041.6119908973,"oldacre":"1000"},"p2rating":{"entryid":"159981","serverid":"eos","formatid":"monotype","userid":"feetywepp","username":"Feety Wepp","w":"1","l":3,"t":"0","gxe":43.4,"r":"1499.4809370882","rd":"116.8060171653","sigma":"0","rptime":"1440147600","rpr":1447.5869826714,"rprd":106.90135029188,"rpsigma":"0","acre":1001.4201053061,"lacre":1001.4201053061,"oldacre":"1014.0091622802"},"endType":"normal"}