{"seed":[9500,2646,52975,46192],"turns":38,"p1":"Void KGBeast","p2":"Seven Swell","p1team":[{"name":"Hippowdon","species":"Hippowdon","item":"rockyhelmet","ability":"Sand Stream","moves":["stealthrock","earthquake","roar","slackoff"],"nature":"Impish","evs":{"hp":252,"atk":4,"def":252,"spa":0,"spd":0,"spe":0},"ivs":{"hp":31,"atk":31,"def":31,"spa":31,"spd":31,"spe":31}},{"name":"Landorus","species":"Landorus","item":"lifeorb","ability":"Sheer Force","moves":["earthpower","sludgewave","substitute","gravity"],"nature":"Modest","evs":{"hp":0,"atk":0,"def":0,"spa":252,"spd":4,"spe":252},"ivs":{"hp":31,"atk":0,"def":31,"spa":31,"spd":31,"spe":31}},{"name":"Mamoswine","species":"Mamoswine","item":"lifeorb","ability":"Thick Fat","moves":["iceshard","iciclespear","knockoff","superpower"],"nature":"Adamant","evs":{"hp":0,"atk":252,"def":4,"spa":0,"spd":0,"spe":252},"ivs":{"hp":31,"atk":31,"def":31,"spa":31,"spd":31,"spe":31}},{"name":"Camerupt","species":"Camerupt","item":"cameruptite","ability":"Solid Rock","moves":["willowisp","flamethrower","earthpower","ancientpower"],"nature":"Modest","evs":{"hp":168,"atk":0,"def":0,"spa":252,"spd":0,"spe":88},"ivs":{"hp":31,"atk":0,"def":31,"spa":31,"spd":31,"spe":31}},{"name":"Excadrill","species":"Excadrill","item":"choiceband","ability":"Sand Rush","moves":["ironhead","earthquake","rockslide","rapidspin"],"nature":"Adamant","evs":{"hp":4,"atk":252,"def":0,"spa":0,"spd":0,"spe":252},"ivs":{"hp":31,"atk":31,"def":31,"spa":31,"spd":31,"spe":31}},{"name":"Gastrodon","species":"Gastrodon","item":"leftovers","ability":"Storm Drain","moves":["scald","earthquake","toxic","recover"],"nature":"Sassy","evs":{"hp":252,"atk":4,"def":0,"spa":0,"spd":252,"spe":0},"ivs":{"hp":31,"atk":31,"def":31,"spa":31,"spd":31,"spe":31}}],"p2team":[{"name":"Mew","species":"Mew","item":"leftovers","ability":"Synchronize","moves":["roost","toxic","healbell","aurasphere"],"nature":"Calm","evs":{"hp":252,"atk":0,"def":0,"spa":4,"spd":252,"spe":0},"ivs":{"hp":31,"atk":0,"def":31,"spa":31,"spd":31,"spe":31}},{"name":"Slowbro","species":"Slowbro","item":"rockyhelmet","ability":"Regenerator","moves":["scald","yawn","flamethrower","slackoff"],"nature":"Bold","evs":{"hp":252,"atk":0,"def":252,"spa":4,"spd":0,"spe":0},"ivs":{"hp":31,"atk":0,"def":31,"spa":31,"spd":31,"spe":31}},{"name":"Deoxys-Speed","species":"Deoxys-Speed","item":"focussash","ability":"Pressure","moves":["stealthrock","thunderbolt","thunderwave","icebeam"],"nature":"Timid","evs":{"hp":252,"atk":0,"def":0,"spa":44,"spd":0,"spe":212},"ivs":{"hp":31,"atk":0,"def":31,"spa":31,"spd":31,"spe":31}},{"name":"Latias","species":"Latias","item":"leftovers","ability":"Levitate","moves":["dracometeor","psyshock","roost","defog"],"nature":"Timid","evs":{"hp":252,"atk":0,"def":0,"spa":4,"spd":0,"spe":252},"ivs":{"hp":31,"atk":0,"def":31,"spa":31,"spd":31,"spe":31}},{"name":"Hoopa-Unbound","species":"Hoopa-Unbound","item":"focussash","ability":"Magician","moves":["hyperspacefury","drainpunch","firepunch","gunkshot"],"nature":"Adamant","evs":{"hp":0,"atk":252,"def":0,"spa":0,"spd":4,"spe":252},"ivs":{"hp":31,"atk":31,"def":31,"spa":31,"spd":31,"spe":31}},{"name":"Gardevoir","species":"Gardevoir","item":"gardevoirite","ability":"Trace","moves":["hypervoice","psyshock","shadowball","taunt"],"nature":"Timid","evs":{"hp":0,"atk":0,"def":0,"spa":252,"spd":4,"spe":252},"ivs":{"hp":31,"atk":0,"def":31,"spa":31,"spd":31,"spe":31}}],"log":["|player|p1|Void KGBeast|voidkgbeast.png","|player|p2|Seven Swell|sevenswell.png","|gametype|singles","|gen|6","|tier|Monotype","|rated","|rule|Baton Pass Clause: Limit one Baton Passer, can't pass Spe and other stats simultaneously","|rule|Swagger Clause: Swagger is banned","|rule|Same Type Clause: Pokémon in a team must share a type","|clearpoke","|poke|p1|Hippowdon, F","|poke|p1|Landorus, M","|poke|p1|Mamoswine, M","|poke|p1|Camerupt, M","|poke|p1|Excadrill, F","|poke|p1|Gastrodon, M","|poke|p2|Mew","|poke|p2|Slowbro, F","|poke|p2|Deoxys-Speed","|poke|p2|Latias, F","|poke|p2|Hoopa-Unbound","|poke|p2|Gardevoir, M","|rule|Sleep Clause Mod: Limit one foe put to sleep","|rule|Species Clause: Limit one of each Pokémon","|rule|OHKO Clause: OHKO moves are banned","|rule|Moody Clause: Moody is banned","|rule|Evasion Moves Clause: Evasion moves are banned","|rule|Endless Battle Clause: Forcing endless battles is banned","|rule|HP Percentage Mod: HP is shown in percentages","|teampreview","|","|start","|switch|p1a: Mamoswine|Mamoswine, M|361/361","|switch|p2a: Gardevoir|Gardevoir, M|277/277","|-ability|p2a: Gardevoir|Thick Fat|[from] ability: Trace|[of] p1a: Mamoswine","|turn|1","|","|switch|p2a: Slowbro|Slowbro, F|394/394","|switch|p1a: Gastrodon|Gastrodon, M|426/426","|","|turn|2","|","|switch|p2a: Mew|Mew|404/404","|move|p1a: Gastrodon|Toxic|p2a: Mew","|-status|p2a: Mew|tox","|-status|p1a: Gastrodon|tox","|","|-damage|p2a: Mew|379/404 tox|[from] psn","|-damage|p1a: Gastrodon|400/426 tox|[from] psn","|turn|3","|","|switch|p1a: Camerupt|Camerupt, M|323/323","|move|p2a: Mew|Aura Sphere|p1a: Camerupt","|-damage|p1a: Camerupt|243/323","|","|-heal|p2a: Mew|404/404 tox|[from] item: Leftovers","|-damage|p2a: Mew|354/404 tox|[from] psn","|turn|4","|","|detailschange|p1a: Camerupt|Camerupt-Mega, M","|-mega|p1a: Camerupt|Camerupt|Cameruptite","|move|p2a: Mew|Heal Bell|p2a: Mew","|-cureteam|p2a: Mew|[from] move: HealBell","|move|p1a: Camerupt|Flamethrower|p2a: Mew","|-damage|p2a: Mew|176/404","|","|-heal|p2a: Mew|201/404|[from] item: Leftovers","|turn|5","|","|move|p2a: Mew|Roost|p2a: Mew","|-heal|p2a: Mew|403/404","|move|p1a: Camerupt|Flamethrower|p2a: Mew","|-damage|p2a: Mew|235/404","|","|-heal|p2a: Mew|260/404|[from] item: Leftovers","|turn|6","|","|switch|p2a: Latias|Latias, F|364/364","|switch|p1a: Mamoswine|Mamoswine, M|361/361","|","|turn|7","|","|switch|p2a: Slowbro|Slowbro, F|394/394","|move|p1a: Mamoswine|Knock Off|p2a: Slowbro","|-supereffective|p2a: Slowbro","|-damage|p2a: Slowbro|157/394","|-damage|p1a: Mamoswine|301/361|[from] item: Rocky Helmet|[of] p2a: Slowbro","|-enditem|p2a: Slowbro|Rocky Helmet|[from] move: Knock Off|[of] p1a: Mamoswine","|-damage|p1a: Mamoswine|265/361|[from] item: Life Orb","|","|turn|8","|","|switch|p2a: Gardevoir|Gardevoir, M|277/277","|-ability|p2a: Gardevoir|Thick Fat|[from] ability: Trace|[of] p1a: Mamoswine","|move|p1a: Mamoswine|Knock Off|p2a: Gardevoir","|-damage|p2a: Gardevoir|128/277","|-damage|p1a: Mamoswine|229/361|[from] item: Life Orb","|","|turn|9","|","|switch|p1a: Gastrodon|Gastrodon, M|400/426 tox","|detailschange|p2a: Gardevoir|Gardevoir-Mega, M","|-mega|p2a: Gardevoir|Gardevoir|Gardevoirite","|move|p2a: Gardevoir|Psyshock|p1a: Gastrodon","|-damage|p1a: Gastrodon|160/426 tox","|","|-heal|p1a: Gastrodon|186/426 tox|[from] item: Leftovers","|-damage|p1a: Gastrodon|160/426 tox|[from] psn","|turn|10","|","|switch|p1a: Hippowdon|Hippowdon, F|420/420","|-weather|Sandstorm","|move|p2a: Gardevoir|Psyshock|p1a: Hippowdon","|-damage|p1a: Hippowdon|314/420","|","|-weather|Sandstorm|[upkeep]","|-damage|p2a: Gardevoir|111/277|[from] sandstorm","|turn|11","|","|switch|p1a: Gastrodon|Gastrodon, M|160/426 tox","|move|p2a: Gardevoir|Hyper Voice|p1a: Gastrodon","|-damage|p1a: Gastrodon|0 fnt","|faint|p1a: Gastrodon","|","|-weather|Sandstorm|[upkeep]","|-damage|p2a: Gardevoir|94/277|[from] sandstorm","|","|switch|p1a: Excadrill|Excadrill, F|362/362","|turn|12","|","|move|p1a: Excadrill|Earthquake|p2a: Gardevoir","|-damage|p2a: Gardevoir|0 fnt","|faint|p2a: Gardevoir","|","|-weather|Sandstorm|[upkeep]","|","|switch|p2a: Slowbro|Slowbro, F|288/394","|turn|13","|","|move|p1a: Excadrill|Earthquake|p2a: Slowbro","|-damage|p2a: Slowbro|75/394","|move|p2a: Slowbro|Scald|p1a: Excadrill","|-supereffective|p1a: Excadrill","|-damage|p1a: Excadrill|98/362","|","|-weather|Sandstorm|[upkeep]","|-damage|p2a: Slowbro|51/394|[from] sandstorm","|turn|14","|","|switch|p1a: Mamoswine|Mamoswine, M|229/361","|switch|p2a: Deoxys-Speed|Deoxys-Speed|304/304","|-ability|p2a: Deoxys-Speed|Pressure","|","|-weather|none","|turn|15","|","|move|p2a: Deoxys-Speed|Stealth Rock|p1a: Mamoswine","|-sidestart|p1: Void KGBeast|move: Stealth Rock","|move|p1a: Mamoswine|Knock Off|p2a: Deoxys-Speed","|-supereffective|p2a: Deoxys-Speed","|-enditem|p2a: Deoxys-Speed|Focus Sash","|-damage|p2a: Deoxys-Speed|1/304","|-damage|p1a: Mamoswine|193/361|[from] item: Life Orb","|","|turn|16","|","|switch|p2a: Latias|Latias, F|364/364","|move|p1a: Mamoswine|Ice Shard|p2a: Latias","|-supereffective|p2a: Latias","|-damage|p2a: Latias|151/364","|-damage|p1a: Mamoswine|157/361|[from] item: Life Orb","|","|-heal|p2a: Latias|173/364|[from] item: Leftovers","|turn|17","|","|switch|p2a: Slowbro|Slowbro, F|182/394","|move|p1a: Mamoswine|Knock Off|p2a: Slowbro","|-supereffective|p2a: Slowbro","|-damage|p2a: Slowbro|36/394","|-damage|p1a: Mamoswine|121/361|[from] item: Life Orb","|","|turn|18","|","|switch|p2a: Deoxys-Speed|Deoxys-Speed|1/304","|-ability|p2a: Deoxys-Speed|Pressure","|move|p1a: Mamoswine|Knock Off|p2a: Deoxys-Speed","|-supereffective|p2a: Deoxys-Speed","|-damage|p2a: Deoxys-Speed|0 fnt","|-damage|p1a: Mamoswine|85/361|[from] item: Life Orb","|faint|p2a: Deoxys-Speed","|","|","|switch|p2a: Slowbro|Slowbro, F|167/394","|turn|19","|","|switch|p1a: Landorus|Landorus, M|319/319","|-damage|p1a: Landorus|280/319|[from] Stealth Rock","|move|p2a: Slowbro|Slack Off|p2a: Slowbro","|-heal|p2a: Slowbro|364/394","|","|turn|20","|","|switch|p2a: Latias|Latias, F|173/364","|move|p1a: Landorus|Gravity|p1a: Landorus","|-fieldstart|move: Gravity","|","|-heal|p2a: Latias|195/364|[from] item: Leftovers","|turn|21","|","|move|p2a: Latias|Draco Meteor|p1a: Landorus","|-damage|p1a: Landorus|93/319","|-unboost|p2a: Latias|spa|2","|move|p1a: Landorus|Earth Power|p2a: Latias","|-damage|p2a: Latias|0 fnt","|faint|p2a: Latias","|","|","|switch|p2a: Mew|Mew|260/404","|turn|22","|","|move|p1a: Landorus|Earth Power|p2a: Mew","|-damage|p2a: Mew|72/404","|move|p2a: Mew|Roost|p2a: Mew","|-heal|p2a: Mew|274/404","|","|-heal|p2a: Mew|299/404|[from] item: Leftovers","|turn|23","|","|move|p1a: Landorus|Earth Power|p2a: Mew","|-damage|p2a: Mew|104/404","|move|p2a: Mew|Roost|p2a: Mew","|-heal|p2a: Mew|306/404","|","|-heal|p2a: Mew|331/404|[from] item: Leftovers","|turn|24","|","|move|p1a: Landorus|Earth Power|p2a: Mew","|-damage|p2a: Mew|131/404","|move|p2a: Mew|Roost|p2a: Mew","|-heal|p2a: Mew|333/404","|","|-heal|p2a: Mew|358/404|[from] item: Leftovers","|-fieldend|move: Gravity","|turn|25","|","|move|p1a: Landorus|Earth Power|p2a: Mew","|-damage|p2a: Mew|154/404","|move|p2a: Mew|Roost|p2a: Mew","|-heal|p2a: Mew|356/404","|","|-heal|p2a: Mew|381/404|[from] item: Leftovers","|turn|26","|","|move|p1a: Landorus|Earth Power|p2a: Mew","|-damage|p2a: Mew|178/404","|move|p2a: Mew|Toxic|p1a: Landorus","|-status|p1a: Landorus|tox","|","|-heal|p2a: Mew|203/404|[from] item: Leftovers","|-damage|p1a: Landorus|74/319 tox|[from] psn","|turn|27","|","|switch|p1a: Mamoswine|Mamoswine, M|85/361","|-damage|p1a: Mamoswine|40/361|[from] Stealth Rock","|move|p2a: Mew|Roost|p2a: Mew","|-heal|p2a: Mew|404/404","|","|turn|28","|","|switch|p2a: Slowbro|Slowbro, F|394/394","|move|p1a: Mamoswine|Knock Off|p2a: Slowbro","|-supereffective|p2a: Slowbro","|-damage|p2a: Slowbro|238/394","|-damage|p1a: Mamoswine|4/361|[from] item: Life Orb","|","|turn|29","|","|move|p1a: Mamoswine|Knock Off|p2a: Slowbro","|-supereffective|p2a: Slowbro","|-damage|p2a: Slowbro|98/394","|-damage|p1a: Mamoswine|0 fnt|[from] item: Life Orb","|faint|p1a: Mamoswine","|move|p2a: Slowbro|Slack Off|p2a: Slowbro","|-heal|p2a: Slowbro|295/394","|","|","|switch|p1a: Landorus|Landorus, M|74/319 tox","|-damage|p1a: Landorus|35/319 tox|[from] Stealth Rock","|turn|30","|","|switch|p2a: Mew|Mew|404/404","|move|p1a: Landorus|Earth Power|p2a: Mew","|-damage|p2a: Mew|212/404","|","|-heal|p2a: Mew|237/404|[from] item: Leftovers","|-damage|p1a: Landorus|16/319 tox|[from] psn","|turn|31","|","|move|p1a: Landorus|Earth Power|p2a: Mew","|-crit|p2a: Mew","|-damage|p2a: Mew|0 fnt","|faint|p2a: Mew","|","|-damage|p1a: Landorus|0 fnt|[from] psn","|faint|p1a: Landorus","|","|switch|p1a: Camerupt|Camerupt-Mega, M|243/323","|switch|p2a: Slowbro|Slowbro, F|394/394","|-damage|p1a: Camerupt|203/323|[from] Stealth Rock","|turn|32","|","|move|p1a: Camerupt|Earth Power|p2a: Slowbro","|-damage|p2a: Slowbro|120/394","|move|p2a: Slowbro|Scald|p1a: Camerupt","|-supereffective|p1a: Camerupt","|-damage|p1a: Camerupt|0 fnt","|faint|p1a: Camerupt","|","|","|switch|p1a: Excadrill|Excadrill, F|98/362","|-damage|p1a: Excadrill|87/362|[from] Stealth Rock","|turn|33","|","|switch|p2a: Hoopa-Unbound|Hoopa-Unbound|301/301","|move|p1a: Excadrill|Earthquake|p2a: Hoopa-Unbound","|-enditem|p2a: Hoopa-Unbound|Focus Sash","|-damage|p2a: Hoopa-Unbound|1/301","|","|turn|34","|","|move|p1a: Excadrill|Earthquake|p2a: Hoopa-Unbound","|-damage|p2a: Hoopa-Unbound|0 fnt","|faint|p2a: Hoopa-Unbound","|","|","|switch|p2a: Slowbro|Slowbro, F|251/394","|turn|35","|","|move|p1a: Excadrill|Earthquake|p2a: Slowbro","|-damage|p2a: Slowbro|38/394","|move|p2a: Slowbro|Slack Off|p2a: Slowbro","|-heal|p2a: Slowbro|235/394","|","|turn|36","|","|move|p1a: Excadrill|Earthquake|p2a: Slowbro","|-damage|p2a: Slowbro|19/394","|move|p2a: Slowbro|Slack Off|p2a: Slowbro","|-heal|p2a: Slowbro|216/394","|","|turn|37","|","|move|p1a: Excadrill|Earthquake|p2a: Slowbro","|-damage|p2a: Slowbro|26/394","|move|p2a: Slowbro|Scald|p1a: Excadrill","|-supereffective|p1a: Excadrill","|-damage|p1a: Excadrill|0 fnt","|faint|p1a: Excadrill","|","|","|switch|p1a: Hippowdon|Hippowdon, F|314/420","|-damage|p1a: Hippowdon|288/420|[from] Stealth Rock","|-weather|Sandstorm","|turn|38","|","|move|p1a: Hippowdon|Earthquake|p2a: Slowbro","|-damage|p2a: Slowbro|0 fnt","|faint|p2a: Slowbro","|","|win|Void KGBeast"],"p1rating":{"entryid":"129714","serverid":"eos","formatid":"monotype","userid":"voidkgbeast","username":"Void KGBeast","w":18,"l":"7","t":"0","gxe":67.6,"r":"1635.266169733","rd":"68.42001119247","sigma":"0","rptime":"1440147600","rpr":1640.763114467,"rprd":65.324388614473,"rpsigma":"0","acre":1278.8160431264,"lacre":1278.8160431264,"oldacre":"1250.7287631406"},"p2rating":{"entryid":"86214","serverid":"eos","formatid":"monotype","userid":"sevenswell","username":"Seven Swell","w":"31","l":11,"t":"0","gxe":70.9,"r":"1669.3412090831","rd":"56.183214235022","sigma":"0","rptime":"1440147600","rpr":1669.3185604562,"rprd":54.532336325669,"rpsigma":"0","acre":1265.7668406994,"lacre":1265.7668406994,"oldacre":"1293.8541206852"},"endType":"normal"}