{"seed":[55790,39583,60418,9694],"turns":46,"p1":"Metalyte","p2":"Fraternity Wulf","p1team":[{"name":"Czar","species":"scizor","item":"scizorite","ability":"Technician","moves":["roost","swordsdance","bulletpunch","bugbite"],"nature":"Adamant","evs":{"hp":248,"atk":252,"def":0,"spa":0,"spd":8,"spe":0},"ivs":{"hp":31,"atk":31,"def":31,"spa":31,"spd":31,"spe":31}},{"name":"Heatran","species":"Heatran","item":"airballoon","ability":"Flash Fire","moves":["fireblast","flashcannon","earthpower","ancientpower"],"nature":"Timid","evs":{"hp":4,"atk":0,"def":0,"spa":252,"spd":0,"spe":252},"ivs":{"hp":31,"atk":31,"def":31,"spa":31,"spd":31,"spe":31}},{"name":"SR-71","species":"skarmory","item":"leftovers","ability":"Sturdy","moves":["defog","whirlwind","drillpeck","roost"],"nature":"Impish","evs":{"hp":252,"atk":0,"def":252,"spa":0,"spd":0,"spe":4},"ivs":{"hp":31,"atk":31,"def":31,"spa":31,"spd":31,"spe":31}},{"name":"Magnezone","species":"Magnezone","item":"choicescarf","ability":"Sturdy","moves":["thunderbolt","flashcannon","voltswitch","hiddenpowerice"],"nature":"Timid","evs":{"hp":0,"atk":0,"def":0,"spa":252,"spd":4,"spe":252},"ivs":{"hp":31,"atk":30,"def":30,"spa":31,"spd":31,"spe":31}},{"name":"Excadrill","species":"Excadrill","item":"choicescarf","ability":"Mold Breaker","moves":["earthquake","ironhead","rockslide","rapidspin"],"nature":"Jolly","evs":{"hp":0,"atk":252,"def":0,"spa":0,"spd":4,"spe":252},"ivs":{"hp":31,"atk":31,"def":31,"spa":31,"spd":31,"spe":31}},{"name":"Bisharp","species":"Bisharp","item":"lumberry","ability":"Defiant","moves":["suckerpunch","swordsdance","knockoff","ironhead"],"nature":"Jolly","evs":{"hp":0,"atk":252,"def":0,"spa":0,"spd":4,"spe":252},"ivs":{"hp":31,"atk":31,"def":31,"spa":31,"spd":31,"spe":31}}],"p2team":[{"name":"Gyarados","species":"Gyarados","item":"gyaradosite","ability":"Intimidate","moves":["dragondance","waterfall","earthquake","crunch"],"nature":"Jolly","evs":{"hp":0,"atk":252,"def":0,"spa":0,"spd":4,"spe":252},"ivs":{"hp":31,"atk":31,"def":31,"spa":31,"spd":31,"spe":31}},{"name":"Thundurus-Therian","species":"Thundurus-Therian","item":"choicescarf","ability":"Volt Absorb","moves":["sludgewave","thunderbolt","voltswitch","darkpulse"],"nature":"Timid","evs":{"hp":0,"atk":0,"def":0,"spa":252,"spd":4,"spe":252},"ivs":{"hp":31,"atk":31,"def":31,"spa":31,"spd":31,"spe":31}},{"name":"Landorus","species":"Landorus","item":"lifeorb","ability":"Sheer Force","moves":["earthpower","grassknot","psychic","rockpolish"],"nature":"Timid","evs":{"hp":0,"atk":0,"def":0,"spa":252,"spd":4,"spe":252},"ivs":{"hp":31,"atk":31,"def":31,"spa":31,"spd":31,"spe":31}},{"name":"Skarmory","species":"Skarmory","item":"leftovers","ability":"Sturdy","moves":["roost","ironhead","stealthrock","whirlwind"],"nature":"Impish","evs":{"hp":244,"atk":8,"def":232,"spa":0,"spd":0,"spe":24},"ivs":{"hp":31,"atk":31,"def":31,"spa":31,"spd":31,"spe":31}},{"name":"Mandibuzz","species":"Mandibuzz","item":"leftovers","ability":"Overcoat","moves":["roost","foulplay","toxic","defog"],"nature":"Serious","evs":{"hp":240,"atk":0,"def":16,"spa":0,"spd":252,"spe":0},"ivs":{"hp":31,"atk":31,"def":31,"spa":31,"spd":31,"spe":31}},{"name":"Hawlucha","species":"Hawlucha","item":"powerherb","ability":"Unburden","moves":["skyattack","highjumpkick","swordsdance","acrobatics"],"nature":"Jolly","evs":{"hp":0,"atk":252,"def":0,"spa":0,"spd":4,"spe":252},"ivs":{"hp":31,"atk":31,"def":31,"spa":31,"spd":31,"spe":31}}],"log":["|player|p1|Metalyte|165","|player|p2|Fraternity Wulf|143","|gametype|singles","|gen|6","|tier|Monotype","|rated","|rule|Baton Pass Clause: Limit one Baton Passer, can't pass Spe and other stats simultaneously","|rule|Swagger Clause: Swagger is banned","|rule|Same Type Clause: Pokémon in a team must share a type","|clearpoke","|poke|p1|Scizor, M","|poke|p1|Heatran, F","|poke|p1|Skarmory, F","|poke|p1|Magnezone","|poke|p1|Excadrill, F","|poke|p1|Bisharp, M","|poke|p2|Gyarados, M","|poke|p2|Thundurus-Therian, M","|poke|p2|Landorus, M","|poke|p2|Skarmory, F","|poke|p2|Mandibuzz, F","|poke|p2|Hawlucha, M","|rule|Sleep Clause Mod: Limit one foe put to sleep","|rule|Species Clause: Limit one of each Pokémon","|rule|OHKO Clause: OHKO moves are banned","|rule|Moody Clause: Moody is banned","|rule|Evasion Moves Clause: Evasion moves are banned","|rule|Endless Battle Clause: Forcing endless battles is banned","|rule|HP Percentage Mod: HP is shown in percentages","|teampreview","|","|start","|switch|p1a: Magnezone|Magnezone|281/281","|switch|p2a: Thundurus-Therian|Thundurus-Therian, M|299/299","|turn|1","|","|move|p2a: Thundurus-Therian|Volt Switch|p1a: Magnezone","|-resisted|p1a: Magnezone","|-damage|p1a: Magnezone|201/281","|","|switch|p2a: Mandibuzz|Mandibuzz, F|421/421","|move|p1a: Magnezone|Hidden Power|p2a: Mandibuzz","|-supereffective|p2a: Mandibuzz","|-damage|p2a: Mandibuzz|301/421","|","|-heal|p2a: Mandibuzz|327/421|[from] item: Leftovers","|turn|2","|","|switch|p1a: Bisharp|Bisharp, M|271/271","|move|p2a: Mandibuzz|Roost|p2a: Mandibuzz","|-heal|p2a: Mandibuzz|421/421","|","|turn|3","|","|switch|p1a: SR-71|Skarmory, F|334/334","|move|p2a: Mandibuzz|Foul Play|p1a: SR-71","|-damage|p1a: SR-71|285/334","|","|-heal|p1a: SR-71|305/334|[from] item: Leftovers","|turn|4","|","|switch|p2a: Thundurus-Therian|Thundurus-Therian, M|299/299","|move|p1a: SR-71|Drill Peck|p2a: Thundurus-Therian","|-resisted|p2a: Thundurus-Therian","|-damage|p2a: Thundurus-Therian|248/299","|","|-heal|p1a: SR-71|325/334|[from] item: Leftovers","|turn|5","|","|switch|p1a: Excadrill|Excadrill, F|361/361","|-ability|p1a: Excadrill|Mold Breaker","|move|p2a: Thundurus-Therian|Volt Switch|p1a: Excadrill","|-immune|p1a: Excadrill|[msg]","|","|turn|6","|","|switch|p2a: Skarmory|Skarmory, F|332/332","|switch|p1a: Heatran|Heatran, F|324/324","|-item|p1a: Heatran|Air Balloon","|","|turn|7","|","|switch|p2a: Mandibuzz|Mandibuzz, F|421/421","|move|p1a: Heatran|Fire Blast|p2a: Mandibuzz","|-damage|p2a: Mandibuzz|264/421","|","|-heal|p2a: Mandibuzz|290/421|[from] item: Leftovers","|turn|8","|","|move|p1a: Heatran|Ancient Power|p2a: Mandibuzz","|-supereffective|p2a: Mandibuzz","|-damage|p2a: Mandibuzz|172/421","|move|p2a: Mandibuzz|Foul Play|p1a: Heatran","|-damage|p1a: Heatran|239/324","|-enditem|p1a: Heatran|Air Balloon","|","|-heal|p2a: Mandibuzz|198/421|[from] item: Leftovers","|turn|9","|","|switch|p2a: Landorus|Landorus, M|319/319","|move|p1a: Heatran|Ancient Power|p2a: Landorus","|-damage|p2a: Landorus|231/319","|","|turn|10","|","|switch|p2a: Thundurus-Therian|Thundurus-Therian, M|248/299","|switch|p1a: SR-71|Skarmory, F|325/334","|","|-heal|p1a: SR-71|334/334|[from] item: Leftovers","|turn|11","|","|switch|p1a: Excadrill|Excadrill, F|361/361","|-ability|p1a: Excadrill|Mold Breaker","|move|p2a: Thundurus-Therian|Volt Switch|p1a: Excadrill","|-immune|p1a: Excadrill|[msg]","|","|turn|12","|","|switch|p2a: Skarmory|Skarmory, F|332/332","|switch|p1a: Heatran|Heatran, F|239/324","|","|turn|13","|","|switch|p2a: Mandibuzz|Mandibuzz, F|198/421","|move|p1a: Heatran|Fire Blast|p2a: Mandibuzz|[miss]","|-miss|p1a: Heatran|p2a: Mandibuzz","|","|-heal|p2a: Mandibuzz|224/421|[from] item: Leftovers","|turn|14","|","|move|p1a: Heatran|Ancient Power|p2a: Mandibuzz","|-supereffective|p2a: Mandibuzz","|-damage|p2a: Mandibuzz|114/421","|move|p2a: Mandibuzz|Roost|p2a: Mandibuzz","|-heal|p2a: Mandibuzz|325/421","|","|-heal|p2a: Mandibuzz|351/421|[from] item: Leftovers","|turn|15","|","|switch|p2a: Landorus|Landorus, M|231/319","|move|p1a: Heatran|Ancient Power|p2a: Landorus","|-damage|p2a: Landorus|144/319","|","|turn|16","|","|switch|p1a: SR-71|Skarmory, F|334/334","|move|p2a: Landorus|Earth Power|p1a: SR-71","|-immune|p1a: SR-71|[msg]","|","|turn|17","|","|switch|p2a: Thundurus-Therian|Thundurus-Therian, M|248/299","|move|p1a: SR-71|Drill Peck|p2a: Thundurus-Therian","|-resisted|p2a: Thundurus-Therian","|-damage|p2a: Thundurus-Therian|200/299","|","|turn|18","|","|switch|p2a: Landorus|Landorus, M|144/319","|switch|p1a: Excadrill|Excadrill, F|361/361","|-ability|p1a: Excadrill|Mold Breaker","|","|turn|19","|","|switch|p1a: SR-71|Skarmory, F|334/334","|move|p2a: Landorus|Grass Knot|p1a: SR-71","|-resisted|p1a: SR-71","|-damage|p1a: SR-71|298/334","|-damage|p2a: Landorus|113/319|[from] item: Life Orb","|","|-heal|p1a: SR-71|318/334|[from] item: Leftovers","|turn|20","|","|switch|p2a: Thundurus-Therian|Thundurus-Therian, M|200/299","|move|p1a: SR-71|Drill Peck|p2a: Thundurus-Therian","|-resisted|p2a: Thundurus-Therian","|-damage|p2a: Thundurus-Therian|152/299","|","|-heal|p1a: SR-71|334/334|[from] item: Leftovers","|turn|21","|","|switch|p2a: Landorus|Landorus, M|113/319","|switch|p1a: Excadrill|Excadrill, F|361/361","|-ability|p1a: Excadrill|Mold Breaker","|","|turn|22","|","|switch|p2a: Thundurus-Therian|Thundurus-Therian, M|152/299","|move|p1a: Excadrill|Iron Head|p2a: Thundurus-Therian","|-resisted|p2a: Thundurus-Therian","|-damage|p2a: Thundurus-Therian|56/299","|","|turn|23","|","|switch|p2a: Skarmory|Skarmory, F|332/332","|move|p1a: Excadrill|Iron Head|p2a: Skarmory","|-resisted|p2a: Skarmory","|-damage|p2a: Skarmory|290/332","|","|-heal|p2a: Skarmory|310/332|[from] item: Leftovers","|turn|24","|","|switch|p1a: Heatran|Heatran, F|239/324","|move|p2a: Skarmory|Stealth Rock|p1a: Heatran","|-sidestart|p1: Metalyte|move: Stealth Rock","|","|-heal|p2a: Skarmory|330/332|[from] item: Leftovers","|turn|25","|","|switch|p2a: Landorus|Landorus, M|113/319","|move|p1a: Heatran|Fire Blast|p2a: Landorus","|-damage|p2a: Landorus|0 fnt","|faint|p2a: Landorus","|","|","|switch|p2a: Hawlucha|Hawlucha, M|297/297","|turn|26","|","|move|p2a: Hawlucha|Swords Dance|p2a: Hawlucha","|-boost|p2a: Hawlucha|atk|2","|move|p1a: Heatran|Ancient Power|p2a: Hawlucha","|-damage|p2a: Hawlucha|199/297","|","|turn|27","|","|move|p2a: Hawlucha|Sky Attack|p1a: Heatran|[still]","|-prepare|p2a: Hawlucha|Sky Attack|p1a: Heatran","|-enditem|p2a: Hawlucha|Power Herb","|-anim|p2a: Hawlucha|Sky Attack|p1a: Heatran","|-resisted|p1a: Heatran","|-damage|p1a: Heatran|51/324","|cant|p1a: Heatran|flinch","|","|turn|28","|","|move|p2a: Hawlucha|Acrobatics|p1a: Heatran","|-crit|p1a: Heatran","|-resisted|p1a: Heatran","|-damage|p1a: Heatran|0 fnt","|faint|p1a: Heatran","|","|","|switch|p1a: SR-71|Skarmory, F|334/334","|-damage|p1a: SR-71|293/334|[from] Stealth Rock","|turn|29","|","|move|p2a: Hawlucha|High Jump Kick|p1a: SR-71","|-damage|p1a: SR-71|85/334","|move|p1a: SR-71|Drill Peck|p2a: Hawlucha","|-supereffective|p2a: Hawlucha","|-damage|p2a: Hawlucha|17/297","|","|-heal|p1a: SR-71|105/334|[from] item: Leftovers","|turn|30","|","|move|p2a: Hawlucha|High Jump Kick|p1a: SR-71","|-damage|p1a: SR-71|0 fnt","|faint|p1a: SR-71","|","|","|switch|p1a: Czar|Scizor, M|343/343","|-damage|p1a: Czar|301/343|[from] Stealth Rock","|turn|31","|","|detailschange|p1a: Czar|Scizor-Mega, M","|-mega|p1a: Czar|Scizor|Scizorite","|move|p1a: Czar|Bullet Punch|p2a: Hawlucha","|-damage|p2a: Hawlucha|0 fnt","|faint|p2a: Hawlucha","|","|","|switch|p2a: Gyarados|Gyarados, M|331/331","|-ability|p2a: Gyarados|Intimidate","|-unboost|p1a: Czar|atk|1","|turn|32","|","|detailschange|p2a: Gyarados|Gyarados-Mega, M","|-mega|p2a: Gyarados|Gyarados|Gyaradosite","|-ability|p2a: Gyarados|Mold Breaker","|move|p2a: Gyarados|Dragon Dance|p2a: Gyarados","|-boost|p2a: Gyarados|atk|1","|-boost|p2a: Gyarados|spe|1","|move|p1a: Czar|Swords Dance|p1a: Czar","|-boost|p1a: Czar|atk|2","|","|turn|33","|","|move|p2a: Gyarados|Waterfall|p1a: Czar","|-damage|p1a: Czar|121/343","|move|p1a: Czar|Bug Bite|p2a: Gyarados","|-supereffective|p2a: Gyarados","|-damage|p2a: Gyarados|0 fnt","|faint|p2a: Gyarados","|","|","|switch|p2a: Skarmory|Skarmory, F|330/332","|turn|34","|","|move|p1a: Czar|Roost|p1a: Czar","|-heal|p1a: Czar|293/343","|move|p2a: Skarmory|Whirlwind|p1a: Czar","|drag|p1a: Excadrill|Excadrill, F|361/361","|-damage|p1a: Excadrill|350/361|[from] Stealth Rock","|-ability|p1a: Excadrill|Mold Breaker","|","|-heal|p2a: Skarmory|332/332|[from] item: Leftovers","|turn|35","|","|move|p1a: Excadrill|Rapid Spin|p2a: Skarmory","|-resisted|p2a: Skarmory","|-damage|p2a: Skarmory|324/332","|-sideend|p1: Metalyte|Stealth Rock|[from] move: Rapid Spin|[of] p1a: Excadrill","|move|p2a: Skarmory|Iron Head|p1a: Excadrill","|-resisted|p1a: Excadrill","|-damage|p1a: Excadrill|293/361","|","|-heal|p2a: Skarmory|332/332|[from] item: Leftovers","|turn|36","|","|switch|p1a: Magnezone|Magnezone|201/281","|move|p2a: Skarmory|Stealth Rock|p1a: Magnezone","|-sidestart|p1: Metalyte|move: Stealth Rock","|","|turn|37","|","|switch|p2a: Thundurus-Therian|Thundurus-Therian, M|56/299","|move|p1a: Magnezone|Volt Switch|p2a: Thundurus-Therian","|-heal|p2a: Thundurus-Therian|130/299|[from] ability: Volt Absorb|[of] p1a: Magnezone","|","|turn|38","|","|switch|p1a: Excadrill|Excadrill, F|293/361","|-damage|p1a: Excadrill|282/361|[from] Stealth Rock","|-ability|p1a: Excadrill|Mold Breaker","|move|p2a: Thundurus-Therian|Volt Switch|p1a: Excadrill","|-immune|p1a: Excadrill|[msg]","|","|turn|39","|","|switch|p2a: Skarmory|Skarmory, F|332/332","|move|p1a: Excadrill|Rapid Spin|p2a: Skarmory","|-resisted|p2a: Skarmory","|-damage|p2a: Skarmory|325/332","|-sideend|p1: Metalyte|Stealth Rock|[from] move: Rapid Spin|[of] p1a: Excadrill","|","|-heal|p2a: Skarmory|332/332|[from] item: Leftovers","|turn|40","|","|switch|p1a: Bisharp|Bisharp, M|271/271","|move|p2a: Skarmory|Stealth Rock|p1a: Bisharp","|-sidestart|p1: Metalyte|move: Stealth Rock","|","|turn|41","|","|switch|p2a: Mandibuzz|Mandibuzz, F|351/421","|move|p1a: Bisharp|Swords Dance|p1a: Bisharp","|-boost|p1a: Bisharp|atk|2","|","|-heal|p2a: Mandibuzz|377/421|[from] item: Leftovers","|turn|42","|","|move|p1a: Bisharp|Iron Head|p2a: Mandibuzz","|-damage|p2a: Mandibuzz|131/421","|move|p2a: Mandibuzz|Foul Play|p1a: Bisharp","|-resisted|p1a: Bisharp","|-damage|p1a: Bisharp|109/271","|","|-heal|p2a: Mandibuzz|157/421|[from] item: Leftovers","|turn|43","|","|switch|p2a: Skarmory|Skarmory, F|332/332","|move|p1a: Bisharp|Iron Head|p2a: Skarmory","|-crit|p2a: Skarmory","|-resisted|p2a: Skarmory","|-damage|p2a: Skarmory|212/332","|","|-heal|p2a: Skarmory|232/332|[from] item: Leftovers","|turn|44","|","|move|p1a: Bisharp|Knock Off|p2a: Skarmory","|-crit|p2a: Skarmory","|-damage|p2a: Skarmory|0 fnt","|-enditem|p2a: Skarmory|Leftovers|[from] move: Knock Off|[of] p1a: Bisharp","|faint|p2a: Skarmory","|","|","|switch|p2a: Mandibuzz|Mandibuzz, F|157/421","|turn|45","|","|move|p1a: Bisharp|Iron Head|p2a: Mandibuzz","|-damage|p2a: Mandibuzz|0 fnt","|faint|p2a: Mandibuzz","|","|","|switch|p2a: Thundurus-Therian|Thundurus-Therian, M|130/299","|turn|46","|","|move|p1a: Bisharp|Sucker Punch|p2a: Thundurus-Therian","|-damage|p2a: Thundurus-Therian|0 fnt","|faint|p2a: Thundurus-Therian","|","|win|Metalyte"],"p1rating":{"entryid":"261411","serverid":"eos","formatid":"monotype","userid":"metalyte","username":"Metalyte","w":5,"l":"2","t":"0","gxe":59.7,"r":"1500","rd":"130","sigma":"0","rptime":"1440147600","rpr":1576.4311788114,"rprd":96.25486930151,"rpsigma":"0","acre":1131.5868622155,"lacre":1131.5868622155,"oldacre":"1105.8207898748"},"p2rating":{"entryid":"266962","serverid":"eos","formatid":"monotype","userid":"fraternitywulf","username":"Fraternity Wulf","w":"4","l":2,"t":"0","gxe":60.1,"r":"1500","rd":"130","sigma":"0","rptime":"1440147600","rpr":1580.1176922316,"rprd":99.262352084747,"rpsigma":"0","acre":1090.7044833891,"lacre":1090.7044833891,"oldacre":"1116.4705557298"},"endType":"normal"}