{"seed":[29875,8692,43518,58549],"turns":26,"p1":"Apex Salamence","p2":"Crystal Blade64","p1team":[{"name":"BIRD JESUS","species":"pidgeot","item":"pidgeotite","ability":"Big Pecks","moves":["heatwave","hurricane","protect","hiddenpowerground"],"nature":"Timid","evs":{"hp":0,"atk":0,"def":0,"spa":252,"spd":4,"spe":252},"gender":"M","ivs":{"hp":31,"atk":31,"def":31,"spa":30,"spd":30,"spe":31},"shiny":true},{"name":"Jupiter","species":"thundurus","item":"lifeorb","ability":"Prankster","moves":["taunt","thunderwave","thunderbolt","hiddenpowerice"],"nature":"Timid","evs":{"hp":0,"atk":0,"def":0,"spa":252,"spd":4,"spe":252},"ivs":{"hp":31,"atk":30,"def":30,"spa":31,"spd":31,"spe":31},"shiny":true},{"name":"Porunga","species":"dragonite","item":"weaknesspolicy","ability":"Multiscale","moves":["dragonclaw","dragondance","extremespeed","thunderpunch"],"nature":"Adamant","evs":{"hp":0,"atk":252,"def":0,"spa":0,"spd":4,"spe":252},"gender":"M","shiny":true,"ivs":{"hp":31,"atk":31,"def":31,"spa":31,"spd":31,"spe":31}},{"name":"Gaea","species":"landorus","item":"lifeorb","ability":"Sheer Force","moves":["earthpower","psychic","sludgewave","stealthrock"],"nature":"Timid","evs":{"hp":0,"atk":0,"def":0,"spa":252,"spd":4,"spe":252},"shiny":true,"ivs":{"hp":31,"atk":31,"def":31,"spa":31,"spd":31,"spe":31}},{"name":"BoneZ","species":"mandibuzz","item":"leftovers","ability":"Overcoat","moves":["foulplay","defog","toxic","roost"],"nature":"Bold","evs":{"hp":252,"atk":0,"def":252,"spa":0,"spd":4,"spe":0},"shiny":true,"ivs":{"hp":31,"atk":31,"def":31,"spa":31,"spd":31,"spe":31}},{"name":"Raptor","species":"staraptor","item":"choicescarf","ability":"Reckless","moves":["bravebird","closecombat","uturn","doubleedge"],"nature":"Jolly","evs":{"hp":0,"atk":252,"def":0,"spa":0,"spd":4,"spe":252},"gender":"M","shiny":true,"ivs":{"hp":31,"atk":31,"def":31,"spa":31,"spd":31,"spe":31}}],"p2team":[{"name":"Reckless","species":"staraptor","item":"leftovers","ability":"Intimidate","moves":["bravebird","roost","featherdance","defog"],"nature":"Impish","evs":{"hp":252,"atk":4,"def":252,"spa":0,"spd":0,"spe":0},"ivs":{"hp":31,"atk":31,"def":31,"spa":31,"spd":31,"spe":31}},{"name":"BetterThanYou","species":"ditto","item":"choicescarf","ability":"Imposter","moves":["transform"],"nature":"Bold","evs":{"hp":248,"atk":0,"def":252,"spa":0,"spd":8,"spe":0},"happiness":0,"ivs":{"hp":31,"atk":31,"def":31,"spa":31,"spd":31,"spe":31}},{"name":"Nurse Joy pls","species":"chansey","item":"eviolite","ability":"Natural Cure","moves":["aromatherapy","softboiled","thunderwave","seismictoss"],"nature":"Bold","evs":{"hp":248,"atk":0,"def":252,"spa":0,"spd":8,"spe":0},"ivs":{"hp":31,"atk":31,"def":31,"spa":31,"spd":31,"spe":31}},{"name":"EnergizerBunny","species":"lopunny","item":"lopunnite","ability":"Cute Charm","moves":["fakeout","highjumpkick","icepunch","frustration"],"nature":"Jolly","evs":{"hp":4,"atk":252,"def":0,"spa":0,"spd":0,"spe":252},"happiness":0,"ivs":{"hp":31,"atk":31,"def":31,"spa":31,"spd":31,"spe":31}},{"name":"DownloadFreeRAM","species":"porygon2","item":"eviolite","ability":"Trace","moves":["toxic","recover","icebeam","discharge"],"nature":"Bold","evs":{"hp":248,"atk":0,"def":252,"spa":8,"spd":0,"spe":0},"ivs":{"hp":31,"atk":31,"def":31,"spa":31,"spd":31,"spe":31}},{"name":"Diggersby tho","species":"diggersby","item":"choiceband","ability":"Huge Power","moves":["earthquake","quickattack","frustration","uturn"],"nature":"Adamant","evs":{"hp":4,"atk":252,"def":0,"spa":0,"spd":0,"spe":252},"happiness":0,"ivs":{"hp":31,"atk":31,"def":31,"spa":31,"spd":31,"spe":31}}],"log":["|player|p1|Apex Salamence|266","|player|p2|Crystal Blade64|165","|gametype|singles","|gen|6","|tier|Monotype","|rated","|rule|Baton Pass Clause: Limit one Baton Passer, can't pass Spe and other stats simultaneously","|rule|Swagger Clause: Swagger is banned","|rule|Same Type Clause: Pokémon in a team must share a type","|clearpoke","|poke|p1|Pidgeot, M, shiny","|poke|p1|Thundurus, M, shiny","|poke|p1|Dragonite, M, shiny","|poke|p1|Landorus, M, shiny","|poke|p1|Mandibuzz, F, shiny","|poke|p1|Staraptor, M, shiny","|poke|p2|Staraptor, M","|poke|p2|Ditto","|poke|p2|Chansey, F","|poke|p2|Lopunny, F","|poke|p2|Porygon2","|poke|p2|Diggersby, M","|rule|Sleep Clause Mod: Limit one foe put to sleep","|rule|Species Clause: Limit one of each Pokémon","|rule|OHKO Clause: OHKO moves are banned","|rule|Moody Clause: Moody is banned","|rule|Evasion Moves Clause: Evasion moves are banned","|rule|Endless Battle Clause: Forcing endless battles is banned","|rule|HP Percentage Mod: HP is shown in percentages","|teampreview","|","|start","|switch|p1a: Jupiter|Thundurus, M, shiny|299/299","|switch|p2a: EnergizerBunny|Lopunny, F|272/272","|turn|1","|","|detailschange|p2a: EnergizerBunny|Lopunny-Mega, F","|-mega|p2a: EnergizerBunny|Lopunny|Lopunnite","|move|p2a: EnergizerBunny|Fake Out|p1a: Jupiter","|-damage|p1a: Jupiter|194/299","|cant|p1a: Jupiter|flinch","|","|turn|2","|","|move|p1a: Jupiter|Thunder Wave|p2a: EnergizerBunny","|-status|p2a: EnergizerBunny|par","|move|p2a: EnergizerBunny|Ice Punch|p1a: Jupiter","|-supereffective|p1a: Jupiter","|-damage|p1a: Jupiter|0 fnt","|faint|p1a: Jupiter","|","|","|switch|p1a: Porunga|Dragonite, M, shiny|323/323","|turn|3","|","|switch|p2a: Reckless|Staraptor, M|374/374","|-ability|p2a: Reckless|Intimidate","|-unboost|p1a: Porunga|atk|1","|move|p1a: Porunga|Dragon Dance|p1a: Porunga","|-boost|p1a: Porunga|atk|1","|-boost|p1a: Porunga|spe|1","|","|turn|4","|","|move|p1a: Porunga|Dragon Dance|p1a: Porunga","|-boost|p1a: Porunga|atk|1","|-boost|p1a: Porunga|spe|1","|move|p2a: Reckless|Feather Dance|p1a: Porunga","|-unboost|p1a: Porunga|atk|2","|","|turn|5","|","|switch|p1a: BIRD JESUS|Pidgeot, M, shiny|307/307","|move|p2a: Reckless|Feather Dance|p1a: BIRD JESUS","|-unboost|p1a: BIRD JESUS|atk|2","|","|turn|6","|","|switch|p2a: Nurse Joy pls|Chansey, F|703/703","|detailschange|p1a: BIRD JESUS|Pidgeot-Mega, M, shiny","|-mega|p1a: BIRD JESUS|Pidgeot|Pidgeotite","|move|p1a: BIRD JESUS|Protect|p1a: BIRD JESUS","|-fail|p1a: BIRD JESUS","|","|turn|7","|","|move|p1a: BIRD JESUS|Hurricane|p2a: Nurse Joy pls","|-damage|p2a: Nurse Joy pls|585/703","|move|p2a: Nurse Joy pls|Thunder Wave|p1a: BIRD JESUS","|-status|p1a: BIRD JESUS|par","|","|turn|8","|","|move|p2a: Nurse Joy pls|Aromatherapy|p2a: Nurse Joy pls","|-cureteam|p2a: Nurse Joy pls|[from] move: Aromatherapy","|cant|p1a: BIRD JESUS|par","|","|turn|9","|","|move|p2a: Nurse Joy pls|Seismic Toss|p1a: BIRD JESUS","|-damage|p1a: BIRD JESUS|207/307 par","|move|p1a: BIRD JESUS|Hurricane|p2a: Nurse Joy pls","|-damage|p2a: Nurse Joy pls|456/703","|","|turn|10","|","|move|p2a: Nurse Joy pls|Seismic Toss|p1a: BIRD JESUS","|-damage|p1a: BIRD JESUS|107/307 par","|cant|p1a: BIRD JESUS|par","|","|turn|11","|","|move|p2a: Nurse Joy pls|Seismic Toss|p1a: BIRD JESUS","|-damage|p1a: BIRD JESUS|7/307 par","|move|p1a: BIRD JESUS|Hurricane|p2a: Nurse Joy pls","|-crit|p2a: Nurse Joy pls","|-damage|p2a: Nurse Joy pls|251/703","|","|turn|12","|","|cant|p1a: BIRD JESUS|par","|move|p2a: Nurse Joy pls|Seismic Toss|p1a: BIRD JESUS","|-damage|p1a: BIRD JESUS|0 fnt","|faint|p1a: BIRD JESUS","|","|","|switch|p1a: Gaea|Landorus, M, shiny|319/319","|turn|13","|","|switch|p2a: Reckless|Staraptor, M|374/374","|-ability|p2a: Reckless|Intimidate","|-unboost|p1a: Gaea|atk|1","|move|p1a: Gaea|Earth Power|p2a: Reckless","|-immune|p2a: Reckless|[msg]","|","|turn|14","|","|move|p1a: Gaea|Sludge Wave|p2a: Reckless","|-damage|p2a: Reckless|127/374","|move|p2a: Reckless|Brave Bird|p1a: Gaea","|-damage|p1a: Gaea|132/319","|-damage|p2a: Reckless|65/374|[from] recoil|[of] p1a: Gaea","|","|-heal|p2a: Reckless|88/374|[from] item: Leftovers","|turn|15","|","|switch|p2a: EnergizerBunny|Lopunny-Mega, F|272/272","|move|p1a: Gaea|Psychic|p2a: EnergizerBunny","|-supereffective|p2a: EnergizerBunny","|-damage|p2a: EnergizerBunny|0 fnt","|faint|p2a: EnergizerBunny","|","|","|switch|p2a: Diggersby tho|Diggersby, M|312/312","|turn|16","|","|move|p2a: Diggersby tho|Quick Attack|p1a: Gaea","|-damage|p1a: Gaea|0 fnt","|faint|p1a: Gaea","|","|","|switch|p1a: Raptor|Staraptor, M, shiny|311/311","|turn|17","|","|switch|p2a: DownloadFreeRAM|Porygon2|373/373","|-ability|p2a: DownloadFreeRAM|Reckless|[from] ability: Trace|[of] p1a: Raptor","|move|p1a: Raptor|Close Combat|p2a: DownloadFreeRAM","|-supereffective|p2a: DownloadFreeRAM","|-damage|p2a: DownloadFreeRAM|243/373","|-unboost|p1a: Raptor|def|1","|-unboost|p1a: Raptor|spd|1","|","|turn|18","|","|move|p1a: Raptor|Close Combat|p2a: DownloadFreeRAM","|-supereffective|p2a: DownloadFreeRAM","|-damage|p2a: DownloadFreeRAM|105/373","|-unboost|p1a: Raptor|def|1","|-unboost|p1a: Raptor|spd|1","|move|p2a: DownloadFreeRAM|Ice Beam|p1a: Raptor","|-supereffective|p1a: Raptor","|-damage|p1a: Raptor|0 fnt","|faint|p1a: Raptor","|","|","|switch|p1a: Porunga|Dragonite, M, shiny|323/323","|turn|19","|","|move|p1a: Porunga|Dragon Dance|p1a: Porunga","|-boost|p1a: Porunga|atk|1","|-boost|p1a: Porunga|spe|1","|move|p2a: DownloadFreeRAM|Toxic|p1a: Porunga","|-status|p1a: Porunga|tox","|","|-damage|p1a: Porunga|303/323 tox|[from] psn","|turn|20","|","|switch|p2a: Reckless|Staraptor, M|88/374","|-ability|p2a: Reckless|Intimidate","|-unboost|p1a: Porunga|atk|1","|move|p1a: Porunga|Dragon Claw|p2a: Reckless","|-damage|p2a: Reckless|0 fnt","|faint|p2a: Reckless","|","|-damage|p1a: Porunga|263/323 tox|[from] psn","|","|switch|p2a: Nurse Joy pls|Chansey, F|251/703","|turn|21","|","|move|p1a: Porunga|Dragon Dance|p1a: Porunga","|-boost|p1a: Porunga|atk|1","|-boost|p1a: Porunga|spe|1","|move|p2a: Nurse Joy pls|Seismic Toss|p1a: Porunga","|-damage|p1a: Porunga|163/323 tox","|","|-damage|p1a: Porunga|103/323 tox|[from] psn","|turn|22","|","|move|p1a: Porunga|Dragon Claw|p2a: Nurse Joy pls","|-damage|p2a: Nurse Joy pls|0 fnt","|faint|p2a: Nurse Joy pls","|","|-damage|p1a: Porunga|23/323 tox|[from] psn","|","|switch|p2a: BetterThanYou|Ditto|299/299","|-transform|p2a: BetterThanYou|p1a: Porunga","|turn|23","|","|move|p1a: Porunga|Extreme Speed|p2a: BetterThanYou","|-damage|p2a: BetterThanYou|212/299","|move|p2a: BetterThanYou|Thunder Punch|p1a: Porunga","|-damage|p1a: Porunga|0 fnt","|faint|p1a: Porunga","|","|","|switch|p1a: BoneZ|Mandibuzz, F, shiny|424/424","|turn|24","|","|move|p2a: BetterThanYou|Thunder Punch|p1a: BoneZ","|-supereffective|p1a: BoneZ","|-damage|p1a: BoneZ|232/424","|move|p1a: BoneZ|Foul Play|p2a: BetterThanYou","|-damage|p2a: BetterThanYou|0 fnt","|faint|p2a: BetterThanYou","|","|-heal|p1a: BoneZ|258/424|[from] item: Leftovers","|","|switch|p2a: Diggersby tho|Diggersby, M|312/312","|turn|25","|","|move|p2a: Diggersby tho|Frustration|p1a: BoneZ","|-damage|p1a: BoneZ|6/424","|move|p1a: BoneZ|Foul Play|p2a: Diggersby tho","|-damage|p2a: Diggersby tho|186/312","|","|-heal|p1a: BoneZ|32/424|[from] item: Leftovers","|turn|26","|","|move|p2a: Diggersby tho|Frustration|p1a: BoneZ","|-damage|p1a: BoneZ|0 fnt","|faint|p1a: BoneZ","|","|win|Crystal Blade64"],"p1rating":{"entryid":"1755","serverid":"eos","formatid":"monotype","userid":"apexsalamence","username":"Apex Salamence","w":"15","l":11,"t":"0","gxe":56.2,"r":"1545.1960980953","rd":"69.032897888715","sigma":"0","rptime":"1440147600","rpr":1547.5373807077,"rprd":63.776355559365,"rpsigma":"0","acre":1168.6765907994,"lacre":1168.6765907994,"oldacre":"1201.0686373242"},"p2rating":{"entryid":"73557","serverid":"eos","formatid":"monotype","userid":"crystalblade64","username":"Crystal Blade64","w":4,"l":"1","t":"0","gxe":61.2,"r":"1560.8234906758","rd":"107.32790325938","sigma":"0","rptime":"1440147600","rpr":1589.2086831624,"rprd":102.75992748651,"rpsigma":"0","acre":1128.5062747319,"lacre":1128.5062747319,"oldacre":"1095.17683512"},"endType":"normal"}