{"seed":[62933,31432,16979,18607],"turns":47,"p1":"Guard Wanderer","p2":"V Photon","p1team":[{"name":"Weezing","species":"Weezing","item":"sitrusberry","ability":"Levitate","moves":["toxicspikes","willowisp","memento","thief"],"nature":"Careful","evs":{"hp":248,"atk":0,"def":0,"spa":0,"spd":252,"spe":0},"ivs":{"hp":31,"atk":31,"def":31,"spa":31,"spd":31,"spe":31}},{"name":"Tentacruel","species":"Tentacruel","item":"assaultvest","ability":"Liquid Ooze","moves":["scald","acidspray","gigadrain","hex"],"nature":"Timid","evs":{"hp":0,"atk":0,"def":4,"spa":252,"spd":0,"spe":252},"ivs":{"hp":31,"atk":31,"def":31,"spa":31,"spd":31,"spe":31}},{"name":"Skuntank","species":"Skuntank","item":"","ability":"Stench","moves":["snatch","thief","suckerpunch","poisonjab"],"nature":"Adamant","evs":{"hp":248,"atk":252,"def":0,"spa":0,"spd":8,"spe":0},"ivs":{"hp":31,"atk":31,"def":31,"spa":31,"spd":31,"spe":31}},{"name":"Crobat","species":"Crobat","item":"whiteherb","ability":"Infiltrator","moves":["curse","acrobatics","roost","hypnosis"],"nature":"Jolly","evs":{"hp":248,"atk":8,"def":0,"spa":0,"spd":0,"spe":252},"ivs":{"hp":31,"atk":31,"def":31,"spa":31,"spd":31,"spe":31}},{"name":"Gengar","species":"Gengar","item":"choicescarf","ability":"Levitate","moves":["trick","destinybond","venoshock","hex"],"nature":"Timid","evs":{"hp":0,"atk":0,"def":0,"spa":252,"spd":4,"spe":252},"ivs":{"hp":31,"atk":31,"def":31,"spa":31,"spd":31,"spe":31}},{"name":"Amoonguss","species":"Amoonguss","item":"blacksludge","ability":"Regenerator","moves":["spore","gigadrain","gastroacid","stunspore"],"nature":"Calm","evs":{"hp":248,"atk":0,"def":0,"spa":8,"spd":252,"spe":0},"shiny":true,"ivs":{"hp":31,"atk":31,"def":31,"spa":31,"spd":31,"spe":31}}],"p2team":[{"name":"Cradily","species":"Cradily","item":"leftovers","ability":"Storm Drain","moves":["rockslide","stockpile","recover","stealthrock"],"nature":"Careful","evs":{"hp":252,"atk":4,"def":0,"spa":0,"spd":252,"spe":0},"ivs":{"hp":31,"atk":30,"def":31,"spa":30,"spd":31,"spe":30}},{"name":"Ferrothorn","species":"Ferrothorn","item":"rockyhelmet","ability":"Iron Barbs","moves":["curse","gyroball","leechseed","thunderwave"],"nature":"Relaxed","evs":{"hp":252,"atk":0,"def":120,"spa":0,"spd":136,"spe":0},"ivs":{"hp":31,"atk":31,"def":31,"spa":31,"spd":31,"spe":0}},{"name":"Rotom-Mow","species":"Rotom-Mow","item":"weaknesspolicy","ability":"Levitate","moves":["thunderbolt","willowisp","rest","sleeptalk"],"nature":"Calm","evs":{"hp":248,"atk":0,"def":8,"spa":0,"spd":252,"spe":0},"ivs":{"hp":31,"atk":31,"def":31,"spa":31,"spd":31,"spe":31}},{"name":"Venusaur","species":"Venusaur","item":"venusaurite","ability":"Overgrow","moves":["earthquake","petalblizzard","synthesis","curse"],"nature":"Adamant","evs":{"hp":248,"atk":252,"def":0,"spa":0,"spd":8,"spe":0},"ivs":{"hp":31,"atk":31,"def":31,"spa":31,"spd":31,"spe":31}},{"name":"Celebi","species":"Celebi","item":"choicescarf","ability":"Natural Cure","moves":["psychic","dazzlinggleam","ancientpower","earthpower"],"nature":"Timid","evs":{"hp":4,"atk":0,"def":0,"spa":252,"spd":0,"spe":252},"ivs":{"hp":31,"atk":31,"def":31,"spa":31,"spd":31,"spe":31}},{"name":"Serperior","species":"Serperior","item":"lifeorb","ability":"Contrary","moves":["leafblade","knockoff","aquatail","pursuit"],"nature":"Jolly","evs":{"hp":0,"atk":252,"def":0,"spa":0,"spd":4,"spe":252},"ivs":{"hp":31,"atk":31,"def":30,"spa":31,"spd":30,"spe":30}}],"log":["|player|p1|Guard Wanderer|235","|player|p2|V Photon|66","|gametype|singles","|gen|6","|tier|Monotype","|rated","|rule|Baton Pass Clause: Limit one Baton Passer, can't pass Spe and other stats simultaneously","|rule|Swagger Clause: Swagger is banned","|rule|Same Type Clause: Pokémon in a team must share a type","|clearpoke","|poke|p1|Weezing, M","|poke|p1|Tentacruel, M","|poke|p1|Skuntank, F","|poke|p1|Crobat, F","|poke|p1|Gengar, F","|poke|p1|Amoonguss, F, shiny","|poke|p2|Cradily, M","|poke|p2|Ferrothorn, F","|poke|p2|Rotom-Mow","|poke|p2|Venusaur, F","|poke|p2|Celebi","|poke|p2|Serperior, F","|rule|Sleep Clause Mod: Limit one foe put to sleep","|rule|Species Clause: Limit one of each Pokémon","|rule|OHKO Clause: OHKO moves are banned","|rule|Moody Clause: Moody is banned","|rule|Evasion Moves Clause: Evasion moves are banned","|rule|Endless Battle Clause: Forcing endless battles is banned","|rule|HP Percentage Mod: HP is shown in percentages","|teampreview","|","|start","|switch|p1a: Weezing|Weezing, M|333/333","|switch|p2a: Ferrothorn|Ferrothorn, F|352/352","|turn|1","|","|switch|p2a: Celebi|Celebi|342/342","|move|p1a: Weezing|Will-O-Wisp|p2a: Celebi","|-status|p2a: Celebi|brn","|","|-damage|p2a: Celebi|300/342 brn|[from] brn","|turn|2","|","|switch|p1a: Skuntank|Skuntank, F|409/409","|move|p2a: Celebi|Earth Power|p1a: Skuntank","|-supereffective|p1a: Skuntank","|-damage|p1a: Skuntank|127/409","|","|-damage|p2a: Celebi|258/342 brn|[from] brn","|turn|3","|","|move|p1a: Skuntank|Sucker Punch|p2a: Celebi","|-supereffective|p2a: Celebi","|-damage|p2a: Celebi|16/342 brn","|move|p2a: Celebi|Earth Power|p1a: Skuntank","|-supereffective|p1a: Skuntank","|-damage|p1a: Skuntank|0 fnt","|faint|p1a: Skuntank","|","|-damage|p2a: Celebi|0 fnt|[from] brn","|faint|p2a: Celebi","|","|switch|p1a: Tentacruel|Tentacruel, M|301/301","|switch|p2a: Rotom-Mow|Rotom-Mow|303/303","|turn|4","|","|move|p1a: Tentacruel|Acid Spray|p2a: Rotom-Mow","|-supereffective|p2a: Rotom-Mow","|-damage|p2a: Rotom-Mow|235/303","|-enditem|p2a: Rotom-Mow|Weakness Policy","|-boost|p2a: Rotom-Mow|atk|2|[from] item: Weakness Policy","|-boost|p2a: Rotom-Mow|spa|2|[from] item: Weakness Policy","|-unboost|p2a: Rotom-Mow|spd|2","|move|p2a: Rotom-Mow|Thunderbolt|p1a: Tentacruel","|-supereffective|p1a: Tentacruel","|-damage|p1a: Tentacruel|47/301","|","|turn|5","|","|switch|p1a: Amoonguss|Amoonguss, F, shiny|431/431","|switch|p2a: Ferrothorn|Ferrothorn, F|352/352","|","|turn|6","|","|move|p1a: Amoonguss|Gastro Acid|p2a: Ferrothorn","|-endability|p2a: Ferrothorn","|move|p2a: Ferrothorn|Curse|p2a: Ferrothorn","|-unboost|p2a: Ferrothorn|spe|1","|-boost|p2a: Ferrothorn|atk|1","|-boost|p2a: Ferrothorn|def|1","|","|turn|7","|","|switch|p1a: Weezing|Weezing, M|333/333","|move|p2a: Ferrothorn|Curse|p2a: Ferrothorn","|-unboost|p2a: Ferrothorn|spe|1","|-boost|p2a: Ferrothorn|atk|1","|-boost|p2a: Ferrothorn|def|1","|","|turn|8","|","|move|p1a: Weezing|Will-O-Wisp|p2a: Ferrothorn","|-status|p2a: Ferrothorn|brn","|move|p2a: Ferrothorn|Leech Seed|p1a: Weezing","|-start|p1a: Weezing|move: Leech Seed","|","|-damage|p1a: Weezing|292/333|[from] Leech Seed|[of] p2a: Ferrothorn","|-damage|p2a: Ferrothorn|308/352 brn|[from] brn","|turn|9","|","|switch|p1a: Tentacruel|Tentacruel, M|47/301","|switch|p2a: Cradily|Cradily, M|376/376","|","|turn|10","|","|move|p1a: Tentacruel|Acid Spray|p2a: Cradily","|-damage|p2a: Cradily|339/376","|-unboost|p2a: Cradily|spd|2","|move|p2a: Cradily|Stealth Rock|p1a: Tentacruel","|-sidestart|p1: Guard Wanderer|move: Stealth Rock","|","|-heal|p2a: Cradily|362/376|[from] item: Leftovers","|turn|11","|","|move|p1a: Tentacruel|Scald|p2a: Cradily","|-boost|p2a: Cradily|spa|1|[from] ability: Storm Drain","|move|p2a: Cradily|Rock Slide|p1a: Tentacruel","|-damage|p1a: Tentacruel|0 fnt","|faint|p1a: Tentacruel","|","|-heal|p2a: Cradily|376/376|[from] item: Leftovers","|","|switch|p1a: Crobat|Crobat, F|373/373","|-damage|p1a: Crobat|280/373|[from] Stealth Rock","|turn|12","|","|switch|p2a: Ferrothorn|Ferrothorn, F|308/352 brn","|move|p1a: Crobat|Hypnosis|p2a: Ferrothorn","|-fail|p2a: Ferrothorn","|","|-damage|p2a: Ferrothorn|264/352 brn|[from] brn","|turn|13","|","|move|p1a: Crobat|Curse|p1a: Crobat","|-unboost|p1a: Crobat|spe|1","|-boost|p1a: Crobat|atk|1","|-boost|p1a: Crobat|def|1","|-enditem|p1a: Crobat|White Herb","|-restoreboost|p1a: Crobat|[silent]","|move|p2a: Ferrothorn|Gyro Ball|p1a: Crobat","|-damage|p1a: Crobat|214/373","|","|-damage|p2a: Ferrothorn|220/352 brn|[from] brn","|turn|14","|","|move|p1a: Crobat|Curse|p1a: Crobat","|-unboost|p1a: Crobat|spe|1","|-boost|p1a: Crobat|atk|1","|-boost|p1a: Crobat|def|1","|move|p2a: Ferrothorn|Leech Seed|p1a: Crobat","|-start|p1a: Crobat|move: Leech Seed","|","|-damage|p1a: Crobat|168/373|[from] Leech Seed|[of] p2a: Ferrothorn","|-heal|p2a: Ferrothorn|266/352 brn|[silent]","|-damage|p2a: Ferrothorn|222/352 brn|[from] brn","|turn|15","|","|move|p1a: Crobat|Roost|p1a: Crobat","|-heal|p1a: Crobat|355/373","|move|p2a: Ferrothorn|Curse|p2a: Ferrothorn","|-unboost|p2a: Ferrothorn|spe|1","|-boost|p2a: Ferrothorn|atk|1","|-boost|p2a: Ferrothorn|def|1","|","|-damage|p1a: Crobat|309/373|[from] Leech Seed|[of] p2a: Ferrothorn","|-heal|p2a: Ferrothorn|268/352 brn|[silent]","|-damage|p2a: Ferrothorn|224/352 brn|[from] brn","|turn|16","|","|move|p1a: Crobat|Curse|p1a: Crobat","|-unboost|p1a: Crobat|spe|1","|-boost|p1a: Crobat|atk|1","|-boost|p1a: Crobat|def|1","|move|p2a: Ferrothorn|Curse|p2a: Ferrothorn","|-unboost|p2a: Ferrothorn|spe|1","|-boost|p2a: Ferrothorn|atk|1","|-boost|p2a: Ferrothorn|def|1","|","|-damage|p1a: Crobat|263/373|[from] Leech Seed|[of] p2a: Ferrothorn","|-heal|p2a: Ferrothorn|270/352 brn|[silent]","|-damage|p2a: Ferrothorn|226/352 brn|[from] brn","|turn|17","|","|move|p1a: Crobat|Acrobatics|p2a: Ferrothorn","|-damage|p2a: Ferrothorn|135/352 brn","|-damage|p1a: Crobat|217/373|[from] ability: Iron Barbs|[of] p2a: Ferrothorn","|-damage|p1a: Crobat|155/373|[from] item: Rocky Helmet|[of] p2a: Ferrothorn","|move|p2a: Ferrothorn|Curse|p2a: Ferrothorn","|-unboost|p2a: Ferrothorn|spe|1","|-boost|p2a: Ferrothorn|atk|1","|-boost|p2a: Ferrothorn|def|1","|","|-damage|p1a: Crobat|109/373|[from] Leech Seed|[of] p2a: Ferrothorn","|-heal|p2a: Ferrothorn|181/352 brn|[silent]","|-damage|p2a: Ferrothorn|137/352 brn|[from] brn","|turn|18","|","|move|p1a: Crobat|Roost|p1a: Crobat","|-heal|p1a: Crobat|296/373","|move|p2a: Ferrothorn|Curse|p2a: Ferrothorn","|-unboost|p2a: Ferrothorn|spe|1","|-boost|p2a: Ferrothorn|atk|1","|-boost|p2a: Ferrothorn|def|1","|","|-damage|p1a: Crobat|250/373|[from] Leech Seed|[of] p2a: Ferrothorn","|-heal|p2a: Ferrothorn|183/352 brn|[silent]","|-damage|p2a: Ferrothorn|139/352 brn|[from] brn","|turn|19","|","|move|p1a: Crobat|Curse|p1a: Crobat","|-unboost|p1a: Crobat|spe|1","|-boost|p1a: Crobat|atk|1","|-boost|p1a: Crobat|def|1","|move|p2a: Ferrothorn|Curse|p2a: Ferrothorn","|-unboost|p2a: Ferrothorn|spe|1","|-boost|p2a: Ferrothorn|atk|1","|-boost|p2a: Ferrothorn|def|1","|","|-damage|p1a: Crobat|204/373|[from] Leech Seed|[of] p2a: Ferrothorn","|-heal|p2a: Ferrothorn|185/352 brn|[silent]","|-damage|p2a: Ferrothorn|141/352 brn|[from] brn","|turn|20","|","|move|p1a: Crobat|Roost|p1a: Crobat","|-heal|p1a: Crobat|373/373","|move|p2a: Ferrothorn|Curse|p2a: Ferrothorn","|-unboost|p2a: Ferrothorn|spe|1","|-boost|p2a: Ferrothorn|atk|1","|-boost|p2a: Ferrothorn|def|1","|","|-damage|p1a: Crobat|327/373|[from] Leech Seed|[of] p2a: Ferrothorn","|-heal|p2a: Ferrothorn|187/352 brn|[silent]","|-damage|p2a: Ferrothorn|143/352 brn|[from] brn","|turn|21","|","|move|p1a: Crobat|Acrobatics|p2a: Ferrothorn","|-damage|p2a: Ferrothorn|79/352 brn","|-damage|p1a: Crobat|281/373|[from] ability: Iron Barbs|[of] p2a: Ferrothorn","|-damage|p1a: Crobat|219/373|[from] item: Rocky Helmet|[of] p2a: Ferrothorn","|move|p2a: Ferrothorn|Gyro Ball|p1a: Crobat","|-damage|p1a: Crobat|95/373","|","|-damage|p1a: Crobat|49/373|[from] Leech Seed|[of] p2a: Ferrothorn","|-heal|p2a: Ferrothorn|125/352 brn|[silent]","|-damage|p2a: Ferrothorn|81/352 brn|[from] brn","|turn|22","|","|move|p1a: Crobat|Roost|p1a: Crobat","|-heal|p1a: Crobat|236/373","|move|p2a: Ferrothorn|Gyro Ball|p1a: Crobat","|-damage|p1a: Crobat|103/373","|","|-damage|p1a: Crobat|57/373|[from] Leech Seed|[of] p2a: Ferrothorn","|-heal|p2a: Ferrothorn|127/352 brn|[silent]","|-damage|p2a: Ferrothorn|83/352 brn|[from] brn","|turn|23","|","|move|p1a: Crobat|Roost|p1a: Crobat","|-heal|p1a: Crobat|244/373","|move|p2a: Ferrothorn|Gyro Ball|p1a: Crobat","|-damage|p1a: Crobat|121/373","|","|-damage|p1a: Crobat|75/373|[from] Leech Seed|[of] p2a: Ferrothorn","|-heal|p2a: Ferrothorn|129/352 brn|[silent]","|-damage|p2a: Ferrothorn|85/352 brn|[from] brn","|turn|24","|","|move|p1a: Crobat|Roost|p1a: Crobat","|-heal|p1a: Crobat|262/373","|move|p2a: Ferrothorn|Gyro Ball|p1a: Crobat","|-damage|p1a: Crobat|132/373","|","|-damage|p1a: Crobat|86/373|[from] Leech Seed|[of] p2a: Ferrothorn","|-heal|p2a: Ferrothorn|131/352 brn|[silent]","|-damage|p2a: Ferrothorn|87/352 brn|[from] brn","|turn|25","|","|move|p1a: Crobat|Roost|p1a: Crobat","|-heal|p1a: Crobat|273/373","|move|p2a: Ferrothorn|Gyro Ball|p1a: Crobat","|-damage|p1a: Crobat|129/373","|","|-damage|p1a: Crobat|83/373|[from] Leech Seed|[of] p2a: Ferrothorn","|-heal|p2a: Ferrothorn|133/352 brn|[silent]","|-damage|p2a: Ferrothorn|89/352 brn|[from] brn","|turn|26","|","|switch|p2a: Rotom-Mow|Rotom-Mow|235/303","|move|p1a: Crobat|Roost|p1a: Crobat","|-heal|p1a: Crobat|270/373","|","|-damage|p1a: Crobat|224/373|[from] Leech Seed|[of] p2a: Rotom-Mow","|-heal|p2a: Rotom-Mow|281/303|[silent]","|turn|27","|","|switch|p1a: Amoonguss|Amoonguss, F, shiny|431/431","|-damage|p1a: Amoonguss|378/431|[from] Stealth Rock","|move|p2a: Rotom-Mow|Thunderbolt|p1a: Amoonguss","|-resisted|p1a: Amoonguss","|-damage|p1a: Amoonguss|333/431","|","|-heal|p1a: Amoonguss|359/431|[from] item: Black Sludge","|turn|28","|","|switch|p2a: Ferrothorn|Ferrothorn, F|89/352 brn","|move|p1a: Amoonguss|Gastro Acid|p2a: Ferrothorn","|-endability|p2a: Ferrothorn","|","|-heal|p1a: Amoonguss|385/431|[from] item: Black Sludge","|-damage|p2a: Ferrothorn|45/352 brn|[from] brn","|turn|29","|","|move|p1a: Amoonguss|Giga Drain|p2a: Ferrothorn","|-resisted|p2a: Ferrothorn","|-damage|p2a: Ferrothorn|30/352 brn","|-heal|p1a: Amoonguss|393/431|[from] drain|[of] p2a: Ferrothorn","|move|p2a: Ferrothorn|Gyro Ball|p1a: Amoonguss","|-damage|p1a: Amoonguss|349/431","|","|-heal|p1a: Amoonguss|375/431|[from] item: Black Sludge","|-damage|p2a: Ferrothorn|0 fnt|[from] brn","|faint|p2a: Ferrothorn","|","|switch|p2a: Venusaur|Venusaur, F|363/363","|turn|30","|","|detailschange|p2a: Venusaur|Venusaur-Mega, F","|-mega|p2a: Venusaur|Venusaur|Venusaurite","|move|p2a: Venusaur|Curse|p2a: Venusaur","|-unboost|p2a: Venusaur|spe|1","|-boost|p2a: Venusaur|atk|1","|-boost|p2a: Venusaur|def|1","|move|p1a: Amoonguss|Stun Spore|p2a: Venusaur|[miss]","|-miss|p1a: Amoonguss|p2a: Venusaur","|","|-heal|p1a: Amoonguss|401/431|[from] item: Black Sludge","|turn|31","|","|switch|p1a: Weezing|Weezing, M|292/333","|-damage|p1a: Weezing|251/333|[from] Stealth Rock","|move|p2a: Venusaur|Curse|p2a: Venusaur","|-unboost|p2a: Venusaur|spe|1","|-boost|p2a: Venusaur|atk|1","|-boost|p2a: Venusaur|def|1","|","|turn|32","|","|switch|p2a: Rotom-Mow|Rotom-Mow|281/303","|move|p1a: Weezing|Will-O-Wisp|p2a: Rotom-Mow","|-status|p2a: Rotom-Mow|brn","|","|-damage|p2a: Rotom-Mow|244/303 brn|[from] brn","|turn|33","|","|move|p2a: Rotom-Mow|Will-O-Wisp|p1a: Weezing|[miss]","|-miss|p2a: Rotom-Mow|p1a: Weezing","|move|p1a: Weezing|Toxic Spikes|p2a: Rotom-Mow","|-sidestart|p2: V Photon|move: Toxic Spikes","|","|-damage|p2a: Rotom-Mow|207/303 brn|[from] brn","|turn|34","|","|move|p2a: Rotom-Mow|Thunderbolt|p1a: Weezing","|-damage|p1a: Weezing|148/333","|-enditem|p1a: Weezing|Sitrus Berry|[eat]","|-heal|p1a: Weezing|231/333|[from] item: Sitrus Berry","|move|p1a: Weezing|Toxic Spikes|p2a: Rotom-Mow","|-sidestart|p2: V Photon|move: Toxic Spikes","|","|-damage|p2a: Rotom-Mow|170/303 brn|[from] brn","|turn|35","|","|move|p2a: Rotom-Mow|Thunderbolt|p1a: Weezing","|-damage|p1a: Weezing|125/333","|move|p1a: Weezing|Will-O-Wisp|p2a: Rotom-Mow","|-fail|p2a: Rotom-Mow|brn","|","|-damage|p2a: Rotom-Mow|133/303 brn|[from] brn","|turn|36","|","|switch|p1a: Amoonguss|Amoonguss, F, shiny|431/431","|-damage|p1a: Amoonguss|378/431|[from] Stealth Rock","|move|p2a: Rotom-Mow|Rest|p2a: Rotom-Mow","|-status|p2a: Rotom-Mow|slp","|-heal|p2a: Rotom-Mow|303/303 slp|[silent]","|-status|p2a: Rotom-Mow|slp|[from] move: Rest","|","|-heal|p1a: Amoonguss|404/431|[from] item: Black Sludge","|turn|37","|","|switch|p2a: Venusaur|Venusaur-Mega, F|363/363","|-sideend|p2: V Photon|move: Toxic Spikes|[of] p2a: Venusaur","|switch|p1a: Gengar|Gengar, F|261/261","|-damage|p1a: Gengar|229/261|[from] Stealth Rock","|","|turn|38","|","|switch|p1a: Crobat|Crobat, F|224/373","|-damage|p1a: Crobat|131/373|[from] Stealth Rock","|switch|p2a: Cradily|Cradily, M|376/376","|","|turn|39","|","|switch|p2a: Rotom-Mow|Rotom-Mow|303/303 slp","|move|p1a: Crobat|Roost|p1a: Crobat","|-heal|p1a: Crobat|318/373","|","|turn|40","|","|move|p1a: Crobat|Acrobatics|p2a: Rotom-Mow","|-damage|p2a: Rotom-Mow|201/303 slp","|cant|p2a: Rotom-Mow|slp","|move|p2a: Rotom-Mow|Sleep Talk|p2a: Rotom-Mow","|move|p2a: Rotom-Mow|Rest|p2a: Rotom-Mow|[from]Sleep Talk","|-fail|p2a: Rotom-Mow","|","|turn|41","|","|move|p1a: Crobat|Acrobatics|p2a: Rotom-Mow","|-damage|p2a: Rotom-Mow|83/303 slp","|cant|p2a: Rotom-Mow|slp","|move|p2a: Rotom-Mow|Sleep Talk|p2a: Rotom-Mow","|move|p2a: Rotom-Mow|Thunderbolt|p1a: Crobat|[from]Sleep Talk","|-supereffective|p1a: Crobat","|-damage|p1a: Crobat|48/373","|","|turn|42","|","|move|p1a: Crobat|Acrobatics|p2a: Rotom-Mow","|-damage|p2a: Rotom-Mow|0 fnt","|faint|p2a: Rotom-Mow","|","|","|switch|p2a: Serperior|Serperior, F|291/291","|turn|43","|","|switch|p2a: Cradily|Cradily, M|376/376","|move|p1a: Crobat|Acrobatics|p2a: Cradily","|-damage|p2a: Cradily|253/376","|","|-heal|p2a: Cradily|276/376|[from] item: Leftovers","|turn|44","|","|move|p1a: Crobat|Roost|p1a: Crobat","|-heal|p1a: Crobat|235/373","|move|p2a: Cradily|Rock Slide|p1a: Crobat","|-damage|p1a: Crobat|153/373","|","|-heal|p2a: Cradily|299/376|[from] item: Leftovers","|turn|45","|","|move|p1a: Crobat|Roost|p1a: Crobat","|-heal|p1a: Crobat|340/373","|move|p2a: Cradily|Stockpile|p2a: Cradily","|-start|p2a: Cradily|stockpile1","|-boost|p2a: Cradily|def|1","|-boost|p2a: Cradily|spd|1","|","|-heal|p2a: Cradily|322/376|[from] item: Leftovers","|turn|46","|","|move|p1a: Crobat|Hypnosis|p2a: Cradily|[miss]","|-miss|p1a: Crobat|p2a: Cradily","|move|p2a: Cradily|Stockpile|p2a: Cradily","|-start|p2a: Cradily|stockpile2","|-boost|p2a: Cradily|def|1","|-boost|p2a: Cradily|spd|1","|","|-heal|p2a: Cradily|345/376|[from] item: Leftovers","|turn|47","|","|win|Guard Wanderer"],"p1rating":{"entryid":"9966","serverid":"eos","formatid":"monotype","userid":"guardwanderer","username":"Guard Wanderer","w":5,"l":"4","t":"0","gxe":52,"r":"1524.6959176714","rd":"96.345686616013","sigma":"0","rptime":"1440147600","rpr":1515.825333192,"rprd":90.780412355452,"rpsigma":"0","acre":1099.1649982791,"lacre":1099.1649982791,"oldacre":"1076.8992799227"},"p2rating":{"entryid":"24749","serverid":"eos","formatid":"monotype","userid":"vphoton","username":"V Photon - ⓈⓁⒺⒺⓅ","w":"1","l":7,"t":"0","gxe":32.3,"r":"1387.6796431438","rd":"99.090411881736","sigma":"0","rptime":"1440147600","rpr":1355.9239025717,"rprd":93.282947122814,"rpsigma":"0","acre":1000,"lacre":1000,"oldacre":"1000"},"endType":"forfeit"}