{"seed":[5463,28507,29806,48826],"turns":31,"p1":"Void KGBeast","p2":"SL~Kingdra","p1team":[{"name":"Terrakion","species":"Terrakion","item":"choicescarf","ability":"Justified","moves":["closecombat","stoneedge","earthquake","ironhead"],"nature":"Adamant","evs":{"hp":0,"atk":252,"def":4,"spa":0,"spd":0,"spe":252},"ivs":{"hp":31,"atk":31,"def":31,"spa":31,"spd":31,"spe":31}},{"name":"Breloom","species":"Breloom","item":"lifeorb","ability":"Technician","moves":["spore","swordsdance","machpunch","bulletseed"],"nature":"Jolly","evs":{"hp":0,"atk":252,"def":4,"spa":0,"spd":0,"spe":252},"ivs":{"hp":31,"atk":31,"def":31,"spa":31,"spd":31,"spe":31}},{"name":"Medicham","species":"Medicham","item":"medichamite","ability":"Pure Power","moves":["fakeout","highjumpkick","psychocut","icepunch"],"nature":"Adamant","evs":{"hp":0,"atk":252,"def":4,"spa":0,"spd":0,"spe":252},"ivs":{"hp":31,"atk":31,"def":31,"spa":31,"spd":31,"spe":31}},{"name":"Keldeo-Resolute","species":"Keldeo-Resolute","item":"leftovers","ability":"Justified","moves":["calmmind","substitute","scald","secretsword"],"nature":"Timid","evs":{"hp":0,"atk":0,"def":4,"spa":252,"spd":0,"spe":252},"ivs":{"hp":31,"atk":0,"def":31,"spa":31,"spd":31,"spe":31}},{"name":"Cobalion","species":"Cobalion","item":"leftovers","ability":"Justified","moves":["stealthrock","ironhead","roar","thunderwave"],"nature":"Impish","evs":{"hp":252,"atk":0,"def":220,"spa":0,"spd":32,"spe":4},"ivs":{"hp":31,"atk":31,"def":31,"spa":31,"spd":31,"spe":31}},{"name":"Heracross","species":"Heracross","item":"choiceband","ability":"Guts","moves":["closecombat","stoneedge","knockoff","megahorn"],"nature":"Adamant","evs":{"hp":0,"atk":252,"def":4,"spa":0,"spd":0,"spe":252},"ivs":{"hp":31,"atk":31,"def":31,"spa":31,"spd":31,"spe":31}}],"p2team":[{"name":"Azumarill","species":"Azumarill","item":"sitrusberry","ability":"Huge Power","moves":["bellydrum","aquajet","playrough","knockoff"],"nature":"Adamant","evs":{"hp":128,"atk":252,"def":0,"spa":0,"spd":0,"spe":128},"ivs":{"hp":31,"atk":31,"def":31,"spa":31,"spd":31,"spe":31}},{"name":"Rotom-Wash","species":"Rotom-Wash","item":"leftovers","ability":"Levitate","moves":["voltswitch","hydropump","willowisp","painsplit"],"nature":"Bold","evs":{"hp":252,"atk":0,"def":252,"spa":0,"spd":0,"spe":4},"ivs":{"hp":31,"atk":31,"def":31,"spa":31,"spd":31,"spe":31}},{"name":"Gyarados","species":"Gyarados","item":"choicescarf","ability":"Moxie","moves":["waterfall","bounce","crunch","icefang"],"nature":"Adamant","evs":{"hp":4,"atk":252,"def":0,"spa":0,"spd":0,"spe":252},"ivs":{"hp":31,"atk":31,"def":31,"spa":31,"spd":31,"spe":31}},{"name":"Slowbro","species":"Slowbro","item":"leftovers","ability":"Oblivious","moves":["irondefense","calmmind","scald","slackoff"],"nature":"Calm","evs":{"hp":252,"atk":0,"def":4,"spa":0,"spd":252,"spe":0},"ivs":{"hp":31,"atk":31,"def":31,"spa":31,"spd":31,"spe":31}},{"name":"Cloyster","species":"Cloyster","item":"focussash","ability":"Skill Link","moves":["shellsmash","iciclespear","rockblast","iceshard"],"nature":"Serious","evs":{"hp":0,"atk":252,"def":4,"spa":0,"spd":0,"spe":252},"ivs":{"hp":31,"atk":31,"def":31,"spa":31,"spd":31,"spe":31}},{"name":"Swampert","species":"Swampert","item":"swampertite","ability":"Damp","moves":["raindance","waterfall","earthquake","icepunch"],"nature":"Adamant","evs":{"hp":0,"atk":252,"def":0,"spa":0,"spd":4,"spe":252},"ivs":{"hp":31,"atk":31,"def":31,"spa":31,"spd":31,"spe":31}}],"log":["|player|p1|Void KGBeast|voidkgbeast.png","|player|p2|SL~Kingdra|99","|gametype|singles","|gen|6","|tier|Monotype","|rated","|rule|Baton Pass Clause: Limit one Baton Passer, can't pass Spe and other stats simultaneously","|rule|Swagger Clause: Swagger is banned","|rule|Same Type Clause: Pokémon in a team must share a type","|clearpoke","|poke|p1|Terrakion","|poke|p1|Breloom, F","|poke|p1|Medicham, F","|poke|p1|Keldeo-Resolute","|poke|p1|Cobalion","|poke|p1|Heracross, F","|poke|p2|Azumarill, M","|poke|p2|Rotom-Wash","|poke|p2|Gyarados, M","|poke|p2|Slowbro, M","|poke|p2|Cloyster, M","|poke|p2|Swampert, M","|rule|Sleep Clause Mod: Limit one foe put to sleep","|rule|Species Clause: Limit one of each Pokémon","|rule|OHKO Clause: OHKO moves are banned","|rule|Moody Clause: Moody is banned","|rule|Evasion Moves Clause: Evasion moves are banned","|rule|Endless Battle Clause: Forcing endless battles is banned","|rule|HP Percentage Mod: HP is shown in percentages","|teampreview","|","|start","|switch|p1a: Medicham|Medicham, F|261/261","|switch|p2a: Cloyster|Cloyster, M|241/241","|turn|1","|","|switch|p1a: Heracross|Heracross, F|301/301","|switch|p2a: Rotom-Wash|Rotom-Wash|304/304","|","|turn|2","|","|move|p1a: Heracross|Knock Off|p2a: Rotom-Wash","|-damage|p2a: Rotom-Wash|180/304","|-enditem|p2a: Rotom-Wash|Leftovers|[from] move: Knock Off|[of] p1a: Heracross","|move|p2a: Rotom-Wash|Will-O-Wisp|p1a: Heracross","|-status|p1a: Heracross|brn","|","|-damage|p1a: Heracross|264/301 brn|[from] brn","|turn|3","|","|switch|p1a: Keldeo-Resolute|Keldeo-Resolute|323/323","|move|p2a: Rotom-Wash|Pain Split|p1a: Keldeo-Resolute","|-sethp|p1a: Keldeo-Resolute|251/323|p2a: Rotom-Wash|251/304|[from] move: Pain Split","|","|-heal|p1a: Keldeo-Resolute|271/323|[from] item: Leftovers","|turn|4","|","|move|p1a: Keldeo-Resolute|Substitute|p1a: Keldeo-Resolute","|-start|p1a: Keldeo-Resolute|Substitute","|-damage|p1a: Keldeo-Resolute|191/323","|move|p2a: Rotom-Wash|Volt Switch|p1a: Keldeo-Resolute","|-supereffective|p1a: Keldeo-Resolute","|-end|p1a: Keldeo-Resolute|Substitute","|","|switch|p2a: Cloyster|Cloyster, M|241/241","|","|-heal|p1a: Keldeo-Resolute|211/323|[from] item: Leftovers","|turn|5","|","|move|p1a: Keldeo-Resolute|Secret Sword|p2a: Cloyster","|-supereffective|p2a: Cloyster","|-damage|p2a: Cloyster|73/241","|move|p2a: Cloyster|Shell Smash|p2a: Cloyster","|-unboost|p2a: Cloyster|def|1","|-unboost|p2a: Cloyster|spd|1","|-boost|p2a: Cloyster|atk|2","|-boost|p2a: Cloyster|spa|2","|-boost|p2a: Cloyster|spe|2","|","|-heal|p1a: Keldeo-Resolute|231/323|[from] item: Leftovers","|turn|6","|","|move|p2a: Cloyster|Rock Blast|p1a: Keldeo-Resolute","|-resisted|p1a: Keldeo-Resolute","|-damage|p1a: Keldeo-Resolute|206/323","|-resisted|p1a: Keldeo-Resolute","|-damage|p1a: Keldeo-Resolute|181/323","|-resisted|p1a: Keldeo-Resolute","|-damage|p1a: Keldeo-Resolute|153/323","|-resisted|p1a: Keldeo-Resolute","|-damage|p1a: Keldeo-Resolute|126/323","|-resisted|p1a: Keldeo-Resolute","|-damage|p1a: Keldeo-Resolute|101/323","|-hitcount|p1a: Keldeo-Resolute|5","|move|p1a: Keldeo-Resolute|Secret Sword|p2a: Cloyster","|-crit|p2a: Cloyster","|-supereffective|p2a: Cloyster","|-damage|p2a: Cloyster|0 fnt","|faint|p2a: Cloyster","|","|-heal|p1a: Keldeo-Resolute|121/323|[from] item: Leftovers","|","|switch|p2a: Gyarados|Gyarados, M|332/332","|turn|7","|","|switch|p1a: Cobalion|Cobalion|386/386","|move|p2a: Gyarados|Bounce|p1a: Cobalion|[still]","|-prepare|p2a: Gyarados|Bounce|p1a: Cobalion","|","|turn|8","|","|move|p2a: Gyarados|Bounce|p1a: Cobalion|[from]lockedmove","|-damage|p1a: Cobalion|292/386","|-status|p1a: Cobalion|par","|move|p1a: Cobalion|Stealth Rock|p2a: Gyarados","|-sidestart|p2: SL~Kingdra|move: Stealth Rock","|","|-heal|p1a: Cobalion|316/386 par|[from] item: Leftovers","|turn|9","|","|switch|p2a: Slowbro|Slowbro, M|394/394","|-damage|p2a: Slowbro|345/394|[from] Stealth Rock","|move|p1a: Cobalion|Thunder Wave|p2a: Slowbro","|-status|p2a: Slowbro|par","|","|-heal|p1a: Cobalion|340/386 par|[from] item: Leftovers","|-heal|p2a: Slowbro|369/394 par|[from] item: Leftovers","|turn|10","|","|switch|p1a: Heracross|Heracross, F|264/301 brn","|move|p2a: Slowbro|Iron Defense|p2a: Slowbro","|-boost|p2a: Slowbro|def|2","|","|-heal|p2a: Slowbro|393/394 par|[from] item: Leftovers","|-damage|p1a: Heracross|227/301 brn|[from] brn","|turn|11","|","|move|p1a: Heracross|Knock Off|p2a: Slowbro","|-supereffective|p2a: Slowbro","|-damage|p2a: Slowbro|151/394 par","|-enditem|p2a: Slowbro|Leftovers|[from] move: Knock Off|[of] p1a: Heracross","|cant|p2a: Slowbro|par","|","|-damage|p1a: Heracross|190/301 brn|[from] brn","|turn|12","|","|move|p1a: Heracross|Knock Off|p2a: Slowbro","|-supereffective|p2a: Slowbro","|-damage|p2a: Slowbro|0 fnt","|faint|p2a: Slowbro","|","|-damage|p1a: Heracross|153/301 brn|[from] brn","|","|switch|p2a: Azumarill|Azumarill, M|373/373","|-damage|p2a: Azumarill|327/373|[from] Stealth Rock","|turn|13","|","|move|p1a: Heracross|Knock Off|p2a: Azumarill","|-resisted|p2a: Azumarill","|-damage|p2a: Azumarill|162/373","|-enditem|p2a: Azumarill|Sitrus Berry|[from] move: Knock Off|[of] p1a: Heracross","|move|p2a: Azumarill|Belly Drum|p2a: Azumarill","|-fail|p2a: Azumarill","|","|-damage|p1a: Heracross|116/301 brn|[from] brn","|turn|14","|","|move|p2a: Azumarill|Aqua Jet|p1a: Heracross","|-damage|p1a: Heracross|0 fnt","|faint|p1a: Heracross","|","|","|switch|p1a: Breloom|Breloom, F|261/261","|turn|15","|","|move|p1a: Breloom|Spore|p2a: Azumarill","|-status|p2a: Azumarill|slp","|cant|p2a: Azumarill|slp","|","|turn|16","|","|switch|p2a: Rotom-Wash|Rotom-Wash|251/304","|-damage|p2a: Rotom-Wash|213/304|[from] Stealth Rock","|move|p1a: Breloom|Swords Dance|p1a: Breloom","|-boost|p1a: Breloom|atk|2","|","|turn|17","|","|move|p1a: Breloom|Bullet Seed|p2a: Rotom-Wash","|-supereffective|p2a: Rotom-Wash","|-damage|p2a: Rotom-Wash|0 fnt","|-hitcount|p2a: Rotom-Wash|1","|-damage|p1a: Breloom|235/261|[from] item: Life Orb","|faint|p2a: Rotom-Wash","|","|","|switch|p2a: Gyarados|Gyarados, M|332/332","|-damage|p2a: Gyarados|249/332|[from] Stealth Rock","|turn|18","|","|move|p2a: Gyarados|Bounce|p1a: Breloom|[still]","|-prepare|p2a: Gyarados|Bounce|p1a: Breloom","|move|p1a: Breloom|Bullet Seed|p2a: Gyarados|[miss]","|-miss|p1a: Breloom|p2a: Gyarados","|","|turn|19","|","|switch|p1a: Cobalion|Cobalion|340/386 par","|move|p2a: Gyarados|Bounce|p1a: Cobalion|[from]lockedmove","|-damage|p1a: Cobalion|244/386 par","|","|-heal|p1a: Cobalion|268/386 par|[from] item: Leftovers","|turn|20","|","|switch|p2a: Swampert|Swampert, M|341/341","|-damage|p2a: Swampert|320/341|[from] Stealth Rock","|switch|p1a: Breloom|Breloom, F|235/261","|","|turn|21","|","|detailschange|p2a: Swampert|Swampert-Mega, M","|-mega|p2a: Swampert|Swampert|Swampertite","|move|p1a: Breloom|Bullet Seed|p2a: Swampert","|-supereffective|p2a: Swampert","|-damage|p2a: Swampert|0 fnt","|-hitcount|p2a: Swampert|1","|-damage|p1a: Breloom|209/261|[from] item: Life Orb","|faint|p2a: Swampert","|","|","|switch|p2a: Gyarados|Gyarados, M|249/332","|-damage|p2a: Gyarados|166/332|[from] Stealth Rock","|turn|22","|","|move|p2a: Gyarados|Bounce|p1a: Breloom|[still]","|-prepare|p2a: Gyarados|Bounce|p1a: Breloom","|move|p1a: Breloom|Bullet Seed|p2a: Gyarados|[miss]","|-miss|p1a: Breloom|p2a: Gyarados","|","|turn|23","|","|switch|p1a: Cobalion|Cobalion|268/386 par","|move|p2a: Gyarados|Bounce|p1a: Cobalion|[from]lockedmove|[miss]","|-miss|p2a: Gyarados|p1a: Cobalion","|","|-heal|p1a: Cobalion|292/386 par|[from] item: Leftovers","|turn|24","|","|move|p2a: Gyarados|Bounce|p1a: Cobalion|[still]","|-prepare|p2a: Gyarados|Bounce|p1a: Cobalion","|move|p1a: Cobalion|Roar|p2a: Gyarados|[miss]","|-miss|p1a: Cobalion|p2a: Gyarados","|","|-heal|p1a: Cobalion|316/386 par|[from] item: Leftovers","|turn|25","|","|move|p2a: Gyarados|Bounce|p1a: Cobalion|[from]lockedmove|[miss]","|-miss|p2a: Gyarados|p1a: Cobalion","|cant|p1a: Cobalion|par","|","|-heal|p1a: Cobalion|340/386 par|[from] item: Leftovers","|turn|26","|","|move|p2a: Gyarados|Bounce|p1a: Cobalion|[still]","|-prepare|p2a: Gyarados|Bounce|p1a: Cobalion","|cant|p1a: Cobalion|par","|","|-heal|p1a: Cobalion|364/386 par|[from] item: Leftovers","|turn|27","|","|move|p2a: Gyarados|Bounce|p1a: Cobalion|[from]lockedmove|[miss]","|-miss|p2a: Gyarados|p1a: Cobalion","|move|p1a: Cobalion|Roar|p2a: Gyarados","|drag|p2a: Azumarill|Azumarill, M|162/373 slp","|-damage|p2a: Azumarill|116/373 slp|[from] Stealth Rock","|","|-heal|p1a: Cobalion|386/386 par|[from] item: Leftovers","|turn|28","|","|switch|p1a: Breloom|Breloom, F|209/261","|-curestatus|p2a: Azumarill|slp","|move|p2a: Azumarill|Play Rough|p1a: Breloom","|-supereffective|p1a: Breloom","|-damage|p1a: Breloom|0 fnt","|faint|p1a: Breloom","|","|","|switch|p1a: Cobalion|Cobalion|386/386 par","|turn|29","|","|move|p2a: Azumarill|Knock Off|p1a: Cobalion","|-resisted|p1a: Cobalion","|-damage|p1a: Cobalion|341/386 par","|-boost|p1a: Cobalion|atk|1|[from] ability: Justified","|-enditem|p1a: Cobalion|Leftovers|[from] move: Knock Off|[of] p2a: Azumarill","|move|p1a: Cobalion|Iron Head|p2a: Azumarill","|-damage|p2a: Azumarill|0 fnt","|faint|p2a: Azumarill","|","|","|switch|p2a: Gyarados|Gyarados, M|166/332","|-damage|p2a: Gyarados|83/332|[from] Stealth Rock","|turn|30","|","|move|p2a: Gyarados|Waterfall|p1a: Cobalion","|-damage|p1a: Cobalion|251/386 par","|move|p1a: Cobalion|Iron Head|p2a: Gyarados","|-resisted|p2a: Gyarados","|-damage|p2a: Gyarados|9/332","|","|turn|31","|","|move|p2a: Gyarados|Waterfall|p1a: Cobalion","|-damage|p1a: Cobalion|151/386 par","|move|p1a: Cobalion|Iron Head|p2a: Gyarados","|-resisted|p2a: Gyarados","|-damage|p2a: Gyarados|0 fnt","|faint|p2a: Gyarados","|","|win|Void KGBeast"],"p1rating":{"entryid":"129714","serverid":"eos","formatid":"monotype","userid":"voidkgbeast","username":"Void KGBeast","w":20,"l":"7","t":"0","gxe":69.6,"r":"1635.266169733","rd":"68.42001119247","sigma":"0","rptime":"1440147600","rpr":1658.3871764887,"rprd":63.333464483796,"rpsigma":"0","acre":1317.2425229694,"lacre":1317.2425229694,"oldacre":"1296.4903942029"},"p2rating":{"entryid":"101024","serverid":"eos","formatid":"monotype","userid":"slkingdra","username":"SL~Kingdra","w":"10","l":4,"t":"0","gxe":62.8,"r":"1580.8638059903","rd":"85.193412799414","sigma":"0","rptime":"1440147600","rpr":1601.4091487266,"rprd":78.747557804011,"rpsigma":"0","acre":1216.1256220371,"lacre":1216.1256220371,"oldacre":"1236.8777508036"},"endType":"normal"}