{"seed":[65305,45808,42000,52212],"turns":29,"p1":"Mxy Test","p2":"D Cj","p1team":[{"name":"Hoopa-Unbound","species":"Hoopa-Unbound","item":"focussash","ability":"Magician","moves":["hyperspacefury","hyperspacehole","drainpunch","gunkshot"],"nature":"Naive","evs":{"hp":0,"atk":252,"def":0,"spa":80,"spd":0,"spe":176},"ivs":{"hp":31,"atk":31,"def":31,"spa":31,"spd":31,"spe":31}},{"name":"Hydreigon","species":"Hydreigon","item":"choicescarf","ability":"Levitate","moves":["dracometeor","flamethrower","darkpulse","flashcannon"],"nature":"Modest","evs":{"hp":0,"atk":0,"def":0,"spa":252,"spd":4,"spe":252},"ivs":{"hp":31,"atk":31,"def":31,"spa":31,"spd":31,"spe":31}},{"name":"Umbreon","species":"Umbreon","item":"leftovers","ability":"Synchronize","moves":["foulplay","wish","healbell","protect"],"nature":"Impish","evs":{"hp":248,"atk":0,"def":252,"spa":0,"spd":8,"spe":0},"ivs":{"hp":31,"atk":31,"def":31,"spa":31,"spd":31,"spe":31}},{"name":"Sableye","species":"Sableye","item":"sablenite","ability":"Prankster","moves":["willowisp","calmmind","shadowball","recover"],"nature":"Bold","evs":{"hp":248,"atk":0,"def":180,"spa":0,"spd":80,"spe":0},"ivs":{"hp":31,"atk":31,"def":31,"spa":31,"spd":31,"spe":31}},{"name":"Bisharp","species":"Bisharp","item":"lumberry","ability":"Defiant","moves":["ironhead","suckerpunch","stealthrock","swordsdance"],"nature":"Jolly","evs":{"hp":0,"atk":252,"def":0,"spa":0,"spd":4,"spe":252},"ivs":{"hp":31,"atk":31,"def":31,"spa":31,"spd":31,"spe":31}},{"name":"Honchkrow","species":"Honchkrow","item":"lifeorb","ability":"Moxie","moves":["suckerpunch","bravebird","heatwave","roost"],"nature":"Naive","evs":{"hp":0,"atk":216,"def":0,"spa":40,"spd":0,"spe":252},"ivs":{"hp":31,"atk":31,"def":31,"spa":31,"spd":31,"spe":31}}],"p2team":[{"name":"Hippowdon","species":"Hippowdon","item":"leftovers","ability":"Sand Stream","moves":["earthquake","slackoff","stealthrock","toxic"],"nature":"Impish","evs":{"hp":248,"atk":8,"def":252,"spa":0,"spd":0,"spe":0},"ivs":{"hp":31,"atk":31,"def":31,"spa":31,"spd":31,"spe":31}},{"name":"Excadrill","species":"Excadrill","item":"lifeorb","ability":"Sand Rush","moves":["earthquake","shadowclaw","swordsdance","rockslide"],"nature":"Jolly","evs":{"hp":0,"atk":252,"def":0,"spa":0,"spd":4,"spe":252},"ivs":{"hp":31,"atk":31,"def":31,"spa":31,"spd":31,"spe":31}},{"name":"Donphan","species":"Donphan","item":"assaultvest","ability":"Sturdy","moves":["knockoff","iceshard","stoneedge","earthquake"],"nature":"Careful","evs":{"hp":248,"atk":100,"def":0,"spa":0,"spd":160,"spe":0},"ivs":{"hp":31,"atk":31,"def":31,"spa":31,"spd":31,"spe":31}},{"name":"Gastrodon","species":"Gastrodon","item":"leftovers","ability":"Storm Drain","moves":["toxic","scald","recover","earthpower"],"nature":"Calm","evs":{"hp":248,"atk":0,"def":0,"spa":8,"spd":252,"spe":0},"ivs":{"hp":31,"atk":31,"def":31,"spa":31,"spd":31,"spe":31}},{"name":"Steelix","species":"Steelix","item":"steelixite","ability":"Sheer Force","moves":["heavyslam","dragontail","firefang","earthquake"],"nature":"Adamant","evs":{"hp":248,"atk":252,"def":0,"spa":0,"spd":8,"spe":0},"ivs":{"hp":31,"atk":31,"def":31,"spa":31,"spd":31,"spe":31}},{"name":"Landorus","species":"Landorus","item":"choicescarf","ability":"Sheer Force","moves":["earthpower","psychic","sludgewave","grassknot"],"nature":"Timid","evs":{"hp":0,"atk":0,"def":0,"spa":252,"spd":4,"spe":252},"ivs":{"hp":31,"atk":31,"def":31,"spa":31,"spd":31,"spe":31}}],"log":["|player|p1|Mxy Test|270","|player|p2|D Cj|101","|gametype|singles","|gen|6","|tier|Monotype","|rated","|rule|Baton Pass Clause: Limit one Baton Passer, can't pass Spe and other stats simultaneously","|rule|Swagger Clause: Swagger is banned","|rule|Same Type Clause: Pokémon in a team must share a type","|clearpoke","|poke|p1|Hoopa-Unbound","|poke|p1|Hydreigon, M","|poke|p1|Umbreon, F","|poke|p1|Sableye, M","|poke|p1|Bisharp, M","|poke|p1|Honchkrow, F","|poke|p2|Hippowdon, F","|poke|p2|Excadrill, F","|poke|p2|Donphan, M","|poke|p2|Gastrodon, M","|poke|p2|Steelix, M","|poke|p2|Landorus, M","|rule|Sleep Clause Mod: Limit one foe put to sleep","|rule|Species Clause: Limit one of each Pokémon","|rule|OHKO Clause: OHKO moves are banned","|rule|Moody Clause: Moody is banned","|rule|Evasion Moves Clause: Evasion moves are banned","|rule|Endless Battle Clause: Forcing endless battles is banned","|rule|HP Percentage Mod: HP is shown in percentages","|teampreview","|","|start","|switch|p1a: Sableye|Sableye, M|303/303","|switch|p2a: Hippowdon|Hippowdon, F|419/419","|-weather|Sandstorm","|turn|1","|","|switch|p2a: Landorus|Landorus, M|319/319","|detailschange|p1a: Sableye|Sableye-Mega, M","|-mega|p1a: Sableye|Sableye|Sablenite","|move|p1a: Sableye|Will-O-Wisp|p2a: Landorus","|-status|p2a: Landorus|brn","|","|-weather|Sandstorm|[upkeep]","|-damage|p1a: Sableye|285/303|[from] sandstorm","|-damage|p2a: Landorus|280/319 brn|[from] brn","|turn|2","|","|switch|p1a: Hydreigon|Hydreigon, M|325/325","|move|p2a: Landorus|Earth Power|p1a: Hydreigon","|-immune|p1a: Hydreigon|[msg]","|","|-weather|Sandstorm|[upkeep]","|-damage|p1a: Hydreigon|305/325|[from] sandstorm","|-damage|p2a: Landorus|241/319 brn|[from] brn","|turn|3","|","|switch|p2a: Gastrodon|Gastrodon, M|425/425","|move|p1a: Hydreigon|Draco Meteor|p2a: Gastrodon","|-damage|p2a: Gastrodon|238/425","|-unboost|p1a: Hydreigon|spa|2","|","|-weather|Sandstorm|[upkeep]","|-damage|p1a: Hydreigon|285/325|[from] sandstorm","|-heal|p2a: Gastrodon|264/425|[from] item: Leftovers","|turn|4","|","|switch|p1a: Umbreon|Umbreon, F|393/393","|move|p2a: Gastrodon|Scald|p1a: Umbreon","|-damage|p1a: Umbreon|324/393","|","|-weather|Sandstorm|[upkeep]","|-damage|p1a: Umbreon|300/393|[from] sandstorm","|-heal|p1a: Umbreon|324/393|[from] item: Leftovers","|-heal|p2a: Gastrodon|290/425|[from] item: Leftovers","|turn|5","|","|switch|p2a: Steelix|Steelix, M|353/353","|move|p1a: Umbreon|Foul Play|p2a: Steelix","|-damage|p2a: Steelix|275/353","|","|-weather|none","|-heal|p1a: Umbreon|348/393|[from] item: Leftovers","|turn|6","|","|switch|p1a: Sableye|Sableye-Mega, M|285/303","|detailschange|p2a: Steelix|Steelix-Mega, M","|-mega|p2a: Steelix|Steelix|Steelixite","|move|p2a: Steelix|Heavy Slam|p1a: Sableye","|-damage|p1a: Sableye|167/303","|","|turn|7","|","|switch|p2a: Hippowdon|Hippowdon, F|419/419","|-weather|Sandstorm","|move|p1a: Sableye|Will-O-Wisp|p2a: Hippowdon","|-status|p2a: Hippowdon|brn","|","|-weather|Sandstorm|[upkeep]","|-damage|p1a: Sableye|149/303|[from] sandstorm","|-damage|p2a: Hippowdon|367/419 brn|[from] brn","|turn|8","|","|switch|p2a: Gastrodon|Gastrodon, M|290/425","|move|p1a: Sableye|Recover|p1a: Sableye","|-heal|p1a: Sableye|301/303","|","|-weather|Sandstorm|[upkeep]","|-damage|p1a: Sableye|283/303|[from] sandstorm","|-heal|p2a: Gastrodon|316/425|[from] item: Leftovers","|turn|9","|","|move|p2a: Gastrodon|Scald|p1a: Sableye","|-damage|p1a: Sableye|208/303","|move|p1a: Sableye|Calm Mind|p1a: Sableye","|-boost|p1a: Sableye|spa|1","|-boost|p1a: Sableye|spd|1","|","|-weather|Sandstorm|[upkeep]","|-damage|p1a: Sableye|190/303|[from] sandstorm","|-heal|p2a: Gastrodon|342/425|[from] item: Leftovers","|turn|10","|","|switch|p2a: Steelix|Steelix-Mega, M|275/353","|move|p1a: Sableye|Calm Mind|p1a: Sableye","|-boost|p1a: Sableye|spa|1","|-boost|p1a: Sableye|spd|1","|","|-weather|Sandstorm|[upkeep]","|-damage|p1a: Sableye|172/303|[from] sandstorm","|turn|11","|","|move|p2a: Steelix|Heavy Slam|p1a: Sableye","|-damage|p1a: Sableye|7/303","|move|p1a: Sableye|Recover|p1a: Sableye","|-heal|p1a: Sableye|159/303","|","|-weather|none","|turn|12","|","|switch|p2a: Hippowdon|Hippowdon, F|367/419 brn","|-weather|Sandstorm","|move|p1a: Sableye|Recover|p1a: Sableye","|-heal|p1a: Sableye|303/303","|","|-weather|Sandstorm|[upkeep]","|-damage|p1a: Sableye|285/303|[from] sandstorm","|-heal|p2a: Hippowdon|393/419 brn|[from] item: Leftovers","|-damage|p2a: Hippowdon|341/419 brn|[from] brn","|turn|13","|","|move|p2a: Hippowdon|Earthquake|p1a: Sableye","|-damage|p1a: Sableye|240/303","|move|p1a: Sableye|Calm Mind|p1a: Sableye","|-boost|p1a: Sableye|spa|1","|-boost|p1a: Sableye|spd|1","|","|-weather|Sandstorm|[upkeep]","|-damage|p1a: Sableye|222/303|[from] sandstorm","|-heal|p2a: Hippowdon|367/419 brn|[from] item: Leftovers","|-damage|p2a: Hippowdon|315/419 brn|[from] brn","|turn|14","|","|switch|p2a: Steelix|Steelix-Mega, M|275/353","|move|p1a: Sableye|Shadow Ball|p2a: Steelix","|-damage|p2a: Steelix|80/353","|","|-weather|Sandstorm|[upkeep]","|-damage|p1a: Sableye|204/303|[from] sandstorm","|turn|15","|","|move|p2a: Steelix|Earthquake|p1a: Sableye","|-damage|p1a: Sableye|39/303","|move|p1a: Sableye|Shadow Ball|p2a: Steelix","|-damage|p2a: Steelix|0 fnt","|faint|p2a: Steelix","|","|-weather|Sandstorm|[upkeep]","|-damage|p1a: Sableye|21/303|[from] sandstorm","|","|switch|p2a: Excadrill|Excadrill, F|361/361","|turn|16","|","|switch|p1a: Umbreon|Umbreon, F|348/393","|move|p2a: Excadrill|Swords Dance|p2a: Excadrill","|-boost|p2a: Excadrill|atk|2","|","|-weather|none","|-heal|p1a: Umbreon|372/393|[from] item: Leftovers","|turn|17","|","|move|p2a: Excadrill|Earthquake|p1a: Umbreon","|-damage|p1a: Umbreon|63/393","|-damage|p2a: Excadrill|325/361|[from] item: Life Orb","|move|p1a: Umbreon|Foul Play|p2a: Excadrill","|-damage|p2a: Excadrill|0 fnt","|faint|p2a: Excadrill","|","|-heal|p1a: Umbreon|87/393|[from] item: Leftovers","|","|switch|p2a: Donphan|Donphan, M|383/383","|turn|18","|","|move|p1a: Umbreon|Wish|p1a: Umbreon","|move|p2a: Donphan|Earthquake|p1a: Umbreon","|-damage|p1a: Umbreon|0 fnt","|faint|p1a: Umbreon","|","|","|switch|p1a: Sableye|Sableye-Mega, M|21/303","|turn|19","|","|move|p2a: Donphan|Ice Shard|p1a: Sableye","|-damage|p1a: Sableye|0 fnt","|faint|p1a: Sableye","|","|","|switch|p1a: Hydreigon|Hydreigon, M|285/325","|turn|20","|","|move|p2a: Donphan|Ice Shard|p1a: Hydreigon","|-supereffective|p1a: Hydreigon","|-damage|p1a: Hydreigon|195/325","|move|p1a: Hydreigon|Dark Pulse|p2a: Donphan","|-damage|p2a: Donphan|281/383","|","|turn|21","|","|switch|p2a: Gastrodon|Gastrodon, M|342/425","|move|p1a: Hydreigon|Dark Pulse|p2a: Gastrodon","|-damage|p2a: Gastrodon|212/425","|","|-heal|p2a: Gastrodon|238/425|[from] item: Leftovers","|turn|22","|","|switch|p1a: Hoopa-Unbound|Hoopa-Unbound|301/301","|move|p2a: Gastrodon|Recover|p2a: Gastrodon","|-heal|p2a: Gastrodon|425/425","|","|turn|23","|","|switch|p2a: Hippowdon|Hippowdon, F|315/419 brn","|-weather|Sandstorm","|move|p1a: Hoopa-Unbound|Hyperspace Fury|p2a: Hippowdon","|-damage|p2a: Hippowdon|192/419 brn","|-unboost|p1a: Hoopa-Unbound|def|1","|","|-weather|Sandstorm|[upkeep]","|-damage|p1a: Hoopa-Unbound|283/301|[from] sandstorm","|-heal|p2a: Hippowdon|218/419 brn|[from] item: Leftovers","|-damage|p2a: Hippowdon|166/419 brn|[from] brn","|turn|24","|","|move|p1a: Hoopa-Unbound|Hyperspace Hole|p2a: Hippowdon","|-damage|p2a: Hippowdon|0 fnt","|faint|p2a: Hippowdon","|","|-weather|Sandstorm|[upkeep]","|-damage|p1a: Hoopa-Unbound|265/301|[from] sandstorm","|","|switch|p2a: Landorus|Landorus, M|241/319 brn","|turn|25","|","|switch|p1a: Honchkrow|Honchkrow, F|341/341","|move|p2a: Landorus|Sludge Wave|p1a: Honchkrow","|-damage|p1a: Honchkrow|109/341","|","|-weather|Sandstorm|[upkeep]","|-damage|p1a: Honchkrow|88/341|[from] sandstorm","|-damage|p2a: Landorus|202/319 brn|[from] brn","|turn|26","|","|move|p1a: Honchkrow|Sucker Punch|p2a: Landorus","|-damage|p2a: Landorus|0 fnt","|-damage|p1a: Honchkrow|54/341|[from] item: Life Orb","|faint|p2a: Landorus","|-boost|p1a: Honchkrow|atk|1|[from] ability: Moxie","|","|-weather|Sandstorm|[upkeep]","|-damage|p1a: Honchkrow|33/341|[from] sandstorm","|","|switch|p2a: Gastrodon|Gastrodon, M|425/425","|turn|27","|","|move|p1a: Honchkrow|Brave Bird|p2a: Gastrodon","|-damage|p2a: Gastrodon|0 fnt","|-damage|p1a: Honchkrow|0 fnt|[from] recoil|[of] p2a: Gastrodon","|faint|p2a: Gastrodon","|faint|p1a: Honchkrow","|","|-weather|none","|","|switch|p1a: Hoopa-Unbound|Hoopa-Unbound|265/301","|switch|p2a: Donphan|Donphan, M|281/383","|turn|28","|","|move|p1a: Hoopa-Unbound|Hyperspace Hole|p2a: Donphan","|-damage|p2a: Donphan|164/383","|move|p2a: Donphan|Knock Off|p1a: Hoopa-Unbound","|-damage|p1a: Hoopa-Unbound|110/301","|-enditem|p1a: Hoopa-Unbound|Focus Sash|[from] move: Knock Off|[of] p2a: Donphan","|","|turn|29","|","|move|p1a: Hoopa-Unbound|Hyperspace Fury|p2a: Donphan","|-damage|p2a: Donphan|0 fnt","|-item|p1a: Hoopa-Unbound|Assault Vest|[from] ability: Magician|[of] p2a: Donphan","|-unboost|p1a: Hoopa-Unbound|def|1","|faint|p2a: Donphan","|","|win|Mxy Test"],"p1rating":{"entryid":"231671","serverid":"eos","formatid":"monotype","userid":"mxytest","username":"Mxy Test","w":4,"l":"2","t":"0","gxe":54.7,"r":"1500","rd":"130","sigma":"0","rptime":"1440147600","rpr":1537.1511074821,"rprd":98.998282278148,"rpsigma":"0","acre":1106.4719393972,"lacre":1106.4719393972,"oldacre":"1085.9338479995"},"p2rating":{"entryid":"138733","serverid":"eos","formatid":"monotype","userid":"dcj","username":"D Cj","w":"0","l":2,"t":"0","gxe":41.6,"r":"1466.134250869","rd":"123.04284127012","sigma":"0","rptime":"1440147600","rpr":1432.9956523019,"rprd":116.98170270101,"rpsigma":"0","acre":1000,"lacre":1000,"oldacre":"1000"},"endType":"normal"}