{"seed":[53949,22591,9121,16284],"turns":25,"p1":"Seven Swell","p2":"Imp Elegant","p1team":[{"name":"Mew","species":"Mew","item":"leftovers","ability":"Synchronize","moves":["roost","toxic","healbell","aurasphere"],"nature":"Calm","evs":{"hp":252,"atk":0,"def":0,"spa":4,"spd":252,"spe":0},"ivs":{"hp":31,"atk":0,"def":31,"spa":31,"spd":31,"spe":31}},{"name":"Slowbro","species":"Slowbro","item":"rockyhelmet","ability":"Regenerator","moves":["scald","yawn","flamethrower","slackoff"],"nature":"Bold","evs":{"hp":252,"atk":0,"def":252,"spa":4,"spd":0,"spe":0},"ivs":{"hp":31,"atk":0,"def":31,"spa":31,"spd":31,"spe":31}},{"name":"Deoxys-Speed","species":"Deoxys-Speed","item":"focussash","ability":"Pressure","moves":["stealthrock","thunderbolt","thunderwave","icebeam"],"nature":"Timid","evs":{"hp":252,"atk":0,"def":0,"spa":44,"spd":0,"spe":212},"ivs":{"hp":31,"atk":0,"def":31,"spa":31,"spd":31,"spe":31}},{"name":"Latias","species":"Latias","item":"leftovers","ability":"Levitate","moves":["dracometeor","psyshock","roost","defog"],"nature":"Timid","evs":{"hp":252,"atk":0,"def":0,"spa":4,"spd":0,"spe":252},"ivs":{"hp":31,"atk":0,"def":31,"spa":31,"spd":31,"spe":31}},{"name":"Hoopa-Unbound","species":"Hoopa-Unbound","item":"focussash","ability":"Magician","moves":["hyperspacefury","drainpunch","firepunch","gunkshot"],"nature":"Adamant","evs":{"hp":0,"atk":252,"def":0,"spa":0,"spd":4,"spe":252},"ivs":{"hp":31,"atk":31,"def":31,"spa":31,"spd":31,"spe":31}},{"name":"Gardevoir","species":"Gardevoir","item":"gardevoirite","ability":"Trace","moves":["hypervoice","psyshock","shadowball","taunt"],"nature":"Timid","evs":{"hp":0,"atk":0,"def":0,"spa":252,"spd":4,"spe":252},"ivs":{"hp":31,"atk":0,"def":31,"spa":31,"spd":31,"spe":31}}],"p2team":[{"name":"Car keys","species":"klefki","item":"lightclay","ability":"Prankster","moves":["foulplay","thunderwave","lightscreen","reflect"],"nature":"Bold","evs":{"hp":248,"atk":0,"def":252,"spa":0,"spd":8,"spe":0},"gender":"M","shiny":true,"ivs":{"hp":31,"atk":31,"def":31,"spa":31,"spd":31,"spe":31}},{"name":"Mr Rabbet","species":"azumarill","item":"sitrusberry","ability":"Huge Power","moves":["bellydrum","aquajet","playrough","knockoff"],"nature":"Adamant","evs":{"hp":252,"atk":252,"def":0,"spa":0,"spd":4,"spe":0},"gender":"M","ivs":{"hp":31,"atk":31,"def":31,"spa":31,"spd":31,"spe":31}},{"name":"Cupcake","species":"slurpuff","item":"sitrusberry","ability":"Unburden","moves":["bellydrum","playrough","drainpunch","cottonguard"],"nature":"Adamant","evs":{"hp":4,"atk":252,"def":0,"spa":0,"spd":0,"spe":252},"gender":"F","ivs":{"hp":31,"atk":31,"def":31,"spa":31,"spd":31,"spe":31}},{"name":"Sir Lance","species":"togekiss","item":"leftovers","ability":"Serene Grace","moves":["thunderwave","flamethrower","airslash","roost"],"nature":"Calm","evs":{"hp":252,"atk":0,"def":0,"spa":4,"spd":252,"spe":0},"gender":"F","ivs":{"hp":31,"atk":31,"def":31,"spa":31,"spd":31,"spe":31}},{"name":"Cinderella","species":"gardevoir","item":"choicescarf","ability":"Trace","moves":["moonblast","shadowball","psychic","focusblast"],"nature":"Timid","evs":{"hp":0,"atk":0,"def":0,"spa":252,"spd":4,"spe":252},"gender":"F","shiny":true,"ivs":{"hp":31,"atk":31,"def":31,"spa":31,"spd":31,"spe":31}},{"name":"Diamond Queen","species":"diancie","item":"diancite","ability":"Clear Body","moves":["moonblast","diamondstorm","earthpower","protect"],"nature":"Hasty","evs":{"hp":0,"atk":4,"def":0,"spa":252,"spd":0,"spe":252},"shiny":true,"ivs":{"hp":31,"atk":31,"def":31,"spa":31,"spd":31,"spe":31}}],"log":["|player|p1|Seven Swell|sevenswell.png","|player|p2|Imp Elegant|291","|gametype|singles","|gen|6","|tier|Monotype","|rated","|rule|Baton Pass Clause: Limit one Baton Passer, can't pass Spe and other stats simultaneously","|rule|Swagger Clause: Swagger is banned","|rule|Same Type Clause: Pokémon in a team must share a type","|clearpoke","|poke|p1|Mew","|poke|p1|Slowbro, M","|poke|p1|Deoxys-Speed","|poke|p1|Latias, F","|poke|p1|Hoopa-Unbound","|poke|p1|Gardevoir, F","|poke|p2|Klefki, M, shiny","|poke|p2|Azumarill, M","|poke|p2|Slurpuff, F","|poke|p2|Togekiss, F","|poke|p2|Gardevoir, F, shiny","|poke|p2|Diancie, shiny","|rule|Sleep Clause Mod: Limit one foe put to sleep","|rule|Species Clause: Limit one of each Pokémon","|rule|OHKO Clause: OHKO moves are banned","|rule|Moody Clause: Moody is banned","|rule|Evasion Moves Clause: Evasion moves are banned","|rule|Endless Battle Clause: Forcing endless battles is banned","|rule|HP Percentage Mod: HP is shown in percentages","|teampreview","|","|start","|switch|p1a: Slowbro|Slowbro, M|394/394","|switch|p2a: Diamond Queen|Diancie, shiny|241/241","|turn|1","|","|detailschange|p2a: Diamond Queen|Diancie-Mega, shiny","|-mega|p2a: Diamond Queen|Diancie|Diancite","|move|p2a: Diamond Queen|Protect|p2a: Diamond Queen","|-singleturn|p2a: Diamond Queen|Protect","|move|p1a: Slowbro|Scald|p2a: Diamond Queen","|-activate|p2a: Diamond Queen|Protect","|","|turn|2","|","|switch|p2a: Car keys|Klefki, M, shiny|317/317","|move|p1a: Slowbro|Scald|p2a: Car keys","|-damage|p2a: Car keys|215/317","|-status|p2a: Car keys|brn","|","|-damage|p2a: Car keys|176/317 brn|[from] brn","|turn|3","|","|move|p2a: Car keys|Light Screen|p2a: Car keys","|-sidestart|p2: Imp Elegant|move: Light Screen","|move|p1a: Slowbro|Flamethrower|p2a: Car keys","|-supereffective|p2a: Car keys","|-damage|p2a: Car keys|102/317 brn","|","|-damage|p2a: Car keys|63/317 brn|[from] brn","|turn|4","|","|switch|p1a: Latias|Latias, F|364/364","|move|p2a: Car keys|Reflect|p2a: Car keys","|-sidestart|p2: Imp Elegant|Reflect","|","|-damage|p2a: Car keys|24/317 brn|[from] brn","|turn|5","|","|move|p2a: Car keys|Thunder Wave|p1a: Latias","|-status|p1a: Latias|par","|move|p1a: Latias|Defog|p2a: Car keys","|-unboost|p2a: Car keys|evasion|1","|-sideend|p2: Imp Elegant|Reflect","|-sideend|p2: Imp Elegant|move: Light Screen","|","|-damage|p2a: Car keys|0 fnt|[from] brn","|faint|p2a: Car keys","|","|switch|p2a: Mr Rabbet|Azumarill, M|404/404","|turn|6","|","|move|p2a: Mr Rabbet|Belly Drum|p2a: Mr Rabbet","|-damage|p2a: Mr Rabbet|202/404","|-setboost|p2a: Mr Rabbet|atk|6|[from] move: Belly Drum","|-enditem|p2a: Mr Rabbet|Sitrus Berry|[eat]","|-heal|p2a: Mr Rabbet|303/404|[from] item: Sitrus Berry","|move|p1a: Latias|Psyshock|p2a: Mr Rabbet","|-damage|p2a: Mr Rabbet|186/404","|","|turn|7","|","|move|p2a: Mr Rabbet|Knock Off|p1a: Latias","|-crit|p1a: Latias","|-supereffective|p1a: Latias","|-damage|p1a: Latias|0 fnt","|-enditem|p1a: Latias|Leftovers|[from] move: Knock Off|[of] p2a: Mr Rabbet","|faint|p1a: Latias","|","|","|switch|p1a: Hoopa-Unbound|Hoopa-Unbound|301/301","|turn|8","|","|move|p2a: Mr Rabbet|Aqua Jet|p1a: Hoopa-Unbound","|-enditem|p1a: Hoopa-Unbound|Focus Sash","|-damage|p1a: Hoopa-Unbound|1/301","|move|p1a: Hoopa-Unbound|Gunk Shot|p2a: Mr Rabbet","|-supereffective|p2a: Mr Rabbet","|-damage|p2a: Mr Rabbet|0 fnt","|faint|p2a: Mr Rabbet","|","|","|switch|p2a: Diamond Queen|Diancie-Mega, shiny|241/241","|turn|9","|","|switch|p1a: Mew|Mew|404/404","|move|p2a: Diamond Queen|Moonblast|p1a: Mew","|-damage|p1a: Mew|265/404","|-unboost|p1a: Mew|spa|1","|","|-heal|p1a: Mew|290/404|[from] item: Leftovers","|turn|10","|","|move|p2a: Diamond Queen|Diamond Storm|p1a: Mew","|-damage|p1a: Mew|100/404","|-boost|p2a: Diamond Queen|def|1","|move|p1a: Mew|Roost|p1a: Mew","|-heal|p1a: Mew|302/404","|","|-heal|p1a: Mew|327/404|[from] item: Leftovers","|turn|11","|","|move|p2a: Diamond Queen|Diamond Storm|p1a: Mew","|-damage|p1a: Mew|156/404","|move|p1a: Mew|Roost|p1a: Mew","|-heal|p1a: Mew|358/404","|","|-heal|p1a: Mew|383/404|[from] item: Leftovers","|turn|12","|","|move|p2a: Diamond Queen|Diamond Storm|p1a: Mew","|-crit|p1a: Mew","|-damage|p1a: Mew|100/404","|-boost|p2a: Diamond Queen|def|1","|move|p1a: Mew|Toxic|p2a: Diamond Queen","|move|p2a: Diamond Queen|Toxic|p1a: Mew|[from]Magic Bounce","|-status|p1a: Mew|tox","|-status|p2a: Diamond Queen|tox","|","|-heal|p1a: Mew|125/404 tox|[from] item: Leftovers","|-damage|p2a: Diamond Queen|226/241 tox|[from] psn","|-damage|p1a: Mew|100/404 tox|[from] psn","|turn|13","|","|move|p2a: Diamond Queen|Diamond Storm|p1a: Mew","|-damage|p1a: Mew|0 fnt","|faint|p1a: Mew","|","|-damage|p2a: Diamond Queen|196/241 tox|[from] psn","|","|switch|p1a: Slowbro|Slowbro, M|394/394","|turn|14","|","|move|p2a: Diamond Queen|Moonblast|p1a: Slowbro","|-damage|p1a: Slowbro|160/394","|move|p1a: Slowbro|Scald|p2a: Diamond Queen","|-supereffective|p2a: Diamond Queen","|-damage|p2a: Diamond Queen|22/241 tox","|","|-damage|p2a: Diamond Queen|0 fnt|[from] psn","|faint|p2a: Diamond Queen","|","|switch|p2a: Cinderella|Gardevoir, F, shiny|277/277","|-ability|p2a: Cinderella|Regenerator|[from] ability: Trace|[of] p1a: Slowbro","|turn|15","|","|switch|p1a: Hoopa-Unbound|Hoopa-Unbound|1/301","|move|p2a: Cinderella|Shadow Ball|p1a: Hoopa-Unbound","|-damage|p1a: Hoopa-Unbound|0 fnt","|faint|p1a: Hoopa-Unbound","|","|","|switch|p1a: Deoxys-Speed|Deoxys-Speed|304/304","|-ability|p1a: Deoxys-Speed|Pressure","|turn|16","|","|move|p1a: Deoxys-Speed|Thunder Wave|p2a: Cinderella","|-status|p2a: Cinderella|par","|cant|p2a: Cinderella|par","|","|turn|17","|","|move|p1a: Deoxys-Speed|Stealth Rock|p2a: Cinderella","|-sidestart|p2: Imp Elegant|move: Stealth Rock","|cant|p2a: Cinderella|par","|","|turn|18","|","|switch|p1a: Gardevoir|Gardevoir, F|277/277","|-ability|p1a: Gardevoir|Regenerator|[from] ability: Trace|[of] p2a: Cinderella","|switch|p2a: Sir Lance|Togekiss, F|374/374","|-damage|p2a: Sir Lance|281/374|[from] Stealth Rock","|","|-heal|p2a: Sir Lance|304/374|[from] item: Leftovers","|turn|19","|","|detailschange|p1a: Gardevoir|Gardevoir-Mega, F","|-mega|p1a: Gardevoir|Gardevoir|Gardevoirite","|move|p1a: Gardevoir|Taunt|p2a: Sir Lance","|-start|p2a: Sir Lance|move: Taunt","|cant|p2a: Sir Lance|move: Taunt|Thunder Wave","|","|-heal|p2a: Sir Lance|327/374|[from] item: Leftovers","|turn|20","|","|move|p1a: Gardevoir|Psyshock|p2a: Sir Lance","|-damage|p2a: Sir Lance|153/374","|move|p2a: Sir Lance|Air Slash|p1a: Gardevoir","|-damage|p1a: Gardevoir|204/277","|","|-heal|p2a: Sir Lance|176/374|[from] item: Leftovers","|turn|21","|","|move|p1a: Gardevoir|Psyshock|p2a: Sir Lance","|-damage|p2a: Sir Lance|0 fnt","|faint|p2a: Sir Lance","|","|","|switch|p2a: Cinderella|Gardevoir, F, shiny|277/277 par","|-damage|p2a: Cinderella|243/277 par|[from] Stealth Rock","|-ability|p2a: Cinderella|Pixilate|[from] ability: Trace|[of] p1a: Gardevoir","|turn|22","|","|move|p1a: Gardevoir|Shadow Ball|p2a: Cinderella","|-supereffective|p2a: Cinderella","|-damage|p2a: Cinderella|45/277 par","|cant|p2a: Cinderella|par","|","|turn|23","|","|move|p1a: Gardevoir|Hyper Voice|p2a: Cinderella","|-damage|p2a: Cinderella|0 fnt","|faint|p2a: Cinderella","|","|","|switch|p2a: Cupcake|Slurpuff, F|306/306","|-damage|p2a: Cupcake|268/306|[from] Stealth Rock","|turn|24","|","|move|p1a: Gardevoir|Taunt|p2a: Cupcake","|-start|p2a: Cupcake|move: Taunt","|move|p2a: Cupcake|Play Rough|p1a: Gardevoir","|-damage|p1a: Gardevoir|12/277","|","|turn|25","|","|move|p1a: Gardevoir|Hyper Voice|p2a: Cupcake","|-damage|p2a: Cupcake|0 fnt","|faint|p2a: Cupcake","|","|win|Seven Swell"],"p1rating":{"entryid":"86214","serverid":"eos","formatid":"monotype","userid":"sevenswell","username":"Seven Swell","w":33,"l":"11","t":"0","gxe":71.8,"r":"1669.3412090831","rd":"56.183214235022","sigma":"0","rptime":"1440147600","rpr":1677.9069183598,"rprd":53.605069387895,"rpsigma":"0","acre":1297.7340995572,"lacre":1297.7340995572,"oldacre":"1282.6644945023"},"p2rating":{"entryid":"199119","serverid":"eos","formatid":"monotype","userid":"impelegant","username":"Imp Elegant","w":"9","l":7,"t":"0","gxe":54.2,"r":"1468.7162183883","rd":"102.70744310295","sigma":"0","rptime":"1440147600","rpr":1532.7076052525,"rprd":76.052935810275,"rpsigma":"0","acre":1121.5542391977,"lacre":1121.5542391977,"oldacre":"1136.6238442526"},"endType":"normal"}