{"seed":[57075,63377,17178,59361],"turns":29,"p1":"Rain Mistral","p2":"Imp Pokepat","p1team":[{"name":"Megazard X","species":"gyarados","item":"gyaradosite","ability":"Intimidate","moves":["dragondance","waterfall","crunch","earthquake"],"nature":"Jolly","evs":{"hp":0,"atk":252,"def":0,"spa":0,"spd":4,"spe":252},"gender":"F","shiny":true,"ivs":{"hp":31,"atk":31,"def":31,"spa":31,"spd":31,"spe":31}},{"name":"~~Missing Altaria~","species":"dragonite","item":"weaknesspolicy","ability":"Multiscale","moves":["dragondance","earthquake","outrage","extremespeed"],"nature":"Adamant","evs":{"hp":0,"atk":252,"def":0,"spa":0,"spd":4,"spe":252},"gender":"F","ivs":{"hp":31,"atk":31,"def":31,"spa":31,"spd":31,"spe":31}},{"name":"Frostwing","species":"articuno","item":"leftovers","ability":"Pressure","moves":["freezedry","roost","healbell","defog"],"nature":"Calm","evs":{"hp":252,"atk":0,"def":0,"spa":4,"spd":252,"spe":0},"shiny":true,"ivs":{"hp":31,"atk":31,"def":31,"spa":31,"spd":31,"spe":31}},{"name":"RIP Mascot","species":"togekiss","item":"leftovers","ability":"Serene Grace","moves":["airslash","thunderwave","flamethrower","dazzlinggleam"],"nature":"Modest","evs":{"hp":252,"atk":0,"def":0,"spa":252,"spd":4,"spe":0},"gender":"F","shiny":true,"ivs":{"hp":31,"atk":31,"def":31,"spa":31,"spd":31,"spe":31}},{"name":"Come At Me","species":"skarmory","item":"rockyhelmet","ability":"Sturdy","moves":["counter","roost","defog","stealthrock"],"nature":"Bold","evs":{"hp":248,"atk":0,"def":236,"spa":0,"spd":0,"spe":24},"ivs":{"hp":31,"atk":31,"def":31,"spa":31,"spd":31,"spe":31}},{"name":"Vortexx","species":"thundurustherian","item":"expertbelt","ability":"Volt Absorb","moves":["thunderbolt","grassknot","hiddenpowerice","nastyplot"],"nature":"Timid","evs":{"hp":0,"atk":0,"def":0,"spa":252,"spd":4,"spe":252},"ivs":{"hp":31,"atk":30,"def":30,"spa":31,"spd":31,"spe":31}}],"p2team":[{"name":"Sableye 2.0","species":"gardevoir","item":"leftovers","ability":"Synchronize","moves":["wish","confuseray","willowisp","moonblast"],"nature":"Calm","evs":{"hp":252,"atk":0,"def":0,"spa":4,"spd":252,"spe":0},"ivs":{"hp":31,"atk":31,"def":31,"spa":31,"spd":31,"spe":31}},{"name":"Swizzle","species":"togekiss","item":"choicescarf","ability":"Serene Grace","moves":["airslash","flamethrower","aurasphere","dazzlinggleam"],"nature":"Timid","evs":{"hp":0,"atk":0,"def":0,"spa":252,"spd":4,"spe":252},"ivs":{"hp":31,"atk":31,"def":31,"spa":31,"spd":31,"spe":31}},{"name":"Bunny Rabbit","species":"azumarill","item":"sitrusberry","ability":"Huge Power","moves":["bellydrum","aquajet","knockoff","playrough"],"nature":"Adamant","evs":{"hp":252,"atk":252,"def":0,"spa":0,"spd":0,"spe":4},"ivs":{"hp":31,"atk":31,"def":31,"spa":31,"spd":31,"spe":31}},{"name":"Which Key Was It?","species":"klefki","item":"lightclay","ability":"Prankster","moves":["flashcannon","lightscreen","reflect","thunderwave"],"nature":"Bold","evs":{"hp":248,"atk":0,"def":252,"spa":8,"spd":0,"spe":0},"ivs":{"hp":31,"atk":31,"def":31,"spa":31,"spd":31,"spe":31}},{"name":"The Rock Fairy","species":"diancie","item":"diancite","ability":"Clear Body","moves":["diamondstorm","earthpower","protect","moonblast"],"nature":"Timid","evs":{"hp":0,"atk":4,"def":0,"spa":252,"spd":0,"spe":252},"ivs":{"hp":31,"atk":31,"def":31,"spa":31,"spd":31,"spe":31}},{"name":"Trolling","species":"clefable","item":"leftovers","ability":"Unaware","moves":["fireblast","calmmind","moonlight","moonblast"],"nature":"Modest","evs":{"hp":252,"atk":0,"def":0,"spa":252,"spd":4,"spe":0},"ivs":{"hp":31,"atk":31,"def":31,"spa":31,"spd":31,"spe":31}}],"log":["|player|p1|Rain Mistral|52","|player|p2|Imp Pokepat|1","|gametype|singles","|gen|6","|tier|Monotype","|rated","|rule|Baton Pass Clause: Limit one Baton Passer, can't pass Spe and other stats simultaneously","|rule|Swagger Clause: Swagger is banned","|rule|Same Type Clause: Pokémon in a team must share a type","|clearpoke","|poke|p1|Gyarados, F, shiny","|poke|p1|Dragonite, F","|poke|p1|Articuno, shiny","|poke|p1|Togekiss, F, shiny","|poke|p1|Skarmory, M","|poke|p1|Thundurus-Therian, M","|poke|p2|Gardevoir, M","|poke|p2|Togekiss, M","|poke|p2|Azumarill, M","|poke|p2|Klefki, M","|poke|p2|Diancie","|poke|p2|Clefable, F","|rule|Sleep Clause Mod: Limit one foe put to sleep","|rule|Species Clause: Limit one of each Pokémon","|rule|OHKO Clause: OHKO moves are banned","|rule|Moody Clause: Moody is banned","|rule|Evasion Moves Clause: Evasion moves are banned","|rule|Endless Battle Clause: Forcing endless battles is banned","|rule|HP Percentage Mod: HP is shown in percentages","|teampreview","|","|start","|switch|p1a: Vortexx|Thundurus-Therian, M|299/299","|switch|p2a: Sableye 2.0|Gardevoir, M|340/340","|turn|1","|","|move|p1a: Vortexx|Nasty Plot|p1a: Vortexx","|-boost|p1a: Vortexx|spa|2","|move|p2a: Sableye 2.0|Confuse Ray|p1a: Vortexx","|-start|p1a: Vortexx|confusion","|","|turn|2","|","|-activate|p1a: Vortexx|confusion","|-damage|p1a: Vortexx|258/299|[from] confusion","|move|p2a: Sableye 2.0|Will-O-Wisp|p1a: Vortexx","|-status|p1a: Vortexx|brn","|","|-damage|p1a: Vortexx|221/299 brn|[from] brn","|turn|3","|","|-activate|p1a: Vortexx|confusion","|move|p1a: Vortexx|Thunderbolt|p2a: Sableye 2.0","|-damage|p2a: Sableye 2.0|108/340","|move|p2a: Sableye 2.0|Moonblast|p1a: Vortexx","|-damage|p1a: Vortexx|50/299 brn","|","|-heal|p2a: Sableye 2.0|129/340|[from] item: Leftovers","|-damage|p1a: Vortexx|13/299 brn|[from] brn","|turn|4","|","|-activate|p1a: Vortexx|confusion","|-damage|p1a: Vortexx|0 fnt|[from] confusion","|faint|p1a: Vortexx","|move|p2a: Sableye 2.0|Wish|p2a: Sableye 2.0","|","|-heal|p2a: Sableye 2.0|150/340|[from] item: Leftovers","|","|switch|p1a: ~~Missing Altaria~|Dragonite, F|323/323","|turn|5","|","|move|p1a: ~~Missing Altaria~|Earthquake|p2a: Sableye 2.0","|-damage|p2a: Sableye 2.0|0 fnt","|faint|p2a: Sableye 2.0","|","|","|switch|p2a: Trolling|Clefable, F|394/394","|turn|6","|","|switch|p1a: RIP Mascot|Togekiss, F, shiny|374/374","|move|p2a: Trolling|Calm Mind|p2a: Trolling","|-boost|p2a: Trolling|spa|1","|-boost|p2a: Trolling|spd|1","|","|turn|7","|","|move|p1a: RIP Mascot|Thunder Wave|p2a: Trolling","|-status|p2a: Trolling|par","|cant|p2a: Trolling|par","|","|turn|8","|","|move|p1a: RIP Mascot|Air Slash|p2a: Trolling","|-damage|p2a: Trolling|285/394 par","|cant|p2a: Trolling|flinch","|","|-heal|p2a: Trolling|309/394 par|[from] item: Leftovers","|turn|9","|","|move|p1a: RIP Mascot|Air Slash|p2a: Trolling","|-damage|p2a: Trolling|210/394 par","|move|p2a: Trolling|Moonblast|p1a: RIP Mascot","|-crit|p1a: RIP Mascot","|-damage|p1a: RIP Mascot|83/374","|-unboost|p1a: RIP Mascot|spa|1","|","|-heal|p1a: RIP Mascot|106/374|[from] item: Leftovers","|-heal|p2a: Trolling|234/394 par|[from] item: Leftovers","|turn|10","|","|move|p1a: RIP Mascot|Air Slash|p2a: Trolling","|-damage|p2a: Trolling|128/394 par","|cant|p2a: Trolling|flinch","|","|-heal|p1a: RIP Mascot|129/374|[from] item: Leftovers","|-heal|p2a: Trolling|152/394 par|[from] item: Leftovers","|turn|11","|","|move|p1a: RIP Mascot|Air Slash|p2a: Trolling|[miss]","|-miss|p1a: RIP Mascot|p2a: Trolling","|move|p2a: Trolling|Moonblast|p1a: RIP Mascot","|-damage|p1a: RIP Mascot|0 fnt","|faint|p1a: RIP Mascot","|","|-heal|p2a: Trolling|176/394 par|[from] item: Leftovers","|","|switch|p1a: Megazard X|Gyarados, F, shiny|331/331","|-ability|p1a: Megazard X|Intimidate","|-unboost|p2a: Trolling|atk|1","|turn|12","|","|move|p1a: Megazard X|Dragon Dance|p1a: Megazard X","|-boost|p1a: Megazard X|atk|1","|-boost|p1a: Megazard X|spe|1","|move|p2a: Trolling|Moonlight|p2a: Trolling","|-heal|p2a: Trolling|373/394 par","|","|-heal|p2a: Trolling|394/394 par|[from] item: Leftovers","|turn|13","|","|move|p1a: Megazard X|Dragon Dance|p1a: Megazard X","|-boost|p1a: Megazard X|atk|1","|-boost|p1a: Megazard X|spe|1","|cant|p2a: Trolling|par","|","|turn|14","|","|detailschange|p1a: Megazard X|Gyarados-Mega, F, shiny","|-mega|p1a: Megazard X|Gyarados|Gyaradosite","|-ability|p1a: Megazard X|Mold Breaker","|move|p1a: Megazard X|Waterfall|p2a: Trolling","|-damage|p2a: Trolling|0 fnt","|faint|p2a: Trolling","|","|","|switch|p2a: Which Key Was It?|Klefki, M|317/317","|turn|15","|","|move|p2a: Which Key Was It?|Thunder Wave|p1a: Megazard X","|-status|p1a: Megazard X|par","|move|p1a: Megazard X|Earthquake|p2a: Which Key Was It?","|-supereffective|p2a: Which Key Was It?","|-damage|p2a: Which Key Was It?|0 fnt","|faint|p2a: Which Key Was It?","|","|","|switch|p2a: The Rock Fairy|Diancie|241/241","|turn|16","|","|switch|p1a: Come At Me|Skarmory, M|333/333","|detailschange|p2a: The Rock Fairy|Diancie-Mega","|-mega|p2a: The Rock Fairy|Diancie|Diancite","|move|p2a: The Rock Fairy|Protect|p2a: The Rock Fairy","|-fail|p2a: The Rock Fairy","|","|turn|17","|","|move|p2a: The Rock Fairy|Diamond Storm|p1a: Come At Me","|-damage|p1a: Come At Me|233/333","|-boost|p2a: The Rock Fairy|def|1","|move|p1a: Come At Me|Roost|p1a: Come At Me","|-heal|p1a: Come At Me|333/333","|","|turn|18","|","|move|p2a: The Rock Fairy|Diamond Storm|p1a: Come At Me","|-damage|p1a: Come At Me|239/333","|move|p1a: Come At Me|Counter|p2a: The Rock Fairy","|-damage|p2a: The Rock Fairy|53/241","|","|turn|19","|","|switch|p2a: Swizzle|Togekiss, M|311/311","|move|p1a: Come At Me|Roost|p1a: Come At Me","|-heal|p1a: Come At Me|333/333","|","|turn|20","|","|move|p2a: Swizzle|Flamethrower|p1a: Come At Me","|-supereffective|p1a: Come At Me","|-damage|p1a: Come At Me|85/333","|move|p1a: Come At Me|Stealth Rock|p2a: Swizzle","|-sidestart|p2: Imp Pokepat|move: Stealth Rock","|","|turn|21","|","|switch|p1a: ~~Missing Altaria~|Dragonite, F|323/323","|move|p2a: Swizzle|Flamethrower|p1a: ~~Missing Altaria~","|-resisted|p1a: ~~Missing Altaria~","|-damage|p1a: ~~Missing Altaria~|296/323","|","|turn|22","|","|switch|p2a: The Rock Fairy|Diancie-Mega|53/241","|-damage|p2a: The Rock Fairy|23/241|[from] Stealth Rock","|move|p1a: ~~Missing Altaria~|Dragon Dance|p1a: ~~Missing Altaria~","|-boost|p1a: ~~Missing Altaria~|atk|1","|-boost|p1a: ~~Missing Altaria~|spe|1","|","|turn|23","|","|move|p1a: ~~Missing Altaria~|Extreme Speed|p2a: The Rock Fairy","|-resisted|p2a: The Rock Fairy","|-damage|p2a: The Rock Fairy|0 fnt","|faint|p2a: The Rock Fairy","|","|","|switch|p2a: Bunny Rabbit|Azumarill, M|404/404","|-damage|p2a: Bunny Rabbit|354/404|[from] Stealth Rock","|turn|24","|","|move|p1a: ~~Missing Altaria~|Earthquake|p2a: Bunny Rabbit","|-damage|p2a: Bunny Rabbit|123/404","|-enditem|p2a: Bunny Rabbit|Sitrus Berry|[eat]","|-heal|p2a: Bunny Rabbit|224/404|[from] item: Sitrus Berry","|move|p2a: Bunny Rabbit|Play Rough|p1a: ~~Missing Altaria~","|-crit|p1a: ~~Missing Altaria~","|-supereffective|p1a: ~~Missing Altaria~","|-damage|p1a: ~~Missing Altaria~|0 fnt","|faint|p1a: ~~Missing Altaria~","|","|","|switch|p1a: Frostwing|Articuno, shiny|384/384","|-ability|p1a: Frostwing|Pressure","|turn|25","|","|move|p1a: Frostwing|Freeze-Dry|p2a: Bunny Rabbit","|-supereffective|p2a: Bunny Rabbit","|-damage|p2a: Bunny Rabbit|14/404","|move|p2a: Bunny Rabbit|Play Rough|p1a: Frostwing","|-crit|p1a: Frostwing","|-damage|p1a: Frostwing|101/384","|","|-heal|p1a: Frostwing|125/384|[from] item: Leftovers","|turn|26","|","|move|p2a: Bunny Rabbit|Aqua Jet|p1a: Frostwing","|-damage|p1a: Frostwing|32/384","|move|p1a: Frostwing|Roost|p1a: Frostwing","|-heal|p1a: Frostwing|224/384","|","|-heal|p1a: Frostwing|248/384|[from] item: Leftovers","|turn|27","|","|move|p1a: Frostwing|Freeze-Dry|p2a: Bunny Rabbit","|-supereffective|p2a: Bunny Rabbit","|-damage|p2a: Bunny Rabbit|0 fnt","|faint|p2a: Bunny Rabbit","|","|-heal|p1a: Frostwing|272/384|[from] item: Leftovers","|","|switch|p2a: Swizzle|Togekiss, M|311/311","|-damage|p2a: Swizzle|234/311|[from] Stealth Rock","|turn|28","|","|move|p2a: Swizzle|Aura Sphere|p1a: Frostwing","|-damage|p1a: Frostwing|211/384","|move|p1a: Frostwing|Freeze-Dry|p2a: Swizzle","|-supereffective|p2a: Swizzle","|-damage|p2a: Swizzle|88/311","|","|-heal|p1a: Frostwing|235/384|[from] item: Leftovers","|turn|29","|","|win|Rain Mistral"],"p1rating":{"entryid":"218522","serverid":"eos","formatid":"monotype","userid":"rainmistral","username":"Rain Mistral","w":4,"l":"2","t":"0","gxe":58.5,"r":"1512.4638674665","rd":"117.08863037969","sigma":"0","rptime":"1440147600","rpr":1567.4715613815,"rprd":99.127343932329,"rpsigma":"0","acre":1102.415635814,"lacre":1102.415635814,"oldacre":"1080.9299344923"},"p2rating":{"entryid":245418,"formatid":"monotype","userid":"imppokepat","username":"Imp Pokepat","r":1500,"rd":130,"sigma":0,"rpr":1460.758795479,"rprd":122.68098819185,"rpsigma":0,"rptime":1440147600,"w":0,"l":1,"t":0,"gxe":45.1,"acre":1000,"lacre":1000,"oldacre":1000},"endType":"forfeit"}