{"seed":[36644,16881,64314,22876],"turns":30,"p1":"Shining Yin","p2":"Jake1079","p1team":[{"name":"Chansey","species":"Chansey","item":"eviolite","ability":"Natural Cure","moves":["thunderwave","softboiled","seismictoss","stealthrock"],"nature":"Bold","evs":{"hp":0,"atk":0,"def":252,"spa":0,"spd":252,"spe":4},"ivs":{"hp":31,"atk":0,"def":31,"spa":31,"spd":31,"spe":31}},{"name":"Porygon2","species":"Porygon2","item":"eviolite","ability":"Trace","moves":["icebeam","discharge","recover","thunderwave"],"nature":"Calm","evs":{"hp":248,"atk":0,"def":204,"spa":0,"spd":56,"spe":0},"ivs":{"hp":31,"atk":0,"def":31,"spa":31,"spd":31,"spe":31}},{"name":"Pidgeot","species":"Pidgeot","item":"pidgeotite","ability":"Keen Eye","moves":["hurricane","heatwave","defog","roost"],"nature":"Timid","evs":{"hp":0,"atk":0,"def":0,"spa":252,"spd":4,"spe":252},"ivs":{"hp":31,"atk":0,"def":31,"spa":31,"spd":31,"spe":31}},{"name":"Staraptor","species":"Staraptor","item":"choicescarf","ability":"Reckless","moves":["bravebird","uturn","doubleedge","closecombat"],"nature":"Jolly","evs":{"hp":0,"atk":252,"def":0,"spa":0,"spd":4,"spe":252},"ivs":{"hp":31,"atk":31,"def":31,"spa":31,"spd":31,"spe":31}},{"name":"Diggersby","species":"Diggersby","item":"choiceband","ability":"Huge Power","moves":["return","earthquake","knockoff","quickattack"],"nature":"Jolly","evs":{"hp":0,"atk":252,"def":0,"spa":0,"spd":4,"spe":252},"ivs":{"hp":31,"atk":31,"def":31,"spa":31,"spd":31,"spe":31}},{"name":"Heliolisk","species":"Heliolisk","item":"lifeorb","ability":"Dry Skin","moves":["grassknot","voltswitch","surf","focusblast"],"nature":"Timid","evs":{"hp":0,"atk":0,"def":0,"spa":252,"spd":4,"spe":252},"ivs":{"hp":31,"atk":31,"def":31,"spa":31,"spd":31,"spe":31}}],"p2team":[{"name":"Hoopa-Unbound","species":"Hoopa-Unbound","item":"choicescarf","ability":"Magician","moves":["focusblast","thunderbolt","psychic","darkpulse"],"nature":"Timid","evs":{"hp":0,"atk":0,"def":0,"spa":252,"spd":4,"spe":252},"ivs":{"hp":31,"atk":31,"def":31,"spa":31,"spd":31,"spe":31}},{"name":"Mandibuzz","species":"Mandibuzz","item":"rockyhelmet","ability":"Overcoat","moves":["toxic","roost","foulplay","defog"],"nature":"Impish","evs":{"hp":252,"atk":4,"def":252,"spa":0,"spd":0,"spe":0},"ivs":{"hp":31,"atk":31,"def":31,"spa":31,"spd":31,"spe":31}},{"name":"Sableye","species":"Sableye","item":"leftovers","ability":"Prankster","moves":["recover","willowisp","knockoff","taunt"],"nature":"Careful","evs":{"hp":252,"atk":4,"def":0,"spa":0,"spd":252,"spe":0},"ivs":{"hp":31,"atk":31,"def":31,"spa":31,"spd":31,"spe":31}},{"name":"Tyranitar","species":"Tyranitar","item":"tyranitarite","ability":"Unnerve","moves":["crunch","stoneedge","dragondance","earthquake"],"nature":"Adamant","evs":{"hp":0,"atk":252,"def":0,"spa":0,"spd":4,"spe":252},"ivs":{"hp":31,"atk":31,"def":31,"spa":31,"spd":31,"spe":31}},{"name":"Hydreigon","species":"Hydreigon","item":"choicescarf","ability":"Levitate","moves":["uturn","dracometeor","darkpulse","fireblast"],"nature":"Timid","evs":{"hp":0,"atk":0,"def":0,"spa":252,"spd":4,"spe":252},"ivs":{"hp":31,"atk":31,"def":31,"spa":31,"spd":31,"spe":31}},{"name":"Mightyena","species":"Mightyena","item":"choicescarf","ability":"Moxie","moves":["crunch","playrough","icefang","firefang"],"nature":"Jolly","evs":{"hp":0,"atk":252,"def":0,"spa":0,"spd":4,"spe":252},"ivs":{"hp":31,"atk":31,"def":31,"spa":31,"spd":31,"spe":31}}],"log":["|player|p1|Shining Yin|277","|player|p2|Jake1079|281","|gametype|singles","|gen|6","|tier|Monotype","|rated","|rule|Baton Pass Clause: Limit one Baton Passer, can't pass Spe and other stats simultaneously","|rule|Swagger Clause: Swagger is banned","|rule|Same Type Clause: Pokémon in a team must share a type","|clearpoke","|poke|p1|Chansey, F","|poke|p1|Porygon2","|poke|p1|Pidgeot, F","|poke|p1|Staraptor, M","|poke|p1|Diggersby, F","|poke|p1|Heliolisk, M","|poke|p2|Hoopa-Unbound","|poke|p2|Mandibuzz, F","|poke|p2|Sableye, F","|poke|p2|Tyranitar, M","|poke|p2|Hydreigon, M","|poke|p2|Mightyena, F","|rule|Sleep Clause Mod: Limit one foe put to sleep","|rule|Species Clause: Limit one of each Pokémon","|rule|OHKO Clause: OHKO moves are banned","|rule|Moody Clause: Moody is banned","|rule|Evasion Moves Clause: Evasion moves are banned","|rule|Endless Battle Clause: Forcing endless battles is banned","|rule|HP Percentage Mod: HP is shown in percentages","|teampreview","|","|start","|switch|p1a: Diggersby|Diggersby, F|311/311","|switch|p2a: Hydreigon|Hydreigon, M|325/325","|turn|1","|","|switch|p1a: Chansey|Chansey, F|641/641","|move|p2a: Hydreigon|U-turn|p1a: Chansey","|-damage|p1a: Chansey|566/641","|","|switch|p2a: Mandibuzz|Mandibuzz, F|424/424","|","|turn|2","|","|switch|p1a: Pidgeot|Pidgeot, F|307/307","|move|p2a: Mandibuzz|Toxic|p1a: Pidgeot","|-status|p1a: Pidgeot|tox","|","|-damage|p1a: Pidgeot|288/307 tox|[from] psn","|turn|3","|","|switch|p1a: Diggersby|Diggersby, F|311/311","|move|p2a: Mandibuzz|Foul Play|p1a: Diggersby","|-damage|p1a: Diggersby|197/311","|","|turn|4","|","|switch|p1a: Pidgeot|Pidgeot, F|288/307 tox","|move|p2a: Mandibuzz|Toxic|p1a: Pidgeot","|-fail|p1a: Pidgeot|tox","|","|-damage|p1a: Pidgeot|269/307 tox|[from] psn","|turn|5","|","|detailschange|p1a: Pidgeot|Pidgeot-Mega, F","|-mega|p1a: Pidgeot|Pidgeot|Pidgeotite","|move|p1a: Pidgeot|Hurricane|p2a: Mandibuzz","|-damage|p2a: Mandibuzz|222/424","|move|p2a: Mandibuzz|Foul Play|p1a: Pidgeot","|-damage|p1a: Pidgeot|185/307 tox","|","|-damage|p1a: Pidgeot|147/307 tox|[from] psn","|turn|6","|","|move|p1a: Pidgeot|Hurricane|p2a: Mandibuzz","|-damage|p2a: Mandibuzz|24/424","|move|p2a: Mandibuzz|Roost|p2a: Mandibuzz","|-heal|p2a: Mandibuzz|236/424","|","|-damage|p1a: Pidgeot|90/307 tox|[from] psn","|turn|7","|","|move|p1a: Pidgeot|Hurricane|p2a: Mandibuzz","|-damage|p2a: Mandibuzz|32/424","|move|p2a: Mandibuzz|Foul Play|p1a: Pidgeot","|-damage|p1a: Pidgeot|5/307 tox","|","|-damage|p1a: Pidgeot|0 fnt|[from] psn","|faint|p1a: Pidgeot","|","|switch|p1a: Heliolisk|Heliolisk, M|265/265","|turn|8","|","|move|p1a: Heliolisk|Volt Switch|p2a: Mandibuzz","|-supereffective|p2a: Mandibuzz","|-damage|p2a: Mandibuzz|0 fnt","|-damage|p1a: Heliolisk|239/265|[from] item: Life Orb","|faint|p2a: Mandibuzz","|","|switch|p1a: Staraptor|Staraptor, M|311/311","|","|","|switch|p2a: Sableye|Sableye, F|304/304","|turn|9","|","|switch|p1a: Heliolisk|Heliolisk, M|239/265","|move|p2a: Sableye|Will-O-Wisp|p1a: Heliolisk","|-status|p1a: Heliolisk|brn","|","|-damage|p1a: Heliolisk|206/265 brn|[from] brn","|turn|10","|","|move|p1a: Heliolisk|Volt Switch|p2a: Sableye","|-damage|p2a: Sableye|179/304","|-damage|p1a: Heliolisk|180/265 brn|[from] item: Life Orb","|","|switch|p1a: Diggersby|Diggersby, F|197/311","|move|p2a: Sableye|Knock Off|p1a: Diggersby","|-damage|p1a: Diggersby|91/311","|-enditem|p1a: Diggersby|Choice Band|[from] move: Knock Off|[of] p2a: Sableye","|","|-heal|p2a: Sableye|198/304|[from] item: Leftovers","|turn|11","|","|move|p2a: Sableye|Will-O-Wisp|p1a: Diggersby","|-status|p1a: Diggersby|brn","|move|p1a: Diggersby|Earthquake|p2a: Sableye","|-damage|p2a: Sableye|59/304","|","|-heal|p2a: Sableye|78/304|[from] item: Leftovers","|-damage|p1a: Diggersby|53/311 brn|[from] brn","|turn|12","|","|move|p2a: Sableye|Recover|p2a: Sableye","|-heal|p2a: Sableye|230/304","|move|p1a: Diggersby|Knock Off|p2a: Sableye","|-damage|p2a: Sableye|140/304","|-enditem|p2a: Sableye|Leftovers|[from] move: Knock Off|[of] p1a: Diggersby","|","|-damage|p1a: Diggersby|15/311 brn|[from] brn","|turn|13","|","|move|p2a: Sableye|Recover|p2a: Sableye","|-heal|p2a: Sableye|292/304","|move|p1a: Diggersby|Earthquake|p2a: Sableye","|-damage|p2a: Sableye|159/304","|","|-damage|p1a: Diggersby|0 fnt|[from] brn","|faint|p1a: Diggersby","|","|switch|p1a: Staraptor|Staraptor, M|311/311","|turn|14","|","|switch|p1a: Porygon2|Porygon2|373/373","|-ability|p1a: Porygon2|Prankster|[from] ability: Trace|[of] p2a: Sableye","|move|p2a: Sableye|Will-O-Wisp|p1a: Porygon2|[miss]","|-miss|p2a: Sableye|p1a: Porygon2","|","|turn|15","|","|move|p2a: Sableye|Will-O-Wisp|p1a: Porygon2","|-status|p1a: Porygon2|brn","|move|p1a: Porygon2|Discharge|p2a: Sableye","|-damage|p2a: Sableye|102/304","|-status|p2a: Sableye|par","|","|-damage|p1a: Porygon2|327/373 brn|[from] brn","|turn|16","|","|move|p1a: Porygon2|Discharge|p2a: Sableye","|-damage|p2a: Sableye|37/304 par","|move|p2a: Sableye|Knock Off|p1a: Porygon2","|-damage|p1a: Porygon2|267/373 brn","|-enditem|p1a: Porygon2|Eviolite|[from] move: Knock Off|[of] p2a: Sableye","|","|-damage|p1a: Porygon2|221/373 brn|[from] brn","|turn|17","|","|move|p1a: Porygon2|Discharge|p2a: Sableye","|-damage|p2a: Sableye|0 fnt","|faint|p2a: Sableye","|","|-damage|p1a: Porygon2|175/373 brn|[from] brn","|","|switch|p2a: Hydreigon|Hydreigon, M|325/325","|turn|18","|","|move|p1a: Porygon2|Recover|p1a: Porygon2","|-heal|p1a: Porygon2|362/373 brn","|move|p2a: Hydreigon|U-turn|p1a: Porygon2","|-damage|p1a: Porygon2|318/373 brn","|","|switch|p2a: Hoopa-Unbound|Hoopa-Unbound|301/301","|","|-damage|p1a: Porygon2|272/373 brn|[from] brn","|turn|19","|","|move|p1a: Porygon2|Thunder Wave|p2a: Hoopa-Unbound","|-status|p2a: Hoopa-Unbound|par","|cant|p2a: Hoopa-Unbound|par","|","|-damage|p1a: Porygon2|226/373 brn|[from] brn","|turn|20","|","|switch|p1a: Heliolisk|Heliolisk, M|180/265 brn","|move|p2a: Hoopa-Unbound|Focus Blast|p1a: Heliolisk","|-supereffective|p1a: Heliolisk","|-damage|p1a: Heliolisk|0 fnt","|faint|p1a: Heliolisk","|","|","|switch|p1a: Staraptor|Staraptor, M|311/311","|turn|21","|","|move|p1a: Staraptor|U-turn|p2a: Hoopa-Unbound","|-supereffective|p2a: Hoopa-Unbound","|-damage|p2a: Hoopa-Unbound|0 fnt","|faint|p2a: Hoopa-Unbound","|","|switch|p1a: Porygon2|Porygon2|226/373 brn","|","|-damage|p1a: Porygon2|180/373 brn|[from] brn","|","|switch|p2a: Hydreigon|Hydreigon, M|325/325","|-ability|p1a: Porygon2|Levitate|[from] ability: Trace|[of] p2a: Hydreigon","|turn|22","|","|switch|p1a: Chansey|Chansey, F|566/641","|move|p2a: Hydreigon|Draco Meteor|p1a: Chansey","|-damage|p1a: Chansey|443/641","|-unboost|p2a: Hydreigon|spa|2","|","|turn|23","|","|switch|p2a: Tyranitar|Tyranitar, M|341/341","|-ability|p2a: Tyranitar|Unnerve|p1: Shining Yin","|move|p1a: Chansey|Thunder Wave|p2a: Tyranitar","|-status|p2a: Tyranitar|par","|","|turn|24","|","|detailschange|p2a: Tyranitar|Tyranitar-Mega, M","|-mega|p2a: Tyranitar|Tyranitar|Tyranitarite","|-weather|Sandstorm","|move|p1a: Chansey|Stealth Rock|p2a: Tyranitar","|-sidestart|p2: Jake1079|move: Stealth Rock","|move|p2a: Tyranitar|Dragon Dance|p2a: Tyranitar","|-boost|p2a: Tyranitar|atk|1","|-boost|p2a: Tyranitar|spe|1","|","|-weather|Sandstorm|[upkeep]","|-damage|p1a: Chansey|403/641|[from] sandstorm","|turn|25","|","|move|p1a: Chansey|Seismic Toss|p2a: Tyranitar","|-damage|p2a: Tyranitar|241/341 par","|cant|p2a: Tyranitar|par","|","|-weather|Sandstorm|[upkeep]","|-damage|p1a: Chansey|363/641|[from] sandstorm","|turn|26","|","|switch|p1a: Porygon2|Porygon2|180/373 brn","|-ability|p1a: Porygon2|Sand Stream|[from] ability: Trace|[of] p2a: Tyranitar","|move|p2a: Tyranitar|Dragon Dance|p2a: Tyranitar","|-boost|p2a: Tyranitar|atk|1","|-boost|p2a: Tyranitar|spe|1","|","|-weather|Sandstorm|[upkeep]","|-damage|p1a: Porygon2|157/373 brn|[from] sandstorm","|-damage|p1a: Porygon2|111/373 brn|[from] brn","|turn|27","|","|move|p1a: Porygon2|Ice Beam|p2a: Tyranitar","|-damage|p2a: Tyranitar|199/341 par","|move|p2a: Tyranitar|Crunch|p1a: Porygon2","|-damage|p1a: Porygon2|0 fnt","|faint|p1a: Porygon2","|","|-weather|Sandstorm|[upkeep]","|","|switch|p1a: Staraptor|Staraptor, M|311/311","|turn|28","|","|move|p1a: Staraptor|Close Combat|p2a: Tyranitar","|-supereffective|p2a: Tyranitar","|-damage|p2a: Tyranitar|0 fnt","|-unboost|p1a: Staraptor|def|1","|-unboost|p1a: Staraptor|spd|1","|faint|p2a: Tyranitar","|","|-weather|none","|","|switch|p2a: Hydreigon|Hydreigon, M|325/325","|-damage|p2a: Hydreigon|285/325|[from] Stealth Rock","|turn|29","|","|switch|p1a: Chansey|Chansey, F|363/641","|move|p2a: Hydreigon|Draco Meteor|p1a: Chansey","|-damage|p1a: Chansey|243/641","|-unboost|p2a: Hydreigon|spa|2","|","|turn|30","|","|win|Shining Yin"],"p1rating":{"entryid":"71235","serverid":"eos","formatid":"monotype","userid":"shiningyin","username":"Shining Yin","w":38,"l":"18","t":"0","gxe":64.1,"r":"1622.5575309041","rd":"55.410702091367","sigma":"0","rptime":"1440147600","rpr":1610.3559614647,"rprd":48.689040696086,"rpsigma":"0","acre":1175.0723785603,"lacre":1175.0723785603,"oldacre":"1157.2219495774"},"p2rating":{"entryid":"56288","serverid":"eos","formatid":"monotype","userid":"jake1079","username":"Jake1079","w":"11","l":16,"t":"0","gxe":44.7,"r":"1488.700667967","rd":"67.456810627052","sigma":"0","rptime":"1440147600","rpr":1458.9912231304,"rprd":64.364445451751,"rpsigma":"0","acre":1041.979311999,"lacre":1041.979311999,"oldacre":"1055.0113396637"},"endType":"forfeit"}