{"seed":[51785,61513,33551,5294],"turns":27,"p1":"Sjado","p2":"Apex Salamence","p1team":[{"name":"Sableye","species":"Sableye","item":"leftovers","ability":"Prankster","moves":["taunt","willowisp","foulplay","recover"],"nature":"Impish","evs":{"hp":252,"atk":0,"def":4,"spa":0,"spd":252,"spe":0},"ivs":{"hp":31,"atk":31,"def":31,"spa":31,"spd":31,"spe":31}},{"name":"Umbreon","species":"Umbreon","item":"leftovers","ability":"Synchronize","moves":["wish","protect","foulplay","toxic"],"nature":"Calm","evs":{"hp":252,"atk":0,"def":4,"spa":0,"spd":252,"spe":0},"ivs":{"hp":31,"atk":31,"def":31,"spa":31,"spd":31,"spe":31}},{"name":"Mandibuzz","species":"Mandibuzz","item":"leftovers","ability":"Overcoat","moves":["defog","bravebird","roost","whirlwind"],"nature":"Impish","evs":{"hp":252,"atk":4,"def":252,"spa":0,"spd":0,"spe":0},"ivs":{"hp":31,"atk":31,"def":31,"spa":31,"spd":31,"spe":31}},{"name":"Sharpedo","species":"Sharpedo","item":"sharpedonite","ability":"Speed Boost","moves":["protect","crunch","waterfall","icefang"],"nature":"Jolly","evs":{"hp":0,"atk":252,"def":0,"spa":0,"spd":4,"spe":252},"ivs":{"hp":31,"atk":31,"def":31,"spa":31,"spd":31,"spe":31}},{"name":"Bisharp","species":"Bisharp","item":"focussash","ability":"Defiant","moves":["swordsdance","suckerpunch","ironhead","lowkick"],"nature":"Jolly","evs":{"hp":0,"atk":252,"def":4,"spa":0,"spd":0,"spe":252},"ivs":{"hp":31,"atk":31,"def":31,"spa":31,"spd":31,"spe":31}},{"name":"Hydreigon","species":"Hydreigon","item":"lifeorb","ability":"Levitate","moves":["dracometeor","darkpulse","fireblast","earthpower"],"nature":"Timid","evs":{"hp":0,"atk":0,"def":0,"spa":252,"spd":4,"spe":252},"ivs":{"hp":31,"atk":31,"def":31,"spa":31,"spd":31,"spe":31}}],"p2team":[{"name":"Monkey","species":"infernape","item":"lifeorb","ability":"Iron Fist","moves":["earthquake","firepunch","machpunch","thunderpunch"],"nature":"Jolly","evs":{"hp":0,"atk":252,"def":0,"spa":0,"spd":4,"spe":252},"gender":"M","shiny":true,"ivs":{"hp":31,"atk":31,"def":31,"spa":31,"spd":31,"spe":31}},{"name":"Rocky","species":"terrakion","item":"lifeorb","ability":"Justified","moves":["closecombat","stealthrock","taunt","rockslide"],"nature":"Jolly","evs":{"hp":0,"atk":252,"def":0,"spa":0,"spd":4,"spe":252},"shiny":true,"ivs":{"hp":31,"atk":31,"def":31,"spa":31,"spd":31,"spe":31}},{"name":"Gangsta","species":"toxicroak","item":"blacksludge","ability":"Poison Touch","moves":["drainpunch","poisonjab","thunderpunch","suckerpunch"],"nature":"Adamant","evs":{"hp":252,"atk":252,"def":0,"spa":0,"spd":4,"spe":0},"gender":"M","shiny":true,"ivs":{"hp":31,"atk":31,"def":31,"spa":31,"spd":31,"spe":31}},{"name":"Shrooms","species":"breloom","item":"lifeorb","ability":"Technician","moves":["bulletseed","machpunch","spore","rocktomb"],"nature":"Jolly","evs":{"hp":0,"atk":252,"def":0,"spa":0,"spd":4,"spe":252},"gender":"M","shiny":true,"ivs":{"hp":31,"atk":31,"def":31,"spa":31,"spd":31,"spe":31}},{"name":"Goku","species":"lucario","item":"lifeorb","ability":"Inner Focus","moves":["aurasphere","nastyplot","vacuumwave","flashcannon"],"nature":"Timid","evs":{"hp":0,"atk":0,"def":0,"spa":252,"spd":4,"spe":252},"gender":"M","shiny":true,"ivs":{"hp":31,"atk":31,"def":31,"spa":31,"spd":31,"spe":31}},{"name":"Bugs","species":"heracross","item":"heracronite","ability":"Moxie","moves":["pinmissile","armthrust","rockblast","bulletseed"],"nature":"Adamant","evs":{"hp":248,"atk":252,"def":0,"spa":0,"spd":8,"spe":0},"gender":"M","shiny":true,"ivs":{"hp":31,"atk":31,"def":31,"spa":31,"spd":31,"spe":31}}],"log":["|player|p1|Sjado|168","|player|p2|Apex Salamence|266","|gametype|singles","|gen|6","|tier|Monotype","|rated","|rule|Baton Pass Clause: Limit one Baton Passer, can't pass Spe and other stats simultaneously","|rule|Swagger Clause: Swagger is banned","|rule|Same Type Clause: Pokémon in a team must share a type","|clearpoke","|poke|p1|Sableye, M","|poke|p1|Umbreon, M","|poke|p1|Mandibuzz, F","|poke|p1|Sharpedo, F","|poke|p1|Bisharp, M","|poke|p1|Hydreigon, F","|poke|p2|Infernape, M, shiny","|poke|p2|Terrakion, shiny","|poke|p2|Toxicroak, M, shiny","|poke|p2|Breloom, M, shiny","|poke|p2|Lucario, M, shiny","|poke|p2|Heracross, M, shiny","|rule|Sleep Clause Mod: Limit one foe put to sleep","|rule|Species Clause: Limit one of each Pokémon","|rule|OHKO Clause: OHKO moves are banned","|rule|Moody Clause: Moody is banned","|rule|Evasion Moves Clause: Evasion moves are banned","|rule|Endless Battle Clause: Forcing endless battles is banned","|rule|HP Percentage Mod: HP is shown in percentages","|teampreview","|","|start","|switch|p1a: Mandibuzz|Mandibuzz, F|424/424","|switch|p2a: Rocky|Terrakion, shiny|323/323","|turn|1","|","|switch|p1a: Bisharp|Bisharp, M|271/271","|move|p2a: Rocky|Taunt|p1a: Bisharp","|-start|p1a: Bisharp|move: Taunt","|","|turn|2","|","|move|p2a: Rocky|Stealth Rock|p1a: Bisharp","|-sidestart|p1: Sjado|move: Stealth Rock","|move|p1a: Bisharp|Iron Head|p2a: Rocky","|-supereffective|p2a: Rocky","|-damage|p2a: Rocky|21/323","|","|turn|3","|","|move|p1a: Bisharp|Sucker Punch|p2a: Rocky","|-resisted|p2a: Rocky","|-damage|p2a: Rocky|0 fnt","|faint|p2a: Rocky","|","|-end|p1a: Bisharp|move: Taunt","|","|switch|p2a: Monkey|Infernape, M, shiny|293/293","|turn|4","|","|switch|p1a: Umbreon|Umbreon, M|394/394","|-damage|p1a: Umbreon|345/394|[from] Stealth Rock","|move|p2a: Monkey|Fire Punch|p1a: Umbreon","|-crit|p1a: Umbreon","|-damage|p1a: Umbreon|95/394","|-damage|p2a: Monkey|264/293|[from] item: Life Orb","|","|-heal|p1a: Umbreon|119/394|[from] item: Leftovers","|turn|5","|","|move|p1a: Umbreon|Protect|p1a: Umbreon","|-singleturn|p1a: Umbreon|Protect","|move|p2a: Monkey|Mach Punch|p1a: Umbreon","|-activate|p1a: Umbreon|Protect","|","|-heal|p1a: Umbreon|143/394|[from] item: Leftovers","|turn|6","|","|move|p2a: Monkey|Mach Punch|p1a: Umbreon","|-supereffective|p1a: Umbreon","|-damage|p1a: Umbreon|0 fnt","|-damage|p2a: Monkey|235/293|[from] item: Life Orb","|faint|p1a: Umbreon","|","|","|switch|p1a: Mandibuzz|Mandibuzz, F|424/424","|-damage|p1a: Mandibuzz|318/424|[from] Stealth Rock","|turn|7","|","|move|p2a: Monkey|Thunder Punch|p1a: Mandibuzz","|-supereffective|p1a: Mandibuzz","|-damage|p1a: Mandibuzz|154/424","|-damage|p2a: Monkey|206/293|[from] item: Life Orb","|move|p1a: Mandibuzz|Roost|p1a: Mandibuzz","|-heal|p1a: Mandibuzz|366/424","|","|-heal|p1a: Mandibuzz|392/424|[from] item: Leftovers","|turn|8","|","|move|p2a: Monkey|Fire Punch|p1a: Mandibuzz","|-damage|p1a: Mandibuzz|270/424","|-damage|p2a: Monkey|177/293|[from] item: Life Orb","|move|p1a: Mandibuzz|Defog|p2a: Monkey","|-unboost|p2a: Monkey|evasion|1","|-sideend|p1: Sjado|Stealth Rock|[from] move: Defog|[of] p1a: Mandibuzz","|","|-heal|p1a: Mandibuzz|296/424|[from] item: Leftovers","|turn|9","|","|move|p2a: Monkey|Fire Punch|p1a: Mandibuzz","|-damage|p1a: Mandibuzz|179/424","|-damage|p2a: Monkey|148/293|[from] item: Life Orb","|move|p1a: Mandibuzz|Roost|p1a: Mandibuzz","|-heal|p1a: Mandibuzz|391/424","|","|-heal|p1a: Mandibuzz|417/424|[from] item: Leftovers","|turn|10","|","|switch|p2a: Shrooms|Breloom, M, shiny|261/261","|move|p1a: Mandibuzz|Brave Bird|p2a: Shrooms","|-supereffective|p2a: Shrooms","|-damage|p2a: Shrooms|0 fnt","|-damage|p1a: Mandibuzz|331/424|[from] recoil|[of] p2a: Shrooms","|faint|p2a: Shrooms","|","|-heal|p1a: Mandibuzz|357/424|[from] item: Leftovers","|","|switch|p2a: Goku|Lucario, M, shiny|281/281","|turn|11","|","|move|p2a: Goku|Nasty Plot|p2a: Goku","|-boost|p2a: Goku|spa|2","|move|p1a: Mandibuzz|Brave Bird|p2a: Goku","|-damage|p2a: Goku|142/281","|-damage|p1a: Mandibuzz|311/424|[from] recoil|[of] p2a: Goku","|","|-heal|p1a: Mandibuzz|337/424|[from] item: Leftovers","|turn|12","|","|move|p2a: Goku|Aura Sphere|p1a: Mandibuzz","|-damage|p1a: Mandibuzz|0 fnt","|-damage|p2a: Goku|114/281|[from] item: Life Orb","|faint|p1a: Mandibuzz","|","|","|switch|p1a: Hydreigon|Hydreigon, F|325/325","|turn|13","|","|move|p2a: Goku|Vacuum Wave|p1a: Hydreigon","|-supereffective|p1a: Hydreigon","|-damage|p1a: Hydreigon|0 fnt","|-damage|p2a: Goku|86/281|[from] item: Life Orb","|faint|p1a: Hydreigon","|","|","|switch|p1a: Bisharp|Bisharp, M|271/271","|turn|14","|","|move|p2a: Goku|Aura Sphere|p1a: Bisharp","|-supereffective|p1a: Bisharp","|-enditem|p1a: Bisharp|Focus Sash","|-damage|p1a: Bisharp|1/271","|-damage|p2a: Goku|58/281|[from] item: Life Orb","|move|p1a: Bisharp|Low Kick|p2a: Goku","|-supereffective|p2a: Goku","|-damage|p2a: Goku|0 fnt","|faint|p2a: Goku","|","|","|switch|p2a: Monkey|Infernape, M, shiny|148/293","|turn|15","|","|move|p2a: Monkey|Mach Punch|p1a: Bisharp","|-supereffective|p1a: Bisharp","|-damage|p1a: Bisharp|0 fnt","|-damage|p2a: Monkey|119/293|[from] item: Life Orb","|faint|p1a: Bisharp","|","|","|switch|p1a: Sharpedo|Sharpedo, F|281/281","|turn|16","|","|move|p1a: Sharpedo|Protect|p1a: Sharpedo","|-singleturn|p1a: Sharpedo|Protect","|move|p2a: Monkey|Thunder Punch|p1a: Sharpedo","|-activate|p1a: Sharpedo|Protect","|","|-boost|p1a: Sharpedo|spe|1|[from] ability: Speed Boost","|turn|17","|","|detailschange|p1a: Sharpedo|Sharpedo-Mega, F","|-mega|p1a: Sharpedo|Sharpedo|Sharpedonite","|move|p2a: Monkey|Mach Punch|p1a: Sharpedo","|-supereffective|p1a: Sharpedo","|-damage|p1a: Sharpedo|39/281","|-damage|p2a: Monkey|90/293|[from] item: Life Orb","|move|p1a: Sharpedo|Waterfall|p2a: Monkey","|-crit|p2a: Monkey","|-supereffective|p2a: Monkey","|-damage|p2a: Monkey|0 fnt","|faint|p2a: Monkey","|","|","|switch|p2a: Gangsta|Toxicroak, M, shiny|370/370","|turn|18","|","|switch|p1a: Sableye|Sableye, M|304/304","|move|p2a: Gangsta|Sucker Punch|p1a: Sableye","|-fail|p2a: Gangsta","|","|turn|19","|","|move|p1a: Sableye|Will-O-Wisp|p2a: Gangsta","|-status|p2a: Gangsta|brn","|move|p2a: Gangsta|Poison Jab|p1a: Sableye","|-crit|p1a: Sableye","|-resisted|p1a: Sableye","|-damage|p1a: Sableye|248/304","|","|-heal|p1a: Sableye|267/304|[from] item: Leftovers","|-damage|p2a: Gangsta|324/370 brn|[from] brn","|turn|20","|","|move|p2a: Gangsta|Thunder Punch|p1a: Sableye","|-damage|p1a: Sableye|215/304","|move|p1a: Sableye|Foul Play|p2a: Gangsta","|-resisted|p2a: Gangsta","|-damage|p2a: Gangsta|214/370 brn","|","|-heal|p2a: Gangsta|237/370 brn|[from] item: Black Sludge","|-heal|p1a: Sableye|234/304|[from] item: Leftovers","|-damage|p2a: Gangsta|191/370 brn|[from] brn","|turn|21","|","|move|p2a: Gangsta|Poison Jab|p1a: Sableye","|-resisted|p1a: Sableye","|-damage|p1a: Sableye|197/304","|move|p1a: Sableye|Foul Play|p2a: Gangsta","|-resisted|p2a: Gangsta","|-damage|p2a: Gangsta|78/370 brn","|","|-heal|p2a: Gangsta|101/370 brn|[from] item: Black Sludge","|-heal|p1a: Sableye|216/304|[from] item: Leftovers","|-damage|p2a: Gangsta|55/370 brn|[from] brn","|turn|22","|","|move|p1a: Sableye|Recover|p1a: Sableye","|-heal|p1a: Sableye|304/304","|move|p2a: Gangsta|Poison Jab|p1a: Sableye","|-resisted|p1a: Sableye","|-damage|p1a: Sableye|267/304","|","|-heal|p2a: Gangsta|78/370 brn|[from] item: Black Sludge","|-heal|p1a: Sableye|286/304|[from] item: Leftovers","|-damage|p2a: Gangsta|32/370 brn|[from] brn","|turn|23","|","|move|p2a: Gangsta|Poison Jab|p1a: Sableye","|-resisted|p1a: Sableye","|-damage|p1a: Sableye|245/304","|-status|p1a: Sableye|psn","|move|p1a: Sableye|Foul Play|p2a: Gangsta","|-resisted|p2a: Gangsta","|-damage|p2a: Gangsta|0 fnt","|faint|p2a: Gangsta","|","|-heal|p1a: Sableye|264/304 psn|[from] item: Leftovers","|-damage|p1a: Sableye|226/304 psn|[from] psn","|","|switch|p2a: Bugs|Heracross, M, shiny|363/363","|turn|24","|","|detailschange|p2a: Bugs|Heracross-Mega, M, shiny","|-mega|p2a: Bugs|Heracross|Heracronite","|move|p1a: Sableye|Will-O-Wisp|p2a: Bugs","|-status|p2a: Bugs|brn","|move|p2a: Bugs|Pin Missile|p1a: Sableye","|-damage|p1a: Sableye|189/304 psn","|-damage|p1a: Sableye|156/304 psn","|-damage|p1a: Sableye|121/304 psn","|-damage|p1a: Sableye|84/304 psn","|-damage|p1a: Sableye|48/304 psn","|-hitcount|p1a: Sableye|5","|","|-heal|p1a: Sableye|67/304 psn|[from] item: Leftovers","|-damage|p2a: Bugs|318/363 brn|[from] brn","|-damage|p1a: Sableye|29/304 psn|[from] psn","|turn|25","|","|move|p1a: Sableye|Recover|p1a: Sableye","|-heal|p1a: Sableye|181/304 psn","|move|p2a: Bugs|Pin Missile|p1a: Sableye","|-damage|p1a: Sableye|145/304 psn","|-damage|p1a: Sableye|111/304 psn","|-damage|p1a: Sableye|71/304 psn","|-crit|p1a: Sableye","|-damage|p1a: Sableye|18/304 psn","|-damage|p1a: Sableye|0 fnt","|-hitcount|p1a: Sableye|5","|faint|p1a: Sableye","|","|-damage|p2a: Bugs|273/363 brn|[from] brn","|","|switch|p1a: Sharpedo|Sharpedo-Mega, F|39/281","|turn|26","|","|move|p1a: Sharpedo|Protect|p1a: Sharpedo","|-singleturn|p1a: Sharpedo|Protect","|move|p2a: Bugs|Arm Thrust|p1a: Sharpedo","|-activate|p1a: Sharpedo|Protect","|","|-damage|p2a: Bugs|228/363 brn|[from] brn","|turn|27","|","|move|p1a: Sharpedo|Waterfall|p2a: Bugs","|-damage|p2a: Bugs|96/363 brn","|move|p2a: Bugs|Arm Thrust|p1a: Sharpedo","|-supereffective|p1a: Sharpedo","|-damage|p1a: Sharpedo|0 fnt","|-hitcount|p1a: Sharpedo|1","|faint|p1a: Sharpedo","|","|win|Apex Salamence"],"p1rating":{"entryid":"97728","serverid":"eos","formatid":"monotype","userid":"sjado","username":"Sjado","w":"4","l":3,"t":"0","gxe":53.3,"r":"1587.29471755","rd":"103.1419179108","sigma":"0","rptime":"1440147600","rpr":1525.6613100009,"rprd":95.879552161231,"rpsigma":"0","acre":1066.8428242432,"lacre":1066.8428242432,"oldacre":"1082.8181509411"},"p2rating":{"entryid":"1755","serverid":"eos","formatid":"monotype","userid":"apexsalamence","username":"Apex Salamence","w":17,"l":"11","t":"0","gxe":58.8,"r":"1545.1960980953","rd":"69.032897888715","sigma":"0","rptime":"1440147600","rpr":1568.1264879311,"rprd":61.991412392909,"rpsigma":"0","acre":1203.4292163199,"lacre":1203.4292163199,"oldacre":"1185.6176787185"},"endType":"normal"}