{"seed":[52825,7992,38337,19925],"turns":17,"p1":"Knight Miku","p2":"Apex Salamence","p1team":[{"name":"Manectric","species":"Manectric","item":"manectite","ability":"Static","moves":["voltswitch","hiddenpowerice","thunderbolt","flamethrower"],"nature":"Timid","evs":{"hp":0,"atk":0,"def":0,"spa":252,"spd":4,"spe":252},"ivs":{"hp":31,"atk":0,"def":30,"spa":31,"spd":31,"spe":31}},{"name":"Zapdos","species":"Zapdos","item":"leftovers","ability":"Pressure","moves":["thunderbolt","heatwave","roost","defog"],"nature":"Calm","evs":{"hp":252,"atk":0,"def":5,"spa":0,"spd":252,"spe":0},"ivs":{"hp":31,"atk":0,"def":31,"spa":31,"spd":31,"spe":31}},{"name":"Raikou","species":"Raikou","item":"choicespecs","ability":"Pressure","moves":["hiddenpowerice","thunderbolt","shadowball","extrasensory"],"nature":"Timid","evs":{"hp":0,"atk":0,"def":0,"spa":252,"spd":4,"spe":252},"ivs":{"hp":31,"atk":0,"def":30,"spa":31,"spd":31,"spe":31}},{"name":"Thundurus","species":"Thundurus","item":"lifeorb","ability":"Prankster","moves":["superpower","uturn","thunderwave","taunt"],"nature":"Jolly","evs":{"hp":0,"atk":252,"def":0,"spa":0,"spd":4,"spe":252},"ivs":{"hp":31,"atk":31,"def":31,"spa":31,"spd":31,"spe":31}},{"name":"Stunfisk","species":"Stunfisk","item":"leftovers","ability":"Static","moves":["painsplit","scald","infestation","toxic"],"nature":"Bold","evs":{"hp":248,"atk":0,"def":252,"spa":8,"spd":0,"spe":0},"ivs":{"hp":31,"atk":31,"def":31,"spa":31,"spd":31,"spe":31}},{"name":"Galvantula","species":"Galvantula","item":"focussash","ability":"Compound Eyes","moves":["stickyweb","thunder","bugbuzz","energyball"],"nature":"Timid","evs":{"hp":0,"atk":0,"def":0,"spa":252,"spd":4,"spe":252},"ivs":{"hp":31,"atk":0,"def":31,"spa":31,"spd":31,"spe":31}}],"p2team":[{"name":"Monkey","species":"infernape","item":"lifeorb","ability":"Iron Fist","moves":["earthquake","firepunch","machpunch","thunderpunch"],"nature":"Jolly","evs":{"hp":0,"atk":252,"def":0,"spa":0,"spd":4,"spe":252},"gender":"M","shiny":true,"ivs":{"hp":31,"atk":31,"def":31,"spa":31,"spd":31,"spe":31}},{"name":"Rocky","species":"terrakion","item":"lifeorb","ability":"Justified","moves":["closecombat","stealthrock","taunt","rockslide"],"nature":"Jolly","evs":{"hp":0,"atk":252,"def":0,"spa":0,"spd":4,"spe":252},"shiny":true,"ivs":{"hp":31,"atk":31,"def":31,"spa":31,"spd":31,"spe":31}},{"name":"Gangsta","species":"toxicroak","item":"blacksludge","ability":"Poison Touch","moves":["drainpunch","poisonjab","thunderpunch","suckerpunch"],"nature":"Adamant","evs":{"hp":252,"atk":252,"def":0,"spa":0,"spd":4,"spe":0},"gender":"M","shiny":true,"ivs":{"hp":31,"atk":31,"def":31,"spa":31,"spd":31,"spe":31}},{"name":"Shrooms","species":"breloom","item":"lifeorb","ability":"Technician","moves":["bulletseed","machpunch","spore","rocktomb"],"nature":"Jolly","evs":{"hp":0,"atk":252,"def":0,"spa":0,"spd":4,"spe":252},"gender":"M","shiny":true,"ivs":{"hp":31,"atk":31,"def":31,"spa":31,"spd":31,"spe":31}},{"name":"Goku","species":"lucario","item":"lifeorb","ability":"Inner Focus","moves":["aurasphere","nastyplot","vacuumwave","flashcannon"],"nature":"Timid","evs":{"hp":0,"atk":0,"def":0,"spa":252,"spd":4,"spe":252},"gender":"M","shiny":true,"ivs":{"hp":31,"atk":31,"def":31,"spa":31,"spd":31,"spe":31}},{"name":"Bugs","species":"heracross","item":"heracronite","ability":"Moxie","moves":["pinmissile","armthrust","rockblast","bulletseed"],"nature":"Adamant","evs":{"hp":248,"atk":252,"def":0,"spa":0,"spd":8,"spe":0},"gender":"M","shiny":true,"ivs":{"hp":31,"atk":31,"def":31,"spa":31,"spd":31,"spe":31}}],"log":["|player|p1|Knight Miku|131","|player|p2|Apex Salamence|266","|gametype|singles","|gen|6","|tier|Monotype","|rated","|rule|Baton Pass Clause: Limit one Baton Passer, can't pass Spe and other stats simultaneously","|rule|Swagger Clause: Swagger is banned","|rule|Same Type Clause: Pokémon in a team must share a type","|clearpoke","|poke|p1|Manectric, F","|poke|p1|Zapdos","|poke|p1|Raikou","|poke|p1|Thundurus, M","|poke|p1|Stunfisk, M","|poke|p1|Galvantula, M","|poke|p2|Infernape, M, shiny","|poke|p2|Terrakion, shiny","|poke|p2|Toxicroak, M, shiny","|poke|p2|Breloom, M, shiny","|poke|p2|Lucario, M, shiny","|poke|p2|Heracross, M, shiny","|rule|Sleep Clause Mod: Limit one foe put to sleep","|rule|Species Clause: Limit one of each Pokémon","|rule|OHKO Clause: OHKO moves are banned","|rule|Moody Clause: Moody is banned","|rule|Evasion Moves Clause: Evasion moves are banned","|rule|Endless Battle Clause: Forcing endless battles is banned","|rule|HP Percentage Mod: HP is shown in percentages","|teampreview","|","|start","|switch|p1a: Galvantula|Galvantula, M|281/281","|switch|p2a: Rocky|Terrakion, shiny|323/323","|turn|1","|","|move|p2a: Rocky|Taunt|p1a: Galvantula","|-start|p1a: Galvantula|move: Taunt","|cant|p1a: Galvantula|move: Taunt|Sticky Web","|","|turn|2","|","|switch|p1a: Stunfisk|Stunfisk, M|421/421","|move|p2a: Rocky|Stealth Rock|p1a: Stunfisk","|-sidestart|p1: Knight Miku|move: Stealth Rock","|","|turn|3","|","|move|p2a: Rocky|Close Combat|p1a: Stunfisk","|-damage|p1a: Stunfisk|207/421","|-unboost|p2a: Rocky|def|1","|-unboost|p2a: Rocky|spd|1","|-damage|p2a: Rocky|291/323|[from] item: Life Orb","|move|p1a: Stunfisk|Scald|p2a: Rocky","|-supereffective|p2a: Rocky","|-damage|p2a: Rocky|109/323","|-status|p2a: Rocky|brn","|","|-heal|p1a: Stunfisk|233/421|[from] item: Leftovers","|-damage|p2a: Rocky|69/323 brn|[from] brn","|turn|4","|","|move|p2a: Rocky|Close Combat|p1a: Stunfisk","|-crit|p1a: Stunfisk","|-damage|p1a: Stunfisk|69/421","|-unboost|p2a: Rocky|def|1","|-unboost|p2a: Rocky|spd|1","|-damage|p2a: Rocky|37/323 brn|[from] item: Life Orb","|move|p1a: Stunfisk|Infestation|p2a: Rocky","|-resisted|p2a: Rocky","|-damage|p2a: Rocky|21/323 brn","|-activate|p2a: Rocky|move: Infestation|[of] p1a: Stunfisk","|","|-heal|p1a: Stunfisk|95/421|[from] item: Leftovers","|-damage|p2a: Rocky|0 fnt|[from] brn","|faint|p2a: Rocky","|","|switch|p2a: Shrooms|Breloom, M, shiny|261/261","|turn|5","|","|move|p2a: Shrooms|Bullet Seed|p1a: Stunfisk","|-supereffective|p1a: Stunfisk","|-damage|p1a: Stunfisk|0 fnt","|-hitcount|p1a: Stunfisk|1","|-damage|p2a: Shrooms|235/261|[from] item: Life Orb","|faint|p1a: Stunfisk","|","|","|switch|p1a: Zapdos|Zapdos|384/384","|-damage|p1a: Zapdos|288/384|[from] Stealth Rock","|-ability|p1a: Zapdos|Pressure","|turn|6","|","|move|p2a: Shrooms|Rock Tomb|p1a: Zapdos","|-supereffective|p1a: Zapdos","|-damage|p1a: Zapdos|0 fnt","|-damage|p2a: Shrooms|209/261|[from] item: Life Orb","|faint|p1a: Zapdos","|","|","|switch|p1a: Galvantula|Galvantula, M|281/281","|-damage|p1a: Galvantula|211/281|[from] Stealth Rock","|turn|7","|","|move|p1a: Galvantula|Sticky Web|p2a: Shrooms","|-sidestart|p2: Apex Salamence|move: Sticky Web","|move|p2a: Shrooms|Rock Tomb|p1a: Galvantula","|-supereffective|p1a: Galvantula","|-damage|p1a: Galvantula|0 fnt","|-damage|p2a: Shrooms|183/261|[from] item: Life Orb","|faint|p1a: Galvantula","|","|","|switch|p1a: Raikou|Raikou|321/321","|-damage|p1a: Raikou|281/321|[from] Stealth Rock","|-ability|p1a: Raikou|Pressure","|turn|8","|","|move|p1a: Raikou|Extrasensory|p2a: Shrooms","|-supereffective|p2a: Shrooms","|-damage|p2a: Shrooms|0 fnt","|faint|p2a: Shrooms","|","|","|switch|p2a: Bugs|Heracross, M, shiny|363/363","|-activate|p2a: Bugs|move: Sticky Web","|-unboost|p2a: Bugs|spe|1","|turn|9","|","|switch|p1a: Thundurus|Thundurus, M|299/299","|-damage|p1a: Thundurus|225/299|[from] Stealth Rock","|detailschange|p2a: Bugs|Heracross-Mega, M, shiny","|-mega|p2a: Bugs|Heracross|Heracronite","|move|p2a: Bugs|Arm Thrust|p1a: Thundurus","|-resisted|p1a: Thundurus","|-damage|p1a: Thundurus|201/299","|-resisted|p1a: Thundurus","|-damage|p1a: Thundurus|177/299","|-resisted|p1a: Thundurus","|-damage|p1a: Thundurus|150/299","|-resisted|p1a: Thundurus","|-damage|p1a: Thundurus|124/299","|-resisted|p1a: Thundurus","|-damage|p1a: Thundurus|98/299","|-hitcount|p1a: Thundurus|5","|","|turn|10","|","|move|p1a: Thundurus|Superpower|p2a: Bugs","|-resisted|p2a: Bugs","|-damage|p2a: Bugs|288/363","|-unboost|p1a: Thundurus|atk|1","|-unboost|p1a: Thundurus|def|1","|-damage|p1a: Thundurus|69/299|[from] item: Life Orb","|move|p2a: Bugs|Rock Blast|p1a: Thundurus","|-supereffective|p1a: Thundurus","|-damage|p1a: Thundurus|0 fnt","|-hitcount|p1a: Thundurus|1","|faint|p1a: Thundurus","|","|","|switch|p1a: Manectric|Manectric, F|281/281","|-damage|p1a: Manectric|246/281|[from] Stealth Rock","|turn|11","|","|detailschange|p1a: Manectric|Manectric-Mega, F","|-mega|p1a: Manectric|Manectric|Manectite","|-ability|p1a: Manectric|Intimidate","|-unboost|p2a: Bugs|atk|1","|move|p1a: Manectric|Flamethrower|p2a: Bugs","|-supereffective|p2a: Bugs","|-damage|p2a: Bugs|96/363","|move|p2a: Bugs|Pin Missile|p1a: Manectric|[miss]","|-miss|p2a: Bugs|p1a: Manectric","|","|turn|12","|","|move|p1a: Manectric|Flamethrower|p2a: Bugs","|-supereffective|p2a: Bugs","|-damage|p2a: Bugs|0 fnt","|faint|p2a: Bugs","|","|","|switch|p2a: Goku|Lucario, M, shiny|281/281","|-activate|p2a: Goku|move: Sticky Web","|-unboost|p2a: Goku|spe|1","|turn|13","|","|move|p2a: Goku|Vacuum Wave|p1a: Manectric","|-damage|p1a: Manectric|137/281","|-damage|p2a: Goku|253/281|[from] item: Life Orb","|move|p1a: Manectric|Flamethrower|p2a: Goku","|-supereffective|p2a: Goku","|-damage|p2a: Goku|0 fnt","|faint|p2a: Goku","|","|","|switch|p2a: Gangsta|Toxicroak, M, shiny|370/370","|-activate|p2a: Gangsta|move: Sticky Web","|-unboost|p2a: Gangsta|spe|1","|turn|14","|","|move|p2a: Gangsta|Sucker Punch|p1a: Manectric","|-damage|p1a: Manectric|18/281","|move|p1a: Manectric|Flamethrower|p2a: Gangsta","|-damage|p2a: Gangsta|227/370","|","|-heal|p2a: Gangsta|250/370|[from] item: Black Sludge","|turn|15","|","|move|p1a: Manectric|Thunderbolt|p2a: Gangsta","|-damage|p2a: Gangsta|28/370","|move|p2a: Gangsta|Drain Punch|p1a: Manectric","|-damage|p1a: Manectric|0 fnt","|-heal|p2a: Gangsta|37/370|[from] drain|[of] p1a: Manectric","|faint|p1a: Manectric","|","|-heal|p2a: Gangsta|60/370|[from] item: Black Sludge","|","|switch|p1a: Raikou|Raikou|281/321","|-damage|p1a: Raikou|241/321|[from] Stealth Rock","|-ability|p1a: Raikou|Pressure","|turn|16","|","|move|p2a: Gangsta|Sucker Punch|p1a: Raikou","|-damage|p1a: Raikou|123/321","|move|p1a: Raikou|Extrasensory|p2a: Gangsta","|-supereffective|p2a: Gangsta","|-damage|p2a: Gangsta|0 fnt","|faint|p2a: Gangsta","|","|","|switch|p2a: Monkey|Infernape, M, shiny|293/293","|-activate|p2a: Monkey|move: Sticky Web","|-unboost|p2a: Monkey|spe|1","|turn|17","|","|move|p2a: Monkey|Mach Punch|p1a: Raikou","|-damage|p1a: Raikou|10/321","|-damage|p2a: Monkey|264/293|[from] item: Life Orb","|move|p1a: Raikou|Extrasensory|p2a: Monkey","|-supereffective|p2a: Monkey","|-damage|p2a: Monkey|0 fnt","|faint|p2a: Monkey","|","|win|Knight Miku"],"p1rating":{"entryid":"161090","serverid":"eos","formatid":"monotype","userid":"knightmiku","username":"Knight Miku","w":3,"l":"2","t":"0","gxe":55,"r":"1506.8985589143","rd":"107.16904348661","sigma":"0","rptime":"1440147600","rpr":1539.7087980799,"rprd":102.6614051931,"rpsigma":"0","acre":1106.1993358794,"lacre":1106.1993358794,"oldacre":"1066.1324927358"},"p2rating":{"entryid":"1755","serverid":"eos","formatid":"monotype","userid":"apexsalamence","username":"Apex Salamence","w":"19","l":14,"t":"0","gxe":57,"r":"1545.1960980953","rd":"69.032897888715","sigma":"0","rptime":"1440147600","rpr":1553.5104617789,"rprd":58.129807100326,"rpsigma":"0","acre":1152.7249972742,"lacre":1152.7249972742,"oldacre":"1186.025093012"},"endType":"normal"}