{"seed":[25234,6988,34632,16868],"turns":23,"p1":"Crystal Blade64","p2":"Apex Salamence","p1team":[{"name":"Reckless","species":"staraptor","item":"leftovers","ability":"Intimidate","moves":["bravebird","roost","featherdance","defog"],"nature":"Impish","evs":{"hp":252,"atk":4,"def":252,"spa":0,"spd":0,"spe":0},"ivs":{"hp":31,"atk":31,"def":31,"spa":31,"spd":31,"spe":31}},{"name":"BetterThanYou","species":"ditto","item":"choicescarf","ability":"Imposter","moves":["transform"],"nature":"Bold","evs":{"hp":248,"atk":0,"def":252,"spa":0,"spd":8,"spe":0},"happiness":0,"ivs":{"hp":31,"atk":31,"def":31,"spa":31,"spd":31,"spe":31}},{"name":"Nurse Joy pls","species":"chansey","item":"eviolite","ability":"Natural Cure","moves":["aromatherapy","softboiled","thunderwave","seismictoss"],"nature":"Bold","evs":{"hp":248,"atk":0,"def":252,"spa":0,"spd":8,"spe":0},"ivs":{"hp":31,"atk":31,"def":31,"spa":31,"spd":31,"spe":31}},{"name":"EnergizerBunny","species":"lopunny","item":"lopunnite","ability":"Cute Charm","moves":["fakeout","highjumpkick","icepunch","frustration"],"nature":"Jolly","evs":{"hp":4,"atk":252,"def":0,"spa":0,"spd":0,"spe":252},"happiness":0,"ivs":{"hp":31,"atk":31,"def":31,"spa":31,"spd":31,"spe":31}},{"name":"DownloadFreeRAM","species":"porygon2","item":"eviolite","ability":"Trace","moves":["toxic","recover","icebeam","discharge"],"nature":"Bold","evs":{"hp":248,"atk":0,"def":252,"spa":8,"spd":0,"spe":0},"ivs":{"hp":31,"atk":31,"def":31,"spa":31,"spd":31,"spe":31}},{"name":"Diggersby tho","species":"diggersby","item":"choiceband","ability":"Huge Power","moves":["earthquake","quickattack","frustration","uturn"],"nature":"Adamant","evs":{"hp":4,"atk":252,"def":0,"spa":0,"spd":0,"spe":252},"happiness":0,"ivs":{"hp":31,"atk":31,"def":31,"spa":31,"spd":31,"spe":31}}],"p2team":[{"name":"Monkey","species":"infernape","item":"lifeorb","ability":"Iron Fist","moves":["earthquake","firepunch","machpunch","thunderpunch"],"nature":"Jolly","evs":{"hp":0,"atk":252,"def":0,"spa":0,"spd":4,"spe":252},"gender":"M","shiny":true,"ivs":{"hp":31,"atk":31,"def":31,"spa":31,"spd":31,"spe":31}},{"name":"Rocky","species":"terrakion","item":"lifeorb","ability":"Justified","moves":["closecombat","stealthrock","taunt","rockslide"],"nature":"Jolly","evs":{"hp":0,"atk":252,"def":0,"spa":0,"spd":4,"spe":252},"shiny":true,"ivs":{"hp":31,"atk":31,"def":31,"spa":31,"spd":31,"spe":31}},{"name":"Gangsta","species":"toxicroak","item":"blacksludge","ability":"Poison Touch","moves":["drainpunch","poisonjab","thunderpunch","suckerpunch"],"nature":"Adamant","evs":{"hp":252,"atk":252,"def":0,"spa":0,"spd":4,"spe":0},"gender":"M","shiny":true,"ivs":{"hp":31,"atk":31,"def":31,"spa":31,"spd":31,"spe":31}},{"name":"Shrooms","species":"breloom","item":"lifeorb","ability":"Technician","moves":["bulletseed","machpunch","spore","rocktomb"],"nature":"Jolly","evs":{"hp":0,"atk":252,"def":0,"spa":0,"spd":4,"spe":252},"gender":"M","shiny":true,"ivs":{"hp":31,"atk":31,"def":31,"spa":31,"spd":31,"spe":31}},{"name":"Goku","species":"lucario","item":"lifeorb","ability":"Inner Focus","moves":["aurasphere","nastyplot","vacuumwave","flashcannon"],"nature":"Timid","evs":{"hp":0,"atk":0,"def":0,"spa":252,"spd":4,"spe":252},"gender":"M","shiny":true,"ivs":{"hp":31,"atk":31,"def":31,"spa":31,"spd":31,"spe":31}},{"name":"Bugs","species":"heracross","item":"heracronite","ability":"Moxie","moves":["pinmissile","armthrust","rockblast","bulletseed"],"nature":"Adamant","evs":{"hp":248,"atk":252,"def":0,"spa":0,"spd":8,"spe":0},"gender":"M","shiny":true,"ivs":{"hp":31,"atk":31,"def":31,"spa":31,"spd":31,"spe":31}}],"log":["|player|p1|Crystal Blade64|165","|player|p2|Apex Salamence|266","|gametype|singles","|gen|6","|tier|Monotype","|rated","|rule|Baton Pass Clause: Limit one Baton Passer, can't pass Spe and other stats simultaneously","|rule|Swagger Clause: Swagger is banned","|rule|Same Type Clause: Pokémon in a team must share a type","|clearpoke","|poke|p1|Staraptor, M","|poke|p1|Ditto","|poke|p1|Chansey, F","|poke|p1|Lopunny, F","|poke|p1|Porygon2","|poke|p1|Diggersby, M","|poke|p2|Infernape, M, shiny","|poke|p2|Terrakion, shiny","|poke|p2|Toxicroak, M, shiny","|poke|p2|Breloom, M, shiny","|poke|p2|Lucario, M, shiny","|poke|p2|Heracross, M, shiny","|rule|Sleep Clause Mod: Limit one foe put to sleep","|rule|Species Clause: Limit one of each Pokémon","|rule|OHKO Clause: OHKO moves are banned","|rule|Moody Clause: Moody is banned","|rule|Evasion Moves Clause: Evasion moves are banned","|rule|Endless Battle Clause: Forcing endless battles is banned","|rule|HP Percentage Mod: HP is shown in percentages","|teampreview","|","|start","|switch|p1a: Reckless|Staraptor, M|374/374","|switch|p2a: Rocky|Terrakion, shiny|323/323","|-ability|p1a: Reckless|Intimidate","|-unboost|p2a: Rocky|atk|1","|turn|1","|","|move|p2a: Rocky|Taunt|p1a: Reckless","|-start|p1a: Reckless|move: Taunt","|cant|p1a: Reckless|move: Taunt|Feather Dance","|","|turn|2","|","|move|p2a: Rocky|Stealth Rock|p1a: Reckless","|-sidestart|p1: Crystal Blade64|move: Stealth Rock","|move|p1a: Reckless|Brave Bird|p2a: Rocky","|-damage|p2a: Rocky|133/323","|-damage|p1a: Reckless|311/374|[from] recoil|[of] p2a: Rocky","|","|-heal|p1a: Reckless|334/374|[from] item: Leftovers","|turn|3","|","|move|p2a: Rocky|Rock Slide|p1a: Reckless","|-supereffective|p1a: Reckless","|-damage|p1a: Reckless|116/374","|-damage|p2a: Rocky|101/323|[from] item: Life Orb","|move|p1a: Reckless|Brave Bird|p2a: Rocky","|-damage|p2a: Rocky|0 fnt","|-damage|p1a: Reckless|83/374|[from] recoil|[of] p2a: Rocky","|faint|p2a: Rocky","|","|-heal|p1a: Reckless|106/374|[from] item: Leftovers","|-end|p1a: Reckless|move: Taunt","|","|switch|p2a: Monkey|Infernape, M, shiny|293/293","|turn|4","|","|move|p2a: Monkey|Mach Punch|p1a: Reckless","|-damage|p1a: Reckless|20/374","|-damage|p2a: Monkey|264/293|[from] item: Life Orb","|move|p1a: Reckless|Defog|p2a: Monkey","|-unboost|p2a: Monkey|evasion|1","|-sideend|p1: Crystal Blade64|Stealth Rock|[from] move: Defog|[of] p1a: Reckless","|","|-heal|p1a: Reckless|43/374|[from] item: Leftovers","|turn|5","|","|move|p2a: Monkey|Mach Punch|p1a: Reckless","|-damage|p1a: Reckless|0 fnt","|-damage|p2a: Monkey|235/293|[from] item: Life Orb","|faint|p1a: Reckless","|","|","|switch|p1a: EnergizerBunny|Lopunny, F|272/272","|turn|6","|","|detailschange|p1a: EnergizerBunny|Lopunny-Mega, F","|-mega|p1a: EnergizerBunny|Lopunny|Lopunnite","|move|p1a: EnergizerBunny|Fake Out|p2a: Monkey","|-damage|p2a: Monkey|144/293","|cant|p2a: Monkey|flinch","|","|turn|7","|","|switch|p1a: DownloadFreeRAM|Porygon2|373/373","|-ability|p1a: DownloadFreeRAM|Iron Fist|[from] ability: Trace|[of] p2a: Monkey","|move|p2a: Monkey|Mach Punch|p1a: DownloadFreeRAM","|-supereffective|p1a: DownloadFreeRAM","|-damage|p1a: DownloadFreeRAM|277/373","|-damage|p2a: Monkey|115/293|[from] item: Life Orb","|","|turn|8","|","|move|p2a: Monkey|Fire Punch|p1a: DownloadFreeRAM","|-damage|p1a: DownloadFreeRAM|182/373","|-damage|p2a: Monkey|86/293|[from] item: Life Orb","|move|p1a: DownloadFreeRAM|Toxic|p2a: Monkey","|-status|p2a: Monkey|tox","|","|-damage|p2a: Monkey|68/293 tox|[from] psn","|turn|9","|","|move|p2a: Monkey|Fire Punch|p1a: DownloadFreeRAM","|-damage|p1a: DownloadFreeRAM|83/373","|-damage|p2a: Monkey|39/293 tox|[from] item: Life Orb","|move|p1a: DownloadFreeRAM|Recover|p1a: DownloadFreeRAM","|-heal|p1a: DownloadFreeRAM|270/373","|","|-damage|p2a: Monkey|3/293 tox|[from] psn","|turn|10","|","|move|p2a: Monkey|Fire Punch|p1a: DownloadFreeRAM","|-damage|p1a: DownloadFreeRAM|179/373","|-damage|p2a: Monkey|0 fnt|[from] item: Life Orb","|faint|p2a: Monkey","|move|p1a: DownloadFreeRAM|Recover|p1a: DownloadFreeRAM","|-heal|p1a: DownloadFreeRAM|366/373","|","|","|switch|p2a: Goku|Lucario, M, shiny|281/281","|turn|11","|","|switch|p1a: Nurse Joy pls|Chansey, F|703/703","|move|p2a: Goku|Nasty Plot|p2a: Goku","|-boost|p2a: Goku|spa|2","|","|turn|12","|","|move|p2a: Goku|Aura Sphere|p1a: Nurse Joy pls","|-supereffective|p1a: Nurse Joy pls","|-damage|p1a: Nurse Joy pls|271/703","|-damage|p2a: Goku|253/281|[from] item: Life Orb","|move|p1a: Nurse Joy pls|Thunder Wave|p2a: Goku","|-status|p2a: Goku|par","|","|turn|13","|","|cant|p2a: Goku|par","|move|p1a: Nurse Joy pls|Soft-Boiled|p1a: Nurse Joy pls","|-heal|p1a: Nurse Joy pls|623/703","|","|turn|14","|","|switch|p1a: BetterThanYou|Ditto|299/299","|-transform|p1a: BetterThanYou|p2a: Goku","|move|p2a: Goku|Aura Sphere|p1a: BetterThanYou","|-supereffective|p1a: BetterThanYou","|-damage|p1a: BetterThanYou|0 fnt","|-damage|p2a: Goku|225/281 par|[from] item: Life Orb","|faint|p1a: BetterThanYou","|","|","|switch|p1a: EnergizerBunny|Lopunny-Mega, F|272/272","|turn|15","|","|move|p1a: EnergizerBunny|Fake Out|p2a: Goku","|-resisted|p2a: Goku","|-damage|p2a: Goku|173/281 par","|cant|p2a: Goku|par","|","|turn|16","|","|move|p2a: Goku|Vacuum Wave|p1a: EnergizerBunny","|-supereffective|p1a: EnergizerBunny","|-damage|p1a: EnergizerBunny|0 fnt","|-damage|p2a: Goku|145/281 par|[from] item: Life Orb","|faint|p1a: EnergizerBunny","|","|","|switch|p1a: Diggersby tho|Diggersby, M|312/312","|turn|17","|","|move|p1a: Diggersby tho|Quick Attack|p2a: Goku","|-resisted|p2a: Goku","|-damage|p2a: Goku|49/281 par","|move|p2a: Goku|Vacuum Wave|p1a: Diggersby tho","|-supereffective|p1a: Diggersby tho","|-damage|p1a: Diggersby tho|0 fnt","|-damage|p2a: Goku|21/281 par|[from] item: Life Orb","|faint|p1a: Diggersby tho","|","|","|switch|p1a: DownloadFreeRAM|Porygon2|366/373","|-ability|p1a: DownloadFreeRAM|Inner Focus|[from] ability: Trace|[of] p2a: Goku","|turn|18","|","|move|p2a: Goku|Vacuum Wave|p1a: DownloadFreeRAM","|-supereffective|p1a: DownloadFreeRAM","|-damage|p1a: DownloadFreeRAM|137/373","|-damage|p2a: Goku|0 fnt|[from] item: Life Orb","|faint|p2a: Goku","|move|p1a: DownloadFreeRAM|Discharge|p2: Goku|[notarget]","|-notarget","|","|","|switch|p2a: Shrooms|Breloom, M, shiny|261/261","|turn|19","|","|move|p2a: Shrooms|Spore|p1a: DownloadFreeRAM","|-status|p1a: DownloadFreeRAM|slp","|cant|p1a: DownloadFreeRAM|slp","|","|turn|20","|","|switch|p1a: Nurse Joy pls|Chansey, F|623/703","|move|p2a: Shrooms|Bullet Seed|p1a: Nurse Joy pls","|-damage|p1a: Nurse Joy pls|501/703","|-damage|p1a: Nurse Joy pls|394/703","|-crit|p1a: Nurse Joy pls","|-damage|p1a: Nurse Joy pls|230/703","|-damage|p1a: Nurse Joy pls|109/703","|-hitcount|p1a: Nurse Joy pls|4","|-damage|p2a: Shrooms|235/261|[from] item: Life Orb","|","|turn|21","|","|move|p2a: Shrooms|Mach Punch|p1a: Nurse Joy pls","|-supereffective|p1a: Nurse Joy pls","|-damage|p1a: Nurse Joy pls|0 fnt","|-damage|p2a: Shrooms|209/261|[from] item: Life Orb","|faint|p1a: Nurse Joy pls","|","|","|switch|p1a: DownloadFreeRAM|Porygon2|137/373 slp","|-ability|p1a: DownloadFreeRAM|Technician|[from] ability: Trace|[of] p2a: Shrooms","|turn|22","|","|move|p2a: Shrooms|Rock Tomb|p1a: DownloadFreeRAM","|-damage|p1a: DownloadFreeRAM|63/373 slp","|-unboost|p1a: DownloadFreeRAM|spe|1","|-damage|p2a: Shrooms|183/261|[from] item: Life Orb","|-curestatus|p1a: DownloadFreeRAM|slp","|move|p1a: DownloadFreeRAM|Ice Beam|p2a: Shrooms","|-supereffective|p2a: Shrooms","|-damage|p2a: Shrooms|0 fnt","|faint|p2a: Shrooms","|","|","|switch|p2a: Bugs|Heracross, M, shiny|363/363","|turn|23","|","|detailschange|p2a: Bugs|Heracross-Mega, M, shiny","|-mega|p2a: Bugs|Heracross|Heracronite","|move|p2a: Bugs|Arm Thrust|p1a: DownloadFreeRAM","|-supereffective|p1a: DownloadFreeRAM","|-damage|p1a: DownloadFreeRAM|19/373","|-supereffective|p1a: DownloadFreeRAM","|-damage|p1a: DownloadFreeRAM|0 fnt","|-hitcount|p1a: DownloadFreeRAM|2","|faint|p1a: DownloadFreeRAM","|","|win|Apex Salamence"],"p1rating":{"entryid":"73557","serverid":"eos","formatid":"monotype","userid":"crystalblade64","username":"Crystal Blade64","w":"5","l":2,"t":"0","gxe":60,"r":"1560.8234906758","rd":"107.32790325938","sigma":"0","rptime":"1440147600","rpr":1578.9709181033,"rprd":95.569352571089,"rpsigma":"0","acre":1123.8482656719,"lacre":1123.8482656719,"oldacre":"1144.659307501"},"p2rating":{"entryid":"1755","serverid":"eos","formatid":"monotype","userid":"apexsalamence","username":"Apex Salamence","w":18,"l":"11","t":"0","gxe":60.1,"r":"1545.1960980953","rd":"69.032897888715","sigma":"0","rptime":"1440147600","rpr":1578.1050607348,"rprd":61.127243631742,"rpsigma":"0","acre":1224.240258149,"lacre":1224.240258149,"oldacre":"1203.4292163199"},"endType":"normal"}