{"seed":[22199,49908,41633,31836],"turns":45,"p1":"Void Wiley","p2":"SailorStarshine","p1team":[{"name":"Tuba","species":"slurpuff","item":"sitrusberry","ability":"Unburden","moves":["bellydrum","drainpunch","playrough","aromatherapy"],"nature":"Jolly","evs":{"hp":4,"atk":252,"def":0,"spa":0,"spd":0,"spe":252},"ivs":{"hp":31,"atk":31,"def":31,"spa":31,"spd":31,"spe":31}},{"name":"Clarinet","species":"azumarill","item":"sitrusberry","ability":"Huge Power","moves":["bellydrum","aquajet","brickbreak","playrough"],"nature":"Adamant","evs":{"hp":252,"atk":252,"def":0,"spa":0,"spd":4,"spe":0},"ivs":{"hp":31,"atk":31,"def":31,"spa":31,"spd":31,"spe":31}},{"name":"Flute","species":"gardevoir","item":"gardevoirite","ability":"Synchronize","moves":["psyshock","hypervoice","energyball","focusblast"],"nature":"Timid","evs":{"hp":4,"atk":0,"def":0,"spa":252,"spd":0,"spe":252},"ivs":{"hp":31,"atk":31,"def":31,"spa":31,"spd":31,"spe":31}},{"name":"Alto","species":"togekiss","item":"choicescarf","ability":"Serene Grace","moves":["airslash","flamethrower","aurasphere","dazzlinggleam"],"nature":"Timid","evs":{"hp":0,"atk":0,"def":0,"spa":252,"spd":4,"spe":252},"ivs":{"hp":31,"atk":31,"def":31,"spa":31,"spd":31,"spe":31}},{"name":"Sax","species":"klefki","item":"lightclay","ability":"Prankster","moves":["thunderwave","lightscreen","reflect","foulplay"],"nature":"Bold","evs":{"hp":248,"atk":0,"def":252,"spa":0,"spd":8,"spe":0},"ivs":{"hp":31,"atk":31,"def":31,"spa":31,"spd":31,"spe":31}},{"name":"Trumpet","species":"sylveon","item":"leftovers","ability":"Pixilate","moves":["hypervoice","wish","protect","calmmind"],"nature":"Bold","evs":{"hp":252,"atk":0,"def":252,"spa":4,"spd":0,"spe":0},"ivs":{"hp":31,"atk":31,"def":31,"spa":31,"spd":31,"spe":31}}],"p2team":[{"name":"Klefki","species":"Klefki","item":"choicescarf","ability":"Prankster","moves":["thunderwave","calmmind","switcheroo","drainingkiss"],"nature":"Bold","evs":{"hp":252,"atk":0,"def":252,"spa":0,"spd":0,"spe":0},"ivs":{"hp":31,"atk":31,"def":31,"spa":31,"spd":31,"spe":31}},{"name":"Togekiss","species":"Togekiss","item":"babiriberry","ability":"Serene Grace","moves":["flamethrower","airslash","roost","nastyplot"],"nature":"Calm","evs":{"hp":248,"atk":0,"def":0,"spa":8,"spd":252,"spe":0},"ivs":{"hp":31,"atk":31,"def":31,"spa":31,"spd":31,"spe":31}},{"name":"Gardevoir","species":"Gardevoir","item":"assaultvest","ability":"Trace","moves":["psychic","moonblast","focusblast","energyball"],"nature":"Modest","evs":{"hp":248,"atk":0,"def":0,"spa":252,"spd":8,"spe":0},"ivs":{"hp":31,"atk":31,"def":31,"spa":31,"spd":31,"spe":31}},{"name":"Azumarill","species":"Azumarill","item":"sitrusberry","ability":"Huge Power","moves":["playrough","aquatail","superpower","icepunch"],"nature":"Adamant","evs":{"hp":248,"atk":252,"def":0,"spa":0,"spd":8,"spe":0},"ivs":{"hp":31,"atk":31,"def":31,"spa":31,"spd":31,"spe":31}},{"name":"Whimsicott","species":"Whimsicott","item":"leftovers","ability":"Prankster","moves":["stunspore","encore","leechseed","uturn"],"nature":"Bold","evs":{"hp":252,"atk":0,"def":128,"spa":0,"spd":128,"spe":0},"ivs":{"hp":31,"atk":31,"def":31,"spa":31,"spd":31,"spe":31}},{"name":"Diancie","species":"Diancie","item":"diancite","ability":"Clear Body","moves":["moonblast","diamondstorm","earthpower","protect"],"nature":"","evs":{"hp":252,"atk":0,"def":0,"spa":252,"spd":4,"spe":0},"ivs":{"hp":31,"atk":31,"def":31,"spa":31,"spd":31,"spe":31}}],"log":["|player|p1|Void Wiley|voidwiley.png","|player|p2|SailorStarshine|101","|gametype|singles","|gen|6","|tier|Monotype","|rated","|rule|Baton Pass Clause: Limit one Baton Passer, can't pass Spe and other stats simultaneously","|rule|Swagger Clause: Swagger is banned","|rule|Same Type Clause: Pokémon in a team must share a type","|clearpoke","|poke|p1|Slurpuff, F","|poke|p1|Azumarill, M","|poke|p1|Gardevoir, M","|poke|p1|Togekiss, F","|poke|p1|Klefki, F","|poke|p1|Sylveon, F","|poke|p2|Klefki, M","|poke|p2|Togekiss, F","|poke|p2|Gardevoir, F","|poke|p2|Azumarill, F","|poke|p2|Whimsicott, F","|poke|p2|Diancie","|rule|Sleep Clause Mod: Limit one foe put to sleep","|rule|Species Clause: Limit one of each Pokémon","|rule|OHKO Clause: OHKO moves are banned","|rule|Moody Clause: Moody is banned","|rule|Evasion Moves Clause: Evasion moves are banned","|rule|Endless Battle Clause: Forcing endless battles is banned","|rule|HP Percentage Mod: HP is shown in percentages","|teampreview","|","|start","|switch|p1a: Clarinet|Azumarill, M|404/404","|switch|p2a: Klefki|Klefki, M|318/318","|turn|1","|","|move|p2a: Klefki|Switcheroo|p1a: Clarinet","|-activate|p2a: Klefki|move: Trick|[of] p1a: Clarinet","|-item|p1a: Clarinet|Choice Scarf|[from] Trick","|-item|p2a: Klefki|Sitrus Berry|[from] Trick","|move|p1a: Clarinet|Belly Drum|p1a: Clarinet","|-damage|p1a: Clarinet|202/404","|-setboost|p1a: Clarinet|atk|6|[from] move: Belly Drum","|","|turn|2","|","|switch|p1a: Sax|Klefki, F|317/317","|move|p2a: Klefki|Thunder Wave|p1a: Sax","|-status|p1a: Sax|par","|","|turn|3","|","|switch|p2a: Whimsicott|Whimsicott, F|324/324","|switch|p1a: Clarinet|Azumarill, M|202/404","|","|turn|4","|","|move|p2a: Whimsicott|Stun Spore|p1a: Clarinet|[miss]","|-miss|p2a: Whimsicott|p1a: Clarinet","|move|p1a: Clarinet|Play Rough|p2a: Whimsicott","|-damage|p2a: Whimsicott|144/324","|","|-heal|p2a: Whimsicott|164/324|[from] item: Leftovers","|turn|5","|","|move|p2a: Whimsicott|Stun Spore|p1a: Clarinet","|-status|p1a: Clarinet|par","|move|p1a: Clarinet|Play Rough|p2a: Whimsicott","|-damage|p2a: Whimsicott|0 fnt","|faint|p2a: Whimsicott","|","|","|switch|p2a: Gardevoir|Gardevoir, F|339/339","|-ability|p2a: Gardevoir|Huge Power|[from] ability: Trace|[of] p1a: Clarinet","|turn|6","|","|move|p2a: Gardevoir|Energy Ball|p1a: Clarinet","|-supereffective|p1a: Clarinet","|-damage|p1a: Clarinet|0 fnt","|faint|p1a: Clarinet","|","|","|switch|p1a: Tuba|Slurpuff, F|306/306","|turn|7","|","|switch|p2a: Klefki|Klefki, M|318/318","|move|p1a: Tuba|Belly Drum|p1a: Tuba","|-damage|p1a: Tuba|153/306","|-setboost|p1a: Tuba|atk|6|[from] move: Belly Drum","|-enditem|p1a: Tuba|Sitrus Berry|[eat]","|-heal|p1a: Tuba|229/306|[from] item: Sitrus Berry","|","|turn|8","|","|move|p2a: Klefki|Thunder Wave|p1a: Tuba","|-status|p1a: Tuba|par","|move|p1a: Tuba|Drain Punch|p2a: Klefki","|-damage|p2a: Klefki|112/318","|-heal|p1a: Tuba|306/306 par|[from] drain|[of] p2a: Klefki","|-enditem|p2a: Klefki|Sitrus Berry|[eat]","|-heal|p2a: Klefki|191/318|[from] item: Sitrus Berry","|","|turn|9","|","|move|p2a: Klefki|Draining Kiss|p1a: Tuba","|-damage|p1a: Tuba|245/306 par","|-heal|p2a: Klefki|237/318|[from] drain|[of] p1a: Tuba","|cant|p1a: Tuba|par","|","|turn|10","|","|move|p2a: Klefki|Draining Kiss|p1a: Tuba","|-damage|p1a: Tuba|181/306 par","|-heal|p2a: Klefki|285/318|[from] drain|[of] p1a: Tuba","|cant|p1a: Tuba|par","|","|turn|11","|","|move|p2a: Klefki|Calm Mind|p2a: Klefki","|-boost|p2a: Klefki|spa|1","|-boost|p2a: Klefki|spd|1","|move|p1a: Tuba|Aromatherapy|p1a: Tuba","|-cureteam|p1a: Tuba|[from] move: Aromatherapy","|","|turn|12","|","|move|p2a: Klefki|Thunder Wave|p1a: Tuba","|-status|p1a: Tuba|par","|move|p1a: Tuba|Drain Punch|p2a: Klefki","|-damage|p2a: Klefki|98/318","|-heal|p1a: Tuba|275/306 par|[from] drain|[of] p2a: Klefki","|","|turn|13","|","|move|p2a: Klefki|Draining Kiss|p1a: Tuba","|-damage|p1a: Tuba|181/306 par","|-heal|p2a: Klefki|169/318|[from] drain|[of] p1a: Tuba","|cant|p1a: Tuba|par","|","|turn|14","|","|move|p2a: Klefki|Draining Kiss|p1a: Tuba","|-damage|p1a: Tuba|82/306 par","|-heal|p2a: Klefki|244/318|[from] drain|[of] p1a: Tuba","|cant|p1a: Tuba|par","|","|turn|15","|","|move|p2a: Klefki|Draining Kiss|p1a: Tuba","|-damage|p1a: Tuba|0 fnt","|-heal|p2a: Klefki|306/318|[from] drain|[of] p1a: Tuba","|faint|p1a: Tuba","|","|","|switch|p1a: Flute|Gardevoir, M|278/278","|turn|16","|","|detailschange|p1a: Flute|Gardevoir-Mega, M","|-mega|p1a: Flute|Gardevoir|Gardevoirite","|move|p2a: Klefki|Thunder Wave|p1a: Flute","|-status|p1a: Flute|par","|move|p1a: Flute|Focus Blast|p2a: Klefki|[miss]","|-miss|p1a: Flute|p2a: Klefki","|","|turn|17","|","|move|p2a: Klefki|Calm Mind|p2a: Klefki","|-boost|p2a: Klefki|spa|1","|-boost|p2a: Klefki|spd|1","|move|p1a: Flute|Hyper Voice|p2a: Klefki","|-resisted|p2a: Klefki","|-damage|p2a: Klefki|240/318","|","|turn|18","|","|move|p2a: Klefki|Calm Mind|p2a: Klefki","|-boost|p2a: Klefki|spa|1","|-boost|p2a: Klefki|spd|1","|move|p1a: Flute|Psyshock|p2a: Klefki","|-resisted|p2a: Klefki","|-damage|p2a: Klefki|176/318","|","|turn|19","|","|move|p2a: Klefki|Draining Kiss|p1a: Flute","|-damage|p1a: Flute|181/278 par","|-heal|p2a: Klefki|249/318|[from] drain|[of] p1a: Flute","|move|p1a: Flute|Hyper Voice|p2a: Klefki","|-resisted|p2a: Klefki","|-damage|p2a: Klefki|195/318","|","|turn|20","|","|move|p2a: Klefki|Calm Mind|p2a: Klefki","|-boost|p2a: Klefki|spa|1","|-boost|p2a: Klefki|spd|1","|move|p1a: Flute|Hyper Voice|p2a: Klefki","|-resisted|p2a: Klefki","|-damage|p2a: Klefki|153/318","|","|turn|21","|","|move|p2a: Klefki|Draining Kiss|p1a: Flute","|-damage|p1a: Flute|73/278 par","|-heal|p2a: Klefki|234/318|[from] drain|[of] p1a: Flute","|move|p1a: Flute|Psyshock|p2a: Klefki","|-resisted|p2a: Klefki","|-damage|p2a: Klefki|173/318","|","|turn|22","|","|move|p2a: Klefki|Draining Kiss|p1a: Flute","|-damage|p1a: Flute|0 fnt","|-heal|p2a: Klefki|228/318|[from] drain|[of] p1a: Flute","|faint|p1a: Flute","|","|","|switch|p1a: Trumpet|Sylveon, F|394/394","|turn|23","|","|move|p2a: Klefki|Thunder Wave|p1a: Trumpet","|-status|p1a: Trumpet|par","|move|p1a: Trumpet|Calm Mind|p1a: Trumpet","|-boost|p1a: Trumpet|spa|1","|-boost|p1a: Trumpet|spd|1","|","|turn|24","|","|move|p2a: Klefki|Draining Kiss|p1a: Trumpet","|-damage|p1a: Trumpet|313/394 par","|-heal|p2a: Klefki|289/318|[from] drain|[of] p1a: Trumpet","|move|p1a: Trumpet|Calm Mind|p1a: Trumpet","|-boost|p1a: Trumpet|spa|1","|-boost|p1a: Trumpet|spd|1","|","|-heal|p1a: Trumpet|337/394 par|[from] item: Leftovers","|turn|25","|","|switch|p2a: Togekiss|Togekiss, F|373/373","|move|p1a: Trumpet|Calm Mind|p1a: Trumpet","|-boost|p1a: Trumpet|spa|1","|-boost|p1a: Trumpet|spd|1","|","|-heal|p1a: Trumpet|361/394 par|[from] item: Leftovers","|turn|26","|","|move|p2a: Togekiss|Nasty Plot|p2a: Togekiss","|-boost|p2a: Togekiss|spa|2","|move|p1a: Trumpet|Hyper Voice|p2a: Togekiss","|-damage|p2a: Togekiss|112/373","|","|-heal|p1a: Trumpet|385/394 par|[from] item: Leftovers","|turn|27","|","|move|p2a: Togekiss|Air Slash|p1a: Trumpet","|-damage|p1a: Trumpet|321/394 par","|cant|p1a: Trumpet|flinch","|","|-heal|p1a: Trumpet|345/394 par|[from] item: Leftovers","|turn|28","|","|move|p2a: Togekiss|Air Slash|p1a: Trumpet","|-damage|p1a: Trumpet|281/394 par","|cant|p1a: Trumpet|flinch","|","|-heal|p1a: Trumpet|305/394 par|[from] item: Leftovers","|turn|29","|","|cant|p1a: Trumpet|par","|move|p2a: Togekiss|Air Slash|p1a: Trumpet","|-damage|p1a: Trumpet|242/394 par","|","|-heal|p1a: Trumpet|266/394 par|[from] item: Leftovers","|turn|30","|","|move|p1a: Trumpet|Protect|p1a: Trumpet","|-singleturn|p1a: Trumpet|Protect","|move|p2a: Togekiss|Air Slash|p1a: Trumpet","|-activate|p1a: Trumpet|Protect","|","|-heal|p1a: Trumpet|290/394 par|[from] item: Leftovers","|turn|31","|","|move|p2a: Togekiss|Air Slash|p1a: Trumpet","|-damage|p1a: Trumpet|224/394 par","|cant|p1a: Trumpet|flinch","|","|-heal|p1a: Trumpet|248/394 par|[from] item: Leftovers","|turn|32","|","|move|p2a: Togekiss|Nasty Plot|p2a: Togekiss","|-boost|p2a: Togekiss|spa|2","|move|p1a: Trumpet|Wish|p1a: Trumpet","|","|-heal|p1a: Trumpet|272/394 par|[from] item: Leftovers","|turn|33","|","|move|p1a: Trumpet|Protect|p1a: Trumpet","|-singleturn|p1a: Trumpet|Protect","|move|p2a: Togekiss|Air Slash|p1a: Trumpet","|-activate|p1a: Trumpet|Protect","|","|-heal|p1a: Trumpet|394/394 par|[from] move: Wish|[wisher] Trumpet","|turn|34","|","|move|p2a: Togekiss|Air Slash|p1a: Trumpet","|-damage|p1a: Trumpet|285/394 par","|cant|p1a: Trumpet|flinch","|","|-heal|p1a: Trumpet|309/394 par|[from] item: Leftovers","|turn|35","|","|move|p2a: Togekiss|Nasty Plot|p2a: Togekiss","|-boost|p2a: Togekiss|spa|2","|move|p1a: Trumpet|Hyper Voice|p2a: Togekiss","|-damage|p2a: Togekiss|0 fnt","|faint|p2a: Togekiss","|","|-heal|p1a: Trumpet|333/394 par|[from] item: Leftovers","|","|switch|p2a: Diancie|Diancie|304/304","|turn|36","|","|detailschange|p2a: Diancie|Diancie-Mega","|-mega|p2a: Diancie|Diancie|Diancite","|move|p2a: Diancie|Diamond Storm|p1a: Trumpet","|-damage|p1a: Trumpet|152/394 par","|-boost|p2a: Diancie|def|1","|cant|p1a: Trumpet|par","|","|-heal|p1a: Trumpet|176/394 par|[from] item: Leftovers","|turn|37","|","|move|p1a: Trumpet|Protect|p1a: Trumpet","|-singleturn|p1a: Trumpet|Protect","|move|p2a: Diancie|Diamond Storm|p1a: Trumpet","|-activate|p1a: Trumpet|Protect","|","|-heal|p1a: Trumpet|200/394 par|[from] item: Leftovers","|turn|38","|","|move|p2a: Diancie|Diamond Storm|p1a: Trumpet","|-damage|p1a: Trumpet|38/394 par","|-boost|p2a: Diancie|def|1","|cant|p1a: Trumpet|par","|","|-heal|p1a: Trumpet|62/394 par|[from] item: Leftovers","|turn|39","|","|move|p1a: Trumpet|Protect|p1a: Trumpet","|-singleturn|p1a: Trumpet|Protect","|move|p2a: Diancie|Diamond Storm|p1a: Trumpet","|-activate|p1a: Trumpet|Protect","|","|-heal|p1a: Trumpet|86/394 par|[from] item: Leftovers","|turn|40","|","|move|p1a: Trumpet|Protect|p1a: Trumpet","|-singleturn|p1a: Trumpet|Protect","|move|p2a: Diancie|Diamond Storm|p1a: Trumpet","|-activate|p1a: Trumpet|Protect","|","|-heal|p1a: Trumpet|110/394 par|[from] item: Leftovers","|turn|41","|","|cant|p1a: Trumpet|par","|move|p2a: Diancie|Diamond Storm|p1a: Trumpet","|-crit|p1a: Trumpet","|-damage|p1a: Trumpet|0 fnt","|faint|p1a: Trumpet","|","|","|switch|p1a: Alto|Togekiss, F|311/311","|turn|42","|","|move|p1a: Alto|Air Slash|p2a: Diancie","|-resisted|p2a: Diancie","|-damage|p2a: Diancie|249/304","|move|p2a: Diancie|Diamond Storm|p1a: Alto","|-supereffective|p1a: Alto","|-damage|p1a: Alto|0 fnt","|-boost|p2a: Diancie|def|1","|faint|p1a: Alto","|","|","|switch|p1a: Sax|Klefki, F|317/317","|turn|43","|","|move|p2a: Diancie|Earth Power|p1a: Sax","|-supereffective|p1a: Sax","|-damage|p1a: Sax|43/317","|move|p1a: Sax|Foul Play|p2a: Diancie","|-resisted|p2a: Diancie","|-damage|p2a: Diancie|230/304","|","|turn|44","|","|move|p2a: Diancie|Protect|p2a: Diancie","|-singleturn|p2a: Diancie|Protect","|move|p1a: Sax|Foul Play|p2a: Diancie","|-activate|p2a: Diancie|Protect","|","|turn|45","|","|win|Void Wiley"],"p1rating":{"entryid":"91212","serverid":"eos","formatid":"monotype","userid":"voidwiley","username":"Void Wiley","w":16,"l":"6","t":"0","gxe":67.4,"r":"1550.4033229907","rd":"86.298459960567","sigma":"0","rptime":"1440061200","rpr":1639.6245532628,"rprd":68.509357437101,"rpsigma":"0","acre":1243.135234357,"lacre":1243.135234357,"oldacre":"1232.7586328257"},"p2rating":{"entryid":224366,"formatid":"monotype","userid":"sailorstarshine","username":"SailorStarshine","r":1500,"rd":130,"sigma":0,"rpr":1464.1819744672,"rprd":122.4174269398,"rpsigma":0,"rptime":1440061200,"w":0,"l":1,"t":0,"gxe":45.5,"acre":1000,"lacre":1000,"oldacre":1000},"endType":"forfeit"}