{"seed":[7038,41640,16722,43884],"turns":20,"p1":"Rain ☆ S.Herbs","p2":"Inferno Sasuke","p1team":[{"name":"Hippowdon","species":"Hippowdon","item":"leftovers","ability":"Sand Stream","moves":["earthquake","stealthrock","slackoff","toxic"],"nature":"Careful","evs":{"hp":252,"atk":4,"def":252,"spa":0,"spd":0,"spe":0},"shiny":true,"ivs":{"hp":31,"atk":31,"def":31,"spa":31,"spd":31,"spe":31}},{"name":"Landorus","species":"Landorus","item":"assaultvest","ability":"Sheer Force","moves":["sludgewave","earthpower","stoneedge","grassknot"],"nature":"Naive","evs":{"hp":0,"atk":4,"def":0,"spa":252,"spd":0,"spe":252},"shiny":true,"ivs":{"hp":31,"atk":31,"def":31,"spa":31,"spd":31,"spe":31}},{"name":"Gliscor","species":"Gliscor","item":"toxicorb","ability":"Poison Heal","moves":["swordsdance","earthquake","knockoff","poisonjab"],"nature":"Careful","evs":{"hp":244,"atk":0,"def":8,"spa":0,"spd":200,"spe":56},"shiny":true,"ivs":{"hp":31,"atk":31,"def":31,"spa":31,"spd":31,"spe":31}},{"name":"Garchomp","species":"Garchomp","item":"garchompite","ability":"Rough Skin","moves":["dracometeor","earthquake","flamethrower","ironhead"],"nature":"Naive","evs":{"hp":0,"atk":4,"def":0,"spa":252,"spd":0,"spe":252},"shiny":true,"ivs":{"hp":31,"atk":31,"def":31,"spa":31,"spd":31,"spe":31}},{"name":"Excadrill","species":"Excadrill","item":"airballoon","ability":"Sand Rush","moves":["earthquake","ironhead","rockslide","swordsdance"],"nature":"Adamant","evs":{"hp":248,"atk":0,"def":0,"spa":8,"spd":8,"spe":0},"shiny":true,"ivs":{"hp":31,"atk":31,"def":31,"spa":31,"spd":31,"spe":31}},{"name":"Gastrodon","species":"Gastrodon","item":"leftovers","ability":"Storm Drain","moves":["scald","earthpower","toxic","recover"],"nature":"Sassy","evs":{"hp":252,"atk":0,"def":252,"spa":0,"spd":4,"spe":0},"ivs":{"hp":31,"atk":31,"def":31,"spa":31,"spd":31,"spe":31}}],"p2team":[{"name":"Gardevoir","species":"Gardevoir","item":"gardevoirite","ability":"Synchronize","moves":["hypervoice","moonblast","calmmind","destinybond"],"nature":"Timid","evs":{"hp":0,"atk":0,"def":0,"spa":252,"spd":4,"spe":252},"ivs":{"hp":31,"atk":31,"def":31,"spa":31,"spd":31,"spe":31}},{"name":"Hoopa-Unbound","species":"Hoopa-Unbound","item":"choicescarf","ability":"Magician","moves":["hyperspacehole","hyperspacefury","energyball","gunkshot"],"nature":"Hasty","evs":{"hp":0,"atk":4,"def":0,"spa":252,"spd":0,"spe":252},"ivs":{"hp":31,"atk":31,"def":31,"spa":31,"spd":31,"spe":31}},{"name":"Slowbro","species":"Slowbro","item":"leftovers","ability":"Regenerator","moves":["flamethrower","calmmind","scald","blizzard"],"nature":"Modest","evs":{"hp":252,"atk":0,"def":0,"spa":252,"spd":4,"spe":0},"shiny":true,"ivs":{"hp":31,"atk":31,"def":31,"spa":31,"spd":31,"spe":31}},{"name":"Victini","species":"Victini","item":"choicescarf","ability":"Victory Star","moves":["finalgambit","vcreate","boltstrike","blueflare"],"nature":"Hasty","evs":{"hp":0,"atk":252,"def":0,"spa":4,"spd":0,"spe":252},"ivs":{"hp":31,"atk":31,"def":31,"spa":31,"spd":31,"spe":31}},{"name":"Mew","species":"Mew","item":"leftovers","ability":"Synchronize","moves":["roost","calmmind","toxic","psyshock"],"nature":"Bold","evs":{"hp":252,"atk":0,"def":252,"spa":4,"spd":0,"spe":0},"shiny":true,"ivs":{"hp":31,"atk":31,"def":31,"spa":31,"spd":31,"spe":31}},{"name":"Deoxys-Defense","species":"Deoxys-Defense","item":"leftovers","ability":"Pressure","moves":["reflect","lightscreen","calmmind","darkpulse"],"nature":"Modest","evs":{"hp":252,"atk":0,"def":0,"spa":252,"spd":4,"spe":0},"shiny":true,"ivs":{"hp":31,"atk":31,"def":31,"spa":31,"spd":31,"spe":31}}],"log":["|player|p1|Rain ☆ S.Herbs|154","|player|p2|Inferno Sasuke|infernosasuke.png","|gametype|singles","|gen|6","|tier|Monotype","|rated","|rule|Baton Pass Clause: Limit one Baton Passer, can't pass Spe and other stats simultaneously","|rule|Swagger Clause: Swagger is banned","|rule|Same Type Clause: Pokémon in a team must share a type","|clearpoke","|poke|p1|Hippowdon, F, shiny","|poke|p1|Landorus, M, shiny","|poke|p1|Gliscor, M, shiny","|poke|p1|Garchomp, M, shiny","|poke|p1|Excadrill, F, shiny","|poke|p1|Gastrodon, F","|poke|p2|Gardevoir, M","|poke|p2|Hoopa-Unbound","|poke|p2|Slowbro, F, shiny","|poke|p2|Victini","|poke|p2|Mew, shiny","|poke|p2|Deoxys-Defense, shiny","|rule|Sleep Clause Mod: Limit one foe put to sleep","|rule|Species Clause: Limit one of each Pokémon","|rule|OHKO Clause: OHKO moves are banned","|rule|Moody Clause: Moody is banned","|rule|Evasion Moves Clause: Evasion moves are banned","|rule|Endless Battle Clause: Forcing endless battles is banned","|rule|HP Percentage Mod: HP is shown in percentages","|teampreview","|","|start","|switch|p1a: Hippowdon|Hippowdon, F, shiny|420/420","|switch|p2a: Gardevoir|Gardevoir, M|277/277","|-weather|Sandstorm","|turn|1","|","|detailschange|p2a: Gardevoir|Gardevoir-Mega, M","|-mega|p2a: Gardevoir|Gardevoir|Gardevoirite","|move|p2a: Gardevoir|Hyper Voice|p1a: Hippowdon","|-damage|p1a: Hippowdon|113/420","|move|p1a: Hippowdon|Toxic|p2a: Gardevoir","|-status|p2a: Gardevoir|tox","|","|-weather|Sandstorm|[upkeep]","|-damage|p2a: Gardevoir|260/277 tox|[from] sandstorm","|-heal|p1a: Hippowdon|139/420|[from] item: Leftovers","|-damage|p2a: Gardevoir|243/277 tox|[from] psn","|turn|2","|","|switch|p1a: Gastrodon|Gastrodon, F|426/426","|move|p2a: Gardevoir|Hyper Voice|p1a: Gastrodon","|-damage|p1a: Gastrodon|165/426","|","|-weather|Sandstorm|[upkeep]","|-damage|p2a: Gardevoir|226/277 tox|[from] sandstorm","|-heal|p1a: Gastrodon|191/426|[from] item: Leftovers","|-damage|p2a: Gardevoir|192/277 tox|[from] psn","|turn|3","|","|switch|p1a: Excadrill|Excadrill, F, shiny|423/423","|-item|p1a: Excadrill|Air Balloon","|move|p2a: Gardevoir|Hyper Voice|p1a: Excadrill","|-resisted|p1a: Excadrill","|-damage|p1a: Excadrill|250/423","|-enditem|p1a: Excadrill|Air Balloon","|","|-weather|Sandstorm|[upkeep]","|-damage|p2a: Gardevoir|175/277 tox|[from] sandstorm","|-damage|p2a: Gardevoir|124/277 tox|[from] psn","|turn|4","|","|move|p1a: Excadrill|Earthquake|p2a: Gardevoir","|-damage|p2a: Gardevoir|0 fnt","|faint|p2a: Gardevoir","|","|-weather|Sandstorm|[upkeep]","|","|switch|p2a: Hoopa-Unbound|Hoopa-Unbound|301/301","|turn|5","|","|move|p2a: Hoopa-Unbound|Energy Ball|p1a: Excadrill","|-damage|p1a: Excadrill|73/423","|move|p1a: Excadrill|Earthquake|p2a: Hoopa-Unbound","|-damage|p2a: Hoopa-Unbound|40/301","|","|-weather|none","|turn|6","|","|switch|p1a: Gliscor|Gliscor, M, shiny|352/352","|move|p2a: Hoopa-Unbound|Energy Ball|p1a: Gliscor","|-damage|p1a: Gliscor|239/352","|","|-status|p1a: Gliscor|tox|[from] item: Toxic Orb","|turn|7","|","|move|p2a: Hoopa-Unbound|Energy Ball|p1a: Gliscor","|-damage|p1a: Gliscor|109/352 tox","|move|p1a: Gliscor|Knock Off|p2a: Hoopa-Unbound","|-damage|p2a: Hoopa-Unbound|0 fnt","|-enditem|p2a: Hoopa-Unbound|Choice Scarf|[from] move: Knock Off|[of] p1a: Gliscor","|faint|p2a: Hoopa-Unbound","|","|-heal|p1a: Gliscor|153/352 tox|[from] ability: Poison Heal","|","|switch|p2a: Slowbro|Slowbro, F, shiny|394/394","|turn|8","|","|switch|p1a: Gastrodon|Gastrodon, F|191/426","|move|p2a: Slowbro|Blizzard|p1a: Gastrodon","|-damage|p1a: Gastrodon|66/426","|","|-heal|p1a: Gastrodon|92/426|[from] item: Leftovers","|turn|9","|","|move|p1a: Gastrodon|Toxic|p2a: Slowbro","|-status|p2a: Slowbro|tox","|move|p2a: Slowbro|Blizzard|p1a: Gastrodon","|-damage|p1a: Gastrodon|0 fnt","|faint|p1a: Gastrodon","|","|-damage|p2a: Slowbro|370/394 tox|[from] psn","|","|switch|p1a: Landorus|Landorus, M, shiny|319/319","|turn|10","|","|move|p1a: Landorus|Grass Knot|p2a: Slowbro","|-supereffective|p2a: Slowbro","|-damage|p2a: Slowbro|148/394 tox","|move|p2a: Slowbro|Scald|p1a: Landorus","|-supereffective|p1a: Landorus","|-damage|p1a: Landorus|71/319","|-status|p1a: Landorus|brn","|","|-heal|p2a: Slowbro|172/394 tox|[from] item: Leftovers","|-damage|p1a: Landorus|32/319 brn|[from] brn","|-damage|p2a: Slowbro|124/394 tox|[from] psn","|turn|11","|","|move|p1a: Landorus|Earth Power|p2a: Slowbro","|-damage|p2a: Slowbro|0 fnt","|faint|p2a: Slowbro","|","|-damage|p1a: Landorus|0 fnt|[from] brn","|faint|p1a: Landorus","|","|switch|p2a: Mew|Mew, shiny|404/404","|switch|p1a: Hippowdon|Hippowdon, F, shiny|139/420","|-weather|Sandstorm","|turn|12","|","|move|p2a: Mew|Calm Mind|p2a: Mew","|-boost|p2a: Mew|spa|1","|-boost|p2a: Mew|spd|1","|move|p1a: Hippowdon|Stealth Rock|p2a: Mew","|-sidestart|p2: Inferno Sasuke|move: Stealth Rock","|","|-weather|Sandstorm|[upkeep]","|-damage|p2a: Mew|379/404|[from] sandstorm","|-heal|p2a: Mew|404/404|[from] item: Leftovers","|-heal|p1a: Hippowdon|165/420|[from] item: Leftovers","|turn|13","|","|move|p2a: Mew|Psyshock|p1a: Hippowdon","|-damage|p1a: Hippowdon|60/420","|move|p1a: Hippowdon|Toxic|p2a: Mew","|-status|p2a: Mew|tox","|-status|p1a: Hippowdon|tox","|","|-weather|Sandstorm|[upkeep]","|-damage|p2a: Mew|379/404 tox|[from] sandstorm","|-heal|p2a: Mew|404/404 tox|[from] item: Leftovers","|-heal|p1a: Hippowdon|86/420 tox|[from] item: Leftovers","|-damage|p2a: Mew|379/404 tox|[from] psn","|-damage|p1a: Hippowdon|60/420 tox|[from] psn","|turn|14","|","|switch|p1a: Gliscor|Gliscor, M, shiny|153/352 tox","|move|p2a: Mew|Psyshock|p1a: Gliscor","|-damage|p1a: Gliscor|27/352 tox","|","|-weather|Sandstorm|[upkeep]","|-damage|p2a: Mew|354/404 tox|[from] sandstorm","|-heal|p2a: Mew|379/404 tox|[from] item: Leftovers","|-heal|p1a: Gliscor|71/352 tox|[from] ability: Poison Heal","|-damage|p2a: Mew|329/404 tox|[from] psn","|turn|15","|","|move|p1a: Gliscor|Knock Off|p2a: Mew","|-supereffective|p2a: Mew","|-damage|p2a: Mew|229/404 tox","|-enditem|p2a: Mew|Leftovers|[from] move: Knock Off|[of] p1a: Gliscor","|move|p2a: Mew|Psyshock|p1a: Gliscor","|-damage|p1a: Gliscor|0 fnt","|faint|p1a: Gliscor","|","|-weather|Sandstorm|[upkeep]","|-damage|p2a: Mew|204/404 tox|[from] sandstorm","|-damage|p2a: Mew|129/404 tox|[from] psn","|","|switch|p1a: Excadrill|Excadrill, F, shiny|73/423","|turn|16","|","|move|p1a: Excadrill|Earthquake|p2a: Mew","|-damage|p2a: Mew|9/404 tox","|move|p2a: Mew|Psyshock|p1a: Excadrill","|-resisted|p1a: Excadrill","|-damage|p1a: Excadrill|0 fnt","|faint|p1a: Excadrill","|","|-weather|none","|-damage|p2a: Mew|0 fnt|[from] psn","|faint|p2a: Mew","|","|switch|p2a: Deoxys-Defense|Deoxys-Defense, shiny|304/304","|switch|p1a: Hippowdon|Hippowdon, F, shiny|60/420 tox","|-damage|p2a: Deoxys-Defense|266/304|[from] Stealth Rock","|-ability|p2a: Deoxys-Defense|Pressure","|-weather|Sandstorm","|turn|17","|","|move|p2a: Deoxys-Defense|Dark Pulse|p1a: Hippowdon","|-damage|p1a: Hippowdon|0 fnt","|faint|p1a: Hippowdon","|","|-weather|Sandstorm|[upkeep]","|-damage|p2a: Deoxys-Defense|247/304|[from] sandstorm","|-heal|p2a: Deoxys-Defense|266/304|[from] item: Leftovers","|","|switch|p1a: Garchomp|Garchomp, M, shiny|357/357","|turn|18","|","|detailschange|p1a: Garchomp|Garchomp-Mega, M, shiny","|-mega|p1a: Garchomp|Garchomp|Garchompite","|move|p1a: Garchomp|Earthquake|p2a: Deoxys-Defense","|-damage|p2a: Deoxys-Defense|95/304","|move|p2a: Deoxys-Defense|Dark Pulse|p1a: Garchomp","|-damage|p1a: Garchomp|281/357","|","|-weather|Sandstorm|[upkeep]","|-damage|p2a: Deoxys-Defense|76/304|[from] sandstorm","|-heal|p2a: Deoxys-Defense|95/304|[from] item: Leftovers","|turn|19","|","|move|p1a: Garchomp|Earthquake|p2a: Deoxys-Defense","|-damage|p2a: Deoxys-Defense|0 fnt","|faint|p2a: Deoxys-Defense","|","|-weather|Sandstorm|[upkeep]","|","|switch|p2a: Victini|Victini|341/341","|-damage|p2a: Victini|256/341|[from] Stealth Rock","|turn|20","|","|move|p2a: Victini|Final Gambit|p1a: Garchomp","|-damage|p1a: Garchomp|25/357","|faint|p2a: Victini","|","|win|Rain ☆ S.Herbs"],"p1rating":{"entryid":"61538","serverid":"eos","formatid":"monotype","userid":"rainsherbs","username":"Rain ☆ S.Herbs","w":9,"l":"9","t":"0","gxe":49.3,"r":"1481.8110158463","rd":"74.653290986421","sigma":"0","rptime":"1440147600","rpr":1494.3722069307,"rprd":73.091378825236,"rpsigma":"0","acre":1086.2921064161,"lacre":1086.2921064161,"oldacre":"1049.2892053307"},"p2rating":{"entryid":"45674","serverid":"eos","formatid":"monotype","userid":"infernosasuke","username":"Inferno Sasuke","w":"11","l":22,"t":"0","gxe":37.8,"r":"1421.9836113511","rd":"62.150269540921","sigma":"0","rptime":"1440147600","rpr":1405.2159385441,"rprd":60.415502258623,"rpsigma":"0","acre":1068.6588740996,"lacre":1068.6588740996,"oldacre":"1096.4202035927"},"endType":"normal"}