{"seed":[59667,47789,63369,65013],"turns":25,"p1":"Mxy Test","p2":"Crystal Umaan","p1team":[{"name":"Hoopa-Unbound","species":"Hoopa-Unbound","item":"focussash","ability":"Magician","moves":["hyperspacefury","hyperspacehole","drainpunch","gunkshot"],"nature":"Naive","evs":{"hp":0,"atk":252,"def":0,"spa":80,"spd":0,"spe":176},"ivs":{"hp":31,"atk":31,"def":31,"spa":31,"spd":31,"spe":31}},{"name":"Hydreigon","species":"Hydreigon","item":"choicescarf","ability":"Levitate","moves":["dracometeor","flamethrower","darkpulse","flashcannon"],"nature":"Modest","evs":{"hp":0,"atk":0,"def":0,"spa":252,"spd":4,"spe":252},"ivs":{"hp":31,"atk":31,"def":31,"spa":31,"spd":31,"spe":31}},{"name":"Umbreon","species":"Umbreon","item":"leftovers","ability":"Synchronize","moves":["foulplay","wish","healbell","protect"],"nature":"Impish","evs":{"hp":248,"atk":0,"def":252,"spa":0,"spd":8,"spe":0},"ivs":{"hp":31,"atk":31,"def":31,"spa":31,"spd":31,"spe":31}},{"name":"Sableye","species":"Sableye","item":"sablenite","ability":"Prankster","moves":["willowisp","calmmind","shadowball","recover"],"nature":"Bold","evs":{"hp":248,"atk":0,"def":180,"spa":0,"spd":80,"spe":0},"ivs":{"hp":31,"atk":31,"def":31,"spa":31,"spd":31,"spe":31}},{"name":"Bisharp","species":"Bisharp","item":"lumberry","ability":"Defiant","moves":["ironhead","suckerpunch","stealthrock","swordsdance"],"nature":"Jolly","evs":{"hp":0,"atk":252,"def":0,"spa":0,"spd":4,"spe":252},"ivs":{"hp":31,"atk":31,"def":31,"spa":31,"spd":31,"spe":31}},{"name":"Honchkrow","species":"Honchkrow","item":"lifeorb","ability":"Moxie","moves":["suckerpunch","bravebird","heatwave","roost"],"nature":"Naive","evs":{"hp":0,"atk":216,"def":0,"spa":40,"spd":0,"spe":252},"ivs":{"hp":31,"atk":31,"def":31,"spa":31,"spd":31,"spe":31}}],"p2team":[{"name":"Danson","species":"flygon","item":"lifeorb","ability":"Levitate","moves":["uturn","dragonclaw","earthquake","defog"],"nature":"Jolly","evs":{"hp":0,"atk":252,"def":0,"spa":0,"spd":4,"spe":252},"gender":"M","ivs":{"hp":31,"atk":31,"def":31,"spa":31,"spd":31,"spe":31}},{"name":"Maj","species":"dragonite","item":"lumberry","ability":"Multiscale","moves":["outrage","extremespeed","ironhead","dragondance"],"nature":"Adamant","evs":{"hp":0,"atk":252,"def":0,"spa":0,"spd":4,"spe":252},"gender":"F","ivs":{"hp":31,"atk":31,"def":31,"spa":31,"spd":31,"spe":31}},{"name":"Nom","species":"garchomp","item":"focussash","ability":"Rough Skin","moves":["dragonclaw","earthquake","ironhead","stealthrock"],"nature":"Jolly","evs":{"hp":0,"atk":252,"def":0,"spa":0,"spd":4,"spe":252},"gender":"F","ivs":{"hp":31,"atk":31,"def":31,"spa":31,"spd":31,"spe":31}},{"name":"Jiggles","species":"goodra","item":"assaultvest","ability":"Gooey","moves":["dragonpulse","flamethrower","thunderbolt","sludgewave"],"nature":"Modest","evs":{"hp":248,"atk":0,"def":0,"spa":252,"spd":8,"spe":0},"gender":"F","ivs":{"hp":31,"atk":31,"def":31,"spa":31,"spd":31,"spe":31}},{"name":"Mickey","species":"noivern","item":"lifeorb","ability":"Infiltrator","moves":["focusblast","dragonpulse","hurricane","flamethrower"],"nature":"Timid","evs":{"hp":0,"atk":0,"def":0,"spa":252,"spd":4,"spe":252},"gender":"M","shiny":true,"ivs":{"hp":31,"atk":31,"def":31,"spa":31,"spd":31,"spe":31}},{"name":"Haxing N00b","species":"haxorus","item":"focussash","ability":"Mold Breaker","moves":["dragondance","dragonclaw","earthquake","poisonjab"],"nature":"Adamant","evs":{"hp":0,"atk":252,"def":0,"spa":0,"spd":36,"spe":220},"shiny":true,"ivs":{"hp":31,"atk":31,"def":31,"spa":31,"spd":31,"spe":31}}],"log":["|player|p1|Mxy Test|270","|player|p2|Crystal Umaan|105","|gametype|singles","|gen|6","|tier|Monotype","|rated","|rule|Baton Pass Clause: Limit one Baton Passer, can't pass Spe and other stats simultaneously","|rule|Swagger Clause: Swagger is banned","|rule|Same Type Clause: Pokémon in a team must share a type","|clearpoke","|poke|p1|Hoopa-Unbound","|poke|p1|Hydreigon, M","|poke|p1|Umbreon, F","|poke|p1|Sableye, M","|poke|p1|Bisharp, F","|poke|p1|Honchkrow, M","|poke|p2|Flygon, M","|poke|p2|Dragonite, F","|poke|p2|Garchomp, F","|poke|p2|Goodra, F","|poke|p2|Noivern, M, shiny","|poke|p2|Haxorus, M, shiny","|rule|Sleep Clause Mod: Limit one foe put to sleep","|rule|Species Clause: Limit one of each Pokémon","|rule|OHKO Clause: OHKO moves are banned","|rule|Moody Clause: Moody is banned","|rule|Evasion Moves Clause: Evasion moves are banned","|rule|Endless Battle Clause: Forcing endless battles is banned","|rule|HP Percentage Mod: HP is shown in percentages","|teampreview","|","|start","|switch|p1a: Sableye|Sableye, M|303/303","|switch|p2a: Nom|Garchomp, F|357/357","|turn|1","|","|detailschange|p1a: Sableye|Sableye-Mega, M","|-mega|p1a: Sableye|Sableye|Sablenite","|move|p1a: Sableye|Will-O-Wisp|p2a: Nom|[miss]","|-miss|p1a: Sableye|p2a: Nom","|move|p2a: Nom|Stealth Rock|p1a: Sableye","|move|p1a: Sableye|Stealth Rock|p2a: Nom|[from]Magic Bounce","|-sidestart|p2: Crystal Umaan|move: Stealth Rock","|","|turn|2","|","|switch|p2a: Danson|Flygon, M|301/301","|-damage|p2a: Danson|283/301|[from] Stealth Rock","|move|p1a: Sableye|Will-O-Wisp|p2a: Danson|[miss]","|-miss|p1a: Sableye|p2a: Danson","|","|turn|3","|","|move|p2a: Danson|Defog|p1a: Sableye","|move|p1a: Sableye|Defog|p2a: Danson|[from]Magic Bounce","|-unboost|p2a: Danson|evasion|1","|-sideend|p2: Crystal Umaan|Stealth Rock|[from] move: Defog|[of] p2a: Danson","|move|p1a: Sableye|Will-O-Wisp|p2a: Danson","|-status|p2a: Danson|brn","|","|-damage|p2a: Danson|246/301 brn|[from] brn","|turn|4","|","|move|p2a: Danson|U-turn|p1a: Sableye","|-damage|p1a: Sableye|276/303","|-damage|p2a: Danson|216/301 brn|[from] item: Life Orb","|","|switch|p2a: Mickey|Noivern, M, shiny|311/311","|move|p1a: Sableye|Calm Mind|p1a: Sableye","|-boost|p1a: Sableye|spa|1","|-boost|p1a: Sableye|spd|1","|","|turn|5","|","|move|p2a: Mickey|Hurricane|p1a: Sableye|[miss]","|-miss|p2a: Mickey|p1a: Sableye","|move|p1a: Sableye|Calm Mind|p1a: Sableye","|-boost|p1a: Sableye|spa|1","|-boost|p1a: Sableye|spd|1","|","|turn|6","|","|move|p2a: Mickey|Hurricane|p1a: Sableye|[miss]","|-miss|p2a: Mickey|p1a: Sableye","|move|p1a: Sableye|Calm Mind|p1a: Sableye","|-boost|p1a: Sableye|spa|1","|-boost|p1a: Sableye|spd|1","|","|turn|7","|","|switch|p2a: Haxing N00b|Haxorus, M, shiny|293/293","|-ability|p2a: Haxing N00b|Mold Breaker","|move|p1a: Sableye|Shadow Ball|p2a: Haxing N00b","|-damage|p2a: Haxing N00b|13/293","|-unboost|p2a: Haxing N00b|spd|1","|","|turn|8","|","|move|p2a: Haxing N00b|Dragon Claw|p1a: Sableye","|-damage|p1a: Sableye|171/303","|move|p1a: Sableye|Shadow Ball|p2a: Haxing N00b","|-damage|p2a: Haxing N00b|0 fnt","|faint|p2a: Haxing N00b","|","|","|switch|p2a: Maj|Dragonite, F|323/323","|turn|9","|","|move|p2a: Maj|Dragon Dance|p2a: Maj","|-boost|p2a: Maj|atk|1","|-boost|p2a: Maj|spe|1","|move|p1a: Sableye|Recover|p1a: Sableye","|-heal|p1a: Sableye|303/303","|","|turn|10","|","|move|p2a: Maj|Dragon Dance|p2a: Maj","|-boost|p2a: Maj|atk|1","|-boost|p2a: Maj|spe|1","|move|p1a: Sableye|Will-O-Wisp|p2a: Maj","|-status|p2a: Maj|brn","|-enditem|p2a: Maj|Lum Berry|[eat]","|-curestatus|p2a: Maj|brn","|","|turn|11","|","|move|p2a: Maj|Outrage|p1a: Sableye","|-damage|p1a: Sableye|11/303","|move|p1a: Sableye|Will-O-Wisp|p2a: Maj","|-status|p2a: Maj|brn","|","|-damage|p2a: Maj|283/323 brn|[from] brn","|turn|12","|","|move|p2a: Maj|Outrage|p1a: Sableye|[from]lockedmove","|-damage|p1a: Sableye|0 fnt","|faint|p1a: Sableye","|","|-damage|p2a: Maj|243/323 brn|[from] brn","|","|switch|p1a: Umbreon|Umbreon, F|393/393","|turn|13","|","|move|p2a: Maj|Outrage|p1a: Umbreon|[from]lockedmove","|-damage|p1a: Umbreon|224/393","|-start|p2a: Maj|confusion|[fatigue]","|move|p1a: Umbreon|Wish|p1a: Umbreon","|","|-heal|p1a: Umbreon|248/393|[from] item: Leftovers","|-damage|p2a: Maj|203/323 brn|[from] brn","|turn|14","|","|-activate|p2a: Maj|confusion","|-damage|p2a: Maj|148/323 brn|[from] confusion","|move|p1a: Umbreon|Foul Play|p2a: Maj","|-crit|p2a: Maj","|-damage|p2a: Maj|0 fnt","|faint|p2a: Maj","|","|-heal|p1a: Umbreon|393/393|[from] move: Wish|[wisher] Umbreon","|","|switch|p2a: Mickey|Noivern, M, shiny|311/311","|turn|15","|","|move|p1a: Umbreon|Protect|p1a: Umbreon","|-singleturn|p1a: Umbreon|Protect","|move|p2a: Mickey|Focus Blast|p1a: Umbreon","|-activate|p1a: Umbreon|Protect","|","|turn|16","|","|move|p2a: Mickey|Focus Blast|p1a: Umbreon","|-supereffective|p1a: Umbreon","|-damage|p1a: Umbreon|149/393","|-damage|p2a: Mickey|280/311|[from] item: Life Orb","|move|p1a: Umbreon|Wish|p1a: Umbreon","|","|-heal|p1a: Umbreon|173/393|[from] item: Leftovers","|turn|17","|","|move|p1a: Umbreon|Protect|p1a: Umbreon","|-singleturn|p1a: Umbreon|Protect","|move|p2a: Mickey|Focus Blast|p1a: Umbreon","|-activate|p1a: Umbreon|Protect","|","|-heal|p1a: Umbreon|369/393|[from] move: Wish|[wisher] Umbreon","|-heal|p1a: Umbreon|393/393|[from] item: Leftovers","|turn|18","|","|move|p2a: Mickey|Focus Blast|p1a: Umbreon","|-supereffective|p1a: Umbreon","|-damage|p1a: Umbreon|159/393","|-damage|p2a: Mickey|249/311|[from] item: Life Orb","|move|p1a: Umbreon|Foul Play|p2a: Mickey","|-crit|p2a: Mickey","|-damage|p2a: Mickey|123/311","|","|-heal|p1a: Umbreon|183/393|[from] item: Leftovers","|turn|19","|","|move|p1a: Umbreon|Protect|p1a: Umbreon","|-singleturn|p1a: Umbreon|Protect","|move|p2a: Mickey|Focus Blast|p1a: Umbreon","|-activate|p1a: Umbreon|Protect","|","|-heal|p1a: Umbreon|207/393|[from] item: Leftovers","|turn|20","|","|switch|p1a: Honchkrow|Honchkrow, M|341/341","|move|p2a: Mickey|Focus Blast|p1a: Honchkrow","|-damage|p1a: Honchkrow|81/341","|-damage|p2a: Mickey|92/311|[from] item: Life Orb","|","|turn|21","|","|move|p1a: Honchkrow|Sucker Punch|p2a: Mickey","|-damage|p2a: Mickey|0 fnt","|-damage|p1a: Honchkrow|47/341|[from] item: Life Orb","|faint|p2a: Mickey","|-boost|p1a: Honchkrow|atk|1|[from] ability: Moxie","|","|","|switch|p2a: Jiggles|Goodra, F|383/383","|turn|22","|","|move|p1a: Honchkrow|Brave Bird|p2a: Jiggles","|-damage|p2a: Jiggles|0 fnt","|-unboost|p1a: Honchkrow|spe|1","|-damage|p1a: Honchkrow|0 fnt|[from] recoil|[of] p2a: Jiggles","|faint|p2a: Jiggles","|faint|p1a: Honchkrow","|","|","|switch|p2a: Nom|Garchomp, F|357/357","|switch|p1a: Hydreigon|Hydreigon, M|325/325","|turn|23","|","|move|p1a: Hydreigon|Draco Meteor|p2a: Nom","|-crit|p2a: Nom","|-supereffective|p2a: Nom","|-enditem|p2a: Nom|Focus Sash","|-damage|p2a: Nom|1/357","|-unboost|p1a: Hydreigon|spa|2","|move|p2a: Nom|Stealth Rock|p1a: Hydreigon","|-sidestart|p1: Mxy Test|move: Stealth Rock","|","|turn|24","|","|move|p1a: Hydreigon|Draco Meteor|p2a: Nom","|-crit|p2a: Nom","|-supereffective|p2a: Nom","|-damage|p2a: Nom|0 fnt","|-unboost|p1a: Hydreigon|spa|2","|faint|p2a: Nom","|","|","|switch|p2a: Danson|Flygon, M|216/301 brn","|turn|25","|","|move|p1a: Hydreigon|Draco Meteor|p2a: Danson","|-supereffective|p2a: Danson","|-damage|p2a: Danson|34/301 brn","|-unboost|p1a: Hydreigon|spa|2","|move|p2a: Danson|Dragon Claw|p1a: Hydreigon","|-supereffective|p1a: Hydreigon","|-damage|p1a: Hydreigon|157/325","|-damage|p2a: Danson|4/301 brn|[from] item: Life Orb","|","|-damage|p2a: Danson|0 fnt|[from] brn","|faint|p2a: Danson","|","|win|Mxy Test"],"p1rating":{"entryid":"231671","serverid":"eos","formatid":"monotype","userid":"mxytest","username":"Mxy Test","w":2,"l":"2","t":"0","gxe":49.6,"r":"1500","rd":"130","sigma":"0","rptime":"1440147600","rpr":1496.7218128836,"rprd":106.42829396066,"rpsigma":"0","acre":1057.6035024632,"lacre":1057.6035024632,"oldacre":"1016.0511122047"},"p2rating":{"entryid":"3483","serverid":"eos","formatid":"monotype","userid":"crystalumaan","username":"Crystal Umaan","w":"3","l":9,"t":"0","gxe":36.1,"r":"1403.1577805107","rd":"86.026828308363","sigma":"0","rptime":"1440147600","rpr":1389.1200776934,"rprd":83.991179238901,"rpsigma":"0","acre":1032.9814349199,"lacre":1032.9814349199,"oldacre":"1052.7870129203"},"endType":"normal"}