{"seed":[63660,6589,28915,14400],"turns":23,"p1":"Kaey","p2":"Guard the stupid","p1team":[{"name":"Diancie","species":"Diancie","item":"leftovers","ability":"Clear Body","moves":["stealthrock","trickroom","diamondstorm","explosion"],"nature":"Brave","evs":{"hp":248,"atk":252,"def":8,"spa":0,"spd":0,"spe":0},"ivs":{"hp":31,"atk":31,"def":31,"spa":31,"spd":31,"spe":0}},{"name":"Sylveon","species":"Sylveon","item":"choicespecs","ability":"Pixilate","moves":["hypervoice","hiddenpowerfire","psyshock","shadowball"],"nature":"Quiet","evs":{"hp":248,"atk":0,"def":8,"spa":252,"spd":0,"spe":0},"gender":"M","ivs":{"hp":31,"atk":0,"def":31,"spa":30,"spd":31,"spe":0}},{"name":"Azumarill","species":"Azumarill","item":"lifeorb","ability":"Huge Power","moves":["playrough","waterfall","superpower","aquajet"],"nature":"Brave","evs":{"hp":248,"atk":252,"def":8,"spa":0,"spd":0,"spe":0},"gender":"M","ivs":{"hp":31,"atk":31,"def":31,"spa":31,"spd":31,"spe":0}},{"name":"Gardevoir","species":"Gardevoir","item":"gardevoirite","ability":"Trace","moves":["hypervoice","psyshock","trickroom","focusblast"],"nature":"Quiet","evs":{"hp":248,"atk":0,"def":0,"spa":252,"spd":8,"spe":0},"gender":"M","ivs":{"hp":31,"atk":0,"def":31,"spa":31,"spd":31,"spe":0},"shiny":true},{"name":"Klefki","species":"Klefki","item":"lightclay","ability":"Prankster","moves":["reflect","lightscreen","foulplay","spikes"],"nature":"Bold","evs":{"hp":248,"atk":0,"def":252,"spa":0,"spd":8,"spe":0},"ivs":{"hp":31,"atk":0,"def":31,"spa":31,"spd":31,"spe":31}},{"name":"Togekiss","species":"Togekiss","item":"choicescarf","ability":"Serene Grace","moves":["airslash","fireblast","defog","trick"],"nature":"Timid","evs":{"hp":0,"atk":0,"def":0,"spa":252,"spd":4,"spe":252},"ivs":{"hp":31,"atk":0,"def":31,"spa":31,"spd":31,"spe":31}}],"p2team":[{"name":"Medicham","species":"Medicham","item":"medichamite","ability":"Pure Power","moves":["fakeout","icepunch","drainpunch","bulletpunch"],"nature":"Adamant","evs":{"hp":152,"atk":252,"def":0,"spa":0,"spd":8,"spe":96},"ivs":{"hp":31,"atk":31,"def":31,"spa":31,"spd":31,"spe":31}},{"name":"Keldeo","species":"Keldeo","item":"choicespecs","ability":"Justified","moves":["hydropump","secretsword","icywind","hiddenpowerfire"],"nature":"Timid","evs":{"hp":0,"atk":0,"def":0,"spa":252,"spd":4,"spe":252},"ivs":{"hp":31,"atk":30,"def":31,"spa":30,"spd":31,"spe":30}},{"name":"Breloom","species":"Breloom","item":"focussash","ability":"Technician","moves":["swordsdance","rocktomb","spore","machpunch"],"nature":"Jolly","evs":{"hp":0,"atk":252,"def":0,"spa":0,"spd":4,"spe":252},"ivs":{"hp":31,"atk":31,"def":31,"spa":31,"spd":31,"spe":31}},{"name":"Conkeldurr","species":"Conkeldurr","item":"assaultvest","ability":"Iron Fist","moves":["poisonjab","drainpunch","rockslide","knockoff"],"nature":"Adamant","evs":{"hp":248,"atk":252,"def":0,"spa":0,"spd":8,"spe":0},"ivs":{"hp":31,"atk":31,"def":31,"spa":31,"spd":31,"spe":31}},{"name":"Terrakion","species":"Terrakion","item":"choicescarf","ability":"Justified","moves":["closecombat","stoneedge","earthquake","ironhead"],"nature":"Jolly","evs":{"hp":0,"atk":252,"def":0,"spa":0,"spd":4,"spe":252},"ivs":{"hp":31,"atk":31,"def":31,"spa":31,"spd":31,"spe":31}},{"name":"Hawlucha","species":"Hawlucha","item":"focussash","ability":"Unburden","moves":["highjumpkick","swordsdance","acrobatics","thunderpunch"],"nature":"Adamant","evs":{"hp":0,"atk":252,"def":0,"spa":0,"spd":4,"spe":252},"ivs":{"hp":31,"atk":31,"def":31,"spa":31,"spd":31,"spe":31}}],"log":["|player|p1|Kaey|167","|player|p2|Guard the stupid|4","|gametype|singles","|gen|6","|tier|Monotype","|rated","|rule|Baton Pass Clause: Limit one Baton Passer, can't pass Spe and other stats simultaneously","|rule|Swagger Clause: Swagger is banned","|rule|Same Type Clause: Pokémon in a team must share a type","|clearpoke","|poke|p1|Diancie","|poke|p1|Sylveon, M","|poke|p1|Azumarill, M","|poke|p1|Gardevoir, M, shiny","|poke|p1|Klefki, M","|poke|p1|Togekiss, F","|poke|p2|Medicham, M","|poke|p2|Keldeo","|poke|p2|Breloom, M","|poke|p2|Conkeldurr, F","|poke|p2|Terrakion","|poke|p2|Hawlucha, F","|rule|Sleep Clause Mod: Limit one foe put to sleep","|rule|Species Clause: Limit one of each Pokémon","|rule|OHKO Clause: OHKO moves are banned","|rule|Moody Clause: Moody is banned","|rule|Evasion Moves Clause: Evasion moves are banned","|rule|Endless Battle Clause: Forcing endless battles is banned","|rule|HP Percentage Mod: HP is shown in percentages","|teampreview","|","|start","|switch|p1a: Diancie|Diancie|303/303","|switch|p2a: Breloom|Breloom, M|261/261","|turn|1","|","|switch|p1a: Togekiss|Togekiss, F|311/311","|move|p2a: Breloom|Swords Dance|p2a: Breloom","|-boost|p2a: Breloom|atk|2","|","|turn|2","|","|move|p1a: Togekiss|Trick|p2a: Breloom","|-activate|p1a: Togekiss|move: Trick|[of] p2a: Breloom","|-item|p2a: Breloom|Choice Scarf|[from] move: Trick","|-item|p1a: Togekiss|Focus Sash|[from] move: Trick","|move|p2a: Breloom|Rock Tomb|p1a: Togekiss","|-crit|p1a: Togekiss","|-supereffective|p1a: Togekiss","|-enditem|p1a: Togekiss|Focus Sash","|-damage|p1a: Togekiss|1/311","|-unboost|p1a: Togekiss|spe|1","|","|turn|3","|","|switch|p1a: Klefki|Klefki, M|317/317","|move|p2a: Breloom|Rock Tomb|p1a: Klefki","|-resisted|p1a: Klefki","|-damage|p1a: Klefki|231/317","|-unboost|p1a: Klefki|spe|1","|","|turn|4","|","|move|p1a: Klefki|Spikes|p2a: Breloom","|-sidestart|p2: Guard the stupid|Spikes","|move|p2a: Breloom|Rock Tomb|p1a: Klefki","|-resisted|p1a: Klefki","|-damage|p1a: Klefki|155/317","|-unboost|p1a: Klefki|spe|1","|","|turn|5","|","|move|p1a: Klefki|Reflect|p1a: Klefki","|-sidestart|p1: Kaey|Reflect","|move|p2a: Breloom|Rock Tomb|p1a: Klefki","|-resisted|p1a: Klefki","|-damage|p1a: Klefki|114/317","|-unboost|p1a: Klefki|spe|1","|","|turn|6","|","|move|p1a: Klefki|Spikes|p2a: Breloom","|-sidestart|p2: Guard the stupid|Spikes","|move|p2a: Breloom|Rock Tomb|p1a: Klefki","|-resisted|p1a: Klefki","|-damage|p1a: Klefki|73/317","|-unboost|p1a: Klefki|spe|1","|","|turn|7","|","|move|p1a: Klefki|Spikes|p2a: Breloom","|-sidestart|p2: Guard the stupid|Spikes","|move|p2a: Breloom|Rock Tomb|p1a: Klefki","|-crit|p1a: Klefki","|-resisted|p1a: Klefki","|-damage|p1a: Klefki|0 fnt","|faint|p1a: Klefki","|","|","|switch|p1a: Diancie|Diancie|303/303","|turn|8","|","|move|p2a: Breloom|Rock Tomb|p1a: Diancie","|-damage|p1a: Diancie|231/303","|move|p1a: Diancie|Trick Room|p1a: Diancie","|-fieldstart|move: Trick Room|[of] p1a: Diancie","|","|-heal|p1a: Diancie|249/303|[from] item: Leftovers","|turn|9","|","|move|p1a: Diancie|Stealth Rock|p2a: Breloom","|-sidestart|p2: Guard the stupid|move: Stealth Rock","|move|p2a: Breloom|Rock Tomb|p1a: Diancie","|-damage|p1a: Diancie|169/303","|","|-heal|p1a: Diancie|187/303|[from] item: Leftovers","|turn|10","|","|move|p1a: Diancie|Diamond Storm|p2a: Breloom","|-resisted|p2a: Breloom","|-damage|p2a: Breloom|161/261","|-boost|p1a: Diancie|def|1","|move|p2a: Breloom|Rock Tomb|p1a: Diancie","|-damage|p1a: Diancie|139/303","|","|-heal|p1a: Diancie|157/303|[from] item: Leftovers","|turn|11","|","|move|p1a: Diancie|Diamond Storm|p2a: Breloom","|-resisted|p2a: Breloom","|-damage|p2a: Breloom|65/261","|-boost|p1a: Diancie|def|1","|move|p2a: Breloom|Rock Tomb|p1a: Diancie","|-damage|p1a: Diancie|117/303","|","|-heal|p1a: Diancie|135/303|[from] item: Leftovers","|turn|12","|","|move|p1a: Diancie|Diamond Storm|p2a: Breloom","|-resisted|p2a: Breloom","|-damage|p2a: Breloom|0 fnt","|-boost|p1a: Diancie|def|1","|faint|p2a: Breloom","|","|-heal|p1a: Diancie|153/303|[from] item: Leftovers","|-sideend|p1: Kaey|Reflect","|-fieldend|move: Trick Room","|","|switch|p2a: Keldeo|Keldeo|323/323","|-damage|p2a: Keldeo|243/323|[from] Spikes","|-damage|p2a: Keldeo|223/323|[from] Stealth Rock","|turn|13","|","|switch|p1a: Togekiss|Togekiss, F|1/311","|move|p2a: Keldeo|Hydro Pump|p1a: Togekiss","|-damage|p1a: Togekiss|0 fnt","|faint|p1a: Togekiss","|","|","|switch|p1a: Gardevoir|Gardevoir, M, shiny|339/339","|-ability|p1a: Gardevoir|Justified|[from] ability: Trace|[of] p2a: Keldeo","|turn|14","|","|detailschange|p1a: Gardevoir|Gardevoir-Mega, M, shiny","|-mega|p1a: Gardevoir|Gardevoir|Gardevoirite","|move|p2a: Keldeo|Hydro Pump|p1a: Gardevoir","|-damage|p1a: Gardevoir|114/339","|move|p1a: Gardevoir|Trick Room|p1a: Gardevoir","|-fieldstart|move: Trick Room|[of] p1a: Gardevoir","|","|turn|15","|","|move|p1a: Gardevoir|Hyper Voice|p2a: Keldeo","|-supereffective|p2a: Keldeo","|-damage|p2a: Keldeo|0 fnt","|faint|p2a: Keldeo","|","|","|switch|p2a: Medicham|Medicham, M|299/299","|-damage|p2a: Medicham|281/299|[from] Stealth Rock","|-damage|p2a: Medicham|207/299|[from] Spikes","|turn|16","|","|switch|p1a: Diancie|Diancie|153/303","|detailschange|p2a: Medicham|Medicham-Mega, M","|-mega|p2a: Medicham|Medicham|Medichamite","|move|p2a: Medicham|Fake Out|p1a: Diancie","|-crit|p1a: Diancie","|-resisted|p1a: Diancie","|-damage|p1a: Diancie|104/303","|","|-heal|p1a: Diancie|122/303|[from] item: Leftovers","|turn|17","|","|move|p2a: Medicham|Bullet Punch|p1a: Diancie","|-supereffective|p1a: Diancie","|-damage|p1a: Diancie|0 fnt","|faint|p1a: Diancie","|","|","|switch|p1a: Azumarill|Azumarill, M|403/403","|turn|18","|","|move|p2a: Medicham|Bullet Punch|p1a: Azumarill","|-damage|p1a: Azumarill|290/403","|move|p1a: Azumarill|Play Rough|p2a: Medicham","|-supereffective|p2a: Medicham","|-damage|p2a: Medicham|0 fnt","|-damage|p1a: Azumarill|250/403|[from] item: Life Orb","|faint|p2a: Medicham","|","|-fieldend|move: Trick Room","|","|switch|p2a: Conkeldurr|Conkeldurr, F|413/413","|-damage|p2a: Conkeldurr|388/413|[from] Stealth Rock","|-damage|p2a: Conkeldurr|285/413|[from] Spikes","|turn|19","|","|move|p2a: Conkeldurr|Poison Jab|p1a: Azumarill","|-supereffective|p1a: Azumarill","|-damage|p1a: Azumarill|0 fnt","|faint|p1a: Azumarill","|","|","|switch|p1a: Gardevoir|Gardevoir-Mega, M, shiny|114/339","|turn|20","|","|move|p1a: Gardevoir|Hyper Voice|p2a: Conkeldurr","|-supereffective|p2a: Conkeldurr","|-damage|p2a: Conkeldurr|0 fnt","|faint|p2a: Conkeldurr","|","|","|switch|p2a: Terrakion|Terrakion|323/323","|-damage|p2a: Terrakion|303/323|[from] Stealth Rock","|-damage|p2a: Terrakion|223/323|[from] Spikes","|turn|21","|","|move|p2a: Terrakion|Iron Head|p1a: Gardevoir","|-supereffective|p1a: Gardevoir","|-damage|p1a: Gardevoir|0 fnt","|faint|p1a: Gardevoir","|","|","|switch|p1a: Sylveon|Sylveon, M|393/393","|turn|22","|","|move|p2a: Terrakion|Iron Head|p1a: Sylveon","|-supereffective|p1a: Sylveon","|-damage|p1a: Sylveon|135/393","|move|p1a: Sylveon|Hyper Voice|p2a: Terrakion","|-supereffective|p2a: Terrakion","|-damage|p2a: Terrakion|0 fnt","|faint|p2a: Terrakion","|","|","|switch|p2a: Hawlucha|Hawlucha, F|297/297","|-damage|p2a: Hawlucha|260/297|[from] Stealth Rock","|turn|23","|","|move|p2a: Hawlucha|Thunder Punch|p1a: Sylveon","|-damage|p1a: Sylveon|23/393","|move|p1a: Sylveon|Hyper Voice|p2a: Hawlucha","|-supereffective|p2a: Hawlucha","|-damage|p2a: Hawlucha|0 fnt","|faint|p2a: Hawlucha","|","|win|Kaey"],"p1rating":{"entryid":273288,"formatid":"monotype","userid":"kaey","username":"Kaey","r":1500,"rd":130,"sigma":0,"rpr":1545.2978591701,"rprd":122.84439572265,"rpsigma":0,"rptime":1440147600,"w":1,"l":0,"t":0,"gxe":55.6,"acre":1055.1194866351,"lacre":1055.1194866351,"oldacre":1000},"p2rating":{"entryid":"201594","serverid":"eos","formatid":"monotype","userid":"guardthestupid","username":"Guard the stupid","w":"6","l":2,"t":"0","gxe":62.9,"r":"1544.5624369779","rd":"122.52825782776","sigma":"0","rptime":"1440147600","rpr":1602.5140257638,"rprd":92.805799152497,"rpsigma":"0","acre":1103.7286516687,"lacre":1103.7286516687,"oldacre":"1138.1783308156"},"endType":"normal"}