{"seed":[11808,25830,4610,31972],"turns":25,"p1":"Alliance-Succubus","p2":"Crystal Giigan","p1team":[{"name":"Wii-Unbound","species":"hoopaunbound","item":"choicescarf","ability":"Magician","moves":["hyperspacehole","darkpulse","energyball","destinybond"],"nature":"Timid","evs":{"hp":0,"atk":0,"def":4,"spa":252,"spd":0,"spe":252},"ivs":{"hp":31,"atk":31,"def":31,"spa":31,"spd":31,"spe":31}},{"name":"Dino Disco","species":"tyranitar","item":"leftovers","ability":"Sand Stream","moves":["crunch","stoneedge","stealthrock","dragondance"],"nature":"Adamant","evs":{"hp":0,"atk":252,"def":0,"spa":0,"spd":4,"spe":252},"gender":"M","ivs":{"hp":31,"atk":31,"def":31,"spa":31,"spd":31,"spe":31}},{"name":"BOINGGGG!!!","species":"sableye","item":"sablenite","ability":"Prankster","moves":["calmmind","willowisp","recover","darkpulse"],"nature":"Calm","evs":{"hp":248,"atk":0,"def":0,"spa":8,"spd":252,"spe":0},"gender":"F","ivs":{"hp":31,"atk":31,"def":31,"spa":31,"spd":31,"spe":31}},{"name":"Anubis","species":"umbreon","item":"leftovers","ability":"Synchronize","moves":["toxic","protect","wish","healbell"],"nature":"Calm","evs":{"hp":252,"atk":0,"def":4,"spa":0,"spd":252,"spe":0},"gender":"M","ivs":{"hp":31,"atk":31,"def":31,"spa":31,"spd":31,"spe":31}},{"name":"Gray Fullbuster","species":"weavile","item":"focussash","ability":"Pressure","moves":["swordsdance","iceshard","iciclecrash","knockoff"],"nature":"Adamant","evs":{"hp":0,"atk":252,"def":0,"spa":0,"spd":4,"spe":252},"gender":"M","ivs":{"hp":31,"atk":31,"def":31,"spa":31,"spd":31,"spe":31}},{"name":"Crownie","species":"honchkrow","item":"scopelens","ability":"Super Luck","moves":["suckerpunch","bravebird","pursuit","roost"],"nature":"Adamant","evs":{"hp":248,"atk":252,"def":0,"spa":0,"spd":8,"spe":0},"gender":"M","ivs":{"hp":31,"atk":31,"def":31,"spa":31,"spd":31,"spe":31}}],"p2team":[{"name":"Cobalion","species":"Cobalion","item":"leftovers","ability":"Justified","moves":["stealthrock","sacredsword","voltswitch","ironhead"],"nature":"Jolly","evs":{"hp":252,"atk":4,"def":0,"spa":0,"spd":0,"spe":252},"ivs":{"hp":31,"atk":31,"def":31,"spa":31,"spd":31,"spe":31}},{"name":"Lucario","species":"Lucario","item":"lifeorb","ability":"Inner Focus","moves":["aurasphere","flashcannon","nastyplot","darkpulse"],"nature":"Timid","evs":{"hp":0,"atk":0,"def":0,"spa":252,"spd":4,"spe":252},"ivs":{"hp":31,"atk":31,"def":31,"spa":31,"spd":31,"spe":31}},{"name":"Bisharp","species":"Bisharp","item":"expertbelt","ability":"Defiant","moves":["swordsdance","ironhead","suckerpunch","taunt"],"nature":"Adamant","evs":{"hp":248,"atk":252,"def":0,"spa":0,"spd":8,"spe":0},"ivs":{"hp":31,"atk":31,"def":31,"spa":31,"spd":31,"spe":31}},{"name":"Excadrill","species":"Excadrill","item":"choicescarf","ability":"Mold Breaker","moves":["earthquake","ironhead","xscissor","rockslide"],"nature":"Jolly","evs":{"hp":0,"atk":252,"def":0,"spa":0,"spd":4,"spe":252},"ivs":{"hp":31,"atk":31,"def":31,"spa":31,"spd":31,"spe":31}},{"name":"Klefki","species":"Klefki","item":"leftovers","ability":"Prankster","moves":["substitute","thunderwave","calmmind","psyshock"],"nature":"Bold","evs":{"hp":252,"atk":0,"def":252,"spa":4,"spd":0,"spe":0},"ivs":{"hp":31,"atk":31,"def":31,"spa":31,"spd":31,"spe":31}},{"name":"Steelix","species":"Steelix","item":"steelixite","ability":"Rock Head","moves":["heavyslam","stoneedge","earthquake","crunch"],"nature":"Adamant","evs":{"hp":248,"atk":252,"def":0,"spa":0,"spd":8,"spe":0},"ivs":{"hp":31,"atk":31,"def":31,"spa":31,"spd":31,"spe":31}}],"log":["|player|p1|Alliance-Succubus|96","|player|p2|Crystal Giigan|crystalgiigan.png","|gametype|singles","|gen|6","|tier|Monotype","|rated","|rule|Baton Pass Clause: Limit one Baton Passer, can't pass Spe and other stats simultaneously","|rule|Swagger Clause: Swagger is banned","|rule|Same Type Clause: Pokémon in a team must share a type","|clearpoke","|poke|p1|Hoopa-Unbound","|poke|p1|Tyranitar, M","|poke|p1|Sableye, F","|poke|p1|Umbreon, M","|poke|p1|Weavile, M","|poke|p1|Honchkrow, M","|poke|p2|Cobalion","|poke|p2|Lucario, F","|poke|p2|Bisharp, M","|poke|p2|Excadrill, F","|poke|p2|Klefki, F","|poke|p2|Steelix, M","|rule|Sleep Clause Mod: Limit one foe put to sleep","|rule|Species Clause: Limit one of each Pokémon","|rule|OHKO Clause: OHKO moves are banned","|rule|Moody Clause: Moody is banned","|rule|Evasion Moves Clause: Evasion moves are banned","|rule|Endless Battle Clause: Forcing endless battles is banned","|rule|HP Percentage Mod: HP is shown in percentages","|teampreview","|","|start","|switch|p1a: Dino Disco|Tyranitar, M|341/341","|switch|p2a: Steelix|Steelix, M|353/353","|-weather|Sandstorm","|turn|1","|","|detailschange|p2a: Steelix|Steelix-Mega, M","|-mega|p2a: Steelix|Steelix|Steelixite","|move|p1a: Dino Disco|Dragon Dance|p1a: Dino Disco","|-boost|p1a: Dino Disco|atk|1","|-boost|p1a: Dino Disco|spe|1","|move|p2a: Steelix|Heavy Slam|p1a: Dino Disco","|-supereffective|p1a: Dino Disco","|-damage|p1a: Dino Disco|0 fnt","|faint|p1a: Dino Disco","|","|-weather|Sandstorm|[upkeep]","|","|switch|p1a: Anubis|Umbreon, M|394/394","|turn|2","|","|move|p1a: Anubis|Protect|p1a: Anubis","|-singleturn|p1a: Anubis|Protect","|move|p2a: Steelix|Heavy Slam|p1a: Anubis","|-activate|p1a: Anubis|Protect","|","|-weather|Sandstorm|[upkeep]","|-damage|p1a: Anubis|370/394|[from] sandstorm","|-heal|p1a: Anubis|394/394|[from] item: Leftovers","|turn|3","|","|switch|p1a: Gray Fullbuster|Weavile, M|281/281","|-ability|p1a: Gray Fullbuster|Pressure","|move|p2a: Steelix|Heavy Slam|p1a: Gray Fullbuster","|-supereffective|p1a: Gray Fullbuster","|-enditem|p1a: Gray Fullbuster|Focus Sash","|-damage|p1a: Gray Fullbuster|1/281","|","|-weather|Sandstorm|[upkeep]","|-damage|p1a: Gray Fullbuster|0 fnt|[from] sandstorm","|faint|p1a: Gray Fullbuster","|","|switch|p1a: BOINGGGG!!!|Sableye, F|303/303","|turn|4","|","|detailschange|p1a: BOINGGGG!!!|Sableye-Mega, F","|-mega|p1a: BOINGGGG!!!|Sableye|Sablenite","|move|p1a: BOINGGGG!!!|Will-O-Wisp|p2a: Steelix","|-status|p2a: Steelix|brn","|move|p2a: Steelix|Heavy Slam|p1a: BOINGGGG!!!","|-damage|p1a: BOINGGGG!!!|192/303","|","|-weather|Sandstorm|[upkeep]","|-damage|p1a: BOINGGGG!!!|174/303|[from] sandstorm","|-damage|p2a: Steelix|309/353 brn|[from] brn","|turn|5","|","|move|p2a: Steelix|Earthquake|p1a: BOINGGGG!!!","|-crit|p1a: BOINGGGG!!!","|-damage|p1a: BOINGGGG!!!|13/303","|move|p1a: BOINGGGG!!!|Recover|p1a: BOINGGGG!!!","|-heal|p1a: BOINGGGG!!!|165/303","|","|-weather|none","|-damage|p2a: Steelix|265/353 brn|[from] brn","|turn|6","|","|move|p2a: Steelix|Earthquake|p1a: BOINGGGG!!!","|-damage|p1a: BOINGGGG!!!|85/303","|move|p1a: BOINGGGG!!!|Recover|p1a: BOINGGGG!!!","|-heal|p1a: BOINGGGG!!!|237/303","|","|-damage|p2a: Steelix|221/353 brn|[from] brn","|turn|7","|","|move|p2a: Steelix|Crunch|p1a: BOINGGGG!!!","|-damage|p1a: BOINGGGG!!!|192/303","|-unboost|p1a: BOINGGGG!!!|def|1","|move|p1a: BOINGGGG!!!|Recover|p1a: BOINGGGG!!!","|-heal|p1a: BOINGGGG!!!|303/303","|","|-damage|p2a: Steelix|177/353 brn|[from] brn","|turn|8","|","|switch|p1a: Anubis|Umbreon, M|394/394","|move|p2a: Steelix|Crunch|p1a: Anubis","|-resisted|p1a: Anubis","|-damage|p1a: Anubis|370/394","|","|-heal|p1a: Anubis|394/394|[from] item: Leftovers","|-damage|p2a: Steelix|133/353 brn|[from] brn","|turn|9","|","|move|p1a: Anubis|Protect|p1a: Anubis","|-singleturn|p1a: Anubis|Protect","|move|p2a: Steelix|Heavy Slam|p1a: Anubis","|-activate|p1a: Anubis|Protect","|","|-damage|p2a: Steelix|89/353 brn|[from] brn","|turn|10","|","|switch|p1a: BOINGGGG!!!|Sableye-Mega, F|303/303","|move|p2a: Steelix|Heavy Slam|p1a: BOINGGGG!!!","|-damage|p1a: BOINGGGG!!!|221/303","|","|-damage|p2a: Steelix|45/353 brn|[from] brn","|turn|11","|","|move|p2a: Steelix|Crunch|p1a: BOINGGGG!!!","|-damage|p1a: BOINGGGG!!!|178/303","|move|p1a: BOINGGGG!!!|Recover|p1a: BOINGGGG!!!","|-heal|p1a: BOINGGGG!!!|303/303","|","|-damage|p2a: Steelix|1/353 brn|[from] brn","|turn|12","|","|move|p2a: Steelix|Crunch|p1a: BOINGGGG!!!","|-damage|p1a: BOINGGGG!!!|264/303","|-unboost|p1a: BOINGGGG!!!|def|1","|move|p1a: BOINGGGG!!!|Recover|p1a: BOINGGGG!!!","|-heal|p1a: BOINGGGG!!!|303/303","|","|-damage|p2a: Steelix|0 fnt|[from] brn","|faint|p2a: Steelix","|","|switch|p2a: Lucario|Lucario, F|281/281","|turn|13","|","|switch|p1a: Anubis|Umbreon, M|394/394","|move|p2a: Lucario|Nasty Plot|p2a: Lucario","|-boost|p2a: Lucario|spa|2","|","|turn|14","|","|move|p1a: Anubis|Protect|p1a: Anubis","|-singleturn|p1a: Anubis|Protect","|move|p2a: Lucario|Aura Sphere|p1a: Anubis","|-activate|p1a: Anubis|Protect","|","|turn|15","|","|switch|p1a: BOINGGGG!!!|Sableye-Mega, F|303/303","|move|p2a: Lucario|Flash Cannon|p1a: BOINGGGG!!!","|-damage|p1a: BOINGGGG!!!|61/303","|-damage|p2a: Lucario|253/281|[from] item: Life Orb","|","|turn|16","|","|move|p2a: Lucario|Flash Cannon|p1a: BOINGGGG!!!","|-damage|p1a: BOINGGGG!!!|0 fnt","|-damage|p2a: Lucario|225/281|[from] item: Life Orb","|faint|p1a: BOINGGGG!!!","|","|","|switch|p1a: Wii-Unbound|Hoopa-Unbound|301/301","|turn|17","|","|move|p1a: Wii-Unbound|Hyperspace Hole|p2a: Lucario","|-damage|p2a: Lucario|9/281","|move|p2a: Lucario|Aura Sphere|p1a: Wii-Unbound","|-damage|p1a: Wii-Unbound|35/301","|-damage|p2a: Lucario|0 fnt|[from] item: Life Orb","|faint|p2a: Lucario","|","|","|switch|p2a: Klefki|Klefki, F|318/318","|turn|18","|","|move|p2a: Klefki|Thunder Wave|p1a: Wii-Unbound","|-status|p1a: Wii-Unbound|par","|move|p1a: Wii-Unbound|Hyperspace Hole|p2a: Klefki","|-resisted|p2a: Klefki","|-damage|p2a: Klefki|227/318","|","|-heal|p2a: Klefki|246/318|[from] item: Leftovers","|turn|19","|","|switch|p2a: Bisharp|Bisharp, M|333/333","|move|p1a: Wii-Unbound|Hyperspace Hole|p2a: Bisharp","|-immune|p2a: Bisharp|[msg]","|","|turn|20","|","|switch|p1a: Anubis|Umbreon, M|394/394","|move|p2a: Bisharp|Swords Dance|p2a: Bisharp","|-boost|p2a: Bisharp|atk|2","|","|turn|21","|","|move|p2a: Bisharp|Taunt|p1a: Anubis","|-start|p1a: Anubis|move: Taunt","|cant|p1a: Anubis|move: Taunt|Heal Bell","|","|turn|22","|","|switch|p1a: Wii-Unbound|Hoopa-Unbound|35/301 par","|move|p2a: Bisharp|Iron Head|p1a: Wii-Unbound","|-damage|p1a: Wii-Unbound|0 fnt","|faint|p1a: Wii-Unbound","|","|","|switch|p1a: Crownie|Honchkrow, M|403/403","|turn|23","|","|move|p1a: Crownie|Sucker Punch|p2a: Bisharp","|-crit|p2a: Bisharp","|-resisted|p2a: Bisharp","|-damage|p2a: Bisharp|224/333","|move|p2a: Bisharp|Iron Head|p1a: Crownie","|-damage|p1a: Crownie|0 fnt","|faint|p1a: Crownie","|","|","|switch|p1a: Anubis|Umbreon, M|394/394","|turn|24","|","|move|p2a: Bisharp|Taunt|p1a: Anubis","|-start|p1a: Anubis|move: Taunt","|cant|p1a: Anubis|move: Taunt|Toxic","|","|turn|25","|","|move|p2a: Bisharp|Iron Head|p1a: Anubis","|-damage|p1a: Anubis|96/394","|-activate|p1a: Anubis|move: Struggle","|move|p1a: Anubis|Struggle|p2a: Bisharp","|-damage|p2a: Bisharp|200/333","|-damage|p1a: Anubis|0 fnt|[from] recoil","|faint|p1a: Anubis","|","|win|Crystal Giigan"],"p1rating":{"entryid":"50240","serverid":"eos","formatid":"monotype","userid":"alliancesuccubus","username":"Alliance-Succubus","w":"9","l":11,"t":"0","gxe":45.8,"r":"1431.1137964092","rd":"76.294878320192","sigma":"0","rptime":"1440147600","rpr":1467.4086286784,"rprd":70.72340938146,"rpsigma":"0","acre":1094.9798827355,"lacre":1094.9798827355,"oldacre":"1123.2759425292"},"p2rating":{"entryid":"80850","serverid":"eos","formatid":"monotype","userid":"crystalgiigan","username":"Crystal Giigan","w":7,"l":"7","t":"0","gxe":51.3,"r":"1492.3436251734","rd":"85.168259443625","sigma":"0","rptime":"1440147600","rpr":1509.9168284476,"rprd":79.056014058129,"rpsigma":"0","acre":1109.3677830519,"lacre":1109.3677830519,"oldacre":"1077.2009904301"},"endType":"normal"}