{"seed":[3055,56034,41205,11484],"turns":136,"p1":"Doublemint Gum","p2":"Doctor Vergi","p1team":[{"name":"My Dead Baby","species":"reuniclus","item":"leftovers","ability":"Overcoat","moves":["focusblast","recover","trickroom","psychic"],"nature":"Sassy","evs":{"hp":248,"atk":0,"def":0,"spa":8,"spd":252,"spe":0},"ivs":{"hp":31,"atk":31,"def":31,"spa":31,"spd":31,"spe":0},"shiny":true},{"name":"F You I'm Satan","species":"hoopaunbound","item":"bigroot","ability":"Magician","moves":["hyperspacefury","firepunch","gunkshot","drainpunch"],"nature":"Adamant","evs":{"hp":248,"atk":252,"def":0,"spa":0,"spd":8,"spe":0},"ivs":{"hp":31,"atk":31,"def":31,"spa":31,"spd":31,"spe":31}},{"name":"Death Star","species":"jirachi","item":"leftovers","ability":"Serene Grace","moves":["bodyslam","ironhead","chargebeam","flashcannon"],"nature":"Hasty","evs":{"hp":0,"atk":252,"def":0,"spa":4,"spd":0,"spe":252},"ivs":{"hp":31,"atk":31,"def":31,"spa":31,"spd":31,"spe":31}},{"name":"Slowbruh","species":"slowbro","item":"chestoberry","ability":"Regenerator","moves":["recycle","rest","thunderwave","flamethrower"],"nature":"Bold","evs":{"hp":248,"atk":0,"def":252,"spa":8,"spd":0,"spe":0},"ivs":{"hp":31,"atk":31,"def":31,"spa":31,"spd":31,"spe":31}},{"name":"Victini-weenie","species":"victini","item":"choicescarf","ability":"Victory Star","moves":["vcreate","fusionbolt","zenheadbutt","toxic"],"nature":"Jolly","evs":{"hp":0,"atk":252,"def":0,"spa":0,"spd":4,"spe":252},"ivs":{"hp":31,"atk":31,"def":31,"spa":31,"spd":31,"spe":31}},{"name":"F YOU I HAVE SPOON","species":"alakazam","item":"alakazite","ability":"Synchronize","moves":["psychic","protect","recover","toxic"],"nature":"Timid","evs":{"hp":248,"atk":0,"def":0,"spa":8,"spd":0,"spe":252},"shiny":true,"ivs":{"hp":31,"atk":31,"def":31,"spa":31,"spd":31,"spe":31}}],"p2team":[{"name":"Murkrow","species":"Murkrow","item":"eviolite","ability":"Prankster","moves":["roost","taunt","thunderwave","featherdance"],"nature":"Calm","evs":{"hp":248,"atk":0,"def":8,"spa":0,"spd":252,"spe":0},"ivs":{"hp":31,"atk":31,"def":31,"spa":31,"spd":31,"spe":31}},{"name":"Gligar","species":"Gligar","item":"eviolite","ability":"Immunity","moves":["roost","toxic","earthquake","tailwind"],"nature":"Impish","evs":{"hp":248,"atk":8,"def":252,"spa":0,"spd":0,"spe":0},"ivs":{"hp":31,"atk":31,"def":31,"spa":31,"spd":31,"spe":31}},{"name":"Ledyba","species":"Ledyba","item":"eviolite","ability":"Rattled","moves":["roost","uturn","reflect","toxic"],"nature":"Careful","evs":{"hp":248,"atk":0,"def":8,"spa":0,"spd":252,"spe":0},"ivs":{"hp":31,"atk":31,"def":31,"spa":31,"spd":31,"spe":31}},{"name":"Mantyke","species":"Mantyke","item":"eviolite","ability":"Water Absorb","moves":["rest","sleeptalk","scald","airslash"],"nature":"Bold","evs":{"hp":248,"atk":0,"def":252,"spa":0,"spd":8,"spe":0},"ivs":{"hp":31,"atk":31,"def":31,"spa":31,"spd":31,"spe":31}},{"name":"Vullaby","species":"Vullaby","item":"eviolite","ability":"Overcoat","moves":["roost","knockoff","toxic","whirlwind"],"nature":"Impish","evs":{"hp":248,"atk":8,"def":252,"spa":0,"spd":0,"spe":0},"ivs":{"hp":31,"atk":31,"def":31,"spa":31,"spd":31,"spe":31}},{"name":"Golbat","species":"Golbat","item":"eviolite","ability":"Inner Focus","moves":["roost","superfang","confuseray","bravebird"],"nature":"Careful","evs":{"hp":248,"atk":8,"def":0,"spa":0,"spd":252,"spe":0},"ivs":{"hp":31,"atk":31,"def":31,"spa":31,"spd":31,"spe":31}}],"log":["|player|p1|Doublemint Gum|170","|player|p2|Doctor Vergi|doctorvergi.png","|gametype|singles","|gen|6","|tier|Monotype","|rated","|rule|Baton Pass Clause: Limit one Baton Passer, can't pass Spe and other stats simultaneously","|rule|Swagger Clause: Swagger is banned","|rule|Same Type Clause: Pokémon in a team must share a type","|clearpoke","|poke|p1|Reuniclus, M, shiny","|poke|p1|Hoopa-Unbound","|poke|p1|Jirachi","|poke|p1|Slowbro, M","|poke|p1|Victini","|poke|p1|Alakazam, F, shiny","|poke|p2|Murkrow, F","|poke|p2|Gligar, F","|poke|p2|Ledyba, M","|poke|p2|Mantyke, M","|poke|p2|Vullaby, F","|poke|p2|Golbat, F","|rule|Sleep Clause Mod: Limit one foe put to sleep","|rule|Species Clause: Limit one of each Pokémon","|rule|OHKO Clause: OHKO moves are banned","|rule|Moody Clause: Moody is banned","|rule|Evasion Moves Clause: Evasion moves are banned","|rule|Endless Battle Clause: Forcing endless battles is banned","|rule|HP Percentage Mod: HP is shown in percentages","|teampreview","|","|start","|switch|p1a: Victini-weenie|Victini|341/341","|switch|p2a: Murkrow|Murkrow, F|323/323","|turn|1","|","|move|p2a: Murkrow|Feather Dance|p1a: Victini-weenie","|-unboost|p1a: Victini-weenie|atk|2","|move|p1a: Victini-weenie|Fusion Bolt|p2a: Murkrow","|-supereffective|p2a: Murkrow","|-damage|p2a: Murkrow|191/323","|","|turn|2","|","|move|p2a: Murkrow|Thunder Wave|p1a: Victini-weenie","|-status|p1a: Victini-weenie|par","|move|p1a: Victini-weenie|Fusion Bolt|p2a: Murkrow","|-supereffective|p2a: Murkrow","|-damage|p2a: Murkrow|65/323","|","|turn|3","|","|move|p2a: Murkrow|Roost|p2a: Murkrow","|-heal|p2a: Murkrow|227/323","|move|p1a: Victini-weenie|Fusion Bolt|p2a: Murkrow","|-crit|p2a: Murkrow","|-damage|p2a: Murkrow|49/323","|","|turn|4","|","|move|p2a: Murkrow|Roost|p2a: Murkrow","|-heal|p2a: Murkrow|211/323","|move|p1a: Victini-weenie|Fusion Bolt|p2a: Murkrow","|-damage|p2a: Murkrow|144/323","|","|turn|5","|","|switch|p1a: Death Star|Jirachi|341/341","|move|p2a: Murkrow|Roost|p2a: Murkrow","|-heal|p2a: Murkrow|306/323","|","|turn|6","|","|switch|p2a: Gligar|Gligar, F|333/333","|move|p1a: Death Star|Charge Beam|p2a: Gligar","|-immune|p2a: Gligar|[msg]","|","|turn|7","|","|move|p1a: Death Star|Body Slam|p2a: Gligar","|-damage|p2a: Gligar|290/333","|-status|p2a: Gligar|par","|move|p2a: Gligar|Tailwind|p2a: Gligar","|-sidestart|p2: Doctor Vergi|move: Tailwind","|","|turn|8","|","|move|p1a: Death Star|Iron Head|p2a: Gligar","|-damage|p2a: Gligar|236/333 par","|cant|p2a: Gligar|flinch","|","|turn|9","|","|move|p1a: Death Star|Iron Head|p2a: Gligar","|-damage|p2a: Gligar|182/333 par","|move|p2a: Gligar|Earthquake|p1a: Death Star","|-supereffective|p1a: Death Star","|-damage|p1a: Death Star|149/341","|","|-heal|p1a: Death Star|170/341|[from] item: Leftovers","|turn|10","|","|move|p1a: Death Star|Iron Head|p2a: Gligar","|-damage|p2a: Gligar|128/333 par","|cant|p2a: Gligar|flinch","|","|-heal|p1a: Death Star|191/341|[from] item: Leftovers","|-sideend|p2: Doctor Vergi|move: Tailwind","|turn|11","|","|move|p1a: Death Star|Iron Head|p2a: Gligar","|-damage|p2a: Gligar|67/333 par","|move|p2a: Gligar|Roost|p2a: Gligar","|-heal|p2a: Gligar|234/333 par","|","|-heal|p1a: Death Star|212/341|[from] item: Leftovers","|turn|12","|","|move|p1a: Death Star|Iron Head|p2a: Gligar","|-damage|p2a: Gligar|180/333 par","|cant|p2a: Gligar|flinch","|","|-heal|p1a: Death Star|233/341|[from] item: Leftovers","|turn|13","|","|move|p1a: Death Star|Iron Head|p2a: Gligar","|-damage|p2a: Gligar|120/333 par","|cant|p2a: Gligar|flinch","|","|-heal|p1a: Death Star|254/341|[from] item: Leftovers","|turn|14","|","|move|p1a: Death Star|Iron Head|p2a: Gligar","|-damage|p2a: Gligar|66/333 par","|move|p2a: Gligar|Tailwind|p2a: Gligar","|-sidestart|p2: Doctor Vergi|move: Tailwind","|","|-heal|p1a: Death Star|275/341|[from] item: Leftovers","|turn|15","|","|switch|p2a: Vullaby|Vullaby, F|343/343","|move|p1a: Death Star|Iron Head|p2a: Vullaby","|-damage|p2a: Vullaby|267/343","|","|-heal|p1a: Death Star|296/341|[from] item: Leftovers","|turn|16","|","|move|p1a: Death Star|Charge Beam|p2a: Vullaby|[miss]","|-miss|p1a: Death Star|p2a: Vullaby","|move|p2a: Vullaby|Knock Off|p1a: Death Star","|-supereffective|p1a: Death Star","|-damage|p1a: Death Star|134/341","|-enditem|p1a: Death Star|Leftovers|[from] move: Knock Off|[of] p2a: Vullaby","|","|turn|17","|","|move|p1a: Death Star|Charge Beam|p2a: Vullaby","|-supereffective|p2a: Vullaby","|-damage|p2a: Vullaby|193/343","|-boost|p1a: Death Star|spa|1","|move|p2a: Vullaby|Knock Off|p1a: Death Star","|-supereffective|p1a: Death Star","|-damage|p1a: Death Star|20/341","|","|-sideend|p2: Doctor Vergi|move: Tailwind","|turn|18","|","|move|p1a: Death Star|Body Slam|p2a: Vullaby","|-damage|p2a: Vullaby|142/343","|-status|p2a: Vullaby|par","|move|p2a: Vullaby|Knock Off|p1a: Death Star","|-supereffective|p1a: Death Star","|-damage|p1a: Death Star|0 fnt","|faint|p1a: Death Star","|","|","|switch|p1a: F You I'm Satan|Hoopa-Unbound|363/363","|turn|19","|","|move|p1a: F You I'm Satan|Drain Punch|p2a: Vullaby","|-damage|p2a: Vullaby|79/343 par","|move|p2a: Vullaby|Knock Off|p1a: F You I'm Satan","|-damage|p1a: F You I'm Satan|261/363","|-enditem|p1a: F You I'm Satan|Big Root|[from] move: Knock Off|[of] p2a: Vullaby","|","|turn|20","|","|switch|p2a: Golbat|Golbat, F|353/353","|move|p1a: F You I'm Satan|Drain Punch|p2a: Golbat","|-resisted|p2a: Golbat","|-damage|p2a: Golbat|326/353","|-heal|p1a: F You I'm Satan|275/363|[from] drain|[of] p2a: Golbat","|-item|p1a: F You I'm Satan|Eviolite|[from] ability: Magician|[of] p2a: Golbat","|","|turn|21","|","|switch|p2a: Murkrow|Murkrow, F|306/323","|move|p1a: F You I'm Satan|Hyperspace Fury|p2a: Murkrow","|-resisted|p2a: Murkrow","|-damage|p2a: Murkrow|163/323","|-unboost|p1a: F You I'm Satan|def|1","|","|turn|22","|","|move|p2a: Murkrow|Feather Dance|p1a: F You I'm Satan","|-unboost|p1a: F You I'm Satan|atk|2","|move|p1a: F You I'm Satan|Gunk Shot|p2a: Murkrow|[miss]","|-miss|p1a: F You I'm Satan|p2a: Murkrow","|","|turn|23","|","|move|p2a: Murkrow|Roost|p2a: Murkrow","|-heal|p2a: Murkrow|323/323","|move|p1a: F You I'm Satan|Gunk Shot|p2a: Murkrow","|-damage|p2a: Murkrow|204/323","|","|turn|24","|","|move|p2a: Murkrow|Thunder Wave|p1a: F You I'm Satan","|-status|p1a: F You I'm Satan|par","|move|p1a: F You I'm Satan|Hyperspace Fury|p2a: Murkrow","|-resisted|p2a: Murkrow","|-damage|p2a: Murkrow|131/323","|-unboost|p1a: F You I'm Satan|def|1","|","|turn|25","|","|switch|p1a: My Dead Baby|Reuniclus, M, shiny|423/423","|move|p2a: Murkrow|Roost|p2a: Murkrow","|-heal|p2a: Murkrow|293/323","|","|turn|26","|","|move|p2a: Murkrow|Thunder Wave|p1a: My Dead Baby","|-status|p1a: My Dead Baby|par","|move|p1a: My Dead Baby|Trick Room|p1a: My Dead Baby","|-fieldstart|move: Trick Room|[of] p1a: My Dead Baby","|","|turn|27","|","|move|p2a: Murkrow|Taunt|p1a: My Dead Baby","|-start|p1a: My Dead Baby|move: Taunt","|cant|p1a: My Dead Baby|par","|","|turn|28","|","|switch|p2a: Mantyke|Mantyke, M|293/293","|cant|p1a: My Dead Baby|par","|","|turn|29","|","|cant|p1a: My Dead Baby|par","|move|p2a: Mantyke|Scald|p1a: My Dead Baby","|-damage|p1a: My Dead Baby|371/423 par","|","|-heal|p1a: My Dead Baby|397/423 par|[from] item: Leftovers","|-end|p1a: My Dead Baby|move: Taunt","|turn|30","|","|switch|p2a: Vullaby|Vullaby, F|79/343 par","|cant|p1a: My Dead Baby|par","|","|-heal|p1a: My Dead Baby|423/423 par|[from] item: Leftovers","|-fieldend|move: Trick Room","|turn|31","|","|move|p2a: Vullaby|Roost|p2a: Vullaby","|-heal|p2a: Vullaby|251/343 par","|move|p1a: My Dead Baby|Focus Blast|p2a: Vullaby","|-crit|p2a: Vullaby","|-supereffective|p2a: Vullaby","|-damage|p2a: Vullaby|0 fnt","|faint|p2a: Vullaby","|","|","|switch|p2a: Gligar|Gligar, F|66/333 par","|turn|32","|","|cant|p2a: Gligar|par","|cant|p1a: My Dead Baby|par","|","|turn|33","|","|cant|p2a: Gligar|par","|move|p1a: My Dead Baby|Psychic|p2a: Gligar","|-damage|p2a: Gligar|0 fnt","|faint|p2a: Gligar","|","|","|switch|p2a: Ledyba|Ledyba, M|283/283","|turn|34","|","|move|p2a: Ledyba|Reflect|p2a: Ledyba","|-sidestart|p2: Doctor Vergi|Reflect","|move|p1a: My Dead Baby|Focus Blast|p2a: Ledyba","|-resisted|p2a: Ledyba","|-damage|p2a: Ledyba|268/283","|","|turn|35","|","|switch|p1a: Victini-weenie|Victini|341/341 par","|move|p2a: Ledyba|U-turn|p1a: Victini-weenie","|-damage|p1a: Victini-weenie|313/341 par","|","|switch|p2a: Murkrow|Murkrow, F|293/323","|","|turn|36","|","|move|p2a: Murkrow|Feather Dance|p1a: Victini-weenie","|-unboost|p1a: Victini-weenie|atk|2","|move|p1a: Victini-weenie|Fusion Bolt|p2a: Murkrow","|-supereffective|p2a: Murkrow","|-damage|p2a: Murkrow|229/323","|","|turn|37","|","|move|p2a: Murkrow|Feather Dance|p1a: Victini-weenie","|-unboost|p1a: Victini-weenie|atk|2","|cant|p1a: Victini-weenie|par","|","|turn|38","|","|switch|p2a: Golbat|Golbat, F|326/353","|move|p1a: Victini-weenie|Fusion Bolt|p2a: Golbat","|-supereffective|p2a: Golbat","|-damage|p2a: Golbat|283/353","|","|-sideend|p2: Doctor Vergi|Reflect","|turn|39","|","|switch|p1a: F YOU I HAVE SPOON|Alakazam, F, shiny|313/313","|move|p2a: Golbat|Super Fang|p1a: F YOU I HAVE SPOON","|-damage|p1a: F YOU I HAVE SPOON|157/313","|","|turn|40","|","|switch|p2a: Ledyba|Ledyba, M|268/283","|detailschange|p1a: F YOU I HAVE SPOON|Alakazam-Mega, F, shiny","|-mega|p1a: F YOU I HAVE SPOON|Alakazam|Alakazite","|-ability|p1a: F YOU I HAVE SPOON|Rattled|[from] ability: Trace|[of] p2a: Ledyba","|move|p1a: F YOU I HAVE SPOON|Psychic|p2a: Ledyba","|-damage|p2a: Ledyba|178/283","|","|turn|41","|","|move|p1a: F YOU I HAVE SPOON|Recover|p1a: F YOU I HAVE SPOON","|-heal|p1a: F YOU I HAVE SPOON|313/313","|move|p2a: Ledyba|Roost|p2a: Ledyba","|-heal|p2a: Ledyba|283/283","|","|turn|42","|","|move|p1a: F YOU I HAVE SPOON|Toxic|p2a: Ledyba","|-status|p2a: Ledyba|tox","|move|p2a: Ledyba|Toxic|p1a: F YOU I HAVE SPOON","|-status|p1a: F YOU I HAVE SPOON|tox","|","|-damage|p1a: F YOU I HAVE SPOON|294/313 tox|[from] psn","|-damage|p2a: Ledyba|266/283 tox|[from] psn","|turn|43","|","|move|p1a: F YOU I HAVE SPOON|Psychic|p2a: Ledyba","|-damage|p2a: Ledyba|176/283 tox","|move|p2a: Ledyba|Reflect|p2a: Ledyba","|-sidestart|p2: Doctor Vergi|Reflect","|","|-damage|p1a: F YOU I HAVE SPOON|256/313 tox|[from] psn","|-damage|p2a: Ledyba|142/283 tox|[from] psn","|turn|44","|","|move|p1a: F YOU I HAVE SPOON|Psychic|p2a: Ledyba","|-damage|p2a: Ledyba|40/283 tox","|move|p2a: Ledyba|Roost|p2a: Ledyba","|-heal|p2a: Ledyba|182/283 tox","|","|-damage|p1a: F YOU I HAVE SPOON|199/313 tox|[from] psn","|-damage|p2a: Ledyba|131/283 tox|[from] psn","|turn|45","|","|move|p1a: F YOU I HAVE SPOON|Psychic|p2a: Ledyba","|-damage|p2a: Ledyba|35/283 tox","|move|p2a: Ledyba|U-turn|p1a: F YOU I HAVE SPOON","|-supereffective|p1a: F YOU I HAVE SPOON","|-damage|p1a: F YOU I HAVE SPOON|127/313 tox","|-boost|p1a: F YOU I HAVE SPOON|spe|1|[from] ability: Rattled","|","|switch|p2a: Mantyke|Mantyke, M|293/293","|","|-damage|p1a: F YOU I HAVE SPOON|51/313 tox|[from] psn","|turn|46","|","|move|p1a: F YOU I HAVE SPOON|Recover|p1a: F YOU I HAVE SPOON","|-heal|p1a: F YOU I HAVE SPOON|208/313 tox","|move|p2a: Mantyke|Scald|p1a: F YOU I HAVE SPOON","|-damage|p1a: F YOU I HAVE SPOON|148/313 tox","|","|-damage|p1a: F YOU I HAVE SPOON|53/313 tox|[from] psn","|turn|47","|","|move|p1a: F YOU I HAVE SPOON|Toxic|p2a: Mantyke","|-status|p2a: Mantyke|tox","|move|p2a: Mantyke|Scald|p1a: F YOU I HAVE SPOON","|-damage|p1a: F YOU I HAVE SPOON|0 fnt","|faint|p1a: F YOU I HAVE SPOON","|","|-damage|p2a: Mantyke|275/293 tox|[from] psn","|-sideend|p2: Doctor Vergi|Reflect","|","|switch|p1a: Victini-weenie|Victini|313/341 par","|turn|48","|","|switch|p2a: Ledyba|Ledyba, M|35/283 tox","|move|p1a: Victini-weenie|Fusion Bolt|p2a: Ledyba","|-supereffective|p2a: Ledyba","|-damage|p2a: Ledyba|0 fnt","|faint|p2a: Ledyba","|","|","|switch|p2a: Murkrow|Murkrow, F|229/323","|turn|49","|","|move|p2a: Murkrow|Feather Dance|p1a: Victini-weenie","|-unboost|p1a: Victini-weenie|atk|2","|cant|p1a: Victini-weenie|par","|","|turn|50","|","|move|p2a: Murkrow|Roost|p2a: Murkrow","|-heal|p2a: Murkrow|323/323","|move|p1a: Victini-weenie|Fusion Bolt|p2a: Murkrow","|-crit|p2a: Murkrow","|-damage|p2a: Murkrow|140/323","|","|turn|51","|","|switch|p1a: My Dead Baby|Reuniclus, M, shiny|423/423 par","|move|p2a: Murkrow|Roost|p2a: Murkrow","|-heal|p2a: Murkrow|302/323","|","|turn|52","|","|switch|p2a: Mantyke|Mantyke, M|275/293 tox","|cant|p1a: My Dead Baby|par","|","|-damage|p2a: Mantyke|257/293 tox|[from] psn","|turn|53","|","|move|p2a: Mantyke|Scald|p1a: My Dead Baby","|-damage|p1a: My Dead Baby|372/423 par","|cant|p1a: My Dead Baby|par","|","|-heal|p1a: My Dead Baby|398/423 par|[from] item: Leftovers","|-damage|p2a: Mantyke|221/293 tox|[from] psn","|turn|54","|","|move|p2a: Mantyke|Scald|p1a: My Dead Baby","|-damage|p1a: My Dead Baby|347/423 par","|move|p1a: My Dead Baby|Psychic|p2a: Mantyke","|-damage|p2a: Mantyke|145/293 tox","|","|-heal|p1a: My Dead Baby|373/423 par|[from] item: Leftovers","|-damage|p2a: Mantyke|91/293 tox|[from] psn","|turn|55","|","|move|p2a: Mantyke|Rest|p2a: Mantyke","|-status|p2a: Mantyke|slp","|-heal|p2a: Mantyke|293/293 slp|[silent]","|-status|p2a: Mantyke|slp|[from] move: Rest","|move|p1a: My Dead Baby|Focus Blast|p2a: Mantyke","|-resisted|p2a: Mantyke","|-damage|p2a: Mantyke|261/293 slp","|","|-heal|p1a: My Dead Baby|399/423 par|[from] item: Leftovers","|turn|56","|","|switch|p1a: Slowbruh|Slowbro, M|393/393","|cant|p2a: Mantyke|slp","|move|p2a: Mantyke|Sleep Talk|p2a: Mantyke","|move|p2a: Mantyke|Scald|p1a: Slowbruh|[from]Sleep Talk","|-crit|p1a: Slowbruh","|-resisted|p1a: Slowbruh","|-damage|p1a: Slowbruh|340/393","|","|turn|57","|","|switch|p2a: Golbat|Golbat, F|283/353","|move|p1a: Slowbruh|Thunder Wave|p2a: Golbat","|-status|p2a: Golbat|par","|","|turn|58","|","|move|p1a: Slowbruh|Flamethrower|p2a: Golbat","|-damage|p2a: Golbat|225/353 par","|move|p2a: Golbat|Super Fang|p1a: Slowbruh","|-damage|p1a: Slowbruh|170/393","|","|turn|59","|","|move|p1a: Slowbruh|Rest|p1a: Slowbruh","|-status|p1a: Slowbruh|slp","|-heal|p1a: Slowbruh|393/393 slp|[silent]","|-status|p1a: Slowbruh|slp|[from] move: Rest","|-enditem|p1a: Slowbruh|Chesto Berry|[eat]","|-curestatus|p1a: Slowbruh|slp","|move|p2a: Golbat|Roost|p2a: Golbat","|-heal|p2a: Golbat|353/353 par","|","|turn|60","|","|move|p1a: Slowbruh|Recycle|p1a: Slowbruh","|-item|p1a: Slowbruh|Chesto Berry|[from] move: Recycle","|cant|p2a: Golbat|par","|","|turn|61","|","|move|p1a: Slowbruh|Flamethrower|p2a: Golbat","|-damage|p2a: Golbat|289/353 par","|move|p2a: Golbat|Super Fang|p1a: Slowbruh","|-damage|p1a: Slowbruh|197/393","|","|turn|62","|","|move|p1a: Slowbruh|Flamethrower|p2a: Golbat","|-damage|p2a: Golbat|231/353 par","|move|p2a: Golbat|Confuse Ray|p1a: Slowbruh","|-start|p1a: Slowbruh|confusion","|","|turn|63","|","|-activate|p1a: Slowbruh|confusion","|-damage|p1a: Slowbruh|180/393|[from] confusion","|move|p2a: Golbat|Super Fang|p1a: Slowbruh","|-damage|p1a: Slowbruh|90/393","|","|turn|64","|","|-activate|p1a: Slowbruh|confusion","|move|p1a: Slowbruh|Rest|p1a: Slowbruh","|-status|p1a: Slowbruh|slp","|-heal|p1a: Slowbruh|393/393 slp|[silent]","|-status|p1a: Slowbruh|slp|[from] move: Rest","|-enditem|p1a: Slowbruh|Chesto Berry|[eat]","|-curestatus|p1a: Slowbruh|slp","|move|p2a: Golbat|Brave Bird|p1a: Slowbruh","|-damage|p1a: Slowbruh|305/393","|-damage|p2a: Golbat|202/353 par|[from] recoil|[of] p1a: Slowbruh","|","|turn|65","|","|-end|p1a: Slowbruh|confusion","|move|p1a: Slowbruh|Recycle|p1a: Slowbruh","|-item|p1a: Slowbruh|Chesto Berry|[from] move: Recycle","|move|p2a: Golbat|Roost|p2a: Golbat","|-heal|p2a: Golbat|353/353 par","|","|turn|66","|","|switch|p2a: Murkrow|Murkrow, F|302/323","|move|p1a: Slowbruh|Flamethrower|p2a: Murkrow","|-damage|p2a: Murkrow|245/323","|","|turn|67","|","|move|p2a: Murkrow|Taunt|p1a: Slowbruh","|-start|p1a: Slowbruh|move: Taunt","|cant|p1a: Slowbruh|move: Taunt|Thunder Wave","|","|turn|68","|","|move|p2a: Murkrow|Thunder Wave|p1a: Slowbruh","|-status|p1a: Slowbruh|par","|move|p1a: Slowbruh|Flamethrower|p2a: Murkrow","|-damage|p2a: Murkrow|187/323","|","|turn|69","|","|switch|p1a: My Dead Baby|Reuniclus, M, shiny|399/423 par","|move|p2a: Murkrow|Roost|p2a: Murkrow","|-heal|p2a: Murkrow|323/323","|","|-heal|p1a: My Dead Baby|423/423 par|[from] item: Leftovers","|turn|70","|","|switch|p2a: Mantyke|Mantyke, M|261/293 slp","|move|p1a: My Dead Baby|Focus Blast|p2a: Mantyke|[miss]","|-miss|p1a: My Dead Baby|p2a: Mantyke","|","|turn|71","|","|cant|p2a: Mantyke|slp","|move|p2a: Mantyke|Sleep Talk|p2a: Mantyke","|move|p2a: Mantyke|Scald|p1a: My Dead Baby|[from]Sleep Talk","|-damage|p1a: My Dead Baby|377/423 par","|move|p1a: My Dead Baby|Psychic|p2a: Mantyke","|-damage|p2a: Mantyke|185/293 slp","|","|-heal|p1a: My Dead Baby|403/423 par|[from] item: Leftovers","|turn|72","|","|-curestatus|p2a: Mantyke|slp","|move|p2a: Mantyke|Scald|p1a: My Dead Baby","|-damage|p1a: My Dead Baby|352/423 par","|move|p1a: My Dead Baby|Psychic|p2a: Mantyke","|-damage|p2a: Mantyke|110/293","|","|-heal|p1a: My Dead Baby|378/423 par|[from] item: Leftovers","|turn|73","|","|move|p2a: Mantyke|Scald|p1a: My Dead Baby","|-damage|p1a: My Dead Baby|327/423 par","|move|p1a: My Dead Baby|Psychic|p2a: Mantyke","|-damage|p2a: Mantyke|31/293","|","|-heal|p1a: My Dead Baby|353/423 par|[from] item: Leftovers","|turn|74","|","|move|p2a: Mantyke|Rest|p2a: Mantyke","|-status|p2a: Mantyke|slp","|-heal|p2a: Mantyke|293/293 slp|[silent]","|-status|p2a: Mantyke|slp|[from] move: Rest","|move|p1a: My Dead Baby|Psychic|p2a: Mantyke","|-damage|p2a: Mantyke|218/293 slp","|","|-heal|p1a: My Dead Baby|379/423 par|[from] item: Leftovers","|turn|75","|","|cant|p2a: Mantyke|slp","|move|p2a: Mantyke|Sleep Talk|p2a: Mantyke","|move|p2a: Mantyke|Scald|p1a: My Dead Baby|[from]Sleep Talk","|-damage|p1a: My Dead Baby|333/423 par","|move|p1a: My Dead Baby|Psychic|p2a: Mantyke","|-damage|p2a: Mantyke|137/293 slp","|","|-heal|p1a: My Dead Baby|359/423 par|[from] item: Leftovers","|turn|76","|","|cant|p2a: Mantyke|slp","|move|p2a: Mantyke|Sleep Talk|p2a: Mantyke","|move|p2a: Mantyke|Rest|p2a: Mantyke|[from]Sleep Talk","|-fail|p2a: Mantyke","|cant|p1a: My Dead Baby|par","|","|-heal|p1a: My Dead Baby|385/423 par|[from] item: Leftovers","|turn|77","|","|-curestatus|p2a: Mantyke|slp","|move|p2a: Mantyke|Scald|p1a: My Dead Baby","|-damage|p1a: My Dead Baby|331/423 par","|move|p1a: My Dead Baby|Psychic|p2a: Mantyke","|-damage|p2a: Mantyke|68/293","|","|-heal|p1a: My Dead Baby|357/423 par|[from] item: Leftovers","|turn|78","|","|move|p2a: Mantyke|Rest|p2a: Mantyke","|-status|p2a: Mantyke|slp","|-heal|p2a: Mantyke|293/293 slp|[silent]","|-status|p2a: Mantyke|slp|[from] move: Rest","|move|p1a: My Dead Baby|Psychic|p2a: Mantyke","|-damage|p2a: Mantyke|218/293 slp","|","|-heal|p1a: My Dead Baby|383/423 par|[from] item: Leftovers","|turn|79","|","|cant|p2a: Mantyke|slp","|move|p2a: Mantyke|Sleep Talk|p2a: Mantyke","|move|p2a: Mantyke|Rest|p2a: Mantyke|[from]Sleep Talk","|-fail|p2a: Mantyke","|move|p1a: My Dead Baby|Trick Room|p1a: My Dead Baby","|-fieldstart|move: Trick Room|[of] p1a: My Dead Baby","|","|-heal|p1a: My Dead Baby|409/423 par|[from] item: Leftovers","|turn|80","|","|cant|p1a: My Dead Baby|par","|cant|p2a: Mantyke|slp","|move|p2a: Mantyke|Sleep Talk|p2a: Mantyke","|move|p2a: Mantyke|Scald|p1a: My Dead Baby|[from]Sleep Talk","|-damage|p1a: My Dead Baby|357/423 par","|","|-heal|p1a: My Dead Baby|383/423 par|[from] item: Leftovers","|turn|81","|","|move|p1a: My Dead Baby|Psychic|p2a: Mantyke","|-damage|p2a: Mantyke|148/293 slp","|-curestatus|p2a: Mantyke|slp","|move|p2a: Mantyke|Scald|p1a: My Dead Baby","|-damage|p1a: My Dead Baby|334/423 par","|","|-heal|p1a: My Dead Baby|360/423 par|[from] item: Leftovers","|turn|82","|","|move|p1a: My Dead Baby|Psychic|p2a: Mantyke","|-damage|p2a: Mantyke|73/293","|move|p2a: Mantyke|Scald|p1a: My Dead Baby","|-damage|p1a: My Dead Baby|306/423 par","|","|-heal|p1a: My Dead Baby|332/423 par|[from] item: Leftovers","|turn|83","|","|move|p1a: My Dead Baby|Psychic|p2a: Mantyke","|-damage|p2a: Mantyke|4/293","|move|p2a: Mantyke|Rest|p2a: Mantyke","|-status|p2a: Mantyke|slp","|-heal|p2a: Mantyke|293/293 slp|[silent]","|-status|p2a: Mantyke|slp|[from] move: Rest","|","|-heal|p1a: My Dead Baby|358/423 par|[from] item: Leftovers","|-fieldend|move: Trick Room","|turn|84","|","|switch|p1a: Victini-weenie|Victini|313/341 par","|cant|p2a: Mantyke|slp","|move|p2a: Mantyke|Sleep Talk|p2a: Mantyke","|move|p2a: Mantyke|Rest|p2a: Mantyke|[from]Sleep Talk","|-fail|p2a: Mantyke","|","|turn|85","|","|switch|p2a: Golbat|Golbat, F|353/353 par","|move|p1a: Victini-weenie|Toxic|p2a: Golbat","|-fail|p2a: Golbat","|","|turn|86","|","|switch|p1a: F You I'm Satan|Hoopa-Unbound|275/363 par","|move|p2a: Golbat|Confuse Ray|p1a: F You I'm Satan","|-start|p1a: F You I'm Satan|confusion","|","|turn|87","|","|switch|p2a: Murkrow|Murkrow, F|323/323","|switch|p1a: Victini-weenie|Victini|313/341 par","|","|turn|88","|","|move|p2a: Murkrow|Feather Dance|p1a: Victini-weenie","|-unboost|p1a: Victini-weenie|atk|2","|move|p1a: Victini-weenie|Toxic|p2a: Murkrow","|-status|p2a: Murkrow|tox","|","|-damage|p2a: Murkrow|303/323 tox|[from] psn","|turn|89","|","|switch|p2a: Golbat|Golbat, F|353/353 par","|switch|p1a: F You I'm Satan|Hoopa-Unbound|275/363 par","|","|turn|90","|","|cant|p2a: Golbat|par","|move|p1a: F You I'm Satan|Hyperspace Fury|p2a: Golbat","|-damage|p2a: Golbat|59/353 par","|-unboost|p1a: F You I'm Satan|def|1","|","|turn|91","|","|cant|p2a: Golbat|par","|cant|p1a: F You I'm Satan|par","|","|turn|92","|","|move|p2a: Golbat|Brave Bird|p1a: F You I'm Satan","|-damage|p1a: F You I'm Satan|7/363 par","|-damage|p2a: Golbat|0 fnt|[from] recoil|[of] p1a: F You I'm Satan","|faint|p2a: Golbat","|cant|p1a: F You I'm Satan|par","|","|","|switch|p2a: Mantyke|Mantyke, M|293/293 slp","|turn|93","|","|cant|p2a: Mantyke|slp","|move|p2a: Mantyke|Sleep Talk|p2a: Mantyke","|move|p2a: Mantyke|Rest|p2a: Mantyke|[from]Sleep Talk","|-fail|p2a: Mantyke","|move|p1a: F You I'm Satan|Drain Punch|p2a: Mantyke","|-resisted|p2a: Mantyke","|-damage|p2a: Mantyke|252/293 slp","|-heal|p1a: F You I'm Satan|28/363 par|[from] drain|[of] p2a: Mantyke","|","|turn|94","|","|-curestatus|p2a: Mantyke|slp","|move|p2a: Mantyke|Scald|p1a: F You I'm Satan","|-damage|p1a: F You I'm Satan|0 fnt","|faint|p1a: F You I'm Satan","|","|","|switch|p1a: My Dead Baby|Reuniclus, M, shiny|358/423 par","|turn|95","|","|move|p2a: Mantyke|Air Slash|p1a: My Dead Baby","|-damage|p1a: My Dead Baby|315/423 par","|move|p1a: My Dead Baby|Psychic|p2a: Mantyke","|-damage|p2a: Mantyke|177/293","|","|-heal|p1a: My Dead Baby|341/423 par|[from] item: Leftovers","|turn|96","|","|move|p2a: Mantyke|Air Slash|p1a: My Dead Baby","|-damage|p1a: My Dead Baby|296/423 par","|cant|p1a: My Dead Baby|par","|","|-heal|p1a: My Dead Baby|322/423 par|[from] item: Leftovers","|turn|97","|","|move|p2a: Mantyke|Air Slash|p1a: My Dead Baby","|-damage|p1a: My Dead Baby|276/423 par","|cant|p1a: My Dead Baby|flinch","|","|-heal|p1a: My Dead Baby|302/423 par|[from] item: Leftovers","|turn|98","|","|move|p2a: Mantyke|Air Slash|p1a: My Dead Baby","|-damage|p1a: My Dead Baby|256/423 par","|move|p1a: My Dead Baby|Psychic|p2a: Mantyke","|-damage|p2a: Mantyke|99/293","|","|-heal|p1a: My Dead Baby|282/423 par|[from] item: Leftovers","|turn|99","|","|move|p2a: Mantyke|Air Slash|p1a: My Dead Baby","|-damage|p1a: My Dead Baby|233/423 par","|cant|p1a: My Dead Baby|par","|","|-heal|p1a: My Dead Baby|259/423 par|[from] item: Leftovers","|turn|100","|","|move|p2a: Mantyke|Air Slash|p1a: My Dead Baby","|-damage|p1a: My Dead Baby|211/423 par","|cant|p1a: My Dead Baby|par","|","|-heal|p1a: My Dead Baby|237/423 par|[from] item: Leftovers","|turn|101","|","|move|p2a: Mantyke|Air Slash|p1a: My Dead Baby","|-damage|p1a: My Dead Baby|192/423 par","|move|p1a: My Dead Baby|Psychic|p2a: Mantyke","|-damage|p2a: Mantyke|26/293","|","|-heal|p1a: My Dead Baby|218/423 par|[from] item: Leftovers","|turn|102","|","|move|p2a: Mantyke|Rest|p2a: Mantyke","|-status|p2a: Mantyke|slp","|-heal|p2a: Mantyke|293/293 slp|[silent]","|-status|p2a: Mantyke|slp|[from] move: Rest","|move|p1a: My Dead Baby|Recover|p1a: My Dead Baby","|-heal|p1a: My Dead Baby|423/423 par","|","|turn|103","|","|cant|p2a: Mantyke|slp","|move|p2a: Mantyke|Sleep Talk|p2a: Mantyke","|move|p2a: Mantyke|Air Slash|p1a: My Dead Baby|[from]Sleep Talk","|-damage|p1a: My Dead Baby|375/423 par","|cant|p1a: My Dead Baby|par","|","|-heal|p1a: My Dead Baby|401/423 par|[from] item: Leftovers","|turn|104","|","|cant|p2a: Mantyke|slp","|move|p2a: Mantyke|Sleep Talk|p2a: Mantyke","|move|p2a: Mantyke|Rest|p2a: Mantyke|[from]Sleep Talk","|-fail|p2a: Mantyke","|cant|p1a: My Dead Baby|par","|","|-heal|p1a: My Dead Baby|423/423 par|[from] item: Leftovers","|turn|105","|","|-curestatus|p2a: Mantyke|slp","|move|p2a: Mantyke|Sleep Talk|p2a: Mantyke","|-fail|p2a: Mantyke","|move|p1a: My Dead Baby|Psychic|p2a: Mantyke","|-damage|p2a: Mantyke|214/293","|","|turn|106","|","|switch|p1a: Victini-weenie|Victini|313/341 par","|move|p2a: Mantyke|Air Slash|p1a: Victini-weenie","|-damage|p1a: Victini-weenie|255/341 par","|","|turn|107","|","|move|p2a: Mantyke|Scald|p1a: Victini-weenie","|-supereffective|p1a: Victini-weenie","|-damage|p1a: Victini-weenie|133/341 par","|cant|p1a: Victini-weenie|par","|","|turn|108","|","|move|p2a: Mantyke|Air Slash|p1a: Victini-weenie","|-damage|p1a: Victini-weenie|78/341 par","|cant|p1a: Victini-weenie|flinch","|","|turn|109","|","|move|p2a: Mantyke|Scald|p1a: Victini-weenie","|-supereffective|p1a: Victini-weenie","|-damage|p1a: Victini-weenie|0 fnt","|faint|p1a: Victini-weenie","|","|","|switch|p1a: Slowbruh|Slowbro, M|393/393 par","|turn|110","|","|move|p2a: Mantyke|Air Slash|p1a: Slowbruh","|-damage|p1a: Slowbruh|317/393 par","|cant|p1a: Slowbruh|par","|","|turn|111","|","|move|p2a: Mantyke|Air Slash|p1a: Slowbruh","|-damage|p1a: Slowbruh|250/393 par","|move|p1a: Slowbruh|Rest|p1a: Slowbruh","|-status|p1a: Slowbruh|slp","|-heal|p1a: Slowbruh|393/393 slp|[silent]","|-status|p1a: Slowbruh|slp|[from] move: Rest","|-enditem|p1a: Slowbruh|Chesto Berry|[eat]","|-curestatus|p1a: Slowbruh|slp","|","|turn|112","|","|move|p2a: Mantyke|Air Slash|p1a: Slowbruh","|-damage|p1a: Slowbruh|315/393","|move|p1a: Slowbruh|Thunder Wave|p2a: Mantyke","|-status|p2a: Mantyke|par","|","|turn|113","|","|move|p1a: Slowbruh|Flamethrower|p2a: Mantyke","|-resisted|p2a: Mantyke","|-damage|p2a: Mantyke|195/293 par","|move|p2a: Mantyke|Scald|p1a: Slowbruh","|-resisted|p1a: Slowbruh","|-damage|p1a: Slowbruh|275/393","|-status|p1a: Slowbruh|brn","|","|-damage|p1a: Slowbruh|226/393 brn|[from] brn","|turn|114","|","|switch|p2a: Murkrow|Murkrow, F|303/323 tox","|move|p1a: Slowbruh|Flamethrower|p2a: Murkrow","|-damage|p2a: Murkrow|249/323 tox","|","|-damage|p2a: Murkrow|229/323 tox|[from] psn","|-damage|p1a: Slowbruh|177/393 brn|[from] brn","|turn|115","|","|move|p2a: Murkrow|Taunt|p1a: Slowbruh","|-start|p1a: Slowbruh|move: Taunt","|cant|p1a: Slowbruh|move: Taunt|Rest","|","|-damage|p2a: Murkrow|189/323 tox|[from] psn","|-damage|p1a: Slowbruh|128/393 brn|[from] brn","|turn|116","|","|move|p2a: Murkrow|Roost|p2a: Murkrow","|-heal|p2a: Murkrow|323/323 tox","|move|p1a: Slowbruh|Flamethrower|p2a: Murkrow","|-damage|p2a: Murkrow|262/323 tox","|","|-damage|p2a: Murkrow|202/323 tox|[from] psn","|-damage|p1a: Slowbruh|79/393 brn|[from] brn","|turn|117","|","|switch|p2a: Mantyke|Mantyke, M|195/293 par","|move|p1a: Slowbruh|Flamethrower|p2a: Mantyke","|-crit|p2a: Mantyke","|-resisted|p2a: Mantyke","|-damage|p2a: Mantyke|164/293 par","|","|-damage|p1a: Slowbruh|30/393 brn|[from] brn","|-end|p1a: Slowbruh|move: Taunt","|turn|118","|","|move|p1a: Slowbruh|Rest|p1a: Slowbruh","|-status|p1a: Slowbruh|slp","|-heal|p1a: Slowbruh|393/393 slp|[silent]","|-status|p1a: Slowbruh|slp|[from] move: Rest","|move|p2a: Mantyke|Air Slash|p1a: Slowbruh","|-damage|p1a: Slowbruh|320/393 slp","|","|turn|119","|","|cant|p1a: Slowbruh|slp","|cant|p2a: Mantyke|par","|","|turn|120","|","|cant|p1a: Slowbruh|slp","|cant|p2a: Mantyke|par","|","|turn|121","|","|-curestatus|p1a: Slowbruh|slp","|move|p1a: Slowbruh|Flamethrower|p2a: Mantyke","|-resisted|p2a: Mantyke","|-damage|p2a: Mantyke|143/293 par","|move|p2a: Mantyke|Scald|p1a: Slowbruh","|-resisted|p1a: Slowbruh","|-damage|p1a: Slowbruh|284/393","|","|turn|122","|","|move|p1a: Slowbruh|Flamethrower|p2a: Mantyke","|-resisted|p2a: Mantyke","|-damage|p2a: Mantyke|123/293 par","|cant|p2a: Mantyke|par","|","|turn|123","|","|move|p1a: Slowbruh|Flamethrower|p2a: Mantyke","|-resisted|p2a: Mantyke","|-damage|p2a: Mantyke|101/293 par","|cant|p2a: Mantyke|par","|","|turn|124","|","|move|p1a: Slowbruh|Flamethrower|p2a: Mantyke","|-resisted|p2a: Mantyke","|-damage|p2a: Mantyke|81/293 par","|cant|p2a: Mantyke|par","|","|turn|125","|","|move|p1a: Slowbruh|Flamethrower|p2a: Mantyke","|-resisted|p2a: Mantyke","|-damage|p2a: Mantyke|60/293 par","|cant|p2a: Mantyke|par","|","|turn|126","|","|move|p1a: Slowbruh|Flamethrower|p2a: Mantyke","|-resisted|p2a: Mantyke","|-damage|p2a: Mantyke|39/293 par","|move|p2a: Mantyke|Rest|p2a: Mantyke","|-status|p2a: Mantyke|slp","|-heal|p2a: Mantyke|293/293 slp|[silent]","|-status|p2a: Mantyke|slp|[from] move: Rest","|","|turn|127","|","|cant|p2a: Mantyke|slp","|move|p2a: Mantyke|Sleep Talk|p2a: Mantyke","|move|p2a: Mantyke|Scald|p1a: Slowbruh|[from]Sleep Talk","|-resisted|p1a: Slowbruh","|-damage|p1a: Slowbruh|245/393","|-status|p1a: Slowbruh|brn","|move|p1a: Slowbruh|Flamethrower|p2a: Mantyke","|-resisted|p2a: Mantyke","|-damage|p2a: Mantyke|274/293 slp","|","|-damage|p1a: Slowbruh|196/393 brn|[from] brn","|turn|128","|","|switch|p2a: Murkrow|Murkrow, F|202/323 tox","|move|p1a: Slowbruh|Recycle|p1a: Slowbruh","|-item|p1a: Slowbruh|Chesto Berry|[from] move: Recycle","|","|-damage|p2a: Murkrow|182/323 tox|[from] psn","|-damage|p1a: Slowbruh|147/393 brn|[from] brn","|turn|129","|","|move|p2a: Murkrow|Taunt|p1a: Slowbruh","|-start|p1a: Slowbruh|move: Taunt","|cant|p1a: Slowbruh|move: Taunt|Rest","|","|-damage|p2a: Murkrow|142/323 tox|[from] psn","|-damage|p1a: Slowbruh|98/393 brn|[from] brn","|turn|130","|","|move|p2a: Murkrow|Roost|p2a: Murkrow","|-heal|p2a: Murkrow|304/323 tox","|move|p1a: Slowbruh|Flamethrower|p2a: Murkrow","|-damage|p2a: Murkrow|249/323 tox","|","|-damage|p2a: Murkrow|189/323 tox|[from] psn","|-damage|p1a: Slowbruh|49/393 brn|[from] brn","|turn|131","|","|move|p2a: Murkrow|Roost|p2a: Murkrow","|-heal|p2a: Murkrow|323/323 tox","|move|p1a: Slowbruh|Flamethrower|p2a: Murkrow","|-damage|p2a: Murkrow|270/323 tox","|","|-damage|p2a: Murkrow|190/323 tox|[from] psn","|-damage|p1a: Slowbruh|0 fnt|[from] brn","|faint|p1a: Slowbruh","|","|switch|p1a: My Dead Baby|Reuniclus, M, shiny|423/423 par","|turn|132","|","|switch|p2a: Mantyke|Mantyke, M|274/293 slp","|move|p1a: My Dead Baby|Focus Blast|p2a: Mantyke|[miss]","|-miss|p1a: My Dead Baby|p2a: Mantyke","|","|turn|133","|","|cant|p2a: Mantyke|slp","|move|p2a: Mantyke|Sleep Talk|p2a: Mantyke","|move|p2a: Mantyke|Rest|p2a: Mantyke|[from]Sleep Talk","|-fail|p2a: Mantyke","|move|p1a: My Dead Baby|Focus Blast|p2a: Mantyke","|-resisted|p2a: Mantyke","|-damage|p2a: Mantyke|244/293 slp","|","|turn|134","|","|-curestatus|p2a: Mantyke|slp","|move|p2a: Mantyke|Sleep Talk|p2a: Mantyke","|-fail|p2a: Mantyke","|move|p1a: My Dead Baby|Focus Blast|p2a: Mantyke","|-resisted|p2a: Mantyke","|-damage|p2a: Mantyke|212/293","|","|turn|135","|","|move|p2a: Mantyke|Air Slash|p1a: My Dead Baby","|-damage|p1a: My Dead Baby|374/423 par","|move|p1a: My Dead Baby|Focus Blast|p2a: Mantyke","|-resisted|p2a: Mantyke","|-damage|p2a: Mantyke|179/293","|","|-heal|p1a: My Dead Baby|400/423 par|[from] item: Leftovers","|turn|136","|","|win|Doctor Vergi"],"p1rating":{"entryid":259665,"formatid":"monotype","userid":"doublemintgum","username":"Doublemint Gum","r":1500,"rd":130,"sigma":0,"rpr":1455.3983812485,"rprd":122.8161247095,"rpsigma":0,"rptime":1440147600,"w":0,"l":1,"t":0,"gxe":44.4,"acre":1000,"lacre":1000,"oldacre":1000},"p2rating":{"entryid":"204669","serverid":"eos","formatid":"monotype","userid":"doctorvergi","username":"Doctor Vergi","w":1,"l":"1","t":"0","gxe":50.2,"r":"1461.8495684771","rd":"122.29675825909","sigma":"0","rptime":"1440147600","rpr":1501.512872315,"rprd":116.35200334705,"rpsigma":"0","acre":1040,"lacre":1040,"oldacre":"1000"},"endType":"forfeit"}