{"seed":[44644,58647,24406,14710],"turns":28,"p1":"Metalyte","p2":"V Photon","p1team":[{"name":"Czar","species":"scizor","item":"scizorite","ability":"Technician","moves":["roost","swordsdance","bulletpunch","bugbite"],"nature":"Adamant","evs":{"hp":248,"atk":252,"def":0,"spa":0,"spd":8,"spe":0},"ivs":{"hp":31,"atk":31,"def":31,"spa":31,"spd":31,"spe":31}},{"name":"Heatran","species":"Heatran","item":"airballoon","ability":"Flash Fire","moves":["fireblast","flashcannon","earthpower","ancientpower"],"nature":"Timid","evs":{"hp":4,"atk":0,"def":0,"spa":252,"spd":0,"spe":252},"ivs":{"hp":31,"atk":31,"def":31,"spa":31,"spd":31,"spe":31}},{"name":"SR-71","species":"skarmory","item":"leftovers","ability":"Sturdy","moves":["defog","whirlwind","drillpeck","roost"],"nature":"Impish","evs":{"hp":252,"atk":0,"def":252,"spa":0,"spd":0,"spe":4},"ivs":{"hp":31,"atk":31,"def":31,"spa":31,"spd":31,"spe":31}},{"name":"Magnezone","species":"Magnezone","item":"choicescarf","ability":"Sturdy","moves":["thunderbolt","flashcannon","voltswitch","hiddenpowerice"],"nature":"Timid","evs":{"hp":0,"atk":0,"def":0,"spa":252,"spd":4,"spe":252},"ivs":{"hp":31,"atk":30,"def":30,"spa":31,"spd":31,"spe":31}},{"name":"Excadrill","species":"Excadrill","item":"choicescarf","ability":"Mold Breaker","moves":["earthquake","ironhead","rockslide","rapidspin"],"nature":"Jolly","evs":{"hp":0,"atk":252,"def":0,"spa":0,"spd":4,"spe":252},"ivs":{"hp":31,"atk":31,"def":31,"spa":31,"spd":31,"spe":31}},{"name":"Bisharp","species":"Bisharp","item":"lumberry","ability":"Defiant","moves":["suckerpunch","swordsdance","knockoff","ironhead"],"nature":"Jolly","evs":{"hp":0,"atk":252,"def":0,"spa":0,"spd":4,"spe":252},"ivs":{"hp":31,"atk":31,"def":31,"spa":31,"spd":31,"spe":31}}],"p2team":[{"name":"Cradily","species":"Cradily","item":"leftovers","ability":"Storm Drain","moves":["rockslide","stockpile","recover","stealthrock"],"nature":"Careful","evs":{"hp":252,"atk":4,"def":0,"spa":0,"spd":252,"spe":0},"ivs":{"hp":31,"atk":30,"def":31,"spa":30,"spd":31,"spe":30}},{"name":"Ferrothorn","species":"Ferrothorn","item":"rockyhelmet","ability":"Iron Barbs","moves":["curse","gyroball","leechseed","thunderwave"],"nature":"Relaxed","evs":{"hp":252,"atk":0,"def":120,"spa":0,"spd":136,"spe":0},"ivs":{"hp":31,"atk":31,"def":31,"spa":31,"spd":31,"spe":0}},{"name":"Rotom-Mow","species":"Rotom-Mow","item":"weaknesspolicy","ability":"Levitate","moves":["thunderbolt","willowisp","rest","sleeptalk"],"nature":"Calm","evs":{"hp":248,"atk":0,"def":8,"spa":0,"spd":252,"spe":0},"ivs":{"hp":31,"atk":31,"def":31,"spa":31,"spd":31,"spe":31}},{"name":"Venusaur","species":"Venusaur","item":"venusaurite","ability":"Overgrow","moves":["earthquake","petalblizzard","synthesis","curse"],"nature":"Adamant","evs":{"hp":248,"atk":252,"def":0,"spa":0,"spd":8,"spe":0},"ivs":{"hp":31,"atk":31,"def":31,"spa":31,"spd":31,"spe":31}},{"name":"Celebi","species":"Celebi","item":"choicescarf","ability":"Natural Cure","moves":["psychic","dazzlinggleam","ancientpower","earthpower"],"nature":"Timid","evs":{"hp":4,"atk":0,"def":0,"spa":252,"spd":0,"spe":252},"ivs":{"hp":31,"atk":31,"def":31,"spa":31,"spd":31,"spe":31}},{"name":"Serperior","species":"Serperior","item":"lifeorb","ability":"Contrary","moves":["leafblade","knockoff","aquatail","pursuit"],"nature":"Jolly","evs":{"hp":0,"atk":252,"def":0,"spa":0,"spd":4,"spe":252},"ivs":{"hp":31,"atk":31,"def":30,"spa":31,"spd":30,"spe":30}}],"log":["|player|p1|Metalyte|165","|player|p2|V Photon|66","|gametype|singles","|gen|6","|tier|Monotype","|rated","|rule|Baton Pass Clause: Limit one Baton Passer, can't pass Spe and other stats simultaneously","|rule|Swagger Clause: Swagger is banned","|rule|Same Type Clause: Pokémon in a team must share a type","|clearpoke","|poke|p1|Scizor, F","|poke|p1|Heatran, M","|poke|p1|Skarmory, F","|poke|p1|Magnezone","|poke|p1|Excadrill, F","|poke|p1|Bisharp, M","|poke|p2|Cradily, M","|poke|p2|Ferrothorn, M","|poke|p2|Rotom-Mow","|poke|p2|Venusaur, F","|poke|p2|Celebi","|poke|p2|Serperior, F","|rule|Sleep Clause Mod: Limit one foe put to sleep","|rule|Species Clause: Limit one of each Pokémon","|rule|OHKO Clause: OHKO moves are banned","|rule|Moody Clause: Moody is banned","|rule|Evasion Moves Clause: Evasion moves are banned","|rule|Endless Battle Clause: Forcing endless battles is banned","|rule|HP Percentage Mod: HP is shown in percentages","|teampreview","|","|start","|switch|p1a: Magnezone|Magnezone|281/281","|switch|p2a: Venusaur|Venusaur, F|363/363","|turn|1","|","|detailschange|p2a: Venusaur|Venusaur-Mega, F","|-mega|p2a: Venusaur|Venusaur|Venusaurite","|move|p1a: Magnezone|Flash Cannon|p2a: Venusaur","|-damage|p2a: Venusaur|243/363","|move|p2a: Venusaur|Earthquake|p1a: Magnezone","|-supereffective|p1a: Magnezone","|-ability|p1a: Magnezone|Sturdy","|-damage|p1a: Magnezone|1/281","|","|turn|2","|","|switch|p1a: Heatran|Heatran, M|324/324","|-item|p1a: Heatran|Air Balloon","|move|p2a: Venusaur|Synthesis|p2a: Venusaur","|-heal|p2a: Venusaur|363/363","|","|turn|3","|","|move|p1a: Heatran|Fire Blast|p2a: Venusaur","|-supereffective|p2a: Venusaur","|-damage|p2a: Venusaur|195/363","|move|p2a: Venusaur|Petal Blizzard|p1a: Heatran","|-resisted|p1a: Heatran","|-damage|p1a: Heatran|289/324","|-enditem|p1a: Heatran|Air Balloon","|","|turn|4","|","|switch|p1a: SR-71|Skarmory, F|334/334","|move|p2a: Venusaur|Earthquake|p1a: SR-71","|-immune|p1a: SR-71|[msg]","|","|turn|5","|","|switch|p2a: Rotom-Mow|Rotom-Mow|303/303","|move|p1a: SR-71|Drill Peck|p2a: Rotom-Mow","|-damage|p2a: Rotom-Mow|227/303","|","|turn|6","|","|switch|p1a: Excadrill|Excadrill, F|361/361","|-ability|p1a: Excadrill|Mold Breaker","|move|p2a: Rotom-Mow|Will-O-Wisp|p1a: Excadrill","|-status|p1a: Excadrill|brn","|","|-damage|p1a: Excadrill|316/361 brn|[from] brn","|turn|7","|","|switch|p1a: Heatran|Heatran, M|289/324","|switch|p2a: Ferrothorn|Ferrothorn, M|352/352","|","|turn|8","|","|switch|p2a: Celebi|Celebi|342/342","|move|p1a: Heatran|Fire Blast|p2a: Celebi","|-supereffective|p2a: Celebi","|-damage|p2a: Celebi|0 fnt","|faint|p2a: Celebi","|","|","|switch|p2a: Venusaur|Venusaur-Mega, F|195/363","|turn|9","|","|switch|p1a: SR-71|Skarmory, F|334/334","|switch|p2a: Ferrothorn|Ferrothorn, M|352/352","|","|turn|10","|","|switch|p1a: Magnezone|Magnezone|1/281","|move|p2a: Ferrothorn|Thunder Wave|p1a: Magnezone","|-immune|p1a: Magnezone|[msg]","|","|turn|11","|","|move|p1a: Magnezone|Hidden Power|p2a: Ferrothorn","|-damage|p2a: Ferrothorn|295/352","|move|p2a: Ferrothorn|Thunder Wave|p1a: Magnezone","|-immune|p1a: Magnezone|[msg]","|","|turn|12","|","|move|p1a: Magnezone|Hidden Power|p2a: Ferrothorn","|-damage|p2a: Ferrothorn|239/352","|move|p2a: Ferrothorn|Leech Seed|p1a: Magnezone|[miss]","|-miss|p2a: Ferrothorn|p1a: Magnezone","|","|turn|13","|","|move|p1a: Magnezone|Hidden Power|p2a: Ferrothorn","|-damage|p2a: Ferrothorn|183/352","|move|p2a: Ferrothorn|Leech Seed|p1a: Magnezone","|-start|p1a: Magnezone|move: Leech Seed","|","|-damage|p1a: Magnezone|0 fnt|[from] Leech Seed|[of] p2a: Ferrothorn","|-heal|p2a: Ferrothorn|184/352|[silent]","|faint|p1a: Magnezone","|","|switch|p1a: Heatran|Heatran, M|289/324","|turn|14","|","|switch|p2a: Cradily|Cradily, M|376/376","|move|p1a: Heatran|Fire Blast|p2a: Cradily","|-damage|p2a: Cradily|237/376","|","|-heal|p2a: Cradily|260/376|[from] item: Leftovers","|turn|15","|","|move|p1a: Heatran|Flash Cannon|p2a: Cradily","|-supereffective|p2a: Cradily","|-damage|p2a: Cradily|68/376","|move|p2a: Cradily|Stealth Rock|p1a: Heatran","|-sidestart|p1: Metalyte|move: Stealth Rock","|","|-heal|p2a: Cradily|91/376|[from] item: Leftovers","|turn|16","|","|switch|p2a: Rotom-Mow|Rotom-Mow|227/303","|move|p1a: Heatran|Flash Cannon|p2a: Rotom-Mow","|-resisted|p2a: Rotom-Mow","|-damage|p2a: Rotom-Mow|177/303","|","|turn|17","|","|move|p1a: Heatran|Fire Blast|p2a: Rotom-Mow","|-supereffective|p2a: Rotom-Mow","|-damage|p2a: Rotom-Mow|0 fnt","|faint|p2a: Rotom-Mow","|","|","|switch|p2a: Venusaur|Venusaur-Mega, F|195/363","|turn|18","|","|switch|p1a: SR-71|Skarmory, F|334/334","|-damage|p1a: SR-71|293/334|[from] Stealth Rock","|move|p2a: Venusaur|Synthesis|p2a: Venusaur","|-heal|p2a: Venusaur|363/363","|","|-heal|p1a: SR-71|313/334|[from] item: Leftovers","|turn|19","|","|switch|p2a: Ferrothorn|Ferrothorn, M|184/352","|move|p1a: SR-71|Defog|p2a: Ferrothorn","|-unboost|p2a: Ferrothorn|evasion|1","|-sideend|p1: Metalyte|Stealth Rock|[from] move: Defog|[of] p1a: SR-71","|","|-heal|p1a: SR-71|333/334|[from] item: Leftovers","|turn|20","|","|switch|p1a: Czar|Scizor, F|343/343","|move|p2a: Ferrothorn|Thunder Wave|p1a: Czar","|-status|p1a: Czar|par","|","|turn|21","|","|detailschange|p1a: Czar|Scizor-Mega, F","|-mega|p1a: Czar|Scizor|Scizorite","|move|p1a: Czar|Swords Dance|p1a: Czar","|-boost|p1a: Czar|atk|2","|move|p2a: Ferrothorn|Curse|p2a: Ferrothorn","|-unboost|p2a: Ferrothorn|spe|1","|-boost|p2a: Ferrothorn|atk|1","|-boost|p2a: Ferrothorn|def|1","|","|turn|22","|","|move|p1a: Czar|Bug Bite|p2a: Ferrothorn","|-damage|p2a: Ferrothorn|4/352","|-damage|p1a: Czar|301/343 par|[from] ability: Iron Barbs|[of] p2a: Ferrothorn","|-damage|p1a: Czar|244/343 par|[from] item: Rocky Helmet|[of] p2a: Ferrothorn","|move|p2a: Ferrothorn|Leech Seed|p1a: Czar","|-start|p1a: Czar|move: Leech Seed","|","|-damage|p1a: Czar|202/343 par|[from] Leech Seed|[of] p2a: Ferrothorn","|-heal|p2a: Ferrothorn|46/352|[silent]","|turn|23","|","|move|p1a: Czar|Bullet Punch|p2a: Ferrothorn","|-resisted|p2a: Ferrothorn","|-damage|p2a: Ferrothorn|0 fnt","|-damage|p1a: Czar|160/343 par|[from] ability: Iron Barbs|[of] p2a: Ferrothorn","|-damage|p1a: Czar|103/343 par|[from] item: Rocky Helmet|[of] p2a: Ferrothorn","|faint|p2a: Ferrothorn","|","|","|switch|p2a: Serperior|Serperior, F|291/291","|turn|24","|","|move|p1a: Czar|Bullet Punch|p2a: Serperior","|-damage|p2a: Serperior|39/291","|move|p2a: Serperior|Aqua Tail|p1a: Czar","|-damage|p1a: Czar|26/343 par","|-damage|p2a: Serperior|10/291|[from] item: Life Orb","|","|-damage|p1a: Czar|0 fnt|[from] Leech Seed|[of] p2a: Serperior","|-heal|p2a: Serperior|36/291|[silent]","|faint|p1a: Czar","|","|switch|p1a: Bisharp|Bisharp, M|271/271","|turn|25","|","|move|p2a: Serperior|Aqua Tail|p1a: Bisharp","|-damage|p1a: Bisharp|179/271","|-damage|p2a: Serperior|7/291|[from] item: Life Orb","|move|p1a: Bisharp|Swords Dance|p1a: Bisharp","|-boost|p1a: Bisharp|atk|2","|","|turn|26","|","|move|p2a: Serperior|Aqua Tail|p1a: Bisharp","|-damage|p1a: Bisharp|76/271","|-damage|p2a: Serperior|0 fnt|[from] item: Life Orb","|faint|p2a: Serperior","|move|p1a: Bisharp|Swords Dance|p1a: Bisharp","|-boost|p1a: Bisharp|atk|2","|","|","|switch|p2a: Venusaur|Venusaur-Mega, F|363/363","|turn|27","|","|move|p1a: Bisharp|Iron Head|p2a: Venusaur","|-damage|p2a: Venusaur|26/363","|move|p2a: Venusaur|Earthquake|p1a: Bisharp","|-supereffective|p1a: Bisharp","|-damage|p1a: Bisharp|0 fnt","|faint|p1a: Bisharp","|","|","|switch|p1a: Heatran|Heatran, M|289/324","|turn|28","|","|move|p1a: Heatran|Flash Cannon|p2a: Venusaur","|-damage|p2a: Venusaur|0 fnt","|faint|p2a: Venusaur","|","|","|win|Metalyte"],"p1rating":{"entryid":"261411","serverid":"eos","formatid":"monotype","userid":"metalyte","username":"Metalyte","w":3,"l":"1","t":"0","gxe":57,"r":"1500","rd":"130","sigma":"0","rptime":"1440147600","rpr":1555.5624546508,"rprd":106.91598148728,"rpsigma":"0","acre":1080.1807756991,"lacre":1080.1807756991,"oldacre":"1052.9773939303"},"p2rating":{"entryid":"24749","serverid":"eos","formatid":"monotype","userid":"vphoton","username":"V Photon - ⓈⓁⒺⒺⓅ","w":"1","l":6,"t":"0","gxe":34,"r":"1387.6796431438","rd":"99.090411881736","sigma":"0","rptime":"1440147600","rpr":1370.2473283745,"rprd":96.079675016994,"rpsigma":"0","acre":1000,"lacre":1000,"oldacre":"1000"},"endType":"forfeit"}