{"seed":[55539,56002,60927,9117],"turns":26,"p1":"Crystal Blade64","p2":"FinalBossBCRANK","p1team":[{"name":"Reckless","species":"staraptor","item":"leftovers","ability":"Intimidate","moves":["bravebird","roost","featherdance","defog"],"nature":"Impish","evs":{"hp":252,"atk":4,"def":252,"spa":0,"spd":0,"spe":0},"ivs":{"hp":31,"atk":31,"def":31,"spa":31,"spd":31,"spe":31}},{"name":"BetterThanYou","species":"ditto","item":"choicescarf","ability":"Imposter","moves":["transform"],"nature":"Bold","evs":{"hp":248,"atk":0,"def":252,"spa":0,"spd":8,"spe":0},"happiness":0,"ivs":{"hp":31,"atk":31,"def":31,"spa":31,"spd":31,"spe":31}},{"name":"Nurse Joy pls","species":"chansey","item":"eviolite","ability":"Natural Cure","moves":["aromatherapy","softboiled","thunderwave","seismictoss"],"nature":"Bold","evs":{"hp":248,"atk":0,"def":252,"spa":0,"spd":8,"spe":0},"ivs":{"hp":31,"atk":31,"def":31,"spa":31,"spd":31,"spe":31}},{"name":"EnergizerBunny","species":"lopunny","item":"lopunnite","ability":"Cute Charm","moves":["fakeout","highjumpkick","icepunch","frustration"],"nature":"Jolly","evs":{"hp":4,"atk":252,"def":0,"spa":0,"spd":0,"spe":252},"happiness":0,"ivs":{"hp":31,"atk":31,"def":31,"spa":31,"spd":31,"spe":31}},{"name":"DownloadFreeRAM","species":"porygon2","item":"eviolite","ability":"Trace","moves":["toxic","recover","icebeam","discharge"],"nature":"Bold","evs":{"hp":248,"atk":0,"def":252,"spa":8,"spd":0,"spe":0},"ivs":{"hp":31,"atk":31,"def":31,"spa":31,"spd":31,"spe":31}},{"name":"Diggersby tho","species":"diggersby","item":"choiceband","ability":"Huge Power","moves":["earthquake","quickattack","frustration","uturn"],"nature":"Adamant","evs":{"hp":4,"atk":252,"def":0,"spa":0,"spd":0,"spe":252},"happiness":0,"ivs":{"hp":31,"atk":31,"def":31,"spa":31,"spd":31,"spe":31}}],"p2team":[{"name":"Hoopa-Unbound","species":"Hoopa-Unbound","item":"choicescarf","ability":"Magician","moves":["hyperspacefury","gunkshot","zenheadbutt","knockoff"],"nature":"Jolly","evs":{"hp":0,"atk":252,"def":0,"spa":0,"spd":4,"spe":252},"ivs":{"hp":31,"atk":31,"def":31,"spa":31,"spd":31,"spe":31}},{"name":"Mandibuzz","species":"Mandibuzz","item":"rockyhelmet","ability":"Overcoat","moves":["foulplay","roost","uturn","bravebird"],"nature":"Impish","evs":{"hp":252,"atk":4,"def":252,"spa":0,"spd":0,"spe":0},"ivs":{"hp":31,"atk":31,"def":31,"spa":31,"spd":31,"spe":31}},{"name":"Sableye","species":"Sableye","item":"sablenite","ability":"Prankster","moves":["calmmind","recover","shadowball","toxic"],"nature":"Bold","evs":{"hp":252,"atk":0,"def":252,"spa":4,"spd":0,"spe":0},"ivs":{"hp":31,"atk":31,"def":31,"spa":31,"spd":31,"spe":31}},{"name":"Hydreigon","species":"Hydreigon","item":"choicespecs","ability":"Levitate","moves":["dracometeor","darkpulse","surf","flashcannon"],"nature":"Timid","evs":{"hp":0,"atk":0,"def":0,"spa":252,"spd":4,"spe":252},"gender":"M","ivs":{"hp":31,"atk":31,"def":31,"spa":31,"spd":31,"spe":31}},{"name":"Weavile","species":"Weavile","item":"lifeorb","ability":"Pressure","moves":["iciclecrash","knockoff","iceshard","fakeout"],"nature":"Jolly","evs":{"hp":0,"atk":252,"def":0,"spa":0,"spd":4,"spe":252},"ivs":{"hp":31,"atk":31,"def":31,"spa":31,"spd":31,"spe":31}},{"name":"Umbreon","species":"Umbreon","item":"leftovers","ability":"Synchronize","moves":["wish","psychic","toxic","protect"],"nature":"Calm","evs":{"hp":252,"atk":0,"def":4,"spa":0,"spd":252,"spe":0},"gender":"M","ivs":{"hp":31,"atk":31,"def":31,"spa":31,"spd":31,"spe":31}}],"log":["|player|p1|Crystal Blade64|165","|player|p2|FinalBossBCRANK|257","|gametype|singles","|gen|6","|tier|Monotype","|rated","|rule|Baton Pass Clause: Limit one Baton Passer, can't pass Spe and other stats simultaneously","|rule|Swagger Clause: Swagger is banned","|rule|Same Type Clause: Pokémon in a team must share a type","|clearpoke","|poke|p1|Staraptor, M","|poke|p1|Ditto","|poke|p1|Chansey, F","|poke|p1|Lopunny, F","|poke|p1|Porygon2","|poke|p1|Diggersby, M","|poke|p2|Hoopa-Unbound","|poke|p2|Mandibuzz, F","|poke|p2|Sableye, F","|poke|p2|Hydreigon, M","|poke|p2|Weavile, M","|poke|p2|Umbreon, M","|rule|Sleep Clause Mod: Limit one foe put to sleep","|rule|Species Clause: Limit one of each Pokémon","|rule|OHKO Clause: OHKO moves are banned","|rule|Moody Clause: Moody is banned","|rule|Evasion Moves Clause: Evasion moves are banned","|rule|Endless Battle Clause: Forcing endless battles is banned","|rule|HP Percentage Mod: HP is shown in percentages","|teampreview","|","|start","|switch|p1a: Diggersby tho|Diggersby, M|312/312","|switch|p2a: Sableye|Sableye, F|304/304","|turn|1","|","|detailschange|p2a: Sableye|Sableye-Mega, F","|-mega|p2a: Sableye|Sableye|Sablenite","|move|p2a: Sableye|Calm Mind|p2a: Sableye","|-boost|p2a: Sableye|spa|1","|-boost|p2a: Sableye|spd|1","|move|p1a: Diggersby tho|U-turn|p2a: Sableye","|-damage|p2a: Sableye|206/304","|","|switch|p1a: EnergizerBunny|Lopunny, F|272/272","|","|turn|2","|","|detailschange|p1a: EnergizerBunny|Lopunny-Mega, F","|-mega|p1a: EnergizerBunny|Lopunny|Lopunnite","|move|p1a: EnergizerBunny|High Jump Kick|p2a: Sableye","|-supereffective|p2a: Sableye","|-damage|p2a: Sableye|0 fnt","|faint|p2a: Sableye","|","|","|switch|p2a: Mandibuzz|Mandibuzz, F|424/424","|turn|3","|","|switch|p1a: Diggersby tho|Diggersby, M|312/312","|move|p2a: Mandibuzz|Brave Bird|p1a: Diggersby tho","|-damage|p1a: Diggersby tho|185/312","|-damage|p2a: Mandibuzz|382/424|[from] recoil|[of] p1a: Diggersby tho","|","|turn|4","|","|move|p1a: Diggersby tho|Frustration|p2a: Mandibuzz","|-damage|p2a: Mandibuzz|133/424","|-damage|p1a: Diggersby tho|133/312|[from] item: Rocky Helmet|[of] p2a: Mandibuzz","|move|p2a: Mandibuzz|Foul Play|p1a: Diggersby tho","|-damage|p1a: Diggersby tho|0 fnt","|faint|p1a: Diggersby tho","|","|","|switch|p1a: DownloadFreeRAM|Porygon2|373/373","|-ability|p1a: DownloadFreeRAM|Overcoat|[from] ability: Trace|[of] p2a: Mandibuzz","|turn|5","|","|move|p2a: Mandibuzz|Brave Bird|p1a: DownloadFreeRAM","|-damage|p1a: DownloadFreeRAM|324/373","|-damage|p2a: Mandibuzz|117/424|[from] recoil|[of] p1a: DownloadFreeRAM","|move|p1a: DownloadFreeRAM|Ice Beam|p2a: Mandibuzz","|-supereffective|p2a: Mandibuzz","|-damage|p2a: Mandibuzz|0 fnt","|faint|p2a: Mandibuzz","|","|","|switch|p2a: Weavile|Weavile, M|281/281","|-ability|p2a: Weavile|Pressure","|turn|6","|","|switch|p1a: EnergizerBunny|Lopunny-Mega, F|272/272","|move|p2a: Weavile|Ice Shard|p1a: EnergizerBunny","|-damage|p1a: EnergizerBunny|182/272","|-damage|p2a: Weavile|253/281|[from] item: Life Orb","|","|turn|7","|","|move|p1a: EnergizerBunny|Fake Out|p2a: Weavile","|-damage|p2a: Weavile|148/281","|cant|p2a: Weavile|flinch","|","|turn|8","|","|move|p2a: Weavile|Ice Shard|p1a: EnergizerBunny","|-damage|p1a: EnergizerBunny|88/272","|-damage|p2a: Weavile|120/281|[from] item: Life Orb","|move|p1a: EnergizerBunny|High Jump Kick|p2a: Weavile","|-supereffective|p2a: Weavile","|-damage|p2a: Weavile|0 fnt","|faint|p2a: Weavile","|","|","|switch|p2a: Hoopa-Unbound|Hoopa-Unbound|301/301","|turn|9","|","|switch|p1a: Reckless|Staraptor, M|374/374","|-ability|p1a: Reckless|Intimidate","|-unboost|p2a: Hoopa-Unbound|atk|1","|move|p2a: Hoopa-Unbound|Zen Headbutt|p1a: Reckless","|-damage|p1a: Reckless|268/374","|","|-heal|p1a: Reckless|291/374|[from] item: Leftovers","|turn|10","|","|switch|p2a: Umbreon|Umbreon, M|394/394","|move|p1a: Reckless|Feather Dance|p2a: Umbreon","|-unboost|p2a: Umbreon|atk|2","|","|-heal|p1a: Reckless|314/374|[from] item: Leftovers","|turn|11","|","|switch|p1a: DownloadFreeRAM|Porygon2|324/373","|-ability|p1a: DownloadFreeRAM|Synchronize|[from] ability: Trace|[of] p2a: Umbreon","|move|p2a: Umbreon|Toxic|p1a: DownloadFreeRAM|[miss]","|-miss|p2a: Umbreon|p1a: DownloadFreeRAM","|","|turn|12","|","|move|p2a: Umbreon|Toxic|p1a: DownloadFreeRAM|[miss]","|-miss|p2a: Umbreon|p1a: DownloadFreeRAM","|move|p1a: DownloadFreeRAM|Ice Beam|p2a: Umbreon","|-damage|p2a: Umbreon|352/394","|","|-heal|p2a: Umbreon|376/394|[from] item: Leftovers","|turn|13","|","|move|p2a: Umbreon|Toxic|p1a: DownloadFreeRAM","|-status|p1a: DownloadFreeRAM|tox","|-status|p2a: Umbreon|tox","|move|p1a: DownloadFreeRAM|Ice Beam|p2a: Umbreon","|-damage|p2a: Umbreon|331/394 tox","|","|-heal|p2a: Umbreon|355/394 tox|[from] item: Leftovers","|-damage|p2a: Umbreon|331/394 tox|[from] psn","|-damage|p1a: DownloadFreeRAM|301/373 tox|[from] psn","|turn|14","|","|switch|p1a: Reckless|Staraptor, M|314/374","|-ability|p1a: Reckless|Intimidate","|-unboost|p2a: Umbreon|atk|1","|move|p2a: Umbreon|Wish|p2a: Umbreon","|","|-heal|p1a: Reckless|337/374|[from] item: Leftovers","|-heal|p2a: Umbreon|355/394 tox|[from] item: Leftovers","|-damage|p2a: Umbreon|307/394 tox|[from] psn","|turn|15","|","|switch|p1a: EnergizerBunny|Lopunny-Mega, F|88/272","|move|p2a: Umbreon|Toxic|p1a: EnergizerBunny|[miss]","|-miss|p2a: Umbreon|p1a: EnergizerBunny","|","|-heal|p2a: Umbreon|394/394 tox|[from] move: Wish|[wisher] Umbreon","|-damage|p2a: Umbreon|322/394 tox|[from] psn","|turn|16","|","|move|p1a: EnergizerBunny|Fake Out|p2a: Umbreon","|-damage|p2a: Umbreon|253/394 tox","|cant|p2a: Umbreon|flinch","|","|-heal|p2a: Umbreon|277/394 tox|[from] item: Leftovers","|-damage|p2a: Umbreon|181/394 tox|[from] psn","|turn|17","|","|move|p1a: EnergizerBunny|Frustration|p2a: Umbreon","|-damage|p2a: Umbreon|22/394 tox","|move|p2a: Umbreon|Psychic|p1a: EnergizerBunny","|-supereffective|p1a: EnergizerBunny","|-damage|p1a: EnergizerBunny|0 fnt","|faint|p1a: EnergizerBunny","|","|-heal|p2a: Umbreon|46/394 tox|[from] item: Leftovers","|-damage|p2a: Umbreon|0 fnt|[from] psn","|faint|p2a: Umbreon","|","|switch|p2a: Hydreigon|Hydreigon, M|325/325","|switch|p1a: Nurse Joy pls|Chansey, F|703/703","|turn|18","|","|move|p2a: Hydreigon|Dark Pulse|p1a: Nurse Joy pls","|-damage|p1a: Nurse Joy pls|568/703","|move|p1a: Nurse Joy pls|Thunder Wave|p2a: Hydreigon","|-status|p2a: Hydreigon|par","|","|turn|19","|","|move|p1a: Nurse Joy pls|Aromatherapy|p1a: Nurse Joy pls","|-cureteam|p1a: Nurse Joy pls|[from] move: Aromatherapy","|cant|p2a: Hydreigon|par","|","|turn|20","|","|move|p1a: Nurse Joy pls|Seismic Toss|p2a: Hydreigon","|-damage|p2a: Hydreigon|225/325 par","|move|p2a: Hydreigon|Dark Pulse|p1a: Nurse Joy pls","|-damage|p1a: Nurse Joy pls|447/703","|","|turn|21","|","|move|p1a: Nurse Joy pls|Soft-Boiled|p1a: Nurse Joy pls","|-heal|p1a: Nurse Joy pls|703/703","|move|p2a: Hydreigon|Dark Pulse|p1a: Nurse Joy pls","|-damage|p1a: Nurse Joy pls|573/703","|","|turn|22","|","|move|p1a: Nurse Joy pls|Seismic Toss|p2a: Hydreigon","|-damage|p2a: Hydreigon|125/325 par","|cant|p2a: Hydreigon|par","|","|turn|23","|","|move|p1a: Nurse Joy pls|Seismic Toss|p2a: Hydreigon","|-damage|p2a: Hydreigon|25/325 par","|cant|p2a: Hydreigon|par","|","|turn|24","|","|move|p1a: Nurse Joy pls|Seismic Toss|p2a: Hydreigon","|-damage|p2a: Hydreigon|0 fnt","|faint|p2a: Hydreigon","|","|","|switch|p2a: Hoopa-Unbound|Hoopa-Unbound|301/301","|turn|25","|","|switch|p1a: Reckless|Staraptor, M|337/374","|-ability|p1a: Reckless|Intimidate","|-unboost|p2a: Hoopa-Unbound|atk|1","|move|p2a: Hoopa-Unbound|Hyperspace Fury|p1a: Reckless","|-damage|p1a: Reckless|210/374","|-unboost|p2a: Hoopa-Unbound|def|1","|","|-heal|p1a: Reckless|233/374|[from] item: Leftovers","|turn|26","|","|win|Crystal Blade64"],"p1rating":{"entryid":"73557","serverid":"eos","formatid":"monotype","userid":"crystalblade64","username":"Crystal Blade64","w":9,"l":"3","t":"0","gxe":64.4,"r":"1560.8234906758","rd":"107.32790325938","sigma":"0","rptime":"1440147600","rpr":1614.5236825605,"rprd":83.239323667225,"rpsigma":"0","acre":1155.6930376959,"lacre":1155.6930376959,"oldacre":"1140.2715197112"},"p2rating":{"entryid":265824,"formatid":"monotype","userid":"finalbossbcrank","username":"FinalBossBCRANK","r":1500,"rd":130,"sigma":0,"rpr":1465.7033058803,"rprd":122.72536403383,"rpsigma":0,"rptime":1440147600,"w":0,"l":1,"t":0,"gxe":45.7,"acre":1000,"lacre":1000,"oldacre":1000},"endType":"forfeit"}