{"seed":[48378,2358,44071,3672],"turns":33,"p1":"Rain Mistral","p2":"Seven Swell","p1team":[{"name":"Megazard X","species":"gyarados","item":"gyaradosite","ability":"Intimidate","moves":["dragondance","waterfall","crunch","earthquake"],"nature":"Jolly","evs":{"hp":0,"atk":252,"def":0,"spa":0,"spd":4,"spe":252},"gender":"F","shiny":true,"ivs":{"hp":31,"atk":31,"def":31,"spa":31,"spd":31,"spe":31}},{"name":"~~Missing Altaria~","species":"dragonite","item":"weaknesspolicy","ability":"Multiscale","moves":["dragondance","earthquake","outrage","extremespeed"],"nature":"Adamant","evs":{"hp":0,"atk":252,"def":0,"spa":0,"spd":4,"spe":252},"gender":"F","ivs":{"hp":31,"atk":31,"def":31,"spa":31,"spd":31,"spe":31}},{"name":"Frostwing","species":"articuno","item":"leftovers","ability":"Pressure","moves":["freezedry","roost","healbell","defog"],"nature":"Calm","evs":{"hp":252,"atk":0,"def":0,"spa":4,"spd":252,"spe":0},"shiny":true,"ivs":{"hp":31,"atk":31,"def":31,"spa":31,"spd":31,"spe":31}},{"name":"RIP Mascot","species":"togekiss","item":"leftovers","ability":"Serene Grace","moves":["airslash","thunderwave","flamethrower","dazzlinggleam"],"nature":"Modest","evs":{"hp":252,"atk":0,"def":0,"spa":252,"spd":4,"spe":0},"gender":"F","shiny":true,"ivs":{"hp":31,"atk":31,"def":31,"spa":31,"spd":31,"spe":31}},{"name":"Come At Me","species":"skarmory","item":"rockyhelmet","ability":"Sturdy","moves":["counter","roost","defog","stealthrock"],"nature":"Bold","evs":{"hp":248,"atk":0,"def":236,"spa":0,"spd":0,"spe":24},"ivs":{"hp":31,"atk":31,"def":31,"spa":31,"spd":31,"spe":31}},{"name":"Vortexx","species":"thundurustherian","item":"expertbelt","ability":"Volt Absorb","moves":["thunderbolt","grassknot","hiddenpowerice","nastyplot"],"nature":"Timid","evs":{"hp":0,"atk":0,"def":0,"spa":252,"spd":4,"spe":252},"ivs":{"hp":31,"atk":30,"def":30,"spa":31,"spd":31,"spe":31}}],"p2team":[{"name":"Mew","species":"Mew","item":"leftovers","ability":"Synchronize","moves":["roost","toxic","healbell","aurasphere"],"nature":"Calm","evs":{"hp":252,"atk":0,"def":0,"spa":4,"spd":252,"spe":0},"ivs":{"hp":31,"atk":0,"def":31,"spa":31,"spd":31,"spe":31}},{"name":"Slowbro","species":"Slowbro","item":"rockyhelmet","ability":"Regenerator","moves":["scald","yawn","flamethrower","slackoff"],"nature":"Bold","evs":{"hp":252,"atk":0,"def":252,"spa":4,"spd":0,"spe":0},"ivs":{"hp":31,"atk":0,"def":31,"spa":31,"spd":31,"spe":31}},{"name":"Deoxys-Speed","species":"Deoxys-Speed","item":"focussash","ability":"Pressure","moves":["stealthrock","thunderbolt","thunderwave","icebeam"],"nature":"Timid","evs":{"hp":252,"atk":0,"def":0,"spa":44,"spd":0,"spe":212},"ivs":{"hp":31,"atk":0,"def":31,"spa":31,"spd":31,"spe":31}},{"name":"Latias","species":"Latias","item":"leftovers","ability":"Levitate","moves":["dracometeor","psyshock","roost","defog"],"nature":"Timid","evs":{"hp":252,"atk":0,"def":0,"spa":4,"spd":0,"spe":252},"ivs":{"hp":31,"atk":0,"def":31,"spa":31,"spd":31,"spe":31}},{"name":"Hoopa-Unbound","species":"Hoopa-Unbound","item":"focussash","ability":"Magician","moves":["hyperspacefury","drainpunch","firepunch","gunkshot"],"nature":"Adamant","evs":{"hp":0,"atk":252,"def":0,"spa":0,"spd":4,"spe":252},"ivs":{"hp":31,"atk":31,"def":31,"spa":31,"spd":31,"spe":31}},{"name":"Gardevoir","species":"Gardevoir","item":"gardevoirite","ability":"Trace","moves":["hypervoice","psyshock","shadowball","taunt"],"nature":"Timid","evs":{"hp":0,"atk":0,"def":0,"spa":252,"spd":4,"spe":252},"ivs":{"hp":31,"atk":0,"def":31,"spa":31,"spd":31,"spe":31}}],"log":["|player|p1|Rain Mistral|52","|player|p2|Seven Swell|sevenswell.png","|gametype|singles","|gen|6","|tier|Monotype","|rated","|rule|Baton Pass Clause: Limit one Baton Passer, can't pass Spe and other stats simultaneously","|rule|Swagger Clause: Swagger is banned","|rule|Same Type Clause: Pokémon in a team must share a type","|clearpoke","|poke|p1|Gyarados, F, shiny","|poke|p1|Dragonite, F","|poke|p1|Articuno, shiny","|poke|p1|Togekiss, F, shiny","|poke|p1|Skarmory, M","|poke|p1|Thundurus-Therian, M","|poke|p2|Mew","|poke|p2|Slowbro, M","|poke|p2|Deoxys-Speed","|poke|p2|Latias, F","|poke|p2|Hoopa-Unbound","|poke|p2|Gardevoir, M","|rule|Sleep Clause Mod: Limit one foe put to sleep","|rule|Species Clause: Limit one of each Pokémon","|rule|OHKO Clause: OHKO moves are banned","|rule|Moody Clause: Moody is banned","|rule|Evasion Moves Clause: Evasion moves are banned","|rule|Endless Battle Clause: Forcing endless battles is banned","|rule|HP Percentage Mod: HP is shown in percentages","|teampreview","|","|start","|switch|p1a: RIP Mascot|Togekiss, F, shiny|374/374","|switch|p2a: Gardevoir|Gardevoir, M|277/277","|-ability|p2a: Gardevoir|Serene Grace|[from] ability: Trace|[of] p1a: RIP Mascot","|turn|1","|","|detailschange|p2a: Gardevoir|Gardevoir-Mega, M","|-mega|p2a: Gardevoir|Gardevoir|Gardevoirite","|move|p2a: Gardevoir|Psyshock|p1a: RIP Mascot","|-crit|p1a: RIP Mascot","|-damage|p1a: RIP Mascot|85/374","|move|p1a: RIP Mascot|Thunder Wave|p2a: Gardevoir","|-status|p2a: Gardevoir|par","|","|-heal|p1a: RIP Mascot|108/374|[from] item: Leftovers","|turn|2","|","|switch|p2a: Latias|Latias, F|364/364","|move|p1a: RIP Mascot|Air Slash|p2a: Latias","|-damage|p2a: Latias|243/364","|","|-heal|p2a: Latias|265/364|[from] item: Leftovers","|-heal|p1a: RIP Mascot|131/374|[from] item: Leftovers","|turn|3","|","|move|p2a: Latias|Psyshock|p1a: RIP Mascot","|-damage|p1a: RIP Mascot|26/374","|move|p1a: RIP Mascot|Dazzling Gleam|p2a: Latias","|-supereffective|p2a: Latias","|-damage|p2a: Latias|43/364","|","|-heal|p2a: Latias|65/364|[from] item: Leftovers","|-heal|p1a: RIP Mascot|49/374|[from] item: Leftovers","|turn|4","|","|switch|p1a: Frostwing|Articuno, shiny|384/384","|-ability|p1a: Frostwing|Pressure","|move|p2a: Latias|Psyshock|p1a: Frostwing","|-damage|p1a: Frostwing|285/384","|","|-heal|p2a: Latias|87/364|[from] item: Leftovers","|-heal|p1a: Frostwing|309/384|[from] item: Leftovers","|turn|5","|","|switch|p2a: Mew|Mew|404/404","|move|p1a: Frostwing|Freeze-Dry|p2a: Mew","|-damage|p2a: Mew|349/404","|","|-heal|p2a: Mew|374/404|[from] item: Leftovers","|-heal|p1a: Frostwing|333/384|[from] item: Leftovers","|turn|6","|","|switch|p1a: RIP Mascot|Togekiss, F, shiny|49/374","|move|p2a: Mew|Toxic|p1a: RIP Mascot","|-status|p1a: RIP Mascot|tox","|","|-heal|p2a: Mew|399/404|[from] item: Leftovers","|-heal|p1a: RIP Mascot|72/374 tox|[from] item: Leftovers","|-damage|p1a: RIP Mascot|49/374 tox|[from] psn","|turn|7","|","|move|p2a: Mew|Heal Bell|p2a: Mew","|-cureteam|p2a: Mew|[from] move: HealBell","|move|p1a: RIP Mascot|Thunder Wave|p2a: Mew","|-status|p2a: Mew|par","|","|-heal|p1a: RIP Mascot|72/374 tox|[from] item: Leftovers","|-heal|p2a: Mew|404/404 par|[from] item: Leftovers","|-damage|p1a: RIP Mascot|26/374 tox|[from] psn","|turn|8","|","|move|p1a: RIP Mascot|Air Slash|p2a: Mew","|-damage|p2a: Mew|307/404 par","|move|p2a: Mew|Heal Bell|p2a: Mew","|-cureteam|p2a: Mew|[from] move: HealBell","|","|-heal|p2a: Mew|332/404|[from] item: Leftovers","|-heal|p1a: RIP Mascot|49/374 tox|[from] item: Leftovers","|-damage|p1a: RIP Mascot|0 fnt|[from] psn","|faint|p1a: RIP Mascot","|","|switch|p1a: Megazard X|Gyarados, F, shiny|331/331","|-ability|p1a: Megazard X|Intimidate","|-unboost|p2a: Mew|atk|1","|turn|9","|","|switch|p2a: Deoxys-Speed|Deoxys-Speed|304/304","|-ability|p2a: Deoxys-Speed|Pressure","|move|p1a: Megazard X|Dragon Dance|p1a: Megazard X","|-boost|p1a: Megazard X|atk|1","|-boost|p1a: Megazard X|spe|1","|","|turn|10","|","|detailschange|p1a: Megazard X|Gyarados-Mega, F, shiny","|-mega|p1a: Megazard X|Gyarados|Gyaradosite","|-ability|p1a: Megazard X|Mold Breaker","|move|p2a: Deoxys-Speed|Thunder Wave|p1a: Megazard X","|-status|p1a: Megazard X|par","|move|p1a: Megazard X|Crunch|p2a: Deoxys-Speed","|-supereffective|p2a: Deoxys-Speed","|-enditem|p2a: Deoxys-Speed|Focus Sash","|-damage|p2a: Deoxys-Speed|1/304","|","|turn|11","|","|move|p2a: Deoxys-Speed|Stealth Rock|p1a: Megazard X","|-sidestart|p1: Rain Mistral|move: Stealth Rock","|move|p1a: Megazard X|Crunch|p2a: Deoxys-Speed","|-crit|p2a: Deoxys-Speed","|-supereffective|p2a: Deoxys-Speed","|-damage|p2a: Deoxys-Speed|0 fnt","|faint|p2a: Deoxys-Speed","|","|","|switch|p2a: Gardevoir|Gardevoir-Mega, M|277/277","|turn|12","|","|switch|p1a: Come At Me|Skarmory, M|333/333","|-damage|p1a: Come At Me|292/333|[from] Stealth Rock","|move|p2a: Gardevoir|Hyper Voice|p1a: Come At Me","|-resisted|p1a: Come At Me","|-damage|p1a: Come At Me|112/333","|","|turn|13","|","|move|p2a: Gardevoir|Hyper Voice|p1a: Come At Me","|-resisted|p1a: Come At Me","|-damage|p1a: Come At Me|0 fnt","|faint|p1a: Come At Me","|","|","|switch|p1a: Vortexx|Thundurus-Therian, M|299/299","|-damage|p1a: Vortexx|225/299|[from] Stealth Rock","|turn|14","|","|move|p1a: Vortexx|Thunderbolt|p2a: Gardevoir","|-damage|p2a: Gardevoir|153/277","|move|p2a: Gardevoir|Hyper Voice|p1a: Vortexx","|-damage|p1a: Vortexx|0 fnt","|faint|p1a: Vortexx","|","|","|switch|p1a: ~~Missing Altaria~|Dragonite, F|323/323","|-damage|p1a: ~~Missing Altaria~|243/323|[from] Stealth Rock","|turn|15","|","|switch|p2a: Slowbro|Slowbro, M|394/394","|move|p1a: ~~Missing Altaria~|Extreme Speed|p2a: Slowbro","|-damage|p2a: Slowbro|323/394","|-damage|p1a: ~~Missing Altaria~|190/323|[from] item: Rocky Helmet|[of] p2a: Slowbro","|","|turn|16","|","|switch|p1a: Frostwing|Articuno, shiny|333/384","|-damage|p1a: Frostwing|141/384|[from] Stealth Rock","|-ability|p1a: Frostwing|Pressure","|move|p2a: Slowbro|Yawn|p1a: Frostwing","|-start|p1a: Frostwing|move: Yawn|[of] p2a: Slowbro","|","|-heal|p1a: Frostwing|165/384|[from] item: Leftovers","|turn|17","|","|switch|p2a: Latias|Latias, F|87/364","|move|p1a: Frostwing|Heal Bell|p1a: Frostwing","|-cureteam|p1a: Frostwing|[from] move: HealBell","|","|-end|p1a: Frostwing|move: Yawn|[silent]","|-status|p1a: Frostwing|slp","|-heal|p2a: Latias|109/364|[from] item: Leftovers","|-heal|p1a: Frostwing|189/384 slp|[from] item: Leftovers","|turn|18","|","|move|p2a: Latias|Psyshock|p1a: Frostwing","|-damage|p1a: Frostwing|93/384 slp","|cant|p1a: Frostwing|slp","|","|-heal|p2a: Latias|131/364|[from] item: Leftovers","|-heal|p1a: Frostwing|117/384 slp|[from] item: Leftovers","|turn|19","|","|move|p2a: Latias|Draco Meteor|p1a: Frostwing","|-damage|p1a: Frostwing|18/384 slp","|-unboost|p2a: Latias|spa|2","|-curestatus|p1a: Frostwing|slp","|move|p1a: Frostwing|Roost|p1a: Frostwing","|-heal|p1a: Frostwing|210/384","|","|-heal|p2a: Latias|153/364|[from] item: Leftovers","|-heal|p1a: Frostwing|234/384|[from] item: Leftovers","|turn|20","|","|switch|p2a: Mew|Mew|332/404","|move|p1a: Frostwing|Roost|p1a: Frostwing","|-heal|p1a: Frostwing|384/384","|","|-heal|p2a: Mew|357/404|[from] item: Leftovers","|turn|21","|","|move|p2a: Mew|Toxic|p1a: Frostwing","|-status|p1a: Frostwing|tox","|move|p1a: Frostwing|Defog|p2a: Mew","|-unboost|p2a: Mew|evasion|1","|-sideend|p1: Rain Mistral|Stealth Rock|[from] move: Defog|[of] p1a: Frostwing","|","|-heal|p2a: Mew|382/404|[from] item: Leftovers","|-damage|p1a: Frostwing|360/384 tox|[from] psn","|turn|22","|","|switch|p2a: Gardevoir|Gardevoir-Mega, M|153/277","|move|p1a: Frostwing|Heal Bell|p1a: Frostwing","|-cureteam|p1a: Frostwing|[from] move: HealBell","|","|-heal|p1a: Frostwing|384/384|[from] item: Leftovers","|turn|23","|","|move|p2a: Gardevoir|Hyper Voice|p1a: Frostwing","|-damage|p1a: Frostwing|224/384","|move|p1a: Frostwing|Freeze-Dry|p2a: Gardevoir","|-damage|p2a: Gardevoir|90/277","|","|-heal|p1a: Frostwing|248/384|[from] item: Leftovers","|turn|24","|","|move|p2a: Gardevoir|Taunt|p1a: Frostwing","|-start|p1a: Frostwing|move: Taunt","|cant|p1a: Frostwing|move: Taunt|Roost","|","|-heal|p1a: Frostwing|272/384|[from] item: Leftovers","|turn|25","|","|move|p2a: Gardevoir|Psyshock|p1a: Frostwing","|-damage|p1a: Frostwing|107/384","|move|p1a: Frostwing|Freeze-Dry|p2a: Gardevoir","|-damage|p2a: Gardevoir|33/277","|","|-heal|p1a: Frostwing|131/384|[from] item: Leftovers","|turn|26","|","|move|p2a: Gardevoir|Hyper Voice|p1a: Frostwing","|-damage|p1a: Frostwing|0 fnt","|faint|p1a: Frostwing","|","|","|switch|p1a: ~~Missing Altaria~|Dragonite, F|190/323","|turn|27","|","|move|p1a: ~~Missing Altaria~|Extreme Speed|p2a: Gardevoir","|-damage|p2a: Gardevoir|0 fnt","|faint|p2a: Gardevoir","|","|","|switch|p2a: Slowbro|Slowbro, M|394/394","|turn|28","|","|move|p1a: ~~Missing Altaria~|Dragon Dance|p1a: ~~Missing Altaria~","|-boost|p1a: ~~Missing Altaria~|atk|1","|-boost|p1a: ~~Missing Altaria~|spe|1","|move|p2a: Slowbro|Scald|p1a: ~~Missing Altaria~","|-resisted|p1a: ~~Missing Altaria~","|-damage|p1a: ~~Missing Altaria~|145/323","|-status|p1a: ~~Missing Altaria~|brn","|","|-damage|p1a: ~~Missing Altaria~|105/323 brn|[from] brn","|turn|29","|","|move|p1a: ~~Missing Altaria~|Outrage|p2a: Slowbro","|-damage|p2a: Slowbro|268/394","|-damage|p1a: ~~Missing Altaria~|52/323 brn|[from] item: Rocky Helmet|[of] p2a: Slowbro","|move|p2a: Slowbro|Scald|p1a: ~~Missing Altaria~","|-resisted|p1a: ~~Missing Altaria~","|-damage|p1a: ~~Missing Altaria~|9/323 brn","|","|-damage|p1a: ~~Missing Altaria~|0 fnt|[from] brn","|faint|p1a: ~~Missing Altaria~","|","|switch|p1a: Megazard X|Gyarados-Mega, F, shiny|331/331","|-ability|p1a: Megazard X|Mold Breaker","|turn|30","|","|move|p1a: Megazard X|Dragon Dance|p1a: Megazard X","|-boost|p1a: Megazard X|atk|1","|-boost|p1a: Megazard X|spe|1","|move|p2a: Slowbro|Yawn|p1a: Megazard X","|-start|p1a: Megazard X|move: Yawn|[of] p2a: Slowbro","|","|turn|31","|","|switch|p2a: Latias|Latias, F|153/364","|move|p1a: Megazard X|Crunch|p2a: Latias","|-supereffective|p2a: Latias","|-damage|p2a: Latias|0 fnt","|faint|p2a: Latias","|","|-end|p1a: Megazard X|move: Yawn|[silent]","|-status|p1a: Megazard X|slp","|","|switch|p2a: Hoopa-Unbound|Hoopa-Unbound|301/301","|turn|32","|","|cant|p1a: Megazard X|slp","|move|p2a: Hoopa-Unbound|Drain Punch|p1a: Megazard X","|-supereffective|p1a: Megazard X","|-damage|p1a: Megazard X|113/331 slp","|","|turn|33","|","|cant|p1a: Megazard X|slp","|move|p2a: Hoopa-Unbound|Drain Punch|p1a: Megazard X","|-supereffective|p1a: Megazard X","|-damage|p1a: Megazard X|0 fnt","|faint|p1a: Megazard X","|","|win|Seven Swell"],"p1rating":{"entryid":"218522","serverid":"eos","formatid":"monotype","userid":"rainmistral","username":"Rain Mistral","w":"7","l":4,"t":"0","gxe":59.7,"r":"1512.4638674665","rd":"117.08863037969","sigma":"0","rptime":"1440147600","rpr":1576.4104623861,"rprd":85.384757951844,"rpsigma":"0","acre":1132.0562395799,"lacre":1132.0562395799,"oldacre":"1148.9538933828"},"p2rating":{"entryid":"86214","serverid":"eos","formatid":"monotype","userid":"sevenswell","username":"Seven Swell","w":32,"l":"11","t":"0","gxe":71.4,"r":"1669.3412090831","rd":"56.183214235022","sigma":"0","rptime":"1440147600","rpr":1674.0495052626,"rprd":54.043065736221,"rpsigma":"0","acre":1282.6644945023,"lacre":1282.6644945023,"oldacre":"1265.7668406994"},"endType":"normal"}