{"seed":[52243,56735,19237,63952],"turns":26,"p1":"Mxy Test","p2":"Doctor Mental1st","p1team":[{"name":"Hoopa-Unbound","species":"Hoopa-Unbound","item":"focussash","ability":"Magician","moves":["hyperspacefury","hyperspacehole","drainpunch","gunkshot"],"nature":"Naive","evs":{"hp":0,"atk":252,"def":0,"spa":80,"spd":0,"spe":176},"ivs":{"hp":31,"atk":31,"def":31,"spa":31,"spd":31,"spe":31}},{"name":"Hydreigon","species":"Hydreigon","item":"choicescarf","ability":"Levitate","moves":["dracometeor","flamethrower","earthpower","flashcannon"],"nature":"Modest","evs":{"hp":0,"atk":0,"def":0,"spa":252,"spd":4,"spe":252},"ivs":{"hp":31,"atk":31,"def":31,"spa":31,"spd":31,"spe":31}},{"name":"Umbreon","species":"Umbreon","item":"leftovers","ability":"Synchronize","moves":["foulplay","wish","healbell","protect"],"nature":"Impish","evs":{"hp":248,"atk":0,"def":252,"spa":0,"spd":8,"spe":0},"ivs":{"hp":31,"atk":31,"def":31,"spa":31,"spd":31,"spe":31}},{"name":"Sableye","species":"Sableye","item":"sablenite","ability":"Prankster","moves":["willowisp","calmmind","dazzlinggleam","recover"],"nature":"Bold","evs":{"hp":248,"atk":0,"def":180,"spa":0,"spd":80,"spe":0},"ivs":{"hp":31,"atk":31,"def":31,"spa":31,"spd":31,"spe":31}},{"name":"Bisharp","species":"Bisharp","item":"lumberry","ability":"Defiant","moves":["ironhead","suckerpunch","stealthrock","swordsdance"],"nature":"Jolly","evs":{"hp":0,"atk":252,"def":0,"spa":0,"spd":4,"spe":252},"ivs":{"hp":31,"atk":31,"def":31,"spa":31,"spd":31,"spe":31}},{"name":"Honchkrow","species":"Honchkrow","item":"lifeorb","ability":"Moxie","moves":["suckerpunch","bravebird","heatwave","roost"],"nature":"Naive","evs":{"hp":0,"atk":216,"def":0,"spa":40,"spd":0,"spe":252},"ivs":{"hp":31,"atk":31,"def":31,"spa":31,"spd":31,"spe":31}}],"p2team":[{"name":"Jirachi","species":"Jirachi","item":"choicescarf","ability":"Serene Grace","moves":["ironhead","trick","healingwish","uturn"],"nature":"Jolly","evs":{"hp":0,"atk":252,"def":0,"spa":0,"spd":4,"spe":252},"ivs":{"hp":31,"atk":31,"def":31,"spa":31,"spd":31,"spe":31}},{"name":"Victini","species":"Victini","item":"choicescarf","ability":"Victory Star","moves":["vcreate","boltstrike","zenheadbutt","blueflare"],"nature":"Adamant","evs":{"hp":0,"atk":252,"def":0,"spa":0,"spd":4,"spe":252},"ivs":{"hp":31,"atk":31,"def":31,"spa":31,"spd":31,"spe":31}},{"name":"Mew","species":"Mew","item":"leftovers","ability":"Synchronize","moves":["roost","stealthrock","defog","willowisp"],"nature":"Calm","evs":{"hp":252,"atk":0,"def":4,"spa":0,"spd":144,"spe":108},"ivs":{"hp":31,"atk":31,"def":31,"spa":31,"spd":31,"spe":31}},{"name":"Gardevoir","species":"Gardevoir","item":"gardevoirite","ability":"Trace","moves":["hypervoice","psyshock","focusblast","substitute"],"nature":"Timid","evs":{"hp":0,"atk":0,"def":0,"spa":252,"spd":4,"spe":252},"shiny":true,"ivs":{"hp":31,"atk":31,"def":31,"spa":31,"spd":31,"spe":31}},{"name":"Meloetta","species":"Meloetta","item":"assaultvest","ability":"Serene Grace","moves":["focusblast","psyshock","energyball","shadowball"],"nature":"Modest","evs":{"hp":248,"atk":0,"def":0,"spa":252,"spd":8,"spe":0},"ivs":{"hp":31,"atk":31,"def":31,"spa":31,"spd":31,"spe":31}},{"name":"Slowbro","species":"Slowbro","item":"rockyhelmet","ability":"Regenerator","moves":["slackoff","scald","fireblast","thunderwave"],"nature":"Bold","evs":{"hp":248,"atk":0,"def":252,"spa":8,"spd":0,"spe":0},"ivs":{"hp":31,"atk":31,"def":31,"spa":31,"spd":31,"spe":31}}],"log":["|player|p1|Mxy Test|270","|player|p2|Doctor Mental1st|184","|gametype|singles","|gen|6","|tier|Monotype","|rated","|rule|Baton Pass Clause: Limit one Baton Passer, can't pass Spe and other stats simultaneously","|rule|Swagger Clause: Swagger is banned","|rule|Same Type Clause: Pokémon in a team must share a type","|clearpoke","|poke|p1|Hoopa-Unbound","|poke|p1|Hydreigon, M","|poke|p1|Umbreon, F","|poke|p1|Sableye, M","|poke|p1|Bisharp, M","|poke|p1|Honchkrow, F","|poke|p2|Jirachi","|poke|p2|Victini","|poke|p2|Mew","|poke|p2|Gardevoir, M, shiny","|poke|p2|Meloetta","|poke|p2|Slowbro, M","|rule|Sleep Clause Mod: Limit one foe put to sleep","|rule|Species Clause: Limit one of each Pokémon","|rule|OHKO Clause: OHKO moves are banned","|rule|Moody Clause: Moody is banned","|rule|Evasion Moves Clause: Evasion moves are banned","|rule|Endless Battle Clause: Forcing endless battles is banned","|rule|HP Percentage Mod: HP is shown in percentages","|teampreview","|","|start","|switch|p1a: Hoopa-Unbound|Hoopa-Unbound|301/301","|switch|p2a: Jirachi|Jirachi|341/341","|turn|1","|","|move|p2a: Jirachi|U-turn|p1a: Hoopa-Unbound","|-supereffective|p1a: Hoopa-Unbound","|-enditem|p1a: Hoopa-Unbound|Focus Sash","|-damage|p1a: Hoopa-Unbound|1/301","|","|switch|p2a: Slowbro|Slowbro, M|393/393","|move|p1a: Hoopa-Unbound|Hyperspace Fury|p2a: Slowbro","|-supereffective|p2a: Slowbro","|-damage|p2a: Slowbro|99/393","|-item|p1a: Hoopa-Unbound|Rocky Helmet|[from] ability: Magician|[of] p2a: Slowbro","|-unboost|p1a: Hoopa-Unbound|def|1","|","|turn|2","|","|switch|p2a: Mew|Mew|404/404","|move|p1a: Hoopa-Unbound|Hyperspace Fury|p2a: Mew","|-supereffective|p2a: Mew","|-damage|p2a: Mew|0 fnt","|-unboost|p1a: Hoopa-Unbound|def|1","|faint|p2a: Mew","|","|","|switch|p2a: Jirachi|Jirachi|341/341","|turn|3","|","|switch|p1a: Bisharp|Bisharp, M|271/271","|move|p2a: Jirachi|U-turn|p1a: Bisharp","|-damage|p1a: Bisharp|205/271","|","|switch|p2a: Gardevoir|Gardevoir, M, shiny|277/277","|-ability|p2a: Gardevoir|Defiant|[from] ability: Trace|[of] p1a: Bisharp","|","|turn|4","|","|detailschange|p2a: Gardevoir|Gardevoir-Mega, M, shiny","|-mega|p2a: Gardevoir|Gardevoir|Gardevoirite","|move|p2a: Gardevoir|Substitute|p2a: Gardevoir","|-start|p2a: Gardevoir|Substitute","|-damage|p2a: Gardevoir|208/277","|move|p1a: Bisharp|Iron Head|p2a: Gardevoir","|-supereffective|p2a: Gardevoir","|-end|p2a: Gardevoir|Substitute","|","|turn|5","|","|move|p2a: Gardevoir|Hyper Voice|p1a: Bisharp","|-damage|p1a: Bisharp|0 fnt","|faint|p1a: Bisharp","|","|","|switch|p1a: Hydreigon|Hydreigon, M|325/325","|turn|6","|","|switch|p2a: Meloetta|Meloetta|403/403","|move|p1a: Hydreigon|Flash Cannon|p2a: Meloetta","|-damage|p2a: Meloetta|343/403","|","|turn|7","|","|switch|p1a: Umbreon|Umbreon, F|393/393","|move|p2a: Meloetta|Focus Blast|p1a: Umbreon","|-supereffective|p1a: Umbreon","|-damage|p1a: Umbreon|141/393","|","|-heal|p1a: Umbreon|165/393|[from] item: Leftovers","|turn|8","|","|switch|p2a: Jirachi|Jirachi|341/341","|move|p1a: Umbreon|Protect|p1a: Umbreon","|-fail|p1a: Umbreon","|","|-heal|p1a: Umbreon|189/393|[from] item: Leftovers","|turn|9","|","|move|p1a: Umbreon|Protect|p1a: Umbreon","|-singleturn|p1a: Umbreon|Protect","|move|p2a: Jirachi|Iron Head|p1a: Umbreon","|-activate|p1a: Umbreon|Protect","|","|-heal|p1a: Umbreon|213/393|[from] item: Leftovers","|turn|10","|","|move|p2a: Jirachi|Iron Head|p1a: Umbreon","|-damage|p1a: Umbreon|132/393","|move|p1a: Umbreon|Wish|p1a: Umbreon","|","|-heal|p1a: Umbreon|156/393|[from] item: Leftovers","|turn|11","|","|move|p1a: Umbreon|Protect|p1a: Umbreon","|-singleturn|p1a: Umbreon|Protect","|move|p2a: Jirachi|Iron Head|p1a: Umbreon","|-activate|p1a: Umbreon|Protect","|","|-heal|p1a: Umbreon|352/393|[from] move: Wish|[wisher] Umbreon","|-heal|p1a: Umbreon|376/393|[from] item: Leftovers","|turn|12","|","|switch|p2a: Gardevoir|Gardevoir-Mega, M, shiny|208/277","|move|p1a: Umbreon|Foul Play|p2a: Gardevoir","|-damage|p2a: Gardevoir|87/277","|","|-heal|p1a: Umbreon|393/393|[from] item: Leftovers","|turn|13","|","|move|p2a: Gardevoir|Substitute|p2a: Gardevoir","|-start|p2a: Gardevoir|Substitute","|-damage|p2a: Gardevoir|18/277","|move|p1a: Umbreon|Foul Play|p2a: Gardevoir","|-end|p2a: Gardevoir|Substitute","|","|turn|14","|","|switch|p2a: Jirachi|Jirachi|341/341","|move|p1a: Umbreon|Foul Play|p2a: Jirachi","|-supereffective|p2a: Jirachi","|-damage|p2a: Jirachi|75/341","|","|turn|15","|","|move|p2a: Jirachi|Healing Wish|p2a: Jirachi","|faint|p2a: Jirachi","|move|p1a: Umbreon|Foul Play|p2: Jirachi|[notarget]","|-notarget","|","|","|switch|p2a: Gardevoir|Gardevoir-Mega, M, shiny|18/277","|-heal|p2a: Gardevoir|277/277|[from] move: Healing Wish","|turn|16","|","|move|p2a: Gardevoir|Hyper Voice|p1a: Umbreon","|-supereffective|p1a: Umbreon","|-damage|p1a: Umbreon|13/393","|move|p1a: Umbreon|Foul Play|p2a: Gardevoir","|-damage|p2a: Gardevoir|156/277","|","|-heal|p1a: Umbreon|37/393|[from] item: Leftovers","|turn|17","|","|move|p2a: Gardevoir|Hyper Voice|p1a: Umbreon","|-supereffective|p1a: Umbreon","|-damage|p1a: Umbreon|0 fnt","|faint|p1a: Umbreon","|","|","|switch|p1a: Hydreigon|Hydreigon, M|325/325","|turn|18","|","|switch|p2a: Meloetta|Meloetta|343/403","|move|p1a: Hydreigon|Flash Cannon|p2a: Meloetta","|-damage|p2a: Meloetta|285/403","|","|turn|19","|","|switch|p1a: Sableye|Sableye, M|303/303","|move|p2a: Meloetta|Shadow Ball|p1a: Sableye","|-damage|p1a: Sableye|179/303","|-unboost|p1a: Sableye|spd|1","|","|turn|20","|","|switch|p1a: Hydreigon|Hydreigon, M|325/325","|move|p2a: Meloetta|Shadow Ball|p1a: Hydreigon","|-resisted|p1a: Hydreigon","|-damage|p1a: Hydreigon|269/325","|","|turn|21","|","|move|p1a: Hydreigon|Flash Cannon|p2a: Meloetta","|-crit|p2a: Meloetta","|-damage|p2a: Meloetta|204/403","|move|p2a: Meloetta|Focus Blast|p1a: Hydreigon","|-supereffective|p1a: Hydreigon","|-damage|p1a: Hydreigon|0 fnt","|faint|p1a: Hydreigon","|","|","|switch|p1a: Hoopa-Unbound|Hoopa-Unbound|1/301","|turn|22","|","|move|p1a: Hoopa-Unbound|Hyperspace Fury|p2a: Meloetta","|-crit|p2a: Meloetta","|-supereffective|p2a: Meloetta","|-damage|p2a: Meloetta|0 fnt","|-unboost|p1a: Hoopa-Unbound|def|1","|faint|p2a: Meloetta","|","|","|switch|p2a: Gardevoir|Gardevoir-Mega, M, shiny|156/277","|turn|23","|","|move|p2a: Gardevoir|Hyper Voice|p1a: Hoopa-Unbound","|-supereffective|p1a: Hoopa-Unbound","|-damage|p1a: Hoopa-Unbound|0 fnt","|faint|p1a: Hoopa-Unbound","|","|","|switch|p1a: Honchkrow|Honchkrow, F|341/341","|turn|24","|","|move|p1a: Honchkrow|Sucker Punch|p2a: Gardevoir","|-fail|p1a: Honchkrow","|move|p2a: Gardevoir|Substitute|p2a: Gardevoir","|-start|p2a: Gardevoir|Substitute","|-damage|p2a: Gardevoir|87/277","|","|turn|25","|","|move|p1a: Honchkrow|Sucker Punch|p2a: Gardevoir","|-end|p2a: Gardevoir|Substitute","|-damage|p1a: Honchkrow|307/341|[from] item: Life Orb","|move|p2a: Gardevoir|Hyper Voice|p1a: Honchkrow","|-supereffective|p1a: Honchkrow","|-damage|p1a: Honchkrow|0 fnt","|faint|p1a: Honchkrow","|","|","|switch|p1a: Sableye|Sableye, M|179/303","|turn|26","|","|detailschange|p1a: Sableye|Sableye-Mega, M","|-mega|p1a: Sableye|Sableye|Sablenite","|move|p1a: Sableye|Calm Mind|p1a: Sableye","|-boost|p1a: Sableye|spa|1","|-boost|p1a: Sableye|spd|1","|move|p2a: Gardevoir|Hyper Voice|p1a: Sableye","|-supereffective|p1a: Sableye","|-damage|p1a: Sableye|0 fnt","|faint|p1a: Sableye","|","|win|Doctor Mental1st"],"p1rating":{"entryid":"231671","serverid":"eos","formatid":"monotype","userid":"mxytest","username":"Mxy Test","w":"1","l":2,"t":"0","gxe":46.4,"r":"1500","rd":"130","sigma":"0","rptime":"1440147600","rpr":1471.1874086908,"rprd":111.03789462573,"rpsigma":"0","acre":1016.0511122047,"lacre":1016.0511122047,"oldacre":"1029.1316625012"},"p2rating":{"entryid":"188280","serverid":"eos","formatid":"monotype","userid":"doctormental1st","username":"Doctor Mental1st","w":3,"l":"1","t":"0","gxe":57,"r":"1490.7879692667","rd":"116.63580602451","sigma":"0","rptime":"1440147600","rpr":1555.1547019341,"rprd":106.55018910632,"rpsigma":"0","acre":1088.5523469581,"lacre":1088.5523469581,"oldacre":"1060.3862942755"},"endType":"normal"}