{"seed":[18838,34018,7206,22899],"turns":49,"p1":"Seven Swell","p2":"Shining Yin","p1team":[{"name":"Mew","species":"Mew","item":"leftovers","ability":"Synchronize","moves":["roost","toxic","healbell","aurasphere"],"nature":"Calm","evs":{"hp":252,"atk":0,"def":0,"spa":4,"spd":252,"spe":0},"ivs":{"hp":31,"atk":0,"def":31,"spa":31,"spd":31,"spe":31}},{"name":"Slowbro","species":"Slowbro","item":"rockyhelmet","ability":"Regenerator","moves":["scald","yawn","flamethrower","slackoff"],"nature":"Bold","evs":{"hp":252,"atk":0,"def":252,"spa":4,"spd":0,"spe":0},"ivs":{"hp":31,"atk":0,"def":31,"spa":31,"spd":31,"spe":31}},{"name":"Deoxys-Speed","species":"Deoxys-Speed","item":"focussash","ability":"Pressure","moves":["stealthrock","thunderbolt","thunderwave","icebeam"],"nature":"Timid","evs":{"hp":252,"atk":0,"def":0,"spa":44,"spd":0,"spe":212},"ivs":{"hp":31,"atk":0,"def":31,"spa":31,"spd":31,"spe":31}},{"name":"Latias","species":"Latias","item":"leftovers","ability":"Levitate","moves":["dracometeor","psyshock","roost","defog"],"nature":"Timid","evs":{"hp":252,"atk":0,"def":0,"spa":4,"spd":0,"spe":252},"ivs":{"hp":31,"atk":0,"def":31,"spa":31,"spd":31,"spe":31}},{"name":"Hoopa-Unbound","species":"Hoopa-Unbound","item":"focussash","ability":"Magician","moves":["hyperspacefury","drainpunch","firepunch","gunkshot"],"nature":"Adamant","evs":{"hp":0,"atk":252,"def":0,"spa":0,"spd":4,"spe":252},"ivs":{"hp":31,"atk":31,"def":31,"spa":31,"spd":31,"spe":31}},{"name":"Gardevoir","species":"Gardevoir","item":"gardevoirite","ability":"Trace","moves":["hypervoice","psyshock","shadowball","taunt"],"nature":"Timid","evs":{"hp":0,"atk":0,"def":0,"spa":252,"spd":4,"spe":252},"ivs":{"hp":31,"atk":0,"def":31,"spa":31,"spd":31,"spe":31}}],"p2team":[{"name":"Chansey","species":"Chansey","item":"eviolite","ability":"Natural Cure","moves":["thunderwave","softboiled","seismictoss","stealthrock"],"nature":"Bold","evs":{"hp":0,"atk":0,"def":252,"spa":0,"spd":252,"spe":4},"ivs":{"hp":31,"atk":0,"def":31,"spa":31,"spd":31,"spe":31}},{"name":"Porygon2","species":"Porygon2","item":"eviolite","ability":"Trace","moves":["icebeam","discharge","recover","thunderwave"],"nature":"Calm","evs":{"hp":248,"atk":0,"def":204,"spa":0,"spd":56,"spe":0},"ivs":{"hp":31,"atk":0,"def":31,"spa":31,"spd":31,"spe":31}},{"name":"Pidgeot","species":"Pidgeot","item":"pidgeotite","ability":"Keen Eye","moves":["hurricane","heatwave","defog","roost"],"nature":"Timid","evs":{"hp":0,"atk":0,"def":0,"spa":252,"spd":4,"spe":252},"ivs":{"hp":31,"atk":0,"def":31,"spa":31,"spd":31,"spe":31}},{"name":"Staraptor","species":"Staraptor","item":"choicescarf","ability":"Reckless","moves":["bravebird","uturn","doubleedge","closecombat"],"nature":"Jolly","evs":{"hp":0,"atk":252,"def":0,"spa":0,"spd":4,"spe":252},"ivs":{"hp":31,"atk":31,"def":31,"spa":31,"spd":31,"spe":31}},{"name":"Diggersby","species":"Diggersby","item":"choiceband","ability":"Huge Power","moves":["return","earthquake","knockoff","quickattack"],"nature":"Jolly","evs":{"hp":0,"atk":252,"def":0,"spa":0,"spd":4,"spe":252},"ivs":{"hp":31,"atk":31,"def":31,"spa":31,"spd":31,"spe":31}},{"name":"Heliolisk","species":"Heliolisk","item":"lifeorb","ability":"Dry Skin","moves":["grassknot","voltswitch","surf","focusblast"],"nature":"Timid","evs":{"hp":0,"atk":0,"def":0,"spa":252,"spd":4,"spe":252},"ivs":{"hp":31,"atk":31,"def":31,"spa":31,"spd":31,"spe":31}}],"log":["|player|p1|Seven Swell|sevenswell.png","|player|p2|Shining Yin|277","|gametype|singles","|gen|6","|tier|Monotype","|rated","|rule|Baton Pass Clause: Limit one Baton Passer, can't pass Spe and other stats simultaneously","|rule|Swagger Clause: Swagger is banned","|rule|Same Type Clause: Pokémon in a team must share a type","|clearpoke","|poke|p1|Mew","|poke|p1|Slowbro, F","|poke|p1|Deoxys-Speed","|poke|p1|Latias, F","|poke|p1|Hoopa-Unbound","|poke|p1|Gardevoir, M","|poke|p2|Chansey, F","|poke|p2|Porygon2","|poke|p2|Pidgeot, M","|poke|p2|Staraptor, M","|poke|p2|Diggersby, F","|poke|p2|Heliolisk, M","|rule|Sleep Clause Mod: Limit one foe put to sleep","|rule|Species Clause: Limit one of each Pokémon","|rule|OHKO Clause: OHKO moves are banned","|rule|Moody Clause: Moody is banned","|rule|Evasion Moves Clause: Evasion moves are banned","|rule|Endless Battle Clause: Forcing endless battles is banned","|rule|HP Percentage Mod: HP is shown in percentages","|teampreview","|","|start","|switch|p1a: Gardevoir|Gardevoir, M|277/277","|switch|p2a: Chansey|Chansey, F|641/641","|-ability|p1a: Gardevoir|Natural Cure|[from] ability: Trace|[of] p2a: Chansey","|turn|1","|","|detailschange|p1a: Gardevoir|Gardevoir-Mega, M","|-mega|p1a: Gardevoir|Gardevoir|Gardevoirite","|move|p1a: Gardevoir|Taunt|p2a: Chansey","|-start|p2a: Chansey|move: Taunt","|cant|p2a: Chansey|move: Taunt|Thunder Wave","|","|turn|2","|","|move|p1a: Gardevoir|Psyshock|p2a: Chansey","|-damage|p2a: Chansey|415/641","|move|p2a: Chansey|Seismic Toss|p1a: Gardevoir","|-damage|p1a: Gardevoir|177/277","|","|turn|3","|","|switch|p2a: Porygon2|Porygon2|373/373","|-ability|p2a: Porygon2|Pixilate|[from] ability: Trace|[of] p1a: Gardevoir","|move|p1a: Gardevoir|Psyshock|p2a: Porygon2","|-damage|p2a: Porygon2|267/373","|","|turn|4","|","|switch|p2a: Staraptor|Staraptor, M|311/311","|move|p1a: Gardevoir|Hyper Voice|p2a: Staraptor","|-damage|p2a: Staraptor|0 fnt","|faint|p2a: Staraptor","|","|","|switch|p2a: Pidgeot|Pidgeot, M|307/307","|turn|5","|","|switch|p1a: Mew|Mew|404/404","|detailschange|p2a: Pidgeot|Pidgeot-Mega, M","|-mega|p2a: Pidgeot|Pidgeot|Pidgeotite","|move|p2a: Pidgeot|Hurricane|p1a: Mew","|-damage|p1a: Mew|260/404","|","|-heal|p1a: Mew|285/404|[from] item: Leftovers","|turn|6","|","|move|p2a: Pidgeot|Hurricane|p1a: Mew","|-crit|p1a: Mew","|-damage|p1a: Mew|62/404","|move|p1a: Mew|Roost|p1a: Mew","|-heal|p1a: Mew|264/404","|","|-heal|p1a: Mew|289/404|[from] item: Leftovers","|turn|7","|","|move|p2a: Pidgeot|Hurricane|p1a: Mew","|-crit|p1a: Mew","|-damage|p1a: Mew|64/404","|move|p1a: Mew|Roost|p1a: Mew","|-heal|p1a: Mew|266/404","|","|-heal|p1a: Mew|291/404|[from] item: Leftovers","|turn|8","|","|move|p2a: Pidgeot|Hurricane|p1a: Mew","|-damage|p1a: Mew|137/404","|move|p1a: Mew|Roost|p1a: Mew","|-heal|p1a: Mew|339/404","|","|-heal|p1a: Mew|364/404|[from] item: Leftovers","|turn|9","|","|move|p2a: Pidgeot|Hurricane|p1a: Mew","|-damage|p1a: Mew|219/404","|move|p1a: Mew|Toxic|p2a: Pidgeot","|-status|p2a: Pidgeot|tox","|","|-heal|p1a: Mew|244/404|[from] item: Leftovers","|-damage|p2a: Pidgeot|288/307 tox|[from] psn","|turn|10","|","|move|p2a: Pidgeot|Hurricane|p1a: Mew","|-damage|p1a: Mew|97/404","|move|p1a: Mew|Roost|p1a: Mew","|-heal|p1a: Mew|299/404","|","|-heal|p1a: Mew|324/404|[from] item: Leftovers","|-damage|p2a: Pidgeot|250/307 tox|[from] psn","|turn|11","|","|move|p2a: Pidgeot|Hurricane|p1a: Mew","|-damage|p1a: Mew|177/404","|move|p1a: Mew|Roost|p1a: Mew","|-heal|p1a: Mew|379/404","|","|-heal|p1a: Mew|404/404|[from] item: Leftovers","|-damage|p2a: Pidgeot|193/307 tox|[from] psn","|turn|12","|","|switch|p2a: Chansey|Chansey, F|415/641","|move|p1a: Mew|Aura Sphere|p2a: Chansey","|-supereffective|p2a: Chansey","|-damage|p2a: Chansey|353/641","|","|turn|13","|","|move|p1a: Mew|Toxic|p2a: Chansey","|-status|p2a: Chansey|tox","|move|p2a: Chansey|Stealth Rock|p1a: Mew","|-sidestart|p1: Seven Swell|move: Stealth Rock","|","|-damage|p2a: Chansey|313/641 tox|[from] psn","|turn|14","|","|switch|p1a: Latias|Latias, F|364/364","|-damage|p1a: Latias|319/364|[from] Stealth Rock","|move|p2a: Chansey|Soft-Boiled|p2a: Chansey","|-heal|p2a: Chansey|634/641 tox","|","|-heal|p1a: Latias|341/364|[from] item: Leftovers","|-damage|p2a: Chansey|554/641 tox|[from] psn","|turn|15","|","|move|p1a: Latias|Defog|p2a: Chansey","|-unboost|p2a: Chansey|evasion|1","|-sideend|p1: Seven Swell|Stealth Rock|[from] move: Defog|[of] p1a: Latias","|move|p2a: Chansey|Thunder Wave|p1a: Latias","|-status|p1a: Latias|par","|","|-heal|p1a: Latias|363/364 par|[from] item: Leftovers","|-damage|p2a: Chansey|434/641 tox|[from] psn","|turn|16","|","|switch|p2a: Porygon2|Porygon2|267/373","|-ability|p2a: Porygon2|Levitate|[from] ability: Trace|[of] p1a: Latias","|switch|p1a: Mew|Mew|404/404","|","|turn|17","|","|switch|p2a: Pidgeot|Pidgeot-Mega, M|193/307 tox","|move|p1a: Mew|Toxic|p2a: Pidgeot","|-fail|p2a: Pidgeot|tox","|","|-damage|p2a: Pidgeot|174/307 tox|[from] psn","|turn|18","|","|move|p2a: Pidgeot|Roost|p2a: Pidgeot","|-heal|p2a: Pidgeot|307/307 tox","|move|p1a: Mew|Aura Sphere|p2a: Pidgeot","|-supereffective|p2a: Pidgeot","|-damage|p2a: Pidgeot|163/307 tox","|","|-damage|p2a: Pidgeot|125/307 tox|[from] psn","|turn|19","|","|move|p2a: Pidgeot|Hurricane|p1a: Mew","|-damage|p1a: Mew|271/404","|move|p1a: Mew|Toxic|p2a: Pidgeot","|-fail|p2a: Pidgeot|tox","|","|-heal|p1a: Mew|296/404|[from] item: Leftovers","|-damage|p2a: Pidgeot|68/307 tox|[from] psn","|turn|20","|","|move|p2a: Pidgeot|Roost|p2a: Pidgeot","|-heal|p2a: Pidgeot|222/307 tox","|move|p1a: Mew|Toxic|p2a: Pidgeot","|-fail|p2a: Pidgeot|tox","|","|-heal|p1a: Mew|321/404|[from] item: Leftovers","|-damage|p2a: Pidgeot|146/307 tox|[from] psn","|turn|21","|","|switch|p2a: Chansey|Chansey, F|434/641","|move|p1a: Mew|Aura Sphere|p2a: Chansey","|-supereffective|p2a: Chansey","|-damage|p2a: Chansey|366/641","|","|-heal|p1a: Mew|346/404|[from] item: Leftovers","|turn|22","|","|move|p1a: Mew|Toxic|p2a: Chansey","|-status|p2a: Chansey|tox","|move|p2a: Chansey|Soft-Boiled|p2a: Chansey","|-heal|p2a: Chansey|641/641 tox","|","|-heal|p1a: Mew|371/404|[from] item: Leftovers","|-damage|p2a: Chansey|601/641 tox|[from] psn","|turn|23","|","|move|p1a: Mew|Heal Bell|p1a: Mew","|-cureteam|p1a: Mew|[from] move: HealBell","|move|p2a: Chansey|Thunder Wave|p1a: Mew","|-status|p1a: Mew|par","|","|-heal|p1a: Mew|396/404 par|[from] item: Leftovers","|-damage|p2a: Chansey|521/641 tox|[from] psn","|turn|24","|","|switch|p1a: Deoxys-Speed|Deoxys-Speed|304/304","|-ability|p1a: Deoxys-Speed|Pressure","|move|p2a: Chansey|Stealth Rock|p1a: Deoxys-Speed","|-sidestart|p1: Seven Swell|move: Stealth Rock","|","|-damage|p2a: Chansey|401/641 tox|[from] psn","|turn|25","|","|switch|p2a: Porygon2|Porygon2|267/373","|-ability|p2a: Porygon2|Pressure|[from] ability: Trace|[of] p1a: Deoxys-Speed","|-ability|p2a: Porygon2|Pressure","|move|p1a: Deoxys-Speed|Stealth Rock|p2a: Porygon2","|-sidestart|p2: Shining Yin|move: Stealth Rock","|","|turn|26","|","|switch|p1a: Latias|Latias, F|363/364","|-damage|p1a: Latias|318/364|[from] Stealth Rock","|move|p2a: Porygon2|Discharge|p1a: Latias","|-resisted|p1a: Latias","|-damage|p1a: Latias|294/364","|-status|p1a: Latias|par","|","|-heal|p1a: Latias|316/364 par|[from] item: Leftovers","|turn|27","|","|move|p2a: Porygon2|Ice Beam|p1a: Latias","|-supereffective|p1a: Latias","|-damage|p1a: Latias|200/364 par","|move|p1a: Latias|Defog|p2a: Porygon2","|-unboost|p2a: Porygon2|evasion|1","|-sideend|p2: Shining Yin|Stealth Rock|[from] move: Defog|[of] p2a: Porygon2","|-sideend|p1: Seven Swell|Stealth Rock|[from] move: Defog|[of] p1a: Latias","|","|-heal|p1a: Latias|222/364 par|[from] item: Leftovers","|turn|28","|","|switch|p1a: Mew|Mew|396/404 par","|move|p2a: Porygon2|Ice Beam|p1a: Mew","|-damage|p1a: Mew|347/404 par","|","|-heal|p1a: Mew|372/404 par|[from] item: Leftovers","|turn|29","|","|switch|p2a: Diggersby|Diggersby, F|311/311","|move|p1a: Mew|Heal Bell|p1a: Mew","|-cureteam|p1a: Mew|[from] move: HealBell","|","|-heal|p1a: Mew|397/404|[from] item: Leftovers","|turn|30","|","|move|p2a: Diggersby|Knock Off|p1a: Mew","|-supereffective|p1a: Mew","|-damage|p1a: Mew|0 fnt","|-enditem|p1a: Mew|Leftovers|[from] move: Knock Off|[of] p2a: Diggersby","|faint|p1a: Mew","|","|","|switch|p1a: Hoopa-Unbound|Hoopa-Unbound|301/301","|turn|31","|","|switch|p2a: Chansey|Chansey, F|401/641","|move|p1a: Hoopa-Unbound|Drain Punch|p2a: Chansey","|-supereffective|p2a: Chansey","|-damage|p2a: Chansey|101/641","|","|turn|32","|","|move|p1a: Hoopa-Unbound|Drain Punch|p2a: Chansey","|-supereffective|p2a: Chansey","|-damage|p2a: Chansey|0 fnt","|faint|p2a: Chansey","|","|","|switch|p2a: Pidgeot|Pidgeot-Mega, M|146/307 tox","|turn|33","|","|switch|p1a: Latias|Latias, F|222/364","|move|p2a: Pidgeot|Hurricane|p1a: Latias","|-damage|p1a: Latias|50/364","|","|-heal|p1a: Latias|72/364|[from] item: Leftovers","|-damage|p2a: Pidgeot|127/307 tox|[from] psn","|turn|34","|","|move|p2a: Pidgeot|Hurricane|p1a: Latias","|-damage|p1a: Latias|0 fnt","|faint|p1a: Latias","|","|-damage|p2a: Pidgeot|89/307 tox|[from] psn","|","|switch|p1a: Deoxys-Speed|Deoxys-Speed|304/304","|-ability|p1a: Deoxys-Speed|Pressure","|turn|35","|","|move|p1a: Deoxys-Speed|Stealth Rock|p2a: Pidgeot","|-sidestart|p2: Shining Yin|move: Stealth Rock","|move|p2a: Pidgeot|Hurricane|p1a: Deoxys-Speed","|-damage|p1a: Deoxys-Speed|84/304","|-start|p1a: Deoxys-Speed|confusion","|","|-damage|p2a: Pidgeot|32/307 tox|[from] psn","|turn|36","|","|-activate|p1a: Deoxys-Speed|confusion","|move|p1a: Deoxys-Speed|Thunderbolt|p2a: Pidgeot","|-supereffective|p2a: Pidgeot","|-damage|p2a: Pidgeot|0 fnt","|faint|p2a: Pidgeot","|","|","|switch|p2a: Diggersby|Diggersby, F|311/311","|-damage|p2a: Diggersby|292/311|[from] Stealth Rock","|turn|37","|","|move|p2a: Diggersby|Quick Attack|p1a: Deoxys-Speed","|-damage|p1a: Deoxys-Speed|0 fnt","|faint|p1a: Deoxys-Speed","|","|","|switch|p1a: Slowbro|Slowbro, F|394/394","|turn|38","|","|switch|p2a: Heliolisk|Heliolisk, M|265/265","|-damage|p2a: Heliolisk|232/265|[from] Stealth Rock","|move|p1a: Slowbro|Yawn|p2a: Heliolisk","|-start|p2a: Heliolisk|move: Yawn|[of] p1a: Slowbro","|","|turn|39","|","|switch|p1a: Gardevoir|Gardevoir-Mega, M|177/277","|move|p2a: Heliolisk|Volt Switch|p1a: Gardevoir","|-damage|p1a: Gardevoir|60/277","|-damage|p2a: Heliolisk|206/265|[from] item: Life Orb","|","|switch|p2a: Diggersby|Diggersby, F|292/311","|-damage|p2a: Diggersby|273/311|[from] Stealth Rock","|","|turn|40","|","|switch|p1a: Slowbro|Slowbro, F|394/394","|move|p2a: Diggersby|Quick Attack|p1a: Slowbro","|-damage|p1a: Slowbro|304/394","|-damage|p2a: Diggersby|222/311|[from] item: Rocky Helmet|[of] p1a: Slowbro","|","|turn|41","|","|switch|p2a: Heliolisk|Heliolisk, M|206/265","|-damage|p2a: Heliolisk|173/265|[from] Stealth Rock","|move|p1a: Slowbro|Flamethrower|p2a: Heliolisk","|-damage|p2a: Heliolisk|84/265","|","|turn|42","|","|switch|p1a: Gardevoir|Gardevoir-Mega, M|60/277","|move|p2a: Heliolisk|Volt Switch|p1a: Gardevoir","|-damage|p1a: Gardevoir|0 fnt","|-damage|p2a: Heliolisk|58/265|[from] item: Life Orb","|faint|p1a: Gardevoir","|","|switch|p2a: Porygon2|Porygon2|267/373","|-damage|p2a: Porygon2|221/373|[from] Stealth Rock","|","|","|switch|p1a: Slowbro|Slowbro, F|394/394","|-ability|p2a: Porygon2|Regenerator|[from] ability: Trace|[of] p1a: Slowbro","|turn|43","|","|move|p2a: Porygon2|Discharge|p1a: Slowbro","|-supereffective|p1a: Slowbro","|-damage|p1a: Slowbro|240/394","|-status|p1a: Slowbro|par","|cant|p1a: Slowbro|par","|","|turn|44","|","|switch|p1a: Hoopa-Unbound|Hoopa-Unbound|301/301","|move|p2a: Porygon2|Discharge|p1a: Hoopa-Unbound","|-damage|p1a: Hoopa-Unbound|246/301","|","|turn|45","|","|move|p1a: Hoopa-Unbound|Drain Punch|p2a: Porygon2","|-supereffective|p2a: Porygon2","|-damage|p2a: Porygon2|97/373","|-heal|p1a: Hoopa-Unbound|301/301|[from] drain|[of] p2a: Porygon2","|move|p2a: Porygon2|Thunder Wave|p1a: Hoopa-Unbound","|-status|p1a: Hoopa-Unbound|par","|","|turn|46","|","|move|p2a: Porygon2|Discharge|p1a: Hoopa-Unbound","|-damage|p1a: Hoopa-Unbound|247/301 par","|move|p1a: Hoopa-Unbound|Drain Punch|p2a: Porygon2","|-supereffective|p2a: Porygon2","|-damage|p2a: Porygon2|0 fnt","|-heal|p1a: Hoopa-Unbound|296/301 par|[from] drain|[of] p2a: Porygon2","|faint|p2a: Porygon2","|","|","|switch|p2a: Diggersby|Diggersby, F|222/311","|-damage|p2a: Diggersby|203/311|[from] Stealth Rock","|turn|47","|","|switch|p1a: Slowbro|Slowbro, F|371/394 par","|move|p2a: Diggersby|Return|p1a: Slowbro","|-damage|p1a: Slowbro|137/394 par","|-damage|p2a: Diggersby|152/311|[from] item: Rocky Helmet|[of] p1a: Slowbro","|","|turn|48","|","|move|p2a: Diggersby|Return|p1a: Slowbro","|-damage|p1a: Slowbro|0 fnt","|-damage|p2a: Diggersby|101/311|[from] item: Rocky Helmet|[of] p1a: Slowbro","|faint|p1a: Slowbro","|","|","|switch|p1a: Hoopa-Unbound|Hoopa-Unbound|296/301 par","|turn|49","|","|move|p2a: Diggersby|Return|p1a: Hoopa-Unbound","|-damage|p1a: Hoopa-Unbound|0 fnt","|faint|p1a: Hoopa-Unbound","|","|win|Shining Yin"],"p1rating":{"entryid":"86214","serverid":"eos","formatid":"monotype","userid":"sevenswell","username":"Seven Swell","w":"33","l":12,"t":"0","gxe":70.8,"r":"1669.3412090831","rd":"56.183214235022","sigma":"0","rptime":"1440147600","rpr":1668.7018373852,"rprd":53.007097185552,"rpsigma":"0","acre":1264.2571843049,"lacre":1264.2571843049,"oldacre":"1297.7340995572"},"p2rating":{"entryid":"71235","serverid":"eos","formatid":"monotype","userid":"shiningyin","username":"Shining Yin","w":39,"l":"18","t":"0","gxe":65.1,"r":"1622.5575309041","rd":"55.410702091367","sigma":"0","rptime":"1440147600","rpr":1618.0429316606,"rprd":48.240014107496,"rpsigma":"0","acre":1208.5492938126,"lacre":1208.5492938126,"oldacre":"1175.0723785603"},"endType":"normal"}