{"seed":[26973,56526,59758,12862],"turns":34,"p1":"Apex Salamence","p2":"Emg_DemZii","p1team":[{"name":"BIRD JESUS","species":"pidgeot","item":"pidgeotite","ability":"Big Pecks","moves":["heatwave","hurricane","protect","hiddenpowerground"],"nature":"Timid","evs":{"hp":0,"atk":0,"def":0,"spa":252,"spd":4,"spe":252},"gender":"M","ivs":{"hp":31,"atk":31,"def":31,"spa":30,"spd":30,"spe":31},"shiny":true},{"name":"Jupiter","species":"thundurus","item":"lifeorb","ability":"Prankster","moves":["taunt","thunderwave","thunderbolt","hiddenpowerice"],"nature":"Timid","evs":{"hp":0,"atk":0,"def":0,"spa":252,"spd":4,"spe":252},"ivs":{"hp":31,"atk":30,"def":30,"spa":31,"spd":31,"spe":31},"shiny":true},{"name":"Porunga","species":"dragonite","item":"weaknesspolicy","ability":"Multiscale","moves":["dragonclaw","dragondance","extremespeed","thunderpunch"],"nature":"Adamant","evs":{"hp":0,"atk":252,"def":0,"spa":0,"spd":4,"spe":252},"gender":"M","shiny":true,"ivs":{"hp":31,"atk":31,"def":31,"spa":31,"spd":31,"spe":31}},{"name":"Gaea","species":"landorus","item":"lifeorb","ability":"Sheer Force","moves":["earthpower","psychic","sludgewave","stealthrock"],"nature":"Timid","evs":{"hp":0,"atk":0,"def":0,"spa":252,"spd":4,"spe":252},"shiny":true,"ivs":{"hp":31,"atk":31,"def":31,"spa":31,"spd":31,"spe":31}},{"name":"BoneZ","species":"mandibuzz","item":"leftovers","ability":"Overcoat","moves":["foulplay","defog","toxic","roost"],"nature":"Bold","evs":{"hp":252,"atk":0,"def":252,"spa":0,"spd":4,"spe":0},"shiny":true,"ivs":{"hp":31,"atk":31,"def":31,"spa":31,"spd":31,"spe":31}},{"name":"Raptor","species":"staraptor","item":"choicescarf","ability":"Reckless","moves":["bravebird","closecombat","uturn","doubleedge"],"nature":"Jolly","evs":{"hp":0,"atk":252,"def":0,"spa":0,"spd":4,"spe":252},"gender":"M","shiny":true,"ivs":{"hp":31,"atk":31,"def":31,"spa":31,"spd":31,"spe":31}}],"p2team":[{"name":"Rotom-Wash","species":"Rotom-Wash","item":"chestoberry","ability":"Levitate","moves":["willowisp","hydropump","voltswitch","rest"],"nature":"Calm","evs":{"hp":252,"atk":0,"def":0,"spa":4,"spd":252,"spe":0},"shiny":true,"ivs":{"hp":31,"atk":31,"def":31,"spa":31,"spd":31,"spe":31}},{"name":"The Wall","species":"quagsire","item":"leftovers","ability":"Unaware","moves":["scald","toxic","recover","earthquake"],"nature":"Impish","evs":{"hp":252,"atk":4,"def":252,"spa":0,"spd":0,"spe":0},"shiny":true,"ivs":{"hp":31,"atk":31,"def":31,"spa":31,"spd":31,"spe":31}},{"name":"PokeSex;)","species":"tentacruel","item":"blacksludge","ability":"Liquid Ooze","moves":["rapidspin","sludgebomb","icebeam","scald"],"nature":"Timid","evs":{"hp":0,"atk":0,"def":0,"spa":252,"spd":4,"spe":252},"shiny":true,"ivs":{"hp":31,"atk":31,"def":31,"spa":31,"spd":31,"spe":31}},{"name":"Rainbow Dash","species":"keldeoresolute","item":"choicescarf","ability":"Justified","moves":["hiddenpowerice","hydropump","secretsword","hyperbeam"],"nature":"Timid","evs":{"hp":0,"atk":0,"def":0,"spa":252,"spd":4,"spe":252},"ivs":{"hp":31,"atk":30,"def":30,"spa":31,"spd":31,"spe":31},"shiny":true},{"name":"Ur Fucked","species":"swampert","item":"swampertite","ability":"Torrent","moves":["earthquake","raindance","waterfall","icepunch"],"nature":"Adamant","evs":{"hp":248,"atk":252,"def":0,"spa":0,"spd":8,"spe":0},"shiny":true,"ivs":{"hp":31,"atk":31,"def":31,"spa":31,"spd":31,"spe":31}},{"name":"PowerHouse","species":"azumarill","item":"choiceband","ability":"Sap Sipper","moves":["playrough","aquajet","sleeptalk","icepunch"],"nature":"Adamant","evs":{"hp":248,"atk":252,"def":0,"spa":0,"spd":8,"spe":0},"shiny":true,"ivs":{"hp":31,"atk":31,"def":31,"spa":31,"spd":31,"spe":31}}],"log":["|player|p1|Apex Salamence|266","|player|p2|Emg_DemZii|99","|gametype|singles","|gen|6","|tier|Monotype","|rated","|rule|Baton Pass Clause: Limit one Baton Passer, can't pass Spe and other stats simultaneously","|rule|Swagger Clause: Swagger is banned","|rule|Same Type Clause: Pokémon in a team must share a type","|clearpoke","|poke|p1|Pidgeot, M, shiny","|poke|p1|Thundurus, M, shiny","|poke|p1|Dragonite, M, shiny","|poke|p1|Landorus, M, shiny","|poke|p1|Mandibuzz, F, shiny","|poke|p1|Staraptor, M, shiny","|poke|p2|Rotom-Wash, shiny","|poke|p2|Quagsire, M, shiny","|poke|p2|Tentacruel, M, shiny","|poke|p2|Keldeo-Resolute, shiny","|poke|p2|Swampert, F, shiny","|poke|p2|Azumarill, M, shiny","|rule|Sleep Clause Mod: Limit one foe put to sleep","|rule|Species Clause: Limit one of each Pokémon","|rule|OHKO Clause: OHKO moves are banned","|rule|Moody Clause: Moody is banned","|rule|Evasion Moves Clause: Evasion moves are banned","|rule|Endless Battle Clause: Forcing endless battles is banned","|rule|HP Percentage Mod: HP is shown in percentages","|teampreview","|","|start","|switch|p1a: Jupiter|Thundurus, M, shiny|299/299","|switch|p2a: Ur Fucked|Swampert, F, shiny|403/403","|turn|1","|","|switch|p2a: PowerHouse|Azumarill, M, shiny|403/403","|move|p1a: Jupiter|Taunt|p2a: PowerHouse","|-start|p2a: PowerHouse|move: Taunt","|","|turn|2","|","|move|p1a: Jupiter|Thunderbolt|p2a: PowerHouse","|-supereffective|p2a: PowerHouse","|-damage|p2a: PowerHouse|0 fnt","|-damage|p1a: Jupiter|270/299|[from] item: Life Orb","|faint|p2a: PowerHouse","|","|","|switch|p2a: Ur Fucked|Swampert, F, shiny|403/403","|turn|3","|","|detailschange|p2a: Ur Fucked|Swampert-Mega, F, shiny","|-mega|p2a: Ur Fucked|Swampert|Swampertite","|move|p1a: Jupiter|Taunt|p2a: Ur Fucked","|-start|p2a: Ur Fucked|move: Taunt","|cant|p2a: Ur Fucked|move: Taunt|Rain Dance","|","|turn|4","|","|move|p1a: Jupiter|Hidden Power|p2a: Ur Fucked","|-damage|p2a: Ur Fucked|320/403","|-damage|p1a: Jupiter|241/299|[from] item: Life Orb","|move|p2a: Ur Fucked|Ice Punch|p1a: Jupiter","|-supereffective|p1a: Jupiter","|-damage|p1a: Jupiter|0 fnt","|faint|p1a: Jupiter","|","|","|switch|p1a: Porunga|Dragonite, M, shiny|323/323","|turn|5","|","|switch|p2a: The Wall|Quagsire, M, shiny|394/394","|move|p1a: Porunga|Dragon Dance|p1a: Porunga","|-boost|p1a: Porunga|atk|1","|-boost|p1a: Porunga|spe|1","|","|turn|6","|","|move|p1a: Porunga|Dragon Claw|p2a: The Wall","|-damage|p2a: The Wall|258/394","|move|p2a: The Wall|Scald|p1a: Porunga","|-resisted|p1a: Porunga","|-damage|p1a: Porunga|307/323","|-status|p1a: Porunga|brn","|","|-heal|p2a: The Wall|282/394|[from] item: Leftovers","|-damage|p1a: Porunga|267/323 brn|[from] brn","|turn|7","|","|move|p1a: Porunga|Dragon Dance|p1a: Porunga","|-boost|p1a: Porunga|atk|1","|-boost|p1a: Porunga|spe|1","|move|p2a: The Wall|Recover|p2a: The Wall","|-heal|p2a: The Wall|394/394","|","|-damage|p1a: Porunga|227/323 brn|[from] brn","|turn|8","|","|move|p1a: Porunga|Dragon Dance|p1a: Porunga","|-boost|p1a: Porunga|atk|1","|-boost|p1a: Porunga|spe|1","|move|p2a: The Wall|Scald|p1a: Porunga","|-resisted|p1a: Porunga","|-damage|p1a: Porunga|197/323 brn","|","|-damage|p1a: Porunga|157/323 brn|[from] brn","|turn|9","|","|move|p1a: Porunga|Dragon Dance|p1a: Porunga","|-boost|p1a: Porunga|atk|1","|-boost|p1a: Porunga|spe|1","|move|p2a: The Wall|Scald|p1a: Porunga","|-resisted|p1a: Porunga","|-damage|p1a: Porunga|128/323 brn","|","|-damage|p1a: Porunga|88/323 brn|[from] brn","|turn|10","|","|move|p1a: Porunga|Dragon Claw|p2a: The Wall","|-damage|p2a: The Wall|331/394","|move|p2a: The Wall|Earthquake|p1a: Porunga","|-immune|p1a: Porunga|[msg]","|","|-heal|p2a: The Wall|355/394|[from] item: Leftovers","|-damage|p1a: Porunga|48/323 brn|[from] brn","|turn|11","|","|move|p1a: Porunga|Dragon Claw|p2a: The Wall","|-damage|p2a: The Wall|295/394","|move|p2a: The Wall|Scald|p1a: Porunga","|-resisted|p1a: Porunga","|-damage|p1a: Porunga|18/323 brn","|","|-heal|p2a: The Wall|319/394|[from] item: Leftovers","|-damage|p1a: Porunga|0 fnt|[from] brn","|faint|p1a: Porunga","|","|switch|p1a: Gaea|Landorus, M, shiny|319/319","|turn|12","|","|switch|p2a: PokeSex;)|Tentacruel, M, shiny|301/301","|move|p1a: Gaea|Earth Power|p2a: PokeSex;)","|-supereffective|p2a: PokeSex;)","|-damage|p2a: PokeSex;)|0 fnt","|faint|p2a: PokeSex;)","|","|","|switch|p2a: Rotom-Wash|Rotom-Wash, shiny|304/304","|turn|13","|","|move|p1a: Gaea|Psychic|p2a: Rotom-Wash","|-damage|p2a: Rotom-Wash|199/304","|move|p2a: Rotom-Wash|Hydro Pump|p1a: Gaea","|-supereffective|p1a: Gaea","|-damage|p1a: Gaea|19/319","|","|turn|14","|","|move|p1a: Gaea|Sludge Wave|p2a: Rotom-Wash","|-crit|p2a: Rotom-Wash","|-damage|p2a: Rotom-Wash|24/304","|move|p2a: Rotom-Wash|Will-O-Wisp|p1a: Gaea","|-status|p1a: Gaea|brn","|","|-damage|p1a: Gaea|0 fnt|[from] brn","|faint|p1a: Gaea","|","|switch|p1a: BIRD JESUS|Pidgeot, M, shiny|307/307","|turn|15","|","|detailschange|p1a: BIRD JESUS|Pidgeot-Mega, M, shiny","|-mega|p1a: BIRD JESUS|Pidgeot|Pidgeotite","|move|p1a: BIRD JESUS|Protect|p1a: BIRD JESUS","|-singleturn|p1a: BIRD JESUS|Protect","|move|p2a: Rotom-Wash|Rest|p2a: Rotom-Wash","|-status|p2a: Rotom-Wash|slp","|-heal|p2a: Rotom-Wash|304/304 slp|[silent]","|-status|p2a: Rotom-Wash|slp|[from] move: Rest","|-enditem|p2a: Rotom-Wash|Chesto Berry|[eat]","|-curestatus|p2a: Rotom-Wash|slp","|","|turn|16","|","|move|p1a: BIRD JESUS|Hurricane|p2a: Rotom-Wash","|-resisted|p2a: Rotom-Wash","|-damage|p2a: Rotom-Wash|233/304","|move|p2a: Rotom-Wash|Volt Switch|p1a: BIRD JESUS","|-supereffective|p1a: BIRD JESUS","|-damage|p1a: BIRD JESUS|113/307","|","|switch|p2a: Ur Fucked|Swampert-Mega, F, shiny|320/403","|","|turn|17","|","|move|p1a: BIRD JESUS|Hurricane|p2a: Ur Fucked","|-damage|p2a: Ur Fucked|142/403","|-start|p2a: Ur Fucked|confusion","|-activate|p2a: Ur Fucked|confusion","|-damage|p2a: Ur Fucked|92/403|[from] confusion","|","|turn|18","|","|move|p1a: BIRD JESUS|Hurricane|p2a: Ur Fucked","|-damage|p2a: Ur Fucked|0 fnt","|faint|p2a: Ur Fucked","|","|","|switch|p2a: Rotom-Wash|Rotom-Wash, shiny|233/304","|turn|19","|","|move|p1a: BIRD JESUS|Hurricane|p2a: Rotom-Wash","|-resisted|p2a: Rotom-Wash","|-damage|p2a: Rotom-Wash|161/304","|-start|p2a: Rotom-Wash|confusion","|-activate|p2a: Rotom-Wash|confusion","|-damage|p2a: Rotom-Wash|142/304|[from] confusion","|","|turn|20","|","|move|p1a: BIRD JESUS|Heat Wave|p2a: Rotom-Wash","|-resisted|p2a: Rotom-Wash","|-damage|p2a: Rotom-Wash|106/304","|-activate|p2a: Rotom-Wash|confusion","|move|p2a: Rotom-Wash|Volt Switch|p1a: BIRD JESUS","|-crit|p1a: BIRD JESUS","|-supereffective|p1a: BIRD JESUS","|-damage|p1a: BIRD JESUS|0 fnt","|faint|p1a: BIRD JESUS","|","|switch|p2a: The Wall|Quagsire, M, shiny|319/394","|","|-heal|p2a: The Wall|343/394|[from] item: Leftovers","|","|switch|p1a: BoneZ|Mandibuzz, F, shiny|424/424","|turn|21","|","|move|p1a: BoneZ|Toxic|p2a: The Wall","|-status|p2a: The Wall|tox","|move|p2a: The Wall|Toxic|p1a: BoneZ","|-status|p1a: BoneZ|tox","|","|-heal|p2a: The Wall|367/394 tox|[from] item: Leftovers","|-damage|p1a: BoneZ|398/424 tox|[from] psn","|-damage|p2a: The Wall|343/394 tox|[from] psn","|turn|22","|","|move|p1a: BoneZ|Foul Play|p2a: The Wall","|-damage|p2a: The Wall|267/394 tox","|move|p2a: The Wall|Scald|p1a: BoneZ","|-damage|p1a: BoneZ|340/424 tox","|","|-heal|p1a: BoneZ|366/424 tox|[from] item: Leftovers","|-heal|p2a: The Wall|291/394 tox|[from] item: Leftovers","|-damage|p1a: BoneZ|314/424 tox|[from] psn","|-damage|p2a: The Wall|243/394 tox|[from] psn","|turn|23","|","|move|p1a: BoneZ|Foul Play|p2a: The Wall","|-damage|p2a: The Wall|158/394 tox","|move|p2a: The Wall|Recover|p2a: The Wall","|-heal|p2a: The Wall|355/394 tox","|","|-heal|p1a: BoneZ|340/424 tox|[from] item: Leftovers","|-heal|p2a: The Wall|379/394 tox|[from] item: Leftovers","|-damage|p1a: BoneZ|262/424 tox|[from] psn","|-damage|p2a: The Wall|307/394 tox|[from] psn","|turn|24","|","|move|p1a: BoneZ|Foul Play|p2a: The Wall","|-damage|p2a: The Wall|232/394 tox","|move|p2a: The Wall|Scald|p1a: BoneZ","|-damage|p1a: BoneZ|204/424 tox","|","|-heal|p1a: BoneZ|230/424 tox|[from] item: Leftovers","|-heal|p2a: The Wall|256/394 tox|[from] item: Leftovers","|-damage|p1a: BoneZ|126/424 tox|[from] psn","|-damage|p2a: The Wall|160/394 tox|[from] psn","|turn|25","|","|move|p1a: BoneZ|Roost|p1a: BoneZ","|-heal|p1a: BoneZ|338/424 tox","|move|p2a: The Wall|Recover|p2a: The Wall","|-heal|p2a: The Wall|357/394 tox","|","|-heal|p1a: BoneZ|364/424 tox|[from] item: Leftovers","|-heal|p2a: The Wall|381/394 tox|[from] item: Leftovers","|-damage|p1a: BoneZ|234/424 tox|[from] psn","|-damage|p2a: The Wall|261/394 tox|[from] psn","|turn|26","|","|move|p1a: BoneZ|Roost|p1a: BoneZ","|-heal|p1a: BoneZ|424/424 tox","|move|p2a: The Wall|Recover|p2a: The Wall","|-heal|p2a: The Wall|394/394 tox","|","|-damage|p1a: BoneZ|268/424 tox|[from] psn","|-damage|p2a: The Wall|250/394 tox|[from] psn","|turn|27","|","|move|p1a: BoneZ|Roost|p1a: BoneZ","|-heal|p1a: BoneZ|424/424 tox","|move|p2a: The Wall|Scald|p1a: BoneZ","|-damage|p1a: BoneZ|366/424 tox","|","|-heal|p1a: BoneZ|392/424 tox|[from] item: Leftovers","|-heal|p2a: The Wall|274/394 tox|[from] item: Leftovers","|-damage|p1a: BoneZ|210/424 tox|[from] psn","|-damage|p2a: The Wall|106/394 tox|[from] psn","|turn|28","|","|move|p1a: BoneZ|Roost|p1a: BoneZ","|-heal|p1a: BoneZ|422/424 tox","|move|p2a: The Wall|Recover|p2a: The Wall","|-heal|p2a: The Wall|303/394 tox","|","|-heal|p1a: BoneZ|424/424 tox|[from] item: Leftovers","|-heal|p2a: The Wall|327/394 tox|[from] item: Leftovers","|-damage|p1a: BoneZ|216/424 tox|[from] psn","|-damage|p2a: The Wall|135/394 tox|[from] psn","|turn|29","|","|move|p1a: BoneZ|Roost|p1a: BoneZ","|-heal|p1a: BoneZ|424/424 tox","|move|p2a: The Wall|Recover|p2a: The Wall","|-heal|p2a: The Wall|332/394 tox","|","|-heal|p2a: The Wall|356/394 tox|[from] item: Leftovers","|-damage|p1a: BoneZ|190/424 tox|[from] psn","|-damage|p2a: The Wall|140/394 tox|[from] psn","|turn|30","|","|move|p1a: BoneZ|Roost|p1a: BoneZ","|-heal|p1a: BoneZ|402/424 tox","|move|p2a: The Wall|Recover|p2a: The Wall","|-heal|p2a: The Wall|337/394 tox","|","|-heal|p1a: BoneZ|424/424 tox|[from] item: Leftovers","|-heal|p2a: The Wall|361/394 tox|[from] item: Leftovers","|-damage|p1a: BoneZ|164/424 tox|[from] psn","|-damage|p2a: The Wall|121/394 tox|[from] psn","|turn|31","|","|move|p1a: BoneZ|Roost|p1a: BoneZ","|-heal|p1a: BoneZ|376/424 tox","|move|p2a: The Wall|Recover|p2a: The Wall","|-heal|p2a: The Wall|318/394 tox","|","|-heal|p1a: BoneZ|402/424 tox|[from] item: Leftovers","|-heal|p2a: The Wall|342/394 tox|[from] item: Leftovers","|-damage|p1a: BoneZ|116/424 tox|[from] psn","|-damage|p2a: The Wall|78/394 tox|[from] psn","|turn|32","|","|move|p1a: BoneZ|Roost|p1a: BoneZ","|-heal|p1a: BoneZ|328/424 tox","|move|p2a: The Wall|Scald|p1a: BoneZ","|-damage|p1a: BoneZ|268/424 tox","|","|-heal|p1a: BoneZ|294/424 tox|[from] item: Leftovers","|-heal|p2a: The Wall|102/394 tox|[from] item: Leftovers","|-damage|p1a: BoneZ|0 fnt|[from] psn","|-damage|p2a: The Wall|0 fnt|[from] psn","|faint|p1a: BoneZ","|faint|p2a: The Wall","|","|switch|p1a: Raptor|Staraptor, M, shiny|311/311","|switch|p2a: Rotom-Wash|Rotom-Wash, shiny|106/304","|turn|33","|","|move|p1a: Raptor|Brave Bird|p2a: Rotom-Wash","|-resisted|p2a: Rotom-Wash","|-damage|p2a: Rotom-Wash|0 fnt","|-damage|p1a: Raptor|276/311|[from] recoil|[of] p2a: Rotom-Wash","|faint|p2a: Rotom-Wash","|","|","|switch|p2a: Rainbow Dash|Keldeo-Resolute, shiny|323/323","|turn|34","|","|move|p2a: Rainbow Dash|Hidden Power|p1a: Raptor","|-supereffective|p1a: Raptor","|-damage|p1a: Raptor|50/311","|move|p1a: Raptor|Brave Bird|p2a: Rainbow Dash","|-supereffective|p2a: Rainbow Dash","|-damage|p2a: Rainbow Dash|0 fnt","|-damage|p1a: Raptor|0 fnt|[from] recoil|[of] p2a: Rainbow Dash","|faint|p2a: Rainbow Dash","|faint|p1a: Raptor","|","|win|Apex Salamence"],"p1rating":{"entryid":"1755","serverid":"eos","formatid":"monotype","userid":"apexsalamence","username":"Apex Salamence","w":14,"l":"9","t":"0","gxe":58.5,"r":"1545.1960980953","rd":"69.032897888715","sigma":"0","rptime":"1440147600","rpr":1565.7410623139,"rprd":66.78625753805,"rpsigma":"0","acre":1210.9161488649,"lacre":1210.9161488649,"oldacre":"1193.776466981"},"p2rating":{"entryid":"62993","serverid":"eos","formatid":"monotype","userid":"emgdemzii","username":"Emg_DemZii","w":"4","l":5,"t":"0","gxe":45,"r":"1479.2296536372","rd":"92.655141964865","sigma":"0","rptime":"1440147600","rpr":1460.7317230018,"rprd":89.758665736278,"rpsigma":"0","acre":1065.5530461,"lacre":1065.5530461,"oldacre":"1080.708864422"},"endType":"normal"}