{"seed":[24946,36841,16756,8468],"turns":24,"p1":"Guard Quilluminati","p2":"Guard Wanderer","p1team":[{"name":"Allen Iverson","species":"diancie","item":"diancite","ability":"Clear Body","moves":["protect","moonblast","earthpower","diamondstorm"],"nature":"Hasty","evs":{"hp":0,"atk":120,"def":0,"spa":128,"spd":8,"spe":252},"ivs":{"hp":31,"atk":31,"def":31,"spa":31,"spd":31,"spe":31}},{"name":"Karl Malone","species":"cradily","item":"rockyhelmet","ability":"Storm Drain","moves":["recover","toxic","gigadrain","stockpile"],"nature":"Calm","evs":{"hp":44,"atk":0,"def":216,"spa":48,"spd":140,"spe":60},"gender":"M","shiny":true,"ivs":{"hp":31,"atk":31,"def":31,"spa":31,"spd":31,"spe":31}},{"name":"Michael Jordan","species":"terrakion","item":"choicescarf","ability":"Justified","moves":["closecombat","ironhead","earthquake","stoneedge"],"nature":"Jolly","evs":{"hp":0,"atk":252,"def":0,"spa":0,"spd":4,"spe":252},"shiny":true,"ivs":{"hp":31,"atk":31,"def":31,"spa":31,"spd":31,"spe":31}},{"name":"Wilt Chamberlain","species":"regirock","item":"weaknesspolicy","ability":"Clear Body","moves":["counter","firepunch","thunderwave","drainpunch"],"nature":"Impish","evs":{"hp":248,"atk":148,"def":112,"spa":0,"spd":0,"spe":0},"shiny":true,"ivs":{"hp":31,"atk":31,"def":31,"spa":31,"spd":31,"spe":31}},{"name":"LeBron James","species":"aerodactyl","item":"focussash","ability":"Rock Head","moves":["honeclaws","aerialace","crunch","stoneedge"],"nature":"Jolly","evs":{"hp":0,"atk":252,"def":0,"spa":0,"spd":4,"spe":252},"shiny":true,"ivs":{"hp":31,"atk":31,"def":31,"spa":31,"spd":31,"spe":31}},{"name":"Kobe Bryant","species":"omastar","item":"focussash","ability":"Shell Armor","moves":["scald","shellsmash","icebeam","earthpower"],"nature":"Modest","evs":{"hp":0,"atk":0,"def":0,"spa":252,"spd":4,"spe":252},"shiny":true,"ivs":{"hp":31,"atk":31,"def":31,"spa":31,"spd":31,"spe":31}}],"p2team":[{"name":"Weezing","species":"Weezing","item":"sitrusberry","ability":"Levitate","moves":["toxicspikes","willowisp","memento","thief"],"nature":"Careful","evs":{"hp":248,"atk":0,"def":0,"spa":0,"spd":252,"spe":0},"ivs":{"hp":31,"atk":31,"def":31,"spa":31,"spd":31,"spe":31}},{"name":"Tentacruel","species":"Tentacruel","item":"assaultvest","ability":"Liquid Ooze","moves":["scald","acidspray","gigadrain","hex"],"nature":"Timid","evs":{"hp":0,"atk":0,"def":4,"spa":252,"spd":0,"spe":252},"ivs":{"hp":31,"atk":31,"def":31,"spa":31,"spd":31,"spe":31}},{"name":"Skuntank","species":"Skuntank","item":"","ability":"Stench","moves":["snatch","thief","suckerpunch","poisonjab"],"nature":"Adamant","evs":{"hp":248,"atk":252,"def":0,"spa":0,"spd":8,"spe":0},"ivs":{"hp":31,"atk":31,"def":31,"spa":31,"spd":31,"spe":31}},{"name":"Crobat","species":"Crobat","item":"whiteherb","ability":"Infiltrator","moves":["curse","acrobatics","roost","hypnosis"],"nature":"Jolly","evs":{"hp":248,"atk":8,"def":0,"spa":0,"spd":0,"spe":252},"ivs":{"hp":31,"atk":31,"def":31,"spa":31,"spd":31,"spe":31}},{"name":"Gengar","species":"Gengar","item":"choicescarf","ability":"Levitate","moves":["trick","destinybond","venoshock","hex"],"nature":"Timid","evs":{"hp":0,"atk":0,"def":0,"spa":252,"spd":4,"spe":252},"ivs":{"hp":31,"atk":31,"def":31,"spa":31,"spd":31,"spe":31}},{"name":"Amoonguss","species":"Amoonguss","item":"blacksludge","ability":"Regenerator","moves":["spore","gigadrain","gastroacid","stunspore"],"nature":"Calm","evs":{"hp":248,"atk":0,"def":0,"spa":8,"spd":252,"spe":0},"shiny":true,"ivs":{"hp":31,"atk":31,"def":31,"spa":31,"spd":31,"spe":31}}],"log":["|player|p1|Guard Quilluminati|214","|player|p2|Guard Wanderer|235","|gametype|singles","|gen|6","|tier|Monotype","|rated","|rule|Baton Pass Clause: Limit one Baton Passer, can't pass Spe and other stats simultaneously","|rule|Swagger Clause: Swagger is banned","|rule|Same Type Clause: Pokémon in a team must share a type","|clearpoke","|poke|p1|Diancie","|poke|p1|Cradily, M, shiny","|poke|p1|Terrakion, shiny","|poke|p1|Regirock, shiny","|poke|p1|Aerodactyl, M, shiny","|poke|p1|Omastar, F, shiny","|poke|p2|Weezing, M","|poke|p2|Tentacruel, M","|poke|p2|Skuntank, F","|poke|p2|Crobat, M","|poke|p2|Gengar, M","|poke|p2|Amoonguss, F, shiny","|rule|Sleep Clause Mod: Limit one foe put to sleep","|rule|Species Clause: Limit one of each Pokémon","|rule|OHKO Clause: OHKO moves are banned","|rule|Moody Clause: Moody is banned","|rule|Evasion Moves Clause: Evasion moves are banned","|rule|Endless Battle Clause: Forcing endless battles is banned","|rule|HP Percentage Mod: HP is shown in percentages","|teampreview","|","|start","|switch|p1a: Allen Iverson|Diancie|241/241","|switch|p2a: Weezing|Weezing, M|333/333","|turn|1","|","|switch|p2a: Tentacruel|Tentacruel, M|301/301","|detailschange|p1a: Allen Iverson|Diancie-Mega","|-mega|p1a: Allen Iverson|Diancie|Diancite","|move|p1a: Allen Iverson|Protect|p1a: Allen Iverson","|-fail|p1a: Allen Iverson","|","|turn|2","|","|move|p1a: Allen Iverson|Earth Power|p2a: Tentacruel","|-supereffective|p2a: Tentacruel","|-damage|p2a: Tentacruel|179/301","|move|p2a: Tentacruel|Scald|p1a: Allen Iverson","|-supereffective|p1a: Allen Iverson","|-damage|p1a: Allen Iverson|61/241","|","|turn|3","|","|switch|p1a: Karl Malone|Cradily, M, shiny|324/324","|move|p2a: Tentacruel|Scald|p1a: Karl Malone","|-boost|p1a: Karl Malone|spa|1|[from] ability: Storm Drain","|","|turn|4","|","|switch|p2a: Weezing|Weezing, M|333/333","|move|p1a: Karl Malone|Giga Drain|p2a: Weezing","|-resisted|p2a: Weezing","|-damage|p2a: Weezing|277/333","|","|turn|5","|","|move|p2a: Weezing|Toxic Spikes|p1a: Karl Malone","|-sidestart|p1: Guard Quilluminati|move: Toxic Spikes","|move|p1a: Karl Malone|Stockpile|p1a: Karl Malone","|-start|p1a: Karl Malone|stockpile1","|-boost|p1a: Karl Malone|def|1","|-boost|p1a: Karl Malone|spd|1","|","|turn|6","|","|move|p2a: Weezing|Toxic Spikes|p1a: Karl Malone","|-sidestart|p1: Guard Quilluminati|move: Toxic Spikes","|move|p1a: Karl Malone|Stockpile|p1a: Karl Malone","|-start|p1a: Karl Malone|stockpile2","|-boost|p1a: Karl Malone|def|1","|-boost|p1a: Karl Malone|spd|1","|","|turn|7","|","|move|p2a: Weezing|Will-O-Wisp|p1a: Karl Malone","|-status|p1a: Karl Malone|brn","|move|p1a: Karl Malone|Giga Drain|p2a: Weezing","|-resisted|p2a: Weezing","|-damage|p2a: Weezing|227/333","|","|-damage|p1a: Karl Malone|284/324 brn|[from] brn","|turn|8","|","|switch|p2a: Skuntank|Skuntank, F|409/409","|move|p1a: Karl Malone|Giga Drain|p2a: Skuntank","|-resisted|p2a: Skuntank","|-damage|p2a: Skuntank|327/409","|-heal|p1a: Karl Malone|324/324 brn|[from] drain|[of] p2a: Skuntank","|","|-damage|p1a: Karl Malone|284/324 brn|[from] brn","|turn|9","|","|move|p2a: Skuntank|Snatch|p2a: Skuntank","|-singleturn|p2a: Skuntank|Snatch","|move|p1a: Karl Malone|Giga Drain|p2a: Skuntank","|-resisted|p2a: Skuntank","|-damage|p2a: Skuntank|238/409","|-heal|p1a: Karl Malone|324/324 brn|[from] drain|[of] p2a: Skuntank","|","|-damage|p1a: Karl Malone|284/324 brn|[from] brn","|turn|10","|","|move|p2a: Skuntank|Thief|p1a: Karl Malone","|-damage|p1a: Karl Malone|245/324 brn","|-damage|p2a: Skuntank|170/409|[from] item: Rocky Helmet|[of] p1a: Karl Malone","|-item|p2a: Skuntank|Rocky Helmet|[from] move: Thief|[of] p1a: Karl Malone","|move|p1a: Karl Malone|Recover|p1a: Karl Malone","|-heal|p1a: Karl Malone|324/324 brn","|","|-damage|p1a: Karl Malone|284/324 brn|[from] brn","|turn|11","|","|switch|p2a: Tentacruel|Tentacruel, M|179/301","|move|p1a: Karl Malone|Giga Drain|p2a: Tentacruel","|-damage|p2a: Tentacruel|107/301","|-damage|p1a: Karl Malone|248/324 brn|[from] ability: Liquid Ooze|[of] p2a: Tentacruel","|","|-damage|p1a: Karl Malone|208/324 brn|[from] brn","|turn|12","|","|move|p2a: Tentacruel|Acid Spray|p1a: Karl Malone","|-damage|p1a: Karl Malone|189/324 brn","|-unboost|p1a: Karl Malone|spd|2","|move|p1a: Karl Malone|Recover|p1a: Karl Malone","|-heal|p1a: Karl Malone|324/324 brn","|","|-damage|p1a: Karl Malone|284/324 brn|[from] brn","|turn|13","|","|move|p2a: Tentacruel|Acid Spray|p1a: Karl Malone","|-crit|p1a: Karl Malone","|-damage|p1a: Karl Malone|221/324 brn","|-unboost|p1a: Karl Malone|spd|2","|move|p1a: Karl Malone|Giga Drain|p2a: Tentacruel","|-damage|p2a: Tentacruel|38/301","|-damage|p1a: Karl Malone|186/324 brn|[from] ability: Liquid Ooze|[of] p2a: Tentacruel","|","|-damage|p1a: Karl Malone|146/324 brn|[from] brn","|turn|14","|","|move|p2a: Tentacruel|Giga Drain|p1a: Karl Malone","|-damage|p1a: Karl Malone|40/324 brn","|-heal|p2a: Tentacruel|91/301|[from] drain|[of] p1a: Karl Malone","|move|p1a: Karl Malone|Giga Drain|p2a: Tentacruel","|-damage|p2a: Tentacruel|25/301","|-damage|p1a: Karl Malone|7/324 brn|[from] ability: Liquid Ooze|[of] p2a: Tentacruel","|","|-damage|p1a: Karl Malone|0 fnt|[from] brn","|faint|p1a: Karl Malone","|","|switch|p1a: LeBron James|Aerodactyl, M, shiny|301/301","|turn|15","|","|switch|p2a: Weezing|Weezing, M|227/333","|move|p1a: LeBron James|Crunch|p2a: Weezing","|-damage|p2a: Weezing|157/333","|-enditem|p2a: Weezing|Sitrus Berry|[eat]","|-heal|p2a: Weezing|240/333|[from] item: Sitrus Berry","|","|turn|16","|","|switch|p1a: Allen Iverson|Diancie-Mega|61/241","|-status|p1a: Allen Iverson|tox","|move|p2a: Weezing|Will-O-Wisp|p1a: Allen Iverson","|move|p1a: Allen Iverson|Will-O-Wisp|p2a: Weezing|[from]Magic Bounce","|-status|p2a: Weezing|brn","|","|-damage|p1a: Allen Iverson|46/241 tox|[from] psn","|-damage|p2a: Weezing|199/333 brn|[from] brn","|turn|17","|","|move|p1a: Allen Iverson|Diamond Storm|p2a: Weezing","|-damage|p2a: Weezing|43/333 brn","|-boost|p1a: Allen Iverson|def|1","|move|p2a: Weezing|Thief|p1a: Allen Iverson","|-resisted|p1a: Allen Iverson","|-damage|p1a: Allen Iverson|38/241 tox","|","|-damage|p1a: Allen Iverson|8/241 tox|[from] psn","|-damage|p2a: Weezing|2/333 brn|[from] brn","|turn|18","|","|move|p1a: Allen Iverson|Protect|p1a: Allen Iverson","|-singleturn|p1a: Allen Iverson|Protect","|move|p2a: Weezing|Memento|p1a: Allen Iverson","|-activate|p1a: Allen Iverson|Protect","|","|-damage|p1a: Allen Iverson|0 fnt|[from] psn","|-damage|p2a: Weezing|0 fnt|[from] brn","|faint|p1a: Allen Iverson","|faint|p2a: Weezing","|","|switch|p1a: LeBron James|Aerodactyl, M, shiny|301/301","|switch|p2a: Skuntank|Skuntank, F|170/409","|turn|19","|","|move|p2a: Skuntank|Sucker Punch|p1a: LeBron James","|-fail|p2a: Skuntank","|move|p1a: LeBron James|Hone Claws|p1a: LeBron James","|-boost|p1a: LeBron James|atk|1","|-boost|p1a: LeBron James|accuracy|1","|","|turn|20","|","|move|p2a: Skuntank|Snatch|p2a: Skuntank","|-singleturn|p2a: Skuntank|Snatch","|move|p1a: LeBron James|Stone Edge|p2a: Skuntank","|-damage|p2a: Skuntank|0 fnt","|faint|p2a: Skuntank","|","|","|switch|p2a: Amoonguss|Amoonguss, F, shiny|431/431","|turn|21","|","|move|p1a: LeBron James|Aerial Ace|p2a: Amoonguss","|-crit|p2a: Amoonguss","|-supereffective|p2a: Amoonguss","|-damage|p2a: Amoonguss|0 fnt","|faint|p2a: Amoonguss","|","|","|switch|p2a: Crobat|Crobat, M|373/373","|turn|22","|","|move|p1a: LeBron James|Stone Edge|p2a: Crobat","|-crit|p2a: Crobat","|-supereffective|p2a: Crobat","|-damage|p2a: Crobat|0 fnt","|faint|p2a: Crobat","|","|","|switch|p2a: Gengar|Gengar, M|261/261","|turn|23","|","|move|p2a: Gengar|Destiny Bond|p2a: Gengar","|-singlemove|p2a: Gengar|Destiny Bond","|move|p1a: LeBron James|Crunch|p2a: Gengar","|-supereffective|p2a: Gengar","|-damage|p2a: Gengar|0 fnt","|faint|p2a: Gengar","|-activate|p2a: Gengar|Destiny Bond","|faint|p1a: LeBron James","|","|","|switch|p1a: Michael Jordan|Terrakion, shiny|323/323","|switch|p2a: Tentacruel|Tentacruel, M|25/301","|-status|p1a: Michael Jordan|tox","|turn|24","|","|move|p1a: Michael Jordan|Earthquake|p2a: Tentacruel","|-supereffective|p2a: Tentacruel","|-damage|p2a: Tentacruel|0 fnt","|faint|p2a: Tentacruel","|","|win|Guard Quilluminati"],"p1rating":{"entryid":"265729","serverid":"eos","formatid":"monotype","userid":"guardquilluminati","username":"Guard Quilluminati","w":2,"l":"1","t":"0","gxe":56.8,"r":"1500","rd":"130","sigma":"0","rptime":"1440147600","rpr":1553.8339308579,"rprd":111.14844067399,"rpsigma":"0","acre":1082.8906999811,"lacre":1082.8906999811,"oldacre":"1043.3935779406"},"p2rating":{"entryid":"9966","serverid":"eos","formatid":"monotype","userid":"guardwanderer","username":"Guard Wanderer","w":"4","l":4,"t":"0","gxe":50,"r":"1524.6959176714","rd":"96.345686616013","sigma":"0","rptime":"1440147600","rpr":1499.9939938865,"rprd":93.340457106343,"rpsigma":"0","acre":1076.8992799227,"lacre":1076.8992799227,"oldacre":"1106.382697342"},"endType":"normal"}