{"seed":[57033,18065,12815,13404],"turns":37,"p1":"Seven Swell","p2":"Senpai-Tomidake","p1team":[{"name":"Mew","species":"Mew","item":"leftovers","ability":"Synchronize","moves":["roost","toxic","healbell","aurasphere"],"nature":"Calm","evs":{"hp":252,"atk":0,"def":0,"spa":4,"spd":252,"spe":0},"ivs":{"hp":31,"atk":0,"def":31,"spa":31,"spd":31,"spe":31}},{"name":"Slowbro","species":"Slowbro","item":"rockyhelmet","ability":"Regenerator","moves":["scald","yawn","flamethrower","slackoff"],"nature":"Bold","evs":{"hp":252,"atk":0,"def":252,"spa":4,"spd":0,"spe":0},"ivs":{"hp":31,"atk":0,"def":31,"spa":31,"spd":31,"spe":31}},{"name":"Deoxys-Speed","species":"Deoxys-Speed","item":"focussash","ability":"Pressure","moves":["stealthrock","thunderbolt","thunderwave","icebeam"],"nature":"Timid","evs":{"hp":252,"atk":0,"def":0,"spa":44,"spd":0,"spe":212},"ivs":{"hp":31,"atk":0,"def":31,"spa":31,"spd":31,"spe":31}},{"name":"Latias","species":"Latias","item":"leftovers","ability":"Levitate","moves":["dracometeor","psyshock","roost","defog"],"nature":"Timid","evs":{"hp":252,"atk":0,"def":0,"spa":4,"spd":0,"spe":252},"ivs":{"hp":31,"atk":0,"def":31,"spa":31,"spd":31,"spe":31}},{"name":"Hoopa-Unbound","species":"Hoopa-Unbound","item":"focussash","ability":"Magician","moves":["hyperspacefury","drainpunch","firepunch","gunkshot"],"nature":"Adamant","evs":{"hp":0,"atk":252,"def":0,"spa":0,"spd":4,"spe":252},"ivs":{"hp":31,"atk":31,"def":31,"spa":31,"spd":31,"spe":31}},{"name":"Gardevoir","species":"Gardevoir","item":"gardevoirite","ability":"Trace","moves":["hypervoice","psyshock","shadowball","taunt"],"nature":"Timid","evs":{"hp":0,"atk":0,"def":0,"spa":252,"spd":4,"spe":252},"ivs":{"hp":31,"atk":0,"def":31,"spa":31,"spd":31,"spe":31}}],"p2team":[{"name":"Aggron","species":"Aggron","item":"focussash","ability":"Rock Head","moves":["headsmash","earthquake","ironhead","autotomize"],"nature":"Jolly","evs":{"hp":4,"atk":252,"def":0,"spa":0,"spd":0,"spe":252},"ivs":{"hp":31,"atk":31,"def":31,"spa":31,"spd":31,"spe":31}},{"name":"Rampardos","species":"Rampardos","item":"choicescarf","ability":"Sheer Force","moves":["headsmash","earthquake","crunch","superpower"],"nature":"Jolly","evs":{"hp":0,"atk":252,"def":0,"spa":0,"spd":4,"spe":252},"ivs":{"hp":31,"atk":31,"def":31,"spa":31,"spd":31,"spe":31}},{"name":"Diancie","species":"Diancie","item":"diancite","ability":"Clear Body","moves":["diamondstorm","earthpower","moonblast","protect"],"nature":"Timid","evs":{"hp":4,"atk":0,"def":0,"spa":252,"spd":0,"spe":252},"ivs":{"hp":31,"atk":31,"def":31,"spa":31,"spd":31,"spe":31}},{"name":"Tyranitar","species":"Tyranitar","item":"chopleberry","ability":"Sand Stream","moves":["rockslide","crunch","dragondance","earthquake"],"nature":"Adamant","evs":{"hp":0,"atk":252,"def":0,"spa":0,"spd":4,"spe":252},"ivs":{"hp":31,"atk":31,"def":31,"spa":31,"spd":31,"spe":31}},{"name":"Regirock","species":"Regirock","item":"sitrusberry","ability":"Clear Body","moves":["poweruppunch","rockslide","earthquake","thunderwave"],"nature":"Careful","evs":{"hp":248,"atk":8,"def":0,"spa":0,"spd":252,"spe":0},"ivs":{"hp":31,"atk":31,"def":31,"spa":31,"spd":31,"spe":31}},{"name":"Cradily","species":"Cradily","item":"leftovers","ability":"Storm Drain","moves":["sandstorm","ancientpower","energyball","toxic"],"nature":"Calm","evs":{"hp":252,"atk":0,"def":0,"spa":4,"spd":252,"spe":0},"ivs":{"hp":31,"atk":31,"def":31,"spa":31,"spd":31,"spe":31}}],"log":["|player|p1|Seven Swell|sevenswell.png","|player|p2|Senpai-Tomidake|169","|gametype|singles","|gen|6","|tier|Monotype","|rated","|rule|Baton Pass Clause: Limit one Baton Passer, can't pass Spe and other stats simultaneously","|rule|Swagger Clause: Swagger is banned","|rule|Same Type Clause: Pokémon in a team must share a type","|clearpoke","|poke|p1|Mew","|poke|p1|Slowbro, M","|poke|p1|Deoxys-Speed","|poke|p1|Latias, F","|poke|p1|Hoopa-Unbound","|poke|p1|Gardevoir, F","|poke|p2|Aggron, F","|poke|p2|Rampardos, M","|poke|p2|Diancie","|poke|p2|Tyranitar, M","|poke|p2|Regirock","|poke|p2|Cradily, M","|rule|Sleep Clause Mod: Limit one foe put to sleep","|rule|Species Clause: Limit one of each Pokémon","|rule|OHKO Clause: OHKO moves are banned","|rule|Moody Clause: Moody is banned","|rule|Evasion Moves Clause: Evasion moves are banned","|rule|Endless Battle Clause: Forcing endless battles is banned","|rule|HP Percentage Mod: HP is shown in percentages","|teampreview","|","|start","|switch|p1a: Gardevoir|Gardevoir, F|277/277","|switch|p2a: Tyranitar|Tyranitar, M|341/341","|-ability|p1a: Gardevoir|Sand Stream|[from] ability: Trace|[of] p2a: Tyranitar","|-weather|Sandstorm","|turn|1","|","|switch|p2a: Regirock|Regirock|363/363","|detailschange|p1a: Gardevoir|Gardevoir-Mega, F","|-mega|p1a: Gardevoir|Gardevoir|Gardevoirite","|move|p1a: Gardevoir|Hyper Voice|p2a: Regirock","|-damage|p2a: Regirock|240/363","|","|-weather|Sandstorm|[upkeep]","|-damage|p1a: Gardevoir|260/277|[from] sandstorm","|turn|2","|","|switch|p1a: Slowbro|Slowbro, M|394/394","|move|p2a: Regirock|Thunder Wave|p1a: Slowbro","|-status|p1a: Slowbro|par","|","|-weather|Sandstorm|[upkeep]","|-damage|p1a: Slowbro|370/394 par|[from] sandstorm","|turn|3","|","|switch|p2a: Cradily|Cradily, M|376/376","|cant|p1a: Slowbro|par","|","|-weather|Sandstorm|[upkeep]","|-damage|p1a: Slowbro|346/394 par|[from] sandstorm","|turn|4","|","|switch|p1a: Mew|Mew|404/404","|move|p2a: Cradily|Toxic|p1a: Mew","|-status|p1a: Mew|tox","|-status|p2a: Cradily|tox","|","|-weather|Sandstorm|[upkeep]","|-damage|p1a: Mew|379/404 tox|[from] sandstorm","|-heal|p1a: Mew|404/404 tox|[from] item: Leftovers","|-damage|p1a: Mew|379/404 tox|[from] psn","|-damage|p2a: Cradily|353/376 tox|[from] psn","|turn|5","|","|switch|p2a: Diancie|Diancie|242/242","|move|p1a: Mew|Heal Bell|p1a: Mew","|-cureteam|p1a: Mew|[from] move: HealBell","|","|-weather|none","|-heal|p1a: Mew|404/404|[from] item: Leftovers","|turn|6","|","|switch|p1a: Slowbro|Slowbro, M|394/394","|detailschange|p2a: Diancie|Diancie-Mega","|-mega|p2a: Diancie|Diancie|Diancite","|move|p2a: Diancie|Moonblast|p1a: Slowbro","|-damage|p1a: Slowbro|175/394","|","|turn|7","|","|switch|p1a: Mew|Mew|404/404","|move|p2a: Diancie|Moonblast|p1a: Mew","|-damage|p1a: Mew|268/404","|","|-heal|p1a: Mew|293/404|[from] item: Leftovers","|turn|8","|","|move|p2a: Diancie|Moonblast|p1a: Mew","|-damage|p1a: Mew|143/404","|move|p1a: Mew|Aura Sphere|p2a: Diancie","|-damage|p2a: Diancie|187/242","|","|-heal|p1a: Mew|168/404|[from] item: Leftovers","|turn|9","|","|move|p2a: Diancie|Moonblast|p1a: Mew","|-damage|p1a: Mew|27/404","|-unboost|p1a: Mew|spa|1","|move|p1a: Mew|Roost|p1a: Mew","|-heal|p1a: Mew|229/404","|","|-heal|p1a: Mew|254/404|[from] item: Leftovers","|turn|10","|","|move|p2a: Diancie|Moonblast|p1a: Mew","|-damage|p1a: Mew|116/404","|-unboost|p1a: Mew|spa|1","|move|p1a: Mew|Roost|p1a: Mew","|-heal|p1a: Mew|318/404","|","|-heal|p1a: Mew|343/404|[from] item: Leftovers","|turn|11","|","|move|p2a: Diancie|Diamond Storm|p1a: Mew","|-damage|p1a: Mew|190/404","|-boost|p2a: Diancie|def|1","|move|p1a: Mew|Toxic|p2a: Diancie","|move|p2a: Diancie|Toxic|p1a: Mew|[from]Magic Bounce","|-status|p1a: Mew|tox","|-status|p2a: Diancie|tox","|","|-heal|p1a: Mew|215/404 tox|[from] item: Leftovers","|-damage|p2a: Diancie|172/242 tox|[from] psn","|-damage|p1a: Mew|190/404 tox|[from] psn","|turn|12","|","|move|p2a: Diancie|Moonblast|p1a: Mew","|-damage|p1a: Mew|49/404 tox","|-unboost|p1a: Mew|spa|1","|move|p1a: Mew|Roost|p1a: Mew","|-heal|p1a: Mew|251/404 tox","|","|-heal|p1a: Mew|276/404 tox|[from] item: Leftovers","|-damage|p2a: Diancie|142/242 tox|[from] psn","|-damage|p1a: Mew|226/404 tox|[from] psn","|turn|13","|","|move|p2a: Diancie|Moonblast|p1a: Mew","|-damage|p1a: Mew|81/404 tox","|move|p1a: Mew|Roost|p1a: Mew","|-heal|p1a: Mew|283/404 tox","|","|-heal|p1a: Mew|308/404 tox|[from] item: Leftovers","|-damage|p2a: Diancie|97/242 tox|[from] psn","|-damage|p1a: Mew|233/404 tox|[from] psn","|turn|14","|","|switch|p2a: Cradily|Cradily, M|353/376 tox","|move|p1a: Mew|Roost|p1a: Mew","|-heal|p1a: Mew|404/404 tox","|","|-heal|p2a: Cradily|376/376 tox|[from] item: Leftovers","|-damage|p1a: Mew|304/404 tox|[from] psn","|-damage|p2a: Cradily|353/376 tox|[from] psn","|turn|15","|","|switch|p1a: Deoxys-Speed|Deoxys-Speed|304/304","|-ability|p1a: Deoxys-Speed|Pressure","|move|p2a: Cradily|Ancient Power|p1a: Deoxys-Speed","|-crit|p1a: Deoxys-Speed","|-damage|p1a: Deoxys-Speed|201/304","|","|-heal|p2a: Cradily|376/376 tox|[from] item: Leftovers","|-damage|p2a: Cradily|330/376 tox|[from] psn","|turn|16","|","|move|p1a: Deoxys-Speed|Ice Beam|p2a: Cradily","|-supereffective|p2a: Cradily","|-damage|p2a: Cradily|228/376 tox","|move|p2a: Cradily|Sandstorm|p2a: Cradily","|-weather|Sandstorm","|","|-weather|Sandstorm|[upkeep]","|-damage|p1a: Deoxys-Speed|182/304|[from] sandstorm","|-heal|p2a: Cradily|251/376 tox|[from] item: Leftovers","|-damage|p2a: Cradily|182/376 tox|[from] psn","|turn|17","|","|move|p1a: Deoxys-Speed|Stealth Rock|p2a: Cradily","|-sidestart|p2: Senpai-Tomidake|move: Stealth Rock","|move|p2a: Cradily|Energy Ball|p1a: Deoxys-Speed","|-damage|p1a: Deoxys-Speed|79/304","|","|-weather|Sandstorm|[upkeep]","|-damage|p1a: Deoxys-Speed|60/304|[from] sandstorm","|-heal|p2a: Cradily|205/376 tox|[from] item: Leftovers","|-damage|p2a: Cradily|113/376 tox|[from] psn","|turn|18","|","|switch|p1a: Latias|Latias, F|364/364","|move|p2a: Cradily|Ancient Power|p1a: Latias","|-damage|p1a: Latias|312/364","|","|-weather|Sandstorm|[upkeep]","|-damage|p1a: Latias|290/364|[from] sandstorm","|-heal|p1a: Latias|312/364|[from] item: Leftovers","|-heal|p2a: Cradily|136/376 tox|[from] item: Leftovers","|-damage|p2a: Cradily|21/376 tox|[from] psn","|turn|19","|","|move|p1a: Latias|Roost|p1a: Latias","|-heal|p1a: Latias|364/364","|move|p2a: Cradily|Toxic|p1a: Latias","|-status|p1a: Latias|tox","|","|-weather|Sandstorm|[upkeep]","|-damage|p1a: Latias|342/364 tox|[from] sandstorm","|-heal|p1a: Latias|364/364 tox|[from] item: Leftovers","|-heal|p2a: Cradily|44/376 tox|[from] item: Leftovers","|-damage|p1a: Latias|342/364 tox|[from] psn","|-damage|p2a: Cradily|0 fnt|[from] psn","|faint|p2a: Cradily","|","|switch|p2a: Tyranitar|Tyranitar, M|341/341","|-damage|p2a: Tyranitar|299/341|[from] Stealth Rock","|turn|20","|","|move|p1a: Latias|Draco Meteor|p2a: Tyranitar","|-damage|p2a: Tyranitar|190/341","|-unboost|p1a: Latias|spa|2","|move|p2a: Tyranitar|Dragon Dance|p2a: Tyranitar","|-boost|p2a: Tyranitar|atk|1","|-boost|p2a: Tyranitar|spe|1","|","|-weather|none","|-heal|p1a: Latias|364/364 tox|[from] item: Leftovers","|-damage|p1a: Latias|320/364 tox|[from] psn","|turn|21","|","|switch|p1a: Gardevoir|Gardevoir-Mega, F|260/277","|move|p2a: Tyranitar|Dragon Dance|p2a: Tyranitar","|-boost|p2a: Tyranitar|atk|1","|-boost|p2a: Tyranitar|spe|1","|","|turn|22","|","|move|p2a: Tyranitar|Crunch|p1a: Gardevoir","|-damage|p1a: Gardevoir|0 fnt","|faint|p1a: Gardevoir","|","|","|switch|p1a: Hoopa-Unbound|Hoopa-Unbound|301/301","|turn|23","|","|move|p2a: Tyranitar|Crunch|p1a: Hoopa-Unbound","|-enditem|p1a: Hoopa-Unbound|Focus Sash","|-damage|p1a: Hoopa-Unbound|1/301","|move|p1a: Hoopa-Unbound|Drain Punch|p2a: Tyranitar","|-supereffective|p2a: Tyranitar","|-enditem|p2a: Tyranitar|Chople Berry|[eat]","|-damage|p2a: Tyranitar|0 fnt","|-heal|p1a: Hoopa-Unbound|96/301|[from] drain|[of] p2a: Tyranitar","|faint|p2a: Tyranitar","|","|","|switch|p2a: Rampardos|Rampardos, M|335/335","|-damage|p2a: Rampardos|294/335|[from] Stealth Rock","|turn|24","|","|move|p2a: Rampardos|Head Smash|p1a: Hoopa-Unbound","|-damage|p1a: Hoopa-Unbound|0 fnt","|-damage|p2a: Rampardos|246/335|[from] recoil|[of] p1a: Hoopa-Unbound","|faint|p1a: Hoopa-Unbound","|","|","|switch|p1a: Slowbro|Slowbro, M|306/394","|turn|25","|","|move|p2a: Rampardos|Head Smash|p1a: Slowbro","|-damage|p1a: Slowbro|80/394","|-damage|p2a: Rampardos|191/335|[from] item: Rocky Helmet|[of] p1a: Slowbro","|-damage|p2a: Rampardos|78/335|[from] recoil|[of] p1a: Slowbro","|move|p1a: Slowbro|Slack Off|p1a: Slowbro","|-heal|p1a: Slowbro|277/394","|","|turn|26","|","|move|p2a: Rampardos|Head Smash|p1a: Slowbro","|-damage|p1a: Slowbro|67/394","|-damage|p2a: Rampardos|23/335|[from] item: Rocky Helmet|[of] p1a: Slowbro","|-damage|p2a: Rampardos|0 fnt|[from] recoil|[of] p1a: Slowbro","|faint|p2a: Rampardos","|move|p1a: Slowbro|Slack Off|p1a: Slowbro","|-heal|p1a: Slowbro|264/394","|","|","|switch|p2a: Diancie|Diancie-Mega|97/242 tox","|-damage|p2a: Diancie|67/242 tox|[from] Stealth Rock","|turn|27","|","|switch|p1a: Latias|Latias, F|320/364 tox","|move|p2a: Diancie|Moonblast|p1a: Latias","|-supereffective|p1a: Latias","|-damage|p1a: Latias|24/364 tox","|-unboost|p1a: Latias|spa|1","|","|-heal|p1a: Latias|46/364 tox|[from] item: Leftovers","|-damage|p1a: Latias|24/364 tox|[from] psn","|-damage|p2a: Diancie|52/242 tox|[from] psn","|turn|28","|","|move|p2a: Diancie|Protect|p2a: Diancie","|-singleturn|p2a: Diancie|Protect","|move|p1a: Latias|Psyshock|p2a: Diancie","|-activate|p2a: Diancie|Protect","|","|-heal|p1a: Latias|46/364 tox|[from] item: Leftovers","|-damage|p2a: Diancie|22/242 tox|[from] psn","|-damage|p1a: Latias|2/364 tox|[from] psn","|turn|29","|","|move|p1a: Latias|Roost|p1a: Latias","|-heal|p1a: Latias|184/364 tox","|move|p2a: Diancie|Diamond Storm|p1a: Latias","|-damage|p1a: Latias|4/364 tox","|","|-heal|p1a: Latias|26/364 tox|[from] item: Leftovers","|-damage|p2a: Diancie|0 fnt|[from] psn","|-damage|p1a: Latias|0 fnt|[from] psn","|faint|p2a: Diancie","|faint|p1a: Latias","|","|switch|p2a: Regirock|Regirock|240/363","|switch|p1a: Slowbro|Slowbro, M|394/394","|-damage|p2a: Regirock|195/363|[from] Stealth Rock","|turn|30","|","|move|p2a: Regirock|Thunder Wave|p1a: Slowbro","|-status|p1a: Slowbro|par","|move|p1a: Slowbro|Scald|p2a: Regirock","|-supereffective|p2a: Regirock","|-damage|p2a: Regirock|67/363","|-status|p2a: Regirock|brn","|-enditem|p2a: Regirock|Sitrus Berry|[eat]","|-heal|p2a: Regirock|157/363 brn|[from] item: Sitrus Berry","|","|-damage|p2a: Regirock|112/363 brn|[from] brn","|turn|31","|","|switch|p1a: Mew|Mew|304/404 tox","|move|p2a: Regirock|Rock Slide|p1a: Mew","|-damage|p1a: Mew|262/404 tox","|","|-heal|p1a: Mew|287/404 tox|[from] item: Leftovers","|-damage|p1a: Mew|262/404 tox|[from] psn","|-damage|p2a: Regirock|67/363 brn|[from] brn","|turn|32","|","|move|p1a: Mew|Heal Bell|p1a: Mew","|-cureteam|p1a: Mew|[from] move: HealBell","|move|p2a: Regirock|Rock Slide|p1a: Mew","|-damage|p1a: Mew|218/404","|","|-heal|p1a: Mew|243/404|[from] item: Leftovers","|-damage|p2a: Regirock|22/363 brn|[from] brn","|turn|33","|","|move|p1a: Mew|Aura Sphere|p2a: Regirock","|-supereffective|p2a: Regirock","|-damage|p2a: Regirock|0 fnt","|faint|p2a: Regirock","|","|-heal|p1a: Mew|268/404|[from] item: Leftovers","|","|switch|p2a: Aggron|Aggron, F|282/282","|-damage|p2a: Aggron|265/282|[from] Stealth Rock","|turn|34","|","|switch|p1a: Slowbro|Slowbro, M|394/394","|move|p2a: Aggron|Autotomize|p2a: Aggron","|-boost|p2a: Aggron|spe|2","|-start|p2a: Aggron|Autotomize","|","|turn|35","|","|move|p2a: Aggron|Head Smash|p1a: Slowbro","|-damage|p1a: Slowbro|225/394","|-damage|p2a: Aggron|218/282|[from] item: Rocky Helmet|[of] p1a: Slowbro","|move|p1a: Slowbro|Yawn|p2a: Aggron","|-start|p2a: Aggron|move: Yawn|[of] p1a: Slowbro","|","|turn|36","|","|move|p2a: Aggron|Head Smash|p1a: Slowbro","|-damage|p1a: Slowbro|71/394","|-damage|p2a: Aggron|171/282|[from] item: Rocky Helmet|[of] p1a: Slowbro","|move|p1a: Slowbro|Slack Off|p1a: Slowbro","|-heal|p1a: Slowbro|268/394","|","|-end|p2a: Aggron|move: Yawn|[silent]","|-status|p2a: Aggron|slp","|turn|37","|","|win|Seven Swell"],"p1rating":{"entryid":"86214","serverid":"eos","formatid":"monotype","userid":"sevenswell","username":"Seven Swell","w":31,"l":"10","t":"0","gxe":71.9,"r":"1669.3412090831","rd":"56.183214235022","sigma":"0","rptime":"1440147600","rpr":1678.7002283605,"rprd":55.179279508317,"rpsigma":"0","acre":1293.8541206852,"lacre":1293.8541206852,"oldacre":"1283.4823434735"},"p2rating":{"entryid":"241798","serverid":"eos","formatid":"monotype","userid":"senpaitomidake","username":"Senpai-Tomidake","w":"2","l":3,"t":"0","gxe":45.8,"r":"1500","rd":"130","sigma":"0","rptime":"1440147600","rpr":1467.1368028453,"rprd":103.15777513124,"rpsigma":"0","acre":1043.3228392494,"lacre":1043.3228392494,"oldacre":"1050.6217768855"},"endType":"forfeit"}