{"seed":[46887,22567,27352,31852],"turns":30,"p1":"Imp Elegant","p2":"Psychic Yang","p1team":[{"name":"Car keys","species":"klefki","item":"lightclay","ability":"Prankster","moves":["foulplay","thunderwave","lightscreen","reflect"],"nature":"Bold","evs":{"hp":248,"atk":0,"def":252,"spa":0,"spd":8,"spe":0},"gender":"M","shiny":true,"ivs":{"hp":31,"atk":31,"def":31,"spa":31,"spd":31,"spe":31}},{"name":"Mr Rabbet","species":"azumarill","item":"sitrusberry","ability":"Huge Power","moves":["bellydrum","aquajet","playrough","knockoff"],"nature":"Adamant","evs":{"hp":252,"atk":252,"def":0,"spa":0,"spd":4,"spe":0},"gender":"M","ivs":{"hp":31,"atk":31,"def":31,"spa":31,"spd":31,"spe":31}},{"name":"Cupcake","species":"slurpuff","item":"sitrusberry","ability":"Unburden","moves":["bellydrum","playrough","drainpunch","cottonguard"],"nature":"Adamant","evs":{"hp":4,"atk":252,"def":0,"spa":0,"spd":0,"spe":252},"gender":"F","ivs":{"hp":31,"atk":31,"def":31,"spa":31,"spd":31,"spe":31}},{"name":"Sir Lance","species":"togekiss","item":"leftovers","ability":"Serene Grace","moves":["thunderwave","flamethrower","airslash","roost"],"nature":"Calm","evs":{"hp":252,"atk":0,"def":0,"spa":4,"spd":252,"spe":0},"gender":"F","ivs":{"hp":31,"atk":31,"def":31,"spa":31,"spd":31,"spe":31}},{"name":"Cinderella","species":"gardevoir","item":"choicescarf","ability":"Trace","moves":["moonblast","shadowball","psychic","focusblast"],"nature":"Timid","evs":{"hp":0,"atk":0,"def":0,"spa":252,"spd":4,"spe":252},"gender":"F","shiny":true,"ivs":{"hp":31,"atk":31,"def":31,"spa":31,"spd":31,"spe":31}},{"name":"Diamond Queen","species":"diancie","item":"diancite","ability":"Clear Body","moves":["moonblast","diamondstorm","earthpower","protect"],"nature":"Hasty","evs":{"hp":0,"atk":4,"def":0,"spa":252,"spd":0,"spe":252},"shiny":true,"ivs":{"hp":31,"atk":31,"def":31,"spa":31,"spd":31,"spe":31}}],"p2team":[{"name":"Gallient","species":"gallade","item":"focussash","ability":"Steadfast","moves":["psychocut","poisonjab","drainpunch","magiccoat"],"nature":"Adamant","evs":{"hp":248,"atk":252,"def":0,"spa":0,"spd":8,"spe":0},"shiny":true,"ivs":{"hp":31,"atk":31,"def":31,"spa":31,"spd":31,"spe":31}},{"name":"Graceful","species":"gardevoir","item":"gardevoirite","ability":"Synchronize","moves":["psychic","hypervoice","shadowball","calmmind"],"nature":"Modest","evs":{"hp":248,"atk":0,"def":0,"spa":252,"spd":8,"spe":0},"gender":"F","shiny":true,"ivs":{"hp":31,"atk":31,"def":31,"spa":31,"spd":31,"spe":31}},{"name":"Mind Shell","species":"slowking","item":"leftovers","ability":"Regenerator","moves":["scald","dreameater","yawn","toxic"],"nature":"Bold","evs":{"hp":252,"atk":0,"def":252,"spa":4,"spd":0,"spe":0},"gender":"M","ivs":{"hp":31,"atk":31,"def":31,"spa":31,"spd":31,"spe":31}},{"name":"Tail Shell","species":"slowbro","item":"leftovers","ability":"Regenerator","moves":["scald","psychic","amnesia","toxic"],"nature":"Bold","evs":{"hp":252,"atk":0,"def":252,"spa":4,"spd":0,"spe":0},"gender":"F","ivs":{"hp":31,"atk":31,"def":31,"spa":31,"spd":31,"spe":31}},{"name":"Meteor-X","species":"metagross","item":"lifeorb","ability":"Light Metal","moves":["meteormash","zenheadbutt","earthquake","lightscreen"],"nature":"Jolly","evs":{"hp":0,"atk":252,"def":0,"spa":0,"spd":4,"spe":252},"ivs":{"hp":31,"atk":31,"def":31,"spa":31,"spd":31,"spe":31}},{"name":"Yin","species":"espeon","item":"leftovers","ability":"Magic Bounce","moves":["psychic","shadowball","grassknot","calmmind"],"nature":"Timid","evs":{"hp":0,"atk":0,"def":0,"spa":252,"spd":4,"spe":252},"gender":"F","ivs":{"hp":31,"atk":31,"def":31,"spa":31,"spd":31,"spe":31}}],"log":["|player|p1|Imp Elegant|291","|player|p2|Psychic Yang|50","|gametype|singles","|gen|6","|tier|Monotype","|rated","|rule|Baton Pass Clause: Limit one Baton Passer, can't pass Spe and other stats simultaneously","|rule|Swagger Clause: Swagger is banned","|rule|Same Type Clause: Pokémon in a team must share a type","|clearpoke","|poke|p1|Klefki, M, shiny","|poke|p1|Azumarill, M","|poke|p1|Slurpuff, F","|poke|p1|Togekiss, F","|poke|p1|Gardevoir, F, shiny","|poke|p1|Diancie, shiny","|poke|p2|Gallade, M, shiny","|poke|p2|Gardevoir, F, shiny","|poke|p2|Slowking, M","|poke|p2|Slowbro, F","|poke|p2|Metagross","|poke|p2|Espeon, F","|rule|Sleep Clause Mod: Limit one foe put to sleep","|rule|Species Clause: Limit one of each Pokémon","|rule|OHKO Clause: OHKO moves are banned","|rule|Moody Clause: Moody is banned","|rule|Evasion Moves Clause: Evasion moves are banned","|rule|Endless Battle Clause: Forcing endless battles is banned","|rule|HP Percentage Mod: HP is shown in percentages","|teampreview","|","|start","|switch|p1a: Car keys|Klefki, M, shiny|317/317","|switch|p2a: Yin|Espeon, F|271/271","|turn|1","|","|move|p1a: Car keys|Light Screen|p1a: Car keys","|-sidestart|p1: Imp Elegant|move: Light Screen","|move|p2a: Yin|Calm Mind|p2a: Yin","|-boost|p2a: Yin|spa|1","|-boost|p2a: Yin|spd|1","|","|turn|2","|","|move|p1a: Car keys|Reflect|p1a: Car keys","|-sidestart|p1: Imp Elegant|Reflect","|move|p2a: Yin|Shadow Ball|p1a: Car keys","|-damage|p1a: Car keys|241/317","|","|turn|3","|","|move|p2a: Yin|Calm Mind|p2a: Yin","|-boost|p2a: Yin|spa|1","|-boost|p2a: Yin|spd|1","|move|p1a: Car keys|Foul Play|p2a: Yin","|-supereffective|p2a: Yin","|-damage|p2a: Yin|123/271","|","|-heal|p2a: Yin|139/271|[from] item: Leftovers","|turn|4","|","|move|p2a: Yin|Shadow Ball|p1a: Car keys","|-damage|p1a: Car keys|137/317","|move|p1a: Car keys|Foul Play|p2a: Yin","|-supereffective|p2a: Yin","|-damage|p2a: Yin|0 fnt","|faint|p2a: Yin","|","|","|switch|p2a: Meteor-X|Metagross|301/301","|turn|5","|","|move|p1a: Car keys|Thunder Wave|p2a: Meteor-X","|-status|p2a: Meteor-X|par","|move|p2a: Meteor-X|Earthquake|p1a: Car keys","|-supereffective|p1a: Car keys","|-damage|p1a: Car keys|17/317","|-damage|p2a: Meteor-X|271/301 par|[from] item: Life Orb","|","|turn|6","|","|move|p1a: Car keys|Foul Play|p2a: Meteor-X","|-supereffective|p2a: Meteor-X","|-damage|p2a: Meteor-X|95/301 par","|cant|p2a: Meteor-X|par","|","|turn|7","|","|move|p1a: Car keys|Foul Play|p2a: Meteor-X","|-supereffective|p2a: Meteor-X","|-damage|p2a: Meteor-X|0 fnt","|faint|p2a: Meteor-X","|","|","|switch|p2a: Tail Shell|Slowbro, F|394/394","|turn|8","|","|move|p1a: Car keys|Thunder Wave|p2a: Tail Shell","|-status|p2a: Tail Shell|par","|cant|p2a: Tail Shell|par","|","|-sideend|p1: Imp Elegant|move: Light Screen","|turn|9","|","|move|p1a: Car keys|Light Screen|p1a: Car keys","|-sidestart|p1: Imp Elegant|move: Light Screen","|move|p2a: Tail Shell|Scald|p1a: Car keys","|-damage|p1a: Car keys|0 fnt","|faint|p1a: Car keys","|","|-sideend|p1: Imp Elegant|Reflect","|","|switch|p1a: Sir Lance|Togekiss, F|374/374","|turn|10","|","|move|p1a: Sir Lance|Air Slash|p2a: Tail Shell","|-damage|p2a: Tail Shell|270/394 par","|cant|p2a: Tail Shell|par","|","|-heal|p2a: Tail Shell|294/394 par|[from] item: Leftovers","|turn|11","|","|move|p1a: Sir Lance|Air Slash|p2a: Tail Shell","|-damage|p2a: Tail Shell|167/394 par","|cant|p2a: Tail Shell|flinch","|","|-heal|p2a: Tail Shell|191/394 par|[from] item: Leftovers","|turn|12","|","|move|p1a: Sir Lance|Air Slash|p2a: Tail Shell","|-damage|p2a: Tail Shell|68/394 par","|move|p2a: Tail Shell|Psychic|p1a: Sir Lance","|-damage|p1a: Sir Lance|342/374","|","|-heal|p1a: Sir Lance|365/374|[from] item: Leftovers","|-heal|p2a: Tail Shell|92/394 par|[from] item: Leftovers","|turn|13","|","|move|p1a: Sir Lance|Air Slash|p2a: Tail Shell","|-damage|p2a: Tail Shell|0 fnt","|faint|p2a: Tail Shell","|","|-heal|p1a: Sir Lance|374/374|[from] item: Leftovers","|","|switch|p2a: Mind Shell|Slowking, M|394/394","|turn|14","|","|move|p1a: Sir Lance|Thunder Wave|p2a: Mind Shell","|-status|p2a: Mind Shell|par","|cant|p2a: Mind Shell|par","|","|turn|15","|","|move|p1a: Sir Lance|Air Slash|p2a: Mind Shell","|-damage|p2a: Mind Shell|294/394 par","|cant|p2a: Mind Shell|flinch","|","|-heal|p2a: Mind Shell|318/394 par|[from] item: Leftovers","|turn|16","|","|move|p1a: Sir Lance|Air Slash|p2a: Mind Shell","|-damage|p2a: Mind Shell|221/394 par","|cant|p2a: Mind Shell|flinch","|","|-heal|p2a: Mind Shell|245/394 par|[from] item: Leftovers","|-sideend|p1: Imp Elegant|move: Light Screen","|turn|17","|","|move|p1a: Sir Lance|Air Slash|p2a: Mind Shell","|-damage|p2a: Mind Shell|145/394 par","|move|p2a: Mind Shell|Yawn|p1a: Sir Lance","|-start|p1a: Sir Lance|move: Yawn|[of] p2a: Mind Shell","|","|-heal|p2a: Mind Shell|169/394 par|[from] item: Leftovers","|turn|18","|","|switch|p1a: Cinderella|Gardevoir, F, shiny|277/277","|-ability|p1a: Cinderella|Regenerator|[from] ability: Trace|[of] p2a: Mind Shell","|switch|p2a: Gallient|Gallade, M, shiny|339/339","|","|turn|19","|","|move|p1a: Cinderella|Shadow Ball|p2a: Gallient","|-supereffective|p2a: Gallient","|-damage|p2a: Gallient|179/339","|-unboost|p2a: Gallient|spd|1","|move|p2a: Gallient|Poison Jab|p1a: Cinderella","|-supereffective|p1a: Cinderella","|-damage|p1a: Cinderella|0 fnt","|faint|p1a: Cinderella","|","|","|switch|p1a: Sir Lance|Togekiss, F|374/374","|turn|20","|","|move|p2a: Gallient|Poison Jab|p1a: Sir Lance","|-supereffective|p1a: Sir Lance","|-damage|p1a: Sir Lance|150/374","|-status|p1a: Sir Lance|psn","|move|p1a: Sir Lance|Thunder Wave|p2a: Gallient","|-status|p2a: Gallient|par","|","|-heal|p1a: Sir Lance|173/374 psn|[from] item: Leftovers","|-damage|p1a: Sir Lance|127/374 psn|[from] psn","|turn|21","|","|move|p1a: Sir Lance|Air Slash|p2a: Gallient","|-supereffective|p2a: Gallient","|-damage|p2a: Gallient|0 fnt","|faint|p2a: Gallient","|","|-heal|p1a: Sir Lance|150/374 psn|[from] item: Leftovers","|-damage|p1a: Sir Lance|104/374 psn|[from] psn","|","|switch|p2a: Graceful|Gardevoir, F, shiny|339/339","|turn|22","|","|detailschange|p2a: Graceful|Gardevoir-Mega, F, shiny","|-mega|p2a: Graceful|Gardevoir|Gardevoirite","|move|p2a: Graceful|Hyper Voice|p1a: Sir Lance","|-damage|p1a: Sir Lance|0 fnt","|faint|p1a: Sir Lance","|","|","|switch|p1a: Mr Rabbet|Azumarill, M|404/404","|turn|23","|","|move|p2a: Graceful|Hyper Voice|p1a: Mr Rabbet","|-damage|p1a: Mr Rabbet|73/404","|-enditem|p1a: Mr Rabbet|Sitrus Berry|[eat]","|-heal|p1a: Mr Rabbet|174/404|[from] item: Sitrus Berry","|move|p1a: Mr Rabbet|Belly Drum|p1a: Mr Rabbet","|-fail|p1a: Mr Rabbet","|","|turn|24","|","|move|p1a: Mr Rabbet|Aqua Jet|p2a: Graceful","|-damage|p2a: Graceful|206/339","|move|p2a: Graceful|Hyper Voice|p1a: Mr Rabbet","|-damage|p1a: Mr Rabbet|0 fnt","|faint|p1a: Mr Rabbet","|","|","|switch|p1a: Diamond Queen|Diancie, shiny|241/241","|turn|25","|","|detailschange|p1a: Diamond Queen|Diancie-Mega, shiny","|-mega|p1a: Diamond Queen|Diancie|Diancite","|move|p1a: Diamond Queen|Protect|p1a: Diamond Queen","|-singleturn|p1a: Diamond Queen|Protect","|move|p2a: Graceful|Shadow Ball|p1a: Diamond Queen","|-activate|p1a: Diamond Queen|Protect","|","|turn|26","|","|move|p1a: Diamond Queen|Diamond Storm|p2a: Graceful","|-miss|p1a: Diamond Queen|p2a: Graceful","|move|p2a: Graceful|Shadow Ball|p1a: Diamond Queen","|-damage|p1a: Diamond Queen|133/241","|","|turn|27","|","|move|p1a: Diamond Queen|Diamond Storm|p2a: Graceful","|-damage|p2a: Graceful|0 fnt","|-boost|p1a: Diamond Queen|def|1","|faint|p2a: Graceful","|","|","|switch|p2a: Mind Shell|Slowking, M|300/394 par","|turn|28","|","|move|p1a: Diamond Queen|Diamond Storm|p2a: Mind Shell","|-damage|p2a: Mind Shell|155/394 par","|-boost|p1a: Diamond Queen|def|1","|move|p2a: Mind Shell|Yawn|p1a: Diamond Queen","|move|p1a: Diamond Queen|Yawn|p2a: Mind Shell|[from]Magic Bounce","|-fail|p2a: Mind Shell","|","|-heal|p2a: Mind Shell|179/394 par|[from] item: Leftovers","|turn|29","|","|move|p1a: Diamond Queen|Diamond Storm|p2a: Mind Shell","|-damage|p2a: Mind Shell|41/394 par","|cant|p2a: Mind Shell|par","|","|-heal|p2a: Mind Shell|65/394 par|[from] item: Leftovers","|turn|30","|","|move|p1a: Diamond Queen|Diamond Storm|p2a: Mind Shell","|-crit|p2a: Mind Shell","|-damage|p2a: Mind Shell|0 fnt","|-boost|p1a: Diamond Queen|def|1","|faint|p2a: Mind Shell","|","|win|Imp Elegant"],"p1rating":{"entryid":"199119","serverid":"eos","formatid":"monotype","userid":"impelegant","username":"Imp Elegant","w":8,"l":"6","t":"0","gxe":53.9,"r":"1468.7162183883","rd":"102.70744310295","sigma":"0","rptime":"1440147600","rpr":1530.1842952,"rprd":79.106532793751,"rpsigma":"0","acre":1119.9260836746,"lacre":1119.9260836746,"oldacre":"1102.0661060728"},"p2rating":{"entryid":251710,"formatid":"monotype","userid":"psychicyang","username":"Psychic Yang","r":1500,"rd":130,"sigma":0,"rpr":1455.4058067337,"rprd":122.53068710047,"rpsigma":0,"rptime":1440147600,"w":0,"l":1,"t":0,"gxe":44.4,"acre":1000,"lacre":1000,"oldacre":1000},"endType":"normal"}