{"seed":[22949,65077,7699,61716],"turns":24,"p1":"Mxy Test","p2":"xNailz","p1team":[{"name":"Diancie","species":"Diancie","item":"diancite","ability":"Clear Body","moves":["moonblast","diamondstorm","earthpower","protect"],"nature":"Naive","evs":{"hp":0,"atk":4,"def":0,"spa":252,"spd":0,"spe":252},"ivs":{"hp":31,"atk":31,"def":31,"spa":31,"spd":31,"spe":31}},{"name":"Cradily","species":"Cradily","item":"leftovers","ability":"Storm Drain","moves":["gigadrain","earthpower","recover","stealthrock"],"nature":"Calm","evs":{"hp":248,"atk":0,"def":0,"spa":8,"spd":252,"spe":0},"ivs":{"hp":31,"atk":31,"def":31,"spa":31,"spd":31,"spe":31}},{"name":"Aggron","species":"Aggron","item":"aggronite","ability":"Sturdy","moves":["firepunch","heavyslam","rest","thunderwave"],"nature":"Impish","evs":{"hp":248,"atk":0,"def":136,"spa":0,"spd":124,"spe":0},"ivs":{"hp":31,"atk":31,"def":31,"spa":31,"spd":31,"spe":31}},{"name":"Omastar","species":"Omastar","item":"focussash","ability":"Weak Armor","moves":["surf","ancientpower","icebeam","shellsmash"],"nature":"Timid","evs":{"hp":0,"atk":0,"def":0,"spa":252,"spd":4,"spe":252},"ivs":{"hp":31,"atk":31,"def":31,"spa":31,"spd":31,"spe":31}},{"name":"Shuckle","species":"Shuckle","item":"whiteherb","ability":"Sturdy","moves":["stickyweb","toxic","encore","knockoff"],"nature":"Sassy","evs":{"hp":248,"atk":0,"def":172,"spa":0,"spd":88,"spe":0},"ivs":{"hp":31,"atk":31,"def":31,"spa":31,"spd":31,"spe":31}},{"name":"Golem","species":"Golem","item":"weaknesspolicy","ability":"Sturdy","moves":["suckerpunch","firepunch","earthquake","stoneedge"],"nature":"Jolly","evs":{"hp":0,"atk":252,"def":4,"spa":0,"spd":0,"spe":252},"ivs":{"hp":31,"atk":31,"def":31,"spa":31,"spd":31,"spe":31}}],"p2team":[{"name":"Charizard","species":"Charizard","item":"charizarditey","ability":"Blaze","moves":["solarbeam","flamethrower","dragonpulse","defog"],"nature":"Timid","evs":{"hp":0,"atk":0,"def":0,"spa":252,"spd":4,"spe":252},"ivs":{"hp":31,"atk":0,"def":31,"spa":31,"spd":31,"spe":31}},{"name":"Infernape","species":"Infernape","item":"focussash","ability":"Iron Fist","moves":["closecombat","overheat","machpunch","stealthrock"],"nature":"Naive","evs":{"hp":0,"atk":252,"def":4,"spa":0,"spd":0,"spe":252},"ivs":{"hp":31,"atk":30,"def":30,"spa":31,"spd":31,"spe":31}},{"name":"Victini","species":"Victini","item":"choicescarf","ability":"Victory Star","moves":["vcreate","boltstrike","uturn","zenheadbutt"],"nature":"Naive","evs":{"hp":0,"atk":252,"def":0,"spa":4,"spd":0,"spe":252},"ivs":{"hp":31,"atk":31,"def":31,"spa":31,"spd":31,"spe":31}},{"name":"Arcanine","species":"Arcanine","item":"leftovers","ability":"Intimidate","moves":["willowisp","extremespeed","morningsun","ironhead"],"nature":"Impish","evs":{"hp":240,"atk":0,"def":252,"spa":0,"spd":0,"spe":16},"ivs":{"hp":31,"atk":30,"def":30,"spa":31,"spd":31,"spe":31}},{"name":"Rotom-Heat","species":"Rotom-Heat","item":"leftovers","ability":"Levitate","moves":["thunderwave","overheat","hiddenpowerice","voltswitch"],"nature":"Modest","evs":{"hp":248,"atk":0,"def":0,"spa":8,"spd":252,"spe":0},"ivs":{"hp":31,"atk":30,"def":30,"spa":31,"spd":31,"spe":31}},{"name":"Chandelure","species":"Chandelure","item":"lifeorb","ability":"Infiltrator","moves":["flamethrower","energyball","trickroom","shadowball"],"nature":"Quiet","evs":{"hp":248,"atk":0,"def":8,"spa":252,"spd":0,"spe":0},"ivs":{"hp":31,"atk":30,"def":30,"spa":31,"spd":31,"spe":31}}],"log":["|player|p1|Mxy Test|270","|player|p2|xNailz|160","|gametype|singles","|gen|6","|tier|Monotype","|rated","|rule|Baton Pass Clause: Limit one Baton Passer, can't pass Spe and other stats simultaneously","|rule|Swagger Clause: Swagger is banned","|rule|Same Type Clause: Pokémon in a team must share a type","|clearpoke","|poke|p1|Diancie","|poke|p1|Cradily, F","|poke|p1|Aggron, M","|poke|p1|Omastar, M","|poke|p1|Shuckle, M","|poke|p1|Golem, F","|poke|p2|Charizard, F","|poke|p2|Infernape, F","|poke|p2|Victini","|poke|p2|Arcanine, F","|poke|p2|Rotom-Heat","|poke|p2|Chandelure, M","|rule|Sleep Clause Mod: Limit one foe put to sleep","|rule|Species Clause: Limit one of each Pokémon","|rule|OHKO Clause: OHKO moves are banned","|rule|Moody Clause: Moody is banned","|rule|Evasion Moves Clause: Evasion moves are banned","|rule|Endless Battle Clause: Forcing endless battles is banned","|rule|HP Percentage Mod: HP is shown in percentages","|teampreview","|","|start","|switch|p1a: Diancie|Diancie|241/241","|switch|p2a: Charizard|Charizard, F|297/297","|turn|1","|","|detailschange|p2a: Charizard|Charizard-Mega-Y, F","|-mega|p2a: Charizard|Charizard|Charizardite Y","|-weather|SunnyDay","|detailschange|p1a: Diancie|Diancie-Mega","|-mega|p1a: Diancie|Diancie|Diancite","|move|p1a: Diancie|Protect|p1a: Diancie","|-singleturn|p1a: Diancie|Protect","|move|p2a: Charizard|Solar Beam|p1a: Diancie|[still]","|-prepare|p2a: Charizard|Solar Beam|p1a: Diancie","|-anim|p2a: Charizard|Solar Beam|p1a: Diancie","|-activate|p1a: Diancie|Protect","|","|-weather|SunnyDay|[upkeep]","|turn|2","|","|switch|p2a: Rotom-Heat|Rotom-Heat|303/303","|move|p1a: Diancie|Diamond Storm|p2a: Rotom-Heat","|-supereffective|p2a: Rotom-Heat","|-damage|p2a: Rotom-Heat|0 fnt","|-boost|p1a: Diancie|def|1","|faint|p2a: Rotom-Heat","|","|-weather|SunnyDay|[upkeep]","|","|switch|p2a: Arcanine|Arcanine, F|381/381","|-ability|p2a: Arcanine|Intimidate","|-unboost|p1a: Diancie|atk|1","|turn|3","|","|move|p1a: Diancie|Diamond Storm|p2a: Arcanine","|-supereffective|p2a: Arcanine","|-damage|p2a: Arcanine|171/381","|move|p2a: Arcanine|Iron Head|p1a: Diancie","|-supereffective|p1a: Diancie","|-damage|p1a: Diancie|57/241","|","|-weather|SunnyDay|[upkeep]","|-heal|p2a: Arcanine|194/381|[from] item: Leftovers","|turn|4","|","|move|p2a: Arcanine|Extreme Speed|p1a: Diancie","|-resisted|p1a: Diancie","|-damage|p1a: Diancie|35/241","|move|p1a: Diancie|Earth Power|p2a: Arcanine","|-crit|p2a: Arcanine","|-supereffective|p2a: Arcanine","|-damage|p2a: Arcanine|0 fnt","|faint|p2a: Arcanine","|","|-weather|SunnyDay|[upkeep]","|","|switch|p2a: Infernape|Infernape, F|293/293","|turn|5","|","|move|p2a: Infernape|Mach Punch|p1a: Diancie","|-damage|p1a: Diancie|0 fnt","|faint|p1a: Diancie","|","|-weather|none","|","|switch|p1a: Golem|Golem, F|301/301","|turn|6","|","|switch|p2a: Charizard|Charizard-Mega-Y, F|297/297","|-weather|SunnyDay","|move|p1a: Golem|Earthquake|p2a: Charizard","|-immune|p2a: Charizard|[msg]","|","|-weather|SunnyDay|[upkeep]","|turn|7","|","|switch|p1a: Aggron|Aggron, M|343/343","|move|p2a: Charizard|Solar Beam|p1a: Aggron|[still]","|-prepare|p2a: Charizard|Solar Beam|p1a: Aggron","|-anim|p2a: Charizard|Solar Beam|p1a: Aggron","|-damage|p1a: Aggron|140/343","|","|-weather|SunnyDay|[upkeep]","|turn|8","|","|move|p2a: Charizard|Solar Beam|p1a: Aggron|[still]","|-prepare|p2a: Charizard|Solar Beam|p1a: Aggron","|-anim|p2a: Charizard|Solar Beam|p1a: Aggron","|-damage|p1a: Aggron|0 fnt","|faint|p1a: Aggron","|","|-weather|SunnyDay|[upkeep]","|","|switch|p1a: Cradily|Cradily, F|375/375","|turn|9","|","|move|p2a: Charizard|Flamethrower|p1a: Cradily","|-damage|p1a: Cradily|176/375","|move|p1a: Cradily|Stealth Rock|p2a: Charizard","|-sidestart|p2: xNailz|move: Stealth Rock","|","|-weather|SunnyDay|[upkeep]","|-heal|p1a: Cradily|199/375|[from] item: Leftovers","|turn|10","|","|move|p2a: Charizard|Flamethrower|p1a: Cradily","|-damage|p1a: Cradily|10/375","|move|p1a: Cradily|Recover|p1a: Cradily","|-heal|p1a: Cradily|198/375","|","|-weather|none","|-heal|p1a: Cradily|221/375|[from] item: Leftovers","|turn|11","|","|switch|p1a: Omastar|Omastar, M|281/281","|move|p2a: Charizard|Defog|p1a: Omastar","|-unboost|p1a: Omastar|evasion|1","|-sideend|p2: xNailz|Stealth Rock|[from] move: Defog|[of] p2a: Charizard","|","|turn|12","|","|switch|p2a: Victini|Victini|341/341","|move|p1a: Omastar|Shell Smash|p1a: Omastar","|-unboost|p1a: Omastar|def|1","|-unboost|p1a: Omastar|spd|1","|-boost|p1a: Omastar|atk|2","|-boost|p1a: Omastar|spa|2","|-boost|p1a: Omastar|spe|2","|","|turn|13","|","|switch|p2a: Chandelure|Chandelure, M|323/323","|switch|p1a: Golem|Golem, F|301/301","|","|turn|14","|","|move|p1a: Golem|Earthquake|p2a: Chandelure","|-supereffective|p2a: Chandelure","|-damage|p2a: Chandelure|0 fnt","|faint|p2a: Chandelure","|","|","|switch|p2a: Charizard|Charizard-Mega-Y, F|297/297","|-weather|SunnyDay","|turn|15","|","|switch|p1a: Shuckle|Shuckle, M|243/243","|move|p2a: Charizard|Solar Beam|p1a: Shuckle|[still]","|-prepare|p2a: Charizard|Solar Beam|p1a: Shuckle","|-anim|p2a: Charizard|Solar Beam|p1a: Shuckle","|-damage|p1a: Shuckle|171/243","|","|-weather|SunnyDay|[upkeep]","|turn|16","|","|move|p2a: Charizard|Flamethrower|p1a: Shuckle","|-damage|p1a: Shuckle|51/243","|move|p1a: Shuckle|Toxic|p2a: Charizard","|-status|p2a: Charizard|tox","|","|-weather|SunnyDay|[upkeep]","|-damage|p2a: Charizard|279/297 tox|[from] psn","|turn|17","|","|move|p2a: Charizard|Flamethrower|p1a: Shuckle","|-damage|p1a: Shuckle|0 fnt","|faint|p1a: Shuckle","|","|-weather|SunnyDay|[upkeep]","|-damage|p2a: Charizard|243/297 tox|[from] psn","|","|switch|p1a: Cradily|Cradily, F|221/375","|turn|18","|","|move|p2a: Charizard|Flamethrower|p1a: Cradily","|-damage|p1a: Cradily|28/375","|move|p1a: Cradily|Stealth Rock|p2a: Charizard","|-sidestart|p2: xNailz|move: Stealth Rock","|","|-weather|SunnyDay|[upkeep]","|-heal|p1a: Cradily|51/375|[from] item: Leftovers","|-damage|p2a: Charizard|189/297 tox|[from] psn","|turn|19","|","|switch|p1a: Omastar|Omastar, M|281/281","|move|p2a: Charizard|Flamethrower|p1a: Omastar","|-resisted|p1a: Omastar","|-damage|p1a: Omastar|190/281","|","|-weather|none","|-damage|p2a: Charizard|117/297 tox|[from] psn","|turn|20","|","|move|p2a: Charizard|Defog|p1a: Omastar","|-unboost|p1a: Omastar|evasion|1","|-sideend|p2: xNailz|Stealth Rock|[from] move: Defog|[of] p2a: Charizard","|move|p1a: Omastar|Surf|p2a: Charizard","|-crit|p2a: Charizard","|-supereffective|p2a: Charizard","|-damage|p2a: Charizard|0 fnt","|faint|p2a: Charizard","|","|","|switch|p2a: Infernape|Infernape, F|293/293","|turn|21","|","|switch|p1a: Cradily|Cradily, F|51/375","|move|p2a: Infernape|Close Combat|p1a: Cradily","|-supereffective|p1a: Cradily","|-damage|p1a: Cradily|0 fnt","|-unboost|p2a: Infernape|def|1","|-unboost|p2a: Infernape|spd|1","|faint|p1a: Cradily","|","|","|switch|p1a: Golem|Golem, F|301/301","|turn|22","|","|move|p2a: Infernape|Close Combat|p1a: Golem","|-supereffective|p1a: Golem","|-damage|p1a: Golem|1/301","|-enditem|p1a: Golem|Weakness Policy","|-boost|p1a: Golem|atk|2|[from] item: Weakness Policy","|-boost|p1a: Golem|spa|2|[from] item: Weakness Policy","|-unboost|p2a: Infernape|def|1","|-unboost|p2a: Infernape|spd|1","|move|p1a: Golem|Earthquake|p2a: Infernape","|-supereffective|p2a: Infernape","|-enditem|p2a: Infernape|Focus Sash","|-damage|p2a: Infernape|1/293","|","|turn|23","|","|move|p2a: Infernape|Mach Punch|p1a: Golem","|-supereffective|p1a: Golem","|-damage|p1a: Golem|0 fnt","|faint|p1a: Golem","|","|","|switch|p1a: Omastar|Omastar, M|190/281","|turn|24","|","|move|p2a: Infernape|Close Combat|p1a: Omastar","|-supereffective|p1a: Omastar","|-damage|p1a: Omastar|0 fnt","|-unboost|p2a: Infernape|def|1","|-unboost|p2a: Infernape|spd|1","|faint|p1a: Omastar","|","|win|xNailz"],"p1rating":{"entryid":"231671","serverid":"eos","formatid":"monotype","userid":"mxytest","username":"Mxy Test","w":"1","l":1,"t":"0","gxe":50.7,"r":"1500","rd":"130","sigma":"0","rptime":"1440147600","rpr":1505.8169801502,"rprd":116.3849577877,"rpsigma":"0","acre":1029.1316625012,"lacre":1029.1316625012,"oldacre":"1046.4050622856"},"p2rating":{"entryid":"114228","serverid":"eos","formatid":"monotype","userid":"xnailz","username":"xNailz","w":2,"l":"0","t":"0","gxe":58.2,"r":"1532.8927033034","rd":"123.10247639615","sigma":"0","rptime":"1440147600","rpr":1566.1524820188,"rprd":117.03036649515,"rpsigma":"0","acre":1074.6267275419,"lacre":1074.6267275419,"oldacre":"1040"},"endType":"normal"}