{"seed":[57486,42810,45462,4726],"turns":48,"p1":"Emg_DemZii","p2":"Sjado","p1team":[{"name":"Rotom-Wash","species":"Rotom-Wash","item":"chestoberry","ability":"Levitate","moves":["willowisp","hydropump","voltswitch","rest"],"nature":"Calm","evs":{"hp":252,"atk":0,"def":0,"spa":4,"spd":252,"spe":0},"shiny":true,"ivs":{"hp":31,"atk":31,"def":31,"spa":31,"spd":31,"spe":31}},{"name":"The Wall","species":"quagsire","item":"leftovers","ability":"Unaware","moves":["scald","toxic","recover","earthquake"],"nature":"Impish","evs":{"hp":252,"atk":4,"def":252,"spa":0,"spd":0,"spe":0},"shiny":true,"ivs":{"hp":31,"atk":31,"def":31,"spa":31,"spd":31,"spe":31}},{"name":"PokeSex;)","species":"tentacruel","item":"blacksludge","ability":"Liquid Ooze","moves":["rapidspin","raindance","icebeam","acidspray"],"nature":"Timid","evs":{"hp":0,"atk":0,"def":0,"spa":252,"spd":4,"spe":252},"shiny":true,"ivs":{"hp":31,"atk":31,"def":31,"spa":31,"spd":31,"spe":31}},{"name":"Rainbow Dash","species":"keldeoresolute","item":"choicescarf","ability":"Justified","moves":["hiddenpowerice","hydropump","secretsword","hyperbeam"],"nature":"Timid","evs":{"hp":0,"atk":0,"def":0,"spa":252,"spd":4,"spe":252},"ivs":{"hp":31,"atk":30,"def":30,"spa":31,"spd":31,"spe":31},"shiny":true},{"name":"Manaphy","species":"Manaphy","item":"leftovers","ability":"Hydration","moves":["tailglow","icebeam","psychic","rest"],"nature":"Modest","evs":{"hp":252,"atk":0,"def":0,"spa":252,"spd":4,"spe":0},"ivs":{"hp":31,"atk":31,"def":31,"spa":31,"spd":31,"spe":31}},{"name":"PowerHouse","species":"azumarill","item":"choiceband","ability":"Sap Sipper","moves":["playrough","aquajet","sleeptalk","icepunch"],"nature":"Adamant","evs":{"hp":248,"atk":252,"def":0,"spa":0,"spd":8,"spe":0},"shiny":true,"ivs":{"hp":31,"atk":31,"def":31,"spa":31,"spd":31,"spe":31}}],"p2team":[{"name":"Sableye","species":"Sableye","item":"leftovers","ability":"Prankster","moves":["taunt","willowisp","foulplay","recover"],"nature":"Impish","evs":{"hp":252,"atk":0,"def":4,"spa":0,"spd":252,"spe":0},"ivs":{"hp":31,"atk":31,"def":31,"spa":31,"spd":31,"spe":31}},{"name":"Umbreon","species":"Umbreon","item":"leftovers","ability":"Synchronize","moves":["wish","protect","foulplay","toxic"],"nature":"Calm","evs":{"hp":252,"atk":0,"def":4,"spa":0,"spd":252,"spe":0},"ivs":{"hp":31,"atk":31,"def":31,"spa":31,"spd":31,"spe":31}},{"name":"Mandibuzz","species":"Mandibuzz","item":"leftovers","ability":"Overcoat","moves":["defog","bravebird","roost","whirlwind"],"nature":"Impish","evs":{"hp":252,"atk":4,"def":252,"spa":0,"spd":0,"spe":0},"ivs":{"hp":31,"atk":31,"def":31,"spa":31,"spd":31,"spe":31}},{"name":"Sharpedo","species":"Sharpedo","item":"sharpedonite","ability":"Speed Boost","moves":["protect","crunch","waterfall","icefang"],"nature":"Jolly","evs":{"hp":0,"atk":252,"def":0,"spa":0,"spd":4,"spe":252},"ivs":{"hp":31,"atk":31,"def":31,"spa":31,"spd":31,"spe":31}},{"name":"Bisharp","species":"Bisharp","item":"focussash","ability":"Defiant","moves":["swordsdance","suckerpunch","ironhead","lowkick"],"nature":"Jolly","evs":{"hp":0,"atk":252,"def":4,"spa":0,"spd":0,"spe":252},"ivs":{"hp":31,"atk":31,"def":31,"spa":31,"spd":31,"spe":31}},{"name":"Hydreigon","species":"Hydreigon","item":"lifeorb","ability":"Levitate","moves":["dracometeor","darkpulse","fireblast","earthpower"],"nature":"Timid","evs":{"hp":0,"atk":0,"def":0,"spa":252,"spd":4,"spe":252},"ivs":{"hp":31,"atk":31,"def":31,"spa":31,"spd":31,"spe":31}}],"log":["|player|p1|Emg_DemZii|99","|player|p2|Sjado|169","|gametype|singles","|gen|6","|tier|Monotype","|rated","|rule|Baton Pass Clause: Limit one Baton Passer, can't pass Spe and other stats simultaneously","|rule|Swagger Clause: Swagger is banned","|rule|Same Type Clause: Pokémon in a team must share a type","|clearpoke","|poke|p1|Rotom-Wash, shiny","|poke|p1|Quagsire, F, shiny","|poke|p1|Tentacruel, F, shiny","|poke|p1|Keldeo-Resolute, shiny","|poke|p1|Manaphy","|poke|p1|Azumarill, F, shiny","|poke|p2|Sableye, M","|poke|p2|Umbreon, M","|poke|p2|Mandibuzz, F","|poke|p2|Sharpedo, M","|poke|p2|Bisharp, F","|poke|p2|Hydreigon, F","|rule|Sleep Clause Mod: Limit one foe put to sleep","|rule|Species Clause: Limit one of each Pokémon","|rule|OHKO Clause: OHKO moves are banned","|rule|Moody Clause: Moody is banned","|rule|Evasion Moves Clause: Evasion moves are banned","|rule|Endless Battle Clause: Forcing endless battles is banned","|rule|HP Percentage Mod: HP is shown in percentages","|teampreview","|","|start","|switch|p1a: PokeSex;)|Tentacruel, F, shiny|301/301","|switch|p2a: Hydreigon|Hydreigon, F|325/325","|turn|1","|","|move|p1a: PokeSex;)|Rain Dance|p1a: PokeSex;)","|-weather|RainDance","|move|p2a: Hydreigon|Dark Pulse|p1a: PokeSex;)","|-damage|p1a: PokeSex;)|141/301","|-damage|p2a: Hydreigon|293/325|[from] item: Life Orb","|","|-weather|RainDance|[upkeep]","|-heal|p1a: PokeSex;)|159/301|[from] item: Black Sludge","|turn|2","|","|move|p1a: PokeSex;)|Ice Beam|p2a: Hydreigon","|-supereffective|p2a: Hydreigon","|-damage|p2a: Hydreigon|133/325","|move|p2a: Hydreigon|Draco Meteor|p1a: PokeSex;)","|-damage|p1a: PokeSex;)|0 fnt","|-unboost|p2a: Hydreigon|spa|2","|-damage|p2a: Hydreigon|101/325|[from] item: Life Orb","|faint|p1a: PokeSex;)","|","|-weather|RainDance|[upkeep]","|","|switch|p1a: Manaphy|Manaphy|404/404","|turn|3","|","|move|p2a: Hydreigon|Draco Meteor|p1a: Manaphy","|-damage|p1a: Manaphy|268/404","|-unboost|p2a: Hydreigon|spa|2","|-damage|p2a: Hydreigon|69/325|[from] item: Life Orb","|move|p1a: Manaphy|Tail Glow|p1a: Manaphy","|-boost|p1a: Manaphy|spa|3","|","|-weather|RainDance|[upkeep]","|-heal|p1a: Manaphy|293/404|[from] item: Leftovers","|turn|4","|","|switch|p2a: Mandibuzz|Mandibuzz, F|424/424","|move|p1a: Manaphy|Tail Glow|p1a: Manaphy","|-boost|p1a: Manaphy|spa|3","|","|-weather|RainDance|[upkeep]","|-heal|p1a: Manaphy|318/404|[from] item: Leftovers","|turn|5","|","|move|p1a: Manaphy|Ice Beam|p2a: Mandibuzz","|-supereffective|p2a: Mandibuzz","|-damage|p2a: Mandibuzz|0 fnt","|faint|p2a: Mandibuzz","|","|-weather|none","|-heal|p1a: Manaphy|343/404|[from] item: Leftovers","|","|switch|p2a: Umbreon|Umbreon, M|394/394","|turn|6","|","|move|p1a: Manaphy|Ice Beam|p2a: Umbreon","|-damage|p2a: Umbreon|141/394","|move|p2a: Umbreon|Toxic|p1a: Manaphy","|-status|p1a: Manaphy|tox","|","|-heal|p1a: Manaphy|368/404 tox|[from] item: Leftovers","|-heal|p2a: Umbreon|165/394|[from] item: Leftovers","|-damage|p1a: Manaphy|343/404 tox|[from] psn","|turn|7","|","|move|p2a: Umbreon|Protect|p2a: Umbreon","|-singleturn|p2a: Umbreon|Protect","|move|p1a: Manaphy|Ice Beam|p2a: Umbreon","|-activate|p2a: Umbreon|Protect","|","|-heal|p1a: Manaphy|368/404 tox|[from] item: Leftovers","|-heal|p2a: Umbreon|189/394|[from] item: Leftovers","|-damage|p1a: Manaphy|318/404 tox|[from] psn","|turn|8","|","|switch|p2a: Bisharp|Bisharp, F|271/271","|move|p1a: Manaphy|Ice Beam|p2a: Bisharp","|-resisted|p2a: Bisharp","|-enditem|p2a: Bisharp|Focus Sash","|-damage|p2a: Bisharp|1/271","|","|-heal|p1a: Manaphy|343/404 tox|[from] item: Leftovers","|-damage|p1a: Manaphy|268/404 tox|[from] psn","|turn|9","|","|move|p2a: Bisharp|Sucker Punch|p1a: Manaphy","|-damage|p1a: Manaphy|133/404 tox","|move|p1a: Manaphy|Ice Beam|p2a: Bisharp","|-resisted|p2a: Bisharp","|-damage|p2a: Bisharp|0 fnt","|faint|p2a: Bisharp","|","|-heal|p1a: Manaphy|158/404 tox|[from] item: Leftovers","|-damage|p1a: Manaphy|58/404 tox|[from] psn","|","|switch|p2a: Sharpedo|Sharpedo, M|281/281","|turn|10","|","|move|p2a: Sharpedo|Protect|p2a: Sharpedo","|-singleturn|p2a: Sharpedo|Protect","|move|p1a: Manaphy|Rest|p1a: Manaphy","|-status|p1a: Manaphy|slp","|-heal|p1a: Manaphy|404/404 slp|[silent]","|-status|p1a: Manaphy|slp|[from] move: Rest","|","|-boost|p2a: Sharpedo|spe|1|[from] ability: Speed Boost","|turn|11","|","|move|p2a: Sharpedo|Crunch|p1a: Manaphy","|-damage|p1a: Manaphy|257/404 slp","|-unboost|p1a: Manaphy|def|1","|cant|p1a: Manaphy|slp","|","|-heal|p1a: Manaphy|282/404 slp|[from] item: Leftovers","|-boost|p2a: Sharpedo|spe|1|[from] ability: Speed Boost","|turn|12","|","|move|p2a: Sharpedo|Crunch|p1a: Manaphy","|-damage|p1a: Manaphy|78/404 slp","|cant|p1a: Manaphy|slp","|","|-heal|p1a: Manaphy|103/404 slp|[from] item: Leftovers","|-boost|p2a: Sharpedo|spe|1|[from] ability: Speed Boost","|turn|13","|","|switch|p1a: Rainbow Dash|Keldeo-Resolute, shiny|323/323","|move|p2a: Sharpedo|Crunch|p1a: Rainbow Dash","|-resisted|p1a: Rainbow Dash","|-damage|p1a: Rainbow Dash|247/323","|-boost|p1a: Rainbow Dash|atk|1|[from] ability: Justified","|","|-boost|p2a: Sharpedo|spe|1|[from] ability: Speed Boost","|turn|14","|","|move|p2a: Sharpedo|Protect|p2a: Sharpedo","|-singleturn|p2a: Sharpedo|Protect","|move|p1a: Rainbow Dash|Secret Sword|p2a: Sharpedo","|-activate|p2a: Sharpedo|Protect","|","|-boost|p2a: Sharpedo|spe|1|[from] ability: Speed Boost","|turn|15","|","|switch|p2a: Sableye|Sableye, M|304/304","|move|p1a: Rainbow Dash|Secret Sword|p2a: Sableye","|-immune|p2a: Sableye|[msg]","|","|turn|16","|","|switch|p1a: Manaphy|Manaphy|103/404 slp","|move|p2a: Sableye|Will-O-Wisp|p1a: Manaphy","|-fail|p1a: Manaphy","|","|-heal|p1a: Manaphy|128/404 slp|[from] item: Leftovers","|turn|17","|","|move|p2a: Sableye|Taunt|p1a: Manaphy","|-start|p1a: Manaphy|move: Taunt","|-curestatus|p1a: Manaphy|slp","|move|p1a: Manaphy|Ice Beam|p2a: Sableye","|-damage|p2a: Sableye|204/304","|","|-heal|p1a: Manaphy|153/404|[from] item: Leftovers","|-heal|p2a: Sableye|223/304|[from] item: Leftovers","|turn|18","|","|switch|p2a: Umbreon|Umbreon, M|189/394","|move|p1a: Manaphy|Ice Beam|p2a: Umbreon","|-crit|p2a: Umbreon","|-damage|p2a: Umbreon|103/394","|","|-heal|p1a: Manaphy|178/404|[from] item: Leftovers","|-heal|p2a: Umbreon|127/394|[from] item: Leftovers","|turn|19","|","|switch|p1a: Rotom-Wash|Rotom-Wash, shiny|304/304","|move|p2a: Umbreon|Wish|p2a: Umbreon","|","|-heal|p2a: Umbreon|151/394|[from] item: Leftovers","|turn|20","|","|move|p1a: Rotom-Wash|Will-O-Wisp|p2a: Umbreon","|-status|p2a: Umbreon|brn","|-status|p1a: Rotom-Wash|brn","|move|p2a: Umbreon|Toxic|p1a: Rotom-Wash","|-fail|p1a: Rotom-Wash","|","|-heal|p2a: Umbreon|348/394 brn|[from] move: Wish|[wisher] Umbreon","|-heal|p2a: Umbreon|372/394 brn|[from] item: Leftovers","|-damage|p1a: Rotom-Wash|266/304 brn|[from] brn","|-damage|p2a: Umbreon|323/394 brn|[from] brn","|turn|21","|","|move|p1a: Rotom-Wash|Hydro Pump|p2a: Umbreon","|-damage|p2a: Umbreon|245/394 brn","|move|p2a: Umbreon|Wish|p2a: Umbreon","|","|-heal|p2a: Umbreon|269/394 brn|[from] item: Leftovers","|-damage|p1a: Rotom-Wash|228/304 brn|[from] brn","|-damage|p2a: Umbreon|220/394 brn|[from] brn","|turn|22","|","|move|p1a: Rotom-Wash|Hydro Pump|p2a: Umbreon","|-damage|p2a: Umbreon|144/394 brn","|move|p2a: Umbreon|Foul Play|p1a: Rotom-Wash","|-damage|p1a: Rotom-Wash|197/304 brn","|","|-heal|p2a: Umbreon|341/394 brn|[from] move: Wish|[wisher] Umbreon","|-heal|p2a: Umbreon|365/394 brn|[from] item: Leftovers","|-damage|p1a: Rotom-Wash|159/304 brn|[from] brn","|-damage|p2a: Umbreon|316/394 brn|[from] brn","|turn|23","|","|move|p1a: Rotom-Wash|Hydro Pump|p2a: Umbreon","|-damage|p2a: Umbreon|238/394 brn","|move|p2a: Umbreon|Wish|p2a: Umbreon","|","|-heal|p2a: Umbreon|262/394 brn|[from] item: Leftovers","|-damage|p1a: Rotom-Wash|121/304 brn|[from] brn","|-damage|p2a: Umbreon|213/394 brn|[from] brn","|turn|24","|","|switch|p2a: Hydreigon|Hydreigon, F|69/325","|move|p1a: Rotom-Wash|Rest|p1a: Rotom-Wash","|-status|p1a: Rotom-Wash|slp","|-heal|p1a: Rotom-Wash|304/304 slp|[silent]","|-status|p1a: Rotom-Wash|slp|[from] move: Rest","|-enditem|p1a: Rotom-Wash|Chesto Berry|[eat]","|-curestatus|p1a: Rotom-Wash|slp","|","|-heal|p2a: Hydreigon|266/325|[from] move: Wish|[wisher] Umbreon","|turn|25","|","|switch|p2a: Umbreon|Umbreon, M|213/394 brn","|move|p1a: Rotom-Wash|Will-O-Wisp|p2a: Umbreon|[miss]","|-miss|p1a: Rotom-Wash|p2a: Umbreon","|","|-heal|p2a: Umbreon|237/394 brn|[from] item: Leftovers","|-damage|p2a: Umbreon|188/394 brn|[from] brn","|turn|26","|","|switch|p1a: Manaphy|Manaphy|178/404","|move|p2a: Umbreon|Toxic|p1a: Manaphy","|-status|p1a: Manaphy|tox","|","|-heal|p1a: Manaphy|203/404 tox|[from] item: Leftovers","|-heal|p2a: Umbreon|212/394 brn|[from] item: Leftovers","|-damage|p1a: Manaphy|178/404 tox|[from] psn","|-damage|p2a: Umbreon|163/394 brn|[from] brn","|turn|27","|","|move|p1a: Manaphy|Tail Glow|p1a: Manaphy","|-boost|p1a: Manaphy|spa|3","|move|p2a: Umbreon|Wish|p2a: Umbreon","|","|-heal|p1a: Manaphy|203/404 tox|[from] item: Leftovers","|-heal|p2a: Umbreon|187/394 brn|[from] item: Leftovers","|-damage|p1a: Manaphy|153/404 tox|[from] psn","|-damage|p2a: Umbreon|138/394 brn|[from] brn","|turn|28","|","|move|p1a: Manaphy|Tail Glow|p1a: Manaphy","|-boost|p1a: Manaphy|spa|3","|move|p2a: Umbreon|Foul Play|p1a: Manaphy","|-damage|p1a: Manaphy|100/404 tox","|","|-heal|p2a: Umbreon|335/394 brn|[from] move: Wish|[wisher] Umbreon","|-heal|p1a: Manaphy|125/404 tox|[from] item: Leftovers","|-heal|p2a: Umbreon|359/394 brn|[from] item: Leftovers","|-damage|p1a: Manaphy|50/404 tox|[from] psn","|-damage|p2a: Umbreon|310/394 brn|[from] brn","|turn|29","|","|switch|p2a: Sharpedo|Sharpedo, M|281/281","|move|p1a: Manaphy|Rest|p1a: Manaphy","|-status|p1a: Manaphy|slp","|-heal|p1a: Manaphy|404/404 slp|[silent]","|-status|p1a: Manaphy|slp|[from] move: Rest","|","|turn|30","|","|move|p2a: Sharpedo|Crunch|p1a: Manaphy","|-damage|p1a: Manaphy|266/404 slp","|cant|p1a: Manaphy|slp","|","|-heal|p1a: Manaphy|291/404 slp|[from] item: Leftovers","|-boost|p2a: Sharpedo|spe|1|[from] ability: Speed Boost","|turn|31","|","|move|p2a: Sharpedo|Crunch|p1a: Manaphy","|-damage|p1a: Manaphy|144/404 slp","|cant|p1a: Manaphy|slp","|","|-heal|p1a: Manaphy|169/404 slp|[from] item: Leftovers","|-boost|p2a: Sharpedo|spe|1|[from] ability: Speed Boost","|turn|32","|","|detailschange|p2a: Sharpedo|Sharpedo-Mega, M","|-mega|p2a: Sharpedo|Sharpedo|Sharpedonite","|move|p2a: Sharpedo|Crunch|p1a: Manaphy","|-damage|p1a: Manaphy|0 fnt","|faint|p1a: Manaphy","|","|","|switch|p1a: Rainbow Dash|Keldeo-Resolute, shiny|247/323","|turn|33","|","|move|p2a: Sharpedo|Protect|p2a: Sharpedo","|-singleturn|p2a: Sharpedo|Protect","|move|p1a: Rainbow Dash|Secret Sword|p2a: Sharpedo","|-activate|p2a: Sharpedo|Protect","|","|turn|34","|","|switch|p2a: Sableye|Sableye, M|223/304","|move|p1a: Rainbow Dash|Secret Sword|p2a: Sableye","|-immune|p2a: Sableye|[msg]","|","|-heal|p2a: Sableye|242/304|[from] item: Leftovers","|turn|35","|","|switch|p1a: The Wall|Quagsire, F, shiny|394/394","|move|p2a: Sableye|Will-O-Wisp|p1a: The Wall","|-status|p1a: The Wall|brn","|","|-heal|p2a: Sableye|261/304|[from] item: Leftovers","|-damage|p1a: The Wall|345/394 brn|[from] brn","|turn|36","|","|move|p2a: Sableye|Taunt|p1a: The Wall","|-start|p1a: The Wall|move: Taunt","|move|p1a: The Wall|Earthquake|p2a: Sableye","|-damage|p2a: Sableye|207/304","|","|-heal|p2a: Sableye|226/304|[from] item: Leftovers","|-heal|p1a: The Wall|369/394 brn|[from] item: Leftovers","|-damage|p1a: The Wall|320/394 brn|[from] brn","|turn|37","|","|move|p2a: Sableye|Foul Play|p1a: The Wall","|-crit|p1a: The Wall","|-damage|p1a: The Wall|197/394 brn","|move|p1a: The Wall|Scald|p2a: Sableye","|-damage|p2a: Sableye|160/304","|-status|p2a: Sableye|brn","|","|-heal|p2a: Sableye|179/304 brn|[from] item: Leftovers","|-heal|p1a: The Wall|221/394 brn|[from] item: Leftovers","|-damage|p2a: Sableye|141/304 brn|[from] brn","|-damage|p1a: The Wall|172/394 brn|[from] brn","|turn|38","|","|move|p2a: Sableye|Recover|p2a: Sableye","|-heal|p2a: Sableye|293/304 brn","|move|p1a: The Wall|Scald|p2a: Sableye","|-crit|p2a: Sableye","|-damage|p2a: Sableye|194/304 brn","|","|-heal|p2a: Sableye|213/304 brn|[from] item: Leftovers","|-heal|p1a: The Wall|196/394 brn|[from] item: Leftovers","|-damage|p2a: Sableye|175/304 brn|[from] brn","|-damage|p1a: The Wall|147/394 brn|[from] brn","|-end|p1a: The Wall|move: Taunt","|turn|39","|","|switch|p1a: PowerHouse|Azumarill, F, shiny|403/403","|move|p2a: Sableye|Taunt|p1a: PowerHouse","|-start|p1a: PowerHouse|move: Taunt","|","|-heal|p2a: Sableye|194/304 brn|[from] item: Leftovers","|-damage|p2a: Sableye|156/304 brn|[from] brn","|turn|40","|","|move|p2a: Sableye|Will-O-Wisp|p1a: PowerHouse","|-status|p1a: PowerHouse|brn","|move|p1a: PowerHouse|Play Rough|p2a: Sableye","|-supereffective|p2a: Sableye","|-damage|p2a: Sableye|0 fnt","|faint|p2a: Sableye","|","|-damage|p1a: PowerHouse|353/403 brn|[from] brn","|","|switch|p2a: Sharpedo|Sharpedo-Mega, M|281/281","|turn|41","|","|move|p2a: Sharpedo|Protect|p2a: Sharpedo","|-singleturn|p2a: Sharpedo|Protect","|move|p1a: PowerHouse|Play Rough|p2a: Sharpedo","|-activate|p2a: Sharpedo|Protect","|","|-damage|p1a: PowerHouse|303/403 brn|[from] brn","|-end|p1a: PowerHouse|move: Taunt","|turn|42","|","|move|p2a: Sharpedo|Waterfall|p1a: PowerHouse","|-resisted|p1a: PowerHouse","|-damage|p1a: PowerHouse|220/403 brn","|move|p1a: PowerHouse|Play Rough|p2a: Sharpedo","|-supereffective|p2a: Sharpedo","|-damage|p2a: Sharpedo|83/281","|","|-damage|p1a: PowerHouse|170/403 brn|[from] brn","|turn|43","|","|move|p2a: Sharpedo|Protect|p2a: Sharpedo","|-singleturn|p2a: Sharpedo|Protect","|move|p1a: PowerHouse|Play Rough|p2a: Sharpedo","|-activate|p2a: Sharpedo|Protect","|","|-damage|p1a: PowerHouse|120/403 brn|[from] brn","|turn|44","|","|move|p2a: Sharpedo|Crunch|p1a: PowerHouse","|-resisted|p1a: PowerHouse","|-damage|p1a: PowerHouse|0 fnt","|faint|p1a: PowerHouse","|","|","|switch|p1a: Rainbow Dash|Keldeo-Resolute, shiny|247/323","|turn|45","|","|move|p2a: Sharpedo|Protect|p2a: Sharpedo","|-singleturn|p2a: Sharpedo|Protect","|move|p1a: Rainbow Dash|Secret Sword|p2a: Sharpedo","|-activate|p2a: Sharpedo|Protect","|","|turn|46","|","|move|p1a: Rainbow Dash|Secret Sword|p2a: Sharpedo","|-supereffective|p2a: Sharpedo","|-damage|p2a: Sharpedo|0 fnt","|faint|p2a: Sharpedo","|","|","|switch|p2a: Umbreon|Umbreon, M|310/394 brn","|turn|47","|","|move|p1a: Rainbow Dash|Secret Sword|p2a: Umbreon","|-supereffective|p2a: Umbreon","|-damage|p2a: Umbreon|22/394 brn","|move|p2a: Umbreon|Toxic|p1a: Rainbow Dash|[miss]","|-miss|p2a: Umbreon|p1a: Rainbow Dash","|","|-heal|p2a: Umbreon|46/394 brn|[from] item: Leftovers","|-damage|p2a: Umbreon|0 fnt|[from] brn","|faint|p2a: Umbreon","|","|switch|p2a: Hydreigon|Hydreigon, F|266/325","|turn|48","|","|move|p1a: Rainbow Dash|Secret Sword|p2a: Hydreigon","|-supereffective|p2a: Hydreigon","|-damage|p2a: Hydreigon|0 fnt","|faint|p2a: Hydreigon","|","|win|Emg_DemZii"],"p1rating":{"entryid":"62993","serverid":"eos","formatid":"monotype","userid":"emgdemzii","username":"Emg_DemZii","w":6,"l":"7","t":"0","gxe":46.1,"r":"1479.2296536372","rd":"92.655141964865","sigma":"0","rptime":"1440147600","rpr":1469.6884988446,"rprd":80.866451208517,"rpsigma":"0","acre":1098.9927880432,"lacre":1098.9927880432,"oldacre":"1064.6625252206"},"p2rating":{"entryid":"97728","serverid":"eos","formatid":"monotype","userid":"sjado","username":"Sjado","w":"4","l":2,"t":"0","gxe":56.6,"r":"1587.29471755","rd":"103.1419179108","sigma":"0","rptime":"1440147600","rpr":1552.0251442613,"rprd":99.511270685863,"rpsigma":"0","acre":1082.8181509411,"lacre":1082.8181509411,"oldacre":"1111.1428695804"},"endType":"normal"}