{"seed":[31928,28439,39805,46166],"turns":25,"p1":"Senpai-Tomidake","p2":"GTX♅Bzumzum","p1team":[{"name":"Abomasnow","species":"Abomasnow","item":"abomasite","ability":"Snow Warning","moves":["iceshard","blizzard","gigadrain","hiddenpowerfire"],"nature":"Mild","evs":{"hp":248,"atk":8,"def":0,"spa":252,"spd":0,"spe":0},"ivs":{"hp":31,"atk":30,"def":31,"spa":30,"spd":31,"spe":30},"shiny":true},{"name":"Walrein","species":"Walrein","item":"leftovers","ability":"Thick Fat","moves":["surf","icebeam","hail","hiddenpowerelectric"],"nature":"Modest","evs":{"hp":252,"atk":0,"def":0,"spa":252,"spd":4,"spe":0},"ivs":{"hp":31,"atk":31,"def":31,"spa":30,"spd":31,"spe":31},"shiny":true},{"name":"Mamoswine","species":"Mamoswine","item":"quickclaw","ability":"Thick Fat","moves":["iceshard","earthquake","rockslide","knockoff"],"nature":"Adamant","evs":{"hp":248,"atk":252,"def":0,"spa":0,"spd":8,"spe":0},"shiny":true,"ivs":{"hp":31,"atk":31,"def":31,"spa":31,"spd":31,"spe":31}},{"name":"Rotom-Frost","species":"Rotom-Frost","item":"sitrusberry","ability":"Levitate","moves":["thunderbolt","blizzard","thunderwave","confuseray"],"nature":"Modest","evs":{"hp":248,"atk":0,"def":0,"spa":252,"spd":8,"spe":0},"shiny":true,"ivs":{"hp":31,"atk":31,"def":31,"spa":31,"spd":31,"spe":31}},{"name":"Kyurem","species":"Kyurem","item":"choicescarf","ability":"Pressure","moves":["blizzard","dragonpulse","flashcannon","earthpower"],"nature":"Timid","evs":{"hp":0,"atk":0,"def":0,"spa":252,"spd":4,"spe":252},"shiny":true,"ivs":{"hp":31,"atk":31,"def":31,"spa":31,"spd":31,"spe":31}},{"name":"Glaceon","species":"Glaceon","item":"shellbell","ability":"Ice Body","moves":["hail","blizzard","hiddenpowerfire","toxic"],"nature":"Bold","evs":{"hp":248,"atk":0,"def":252,"spa":8,"spd":0,"spe":0},"ivs":{"hp":31,"atk":30,"def":31,"spa":30,"spd":31,"spe":30},"shiny":true}],"p2team":[{"name":"Elec","species":"manectric","item":"manectite","ability":"Lightning Rod","moves":["thunderbolt","hiddenpowerice","flamethrower","voltswitch"],"nature":"Timid","evs":{"hp":0,"atk":0,"def":0,"spa":252,"spd":4,"spe":252},"gender":"M","ivs":{"hp":31,"atk":30,"def":30,"spa":31,"spd":31,"spe":31}},{"name":"Breezer","species":"rotomfrost","item":"leftovers","ability":"Levitate","moves":["blizzard","painsplit","protect","willowisp"],"nature":"Bold","evs":{"hp":252,"atk":0,"def":28,"spa":228,"spd":0,"spe":0},"ivs":{"hp":31,"atk":31,"def":30,"spa":30,"spd":30,"spe":30},"shiny":true},{"name":"MY ZONE!!!","species":"magnezone","item":"choicespecs","ability":"Sturdy","moves":["hiddenpowerice","flashcannon","triattack","voltswitch"],"nature":"Timid","evs":{"hp":248,"atk":0,"def":0,"spa":252,"spd":0,"spe":8},"ivs":{"hp":31,"atk":30,"def":30,"spa":31,"spd":31,"spe":31},"shiny":true},{"name":"Thundurus","species":"Thundurus","item":"lifeorb","ability":"Prankster","moves":["grassknot","psychic","embargo","raindance"],"nature":"Timid","evs":{"hp":0,"atk":0,"def":4,"spa":252,"spd":0,"spe":252},"ivs":{"hp":31,"atk":30,"def":30,"spa":31,"spd":31,"spe":31},"shiny":true},{"name":"Zapz","species":"zapdos","item":"leftovers","ability":"Pressure","moves":["heatwave","roost","extrasensory","defog"],"nature":"Modest","evs":{"hp":252,"atk":0,"def":0,"spa":252,"spd":4,"spe":0},"shiny":true,"ivs":{"hp":31,"atk":31,"def":31,"spa":31,"spd":31,"spe":31}},{"name":"Plugg-in Failure","species":"electivire","item":"choicescarf","ability":"Vital Spirit","moves":["thunderpunch","earthquake","icepunch","rockslide"],"nature":"Jolly","evs":{"hp":0,"atk":252,"def":0,"spa":0,"spd":4,"spe":252},"gender":"M","shiny":true,"ivs":{"hp":31,"atk":31,"def":31,"spa":31,"spd":31,"spe":31}}],"log":["|player|p1|Senpai-Tomidake|169","|player|p2|GTX♅Bzumzum|225","|gametype|singles","|gen|6","|tier|Monotype","|rated","|rule|Baton Pass Clause: Limit one Baton Passer, can't pass Spe and other stats simultaneously","|rule|Swagger Clause: Swagger is banned","|rule|Same Type Clause: Pokémon in a team must share a type","|clearpoke","|poke|p1|Abomasnow, M, shiny","|poke|p1|Walrein, F, shiny","|poke|p1|Mamoswine, F, shiny","|poke|p1|Rotom-Frost, shiny","|poke|p1|Kyurem, shiny","|poke|p1|Glaceon, M, shiny","|poke|p2|Manectric, M","|poke|p2|Rotom-Frost, shiny","|poke|p2|Magnezone, shiny","|poke|p2|Thundurus, M, shiny","|poke|p2|Zapdos, shiny","|poke|p2|Electivire, M, shiny","|rule|Sleep Clause Mod: Limit one foe put to sleep","|rule|Species Clause: Limit one of each Pokémon","|rule|OHKO Clause: OHKO moves are banned","|rule|Moody Clause: Moody is banned","|rule|Evasion Moves Clause: Evasion moves are banned","|rule|Endless Battle Clause: Forcing endless battles is banned","|rule|HP Percentage Mod: HP is shown in percentages","|teampreview","|","|start","|switch|p1a: Abomasnow|Abomasnow, M, shiny|383/383","|switch|p2a: MY ZONE!!!|Magnezone, shiny|343/343","|-weather|Hail","|turn|1","|","|switch|p2a: Zapz|Zapdos, shiny|384/384","|-ability|p2a: Zapz|Pressure","|detailschange|p1a: Abomasnow|Abomasnow-Mega, M, shiny","|-mega|p1a: Abomasnow|Abomasnow|Abomasite","|move|p1a: Abomasnow|Hidden Power|p2a: Zapz","|-damage|p2a: Zapz|304/384","|","|-weather|Hail|[upkeep]","|-damage|p2a: Zapz|280/384|[from] hail","|-heal|p2a: Zapz|304/384|[from] item: Leftovers","|turn|2","|","|move|p2a: Zapz|Heat Wave|p1a: Abomasnow","|-supereffective|p1a: Abomasnow","|-damage|p1a: Abomasnow|0 fnt","|faint|p1a: Abomasnow","|","|-weather|Hail|[upkeep]","|-damage|p2a: Zapz|280/384|[from] hail","|-heal|p2a: Zapz|304/384|[from] item: Leftovers","|","|switch|p1a: Glaceon|Glaceon, M, shiny|333/333","|turn|3","|","|switch|p2a: MY ZONE!!!|Magnezone, shiny|343/343","|move|p1a: Glaceon|Blizzard|p2a: MY ZONE!!!","|-crit|p2a: MY ZONE!!!","|-resisted|p2a: MY ZONE!!!","|-damage|p2a: MY ZONE!!!|203/343","|","|-weather|Hail|[upkeep]","|-damage|p2a: MY ZONE!!!|182/343|[from] hail","|turn|4","|","|switch|p1a: Rotom-Frost|Rotom-Frost, shiny|303/303","|move|p2a: MY ZONE!!!|Volt Switch|p1a: Rotom-Frost","|-resisted|p1a: Rotom-Frost","|-damage|p1a: Rotom-Frost|216/303","|","|switch|p2a: Breezer|Rotom-Frost, shiny|304/304","|","|-weather|Hail|[upkeep]","|turn|5","|","|move|p2a: Breezer|Protect|p2a: Breezer","|-singleturn|p2a: Breezer|Protect","|move|p1a: Rotom-Frost|Confuse Ray|p2a: Breezer","|-activate|p2a: Breezer|Protect","|","|-weather|none","|turn|6","|","|move|p1a: Rotom-Frost|Confuse Ray|p2a: Breezer","|-start|p2a: Breezer|confusion","|-activate|p2a: Breezer|confusion","|-damage|p2a: Breezer|287/304|[from] confusion","|","|-heal|p2a: Breezer|304/304|[from] item: Leftovers","|turn|7","|","|switch|p1a: Mamoswine|Mamoswine, F, shiny|423/423","|-activate|p2a: Breezer|confusion","|move|p2a: Breezer|Protect|p2a: Breezer","|-fail|p2a: Breezer","|","|turn|8","|","|switch|p2a: Zapz|Zapdos, shiny|304/384","|-ability|p2a: Zapz|Pressure","|move|p1a: Mamoswine|Knock Off|p2a: Zapz","|-damage|p2a: Zapz|151/384","|-enditem|p2a: Zapz|Leftovers|[from] move: Knock Off|[of] p1a: Mamoswine","|","|turn|9","|","|move|p2a: Zapz|Roost|p2a: Zapz","|-heal|p2a: Zapz|343/384","|move|p1a: Mamoswine|Rock Slide|p2a: Zapz","|-miss|p1a: Mamoswine|p2a: Zapz","|","|turn|10","|","|move|p2a: Zapz|Heat Wave|p1a: Mamoswine","|-crit|p1a: Mamoswine","|-supereffective|p1a: Mamoswine","|-damage|p1a: Mamoswine|163/423","|move|p1a: Mamoswine|Rock Slide|p2a: Zapz","|-crit|p2a: Zapz","|-supereffective|p2a: Zapz","|-damage|p2a: Zapz|7/384","|","|turn|11","|-activate|p1a: Mamoswine|item: Quick Claw","|","|move|p1a: Mamoswine|Ice Shard|p2a: Zapz","|-supereffective|p2a: Zapz","|-damage|p2a: Zapz|0 fnt","|faint|p2a: Zapz","|","|","|switch|p2a: Plugg-in Failure|Electivire, M, shiny|291/291","|turn|12","|","|move|p2a: Plugg-in Failure|Rock Slide|p1a: Mamoswine","|-damage|p1a: Mamoswine|63/423","|cant|p1a: Mamoswine|flinch","|","|turn|13","|","|move|p2a: Plugg-in Failure|Rock Slide|p1a: Mamoswine","|-damage|p1a: Mamoswine|0 fnt","|faint|p1a: Mamoswine","|","|","|switch|p1a: Glaceon|Glaceon, M, shiny|333/333","|turn|14","|","|switch|p2a: MY ZONE!!!|Magnezone, shiny|182/343","|move|p1a: Glaceon|Hail|p1a: Glaceon","|-weather|Hail","|","|-weather|Hail|[upkeep]","|-damage|p2a: MY ZONE!!!|161/343|[from] hail","|turn|15","|","|move|p2a: MY ZONE!!!|Flash Cannon|p1a: Glaceon","|-supereffective|p1a: Glaceon","|-damage|p1a: Glaceon|0 fnt","|faint|p1a: Glaceon","|","|-weather|Hail|[upkeep]","|-damage|p2a: MY ZONE!!!|140/343|[from] hail","|","|switch|p1a: Rotom-Frost|Rotom-Frost, shiny|216/303","|turn|16","|","|move|p1a: Rotom-Frost|Confuse Ray|p2a: MY ZONE!!!","|-start|p2a: MY ZONE!!!|confusion","|-activate|p2a: MY ZONE!!!|confusion","|move|p2a: MY ZONE!!!|Flash Cannon|p1a: Rotom-Frost","|-damage|p1a: Rotom-Frost|6/303","|-enditem|p1a: Rotom-Frost|Sitrus Berry|[eat]","|-heal|p1a: Rotom-Frost|81/303|[from] item: Sitrus Berry","|","|-weather|Hail|[upkeep]","|-damage|p2a: MY ZONE!!!|119/343|[from] hail","|turn|17","|","|move|p1a: Rotom-Frost|Blizzard|p2a: MY ZONE!!!","|-resisted|p2a: MY ZONE!!!","|-damage|p2a: MY ZONE!!!|20/343","|-activate|p2a: MY ZONE!!!|confusion","|-damage|p2a: MY ZONE!!!|3/343|[from] confusion","|","|-weather|Hail|[upkeep]","|-damage|p2a: MY ZONE!!!|0 fnt|[from] hail","|faint|p2a: MY ZONE!!!","|","|switch|p2a: Thundurus|Thundurus, M, shiny|299/299","|turn|18","|","|move|p2a: Thundurus|Psychic|p1a: Rotom-Frost","|-damage|p1a: Rotom-Frost|0 fnt","|-damage|p2a: Thundurus|270/299|[from] item: Life Orb","|faint|p1a: Rotom-Frost","|","|-weather|none","|","|switch|p1a: Walrein|Walrein, F, shiny|424/424","|turn|19","|","|move|p2a: Thundurus|Grass Knot|p1a: Walrein","|-supereffective|p1a: Walrein","|-damage|p1a: Walrein|96/424","|-damage|p2a: Thundurus|241/299|[from] item: Life Orb","|move|p1a: Walrein|Hail|p1a: Walrein","|-weather|Hail","|","|-weather|Hail|[upkeep]","|-damage|p2a: Thundurus|223/299|[from] hail","|-heal|p1a: Walrein|122/424|[from] item: Leftovers","|turn|20","|","|move|p2a: Thundurus|Rain Dance|p2a: Thundurus","|-weather|RainDance","|move|p1a: Walrein|Ice Beam|p2a: Thundurus","|-supereffective|p2a: Thundurus","|-damage|p2a: Thundurus|0 fnt","|faint|p2a: Thundurus","|","|-weather|RainDance|[upkeep]","|-heal|p1a: Walrein|148/424|[from] item: Leftovers","|","|switch|p2a: Elec|Manectric, M|281/281","|turn|21","|","|detailschange|p2a: Elec|Manectric-Mega, M","|-mega|p2a: Elec|Manectric|Manectite","|-ability|p2a: Elec|Intimidate","|-unboost|p1a: Walrein|atk|1","|move|p2a: Elec|Volt Switch|p1a: Walrein","|-supereffective|p1a: Walrein","|-damage|p1a: Walrein|0 fnt","|faint|p1a: Walrein","|","|switch|p2a: Breezer|Rotom-Frost, shiny|304/304","|","|-weather|RainDance|[upkeep]","|","|switch|p1a: Kyurem|Kyurem, shiny|391/391","|-ability|p1a: Kyurem|Pressure","|turn|22","|","|move|p1a: Kyurem|Dragon Pulse|p2a: Breezer","|-damage|p2a: Breezer|154/304","|move|p2a: Breezer|Will-O-Wisp|p1a: Kyurem","|-status|p1a: Kyurem|brn","|","|-weather|RainDance|[upkeep]","|-heal|p2a: Breezer|173/304|[from] item: Leftovers","|-damage|p1a: Kyurem|343/391 brn|[from] brn","|turn|23","|","|move|p1a: Kyurem|Dragon Pulse|p2a: Breezer","|-damage|p2a: Breezer|38/304","|move|p2a: Breezer|Pain Split|p1a: Kyurem","|-sethp|p1a: Kyurem|190/391 brn|p2a: Breezer|190/304|[from] move: Pain Split","|","|-weather|RainDance|[upkeep]","|-heal|p2a: Breezer|209/304|[from] item: Leftovers","|-damage|p1a: Kyurem|142/391 brn|[from] brn","|turn|24","|","|move|p2a: Breezer|Protect|p2a: Breezer","|-singleturn|p2a: Breezer|Protect","|move|p1a: Kyurem|Dragon Pulse|p2a: Breezer","|-activate|p2a: Breezer|Protect","|","|-weather|none","|-heal|p2a: Breezer|228/304|[from] item: Leftovers","|-damage|p1a: Kyurem|94/391 brn|[from] brn","|turn|25","|","|win|GTX♅Bzumzum"],"p1rating":{"entryid":"241798","serverid":"eos","formatid":"monotype","userid":"senpaitomidake","username":"Senpai-Tomidake","w":"1","l":1,"t":"0","gxe":47.3,"r":"1500","rd":"130","sigma":"0","rptime":"1440147600","rpr":1478.2649854352,"rprd":117.16667252217,"rpsigma":"0","acre":1026.782017113,"lacre":1026.782017113,"oldacre":"1044.584930701"},"p2rating":{"entryid":"1463","serverid":"eos","formatid":"monotype","userid":"gtxbzumzum","username":"GTX♅Bzumzum","w":5,"l":"15","t":"0","gxe":32,"r":"1335.5317534789","rd":"74.142752899514","sigma":"0","rptime":"1440147600","rpr":1355.5322588502,"rprd":72.972858075111,"rpsigma":"0","acre":1060.5918827726,"lacre":1060.5918827726,"oldacre":"1021.3325650171"},"endType":"forfeit"}