{"seed":[19805,10479,57633,32746],"turns":28,"p1":"Adviser Mystery","p2":"tboltrider","p1team":[{"name":"Tentacruel","species":"Tentacruel","item":"blacksludge","ability":"Liquid Ooze","moves":["knockoff","scald","rapidspin","sludgewave"],"nature":"Timid","evs":{"hp":176,"atk":0,"def":0,"spa":76,"spd":236,"spe":20},"ivs":{"hp":31,"atk":31,"def":31,"spa":31,"spd":31,"spe":31}},{"name":"Gyarados","species":"Gyarados","item":"gyaradosite","ability":"Intimidate","moves":["dragondance","substitute","waterfall","crunch"],"nature":"Jolly","evs":{"hp":40,"atk":176,"def":0,"spa":0,"spd":100,"spe":192},"ivs":{"hp":31,"atk":31,"def":31,"spa":31,"spd":31,"spe":31}},{"name":"Eve","species":"lapras","item":"assaultvest","ability":"Water Absorb","moves":["freezedry","surf","hiddenpowerfire","iceshard"],"nature":"Quiet","evs":{"hp":104,"atk":92,"def":0,"spa":240,"spd":72,"spe":0},"gender":"F","ivs":{"hp":31,"atk":30,"def":31,"spa":30,"spd":31,"spe":30},"shiny":true},{"name":"Quagsire","species":"Quagsire","item":"leftovers","ability":"Unaware","moves":["recover","stockpile","earthquake","toxic"],"nature":"Impish","evs":{"hp":252,"atk":0,"def":252,"spa":0,"spd":0,"spe":4},"ivs":{"hp":31,"atk":31,"def":31,"spa":31,"spd":31,"spe":31}},{"name":"Starmie","species":"Starmie","item":"choicespecs","ability":"Natural Cure","moves":["psyshock","dazzlinggleam","powergem","thunderbolt"],"nature":"Timid","evs":{"hp":0,"atk":0,"def":4,"spa":252,"spd":0,"spe":252},"ivs":{"hp":31,"atk":31,"def":31,"spa":31,"spd":31,"spe":31}},{"name":"Keldeo","species":"Keldeo","item":"choicescarf","ability":"Justified","moves":["secretsword","scald","icywind","hiddenpowerflying"],"nature":"Timid","evs":{"hp":4,"atk":0,"def":0,"spa":252,"spd":0,"spe":252},"ivs":{"hp":30,"atk":30,"def":30,"spa":30,"spd":30,"spe":31}}],"p2team":[{"name":"Skarmory","species":"Skarmory","item":"rockyhelmet","ability":"Sturdy","moves":["roost","swordsdance","stealthrock","ironhead"],"nature":"Jolly","evs":{"hp":0,"atk":128,"def":0,"spa":0,"spd":248,"spe":132},"gender":"M","ivs":{"hp":31,"atk":31,"def":31,"spa":31,"spd":31,"spe":31}},{"name":"Togekiss","species":"Togekiss","item":"leftovers","ability":"Serene Grace","moves":["aurasphere","airslash","softboiled","thunderwave"],"nature":"Modest","evs":{"hp":0,"atk":0,"def":148,"spa":108,"spd":0,"spe":252},"gender":"F","ivs":{"hp":31,"atk":31,"def":31,"spa":31,"spd":31,"spe":31}},{"name":"Mandibuzz","species":"Mandibuzz","item":"leftovers","ability":"Overcoat","moves":["roost","defog","foulplay","taunt"],"nature":"Adamant","evs":{"hp":0,"atk":232,"def":0,"spa":0,"spd":156,"spe":120},"ivs":{"hp":31,"atk":31,"def":31,"spa":31,"spd":31,"spe":31}},{"name":"Gliscor","species":"Gliscor","item":"toxicorb","ability":"Poison Heal","moves":["earthquake","swordsdance","roost","facade"],"nature":"Careful","evs":{"hp":244,"atk":0,"def":8,"spa":0,"spd":200,"spe":56},"ivs":{"hp":31,"atk":31,"def":31,"spa":31,"spd":31,"spe":31}},{"name":"Thundurus","species":"Thundurus","item":"choicescarf","ability":"Prankster","moves":["thunderwave","thunderbolt","sludgewave","focusblast"],"nature":"Timid","evs":{"hp":0,"atk":0,"def":4,"spa":252,"spd":0,"spe":252},"ivs":{"hp":31,"atk":31,"def":31,"spa":31,"spd":31,"spe":31}},{"name":"Pidgeot","species":"Pidgeot","item":"pidgeotite","ability":"Big Pecks","moves":["heatwave","uturn","roost","hurricane"],"nature":"Timid","evs":{"hp":0,"atk":0,"def":4,"spa":252,"spd":0,"spe":252},"ivs":{"hp":31,"atk":31,"def":31,"spa":31,"spd":31,"spe":31}}],"log":["|player|p1|Adviser Mystery|153","|player|p2|tboltrider|93","|gametype|singles","|gen|6","|tier|Monotype","|rated","|rule|Baton Pass Clause: Limit one Baton Passer, can't pass Spe and other stats simultaneously","|rule|Swagger Clause: Swagger is banned","|rule|Same Type Clause: Pokémon in a team must share a type","|clearpoke","|poke|p1|Tentacruel, F","|poke|p1|Gyarados, M","|poke|p1|Lapras, F, shiny","|poke|p1|Quagsire, F","|poke|p1|Starmie","|poke|p1|Keldeo","|poke|p2|Skarmory, M","|poke|p2|Togekiss, F","|poke|p2|Mandibuzz, F","|poke|p2|Gliscor, F","|poke|p2|Thundurus, M","|poke|p2|Pidgeot, M","|rule|Sleep Clause Mod: Limit one foe put to sleep","|rule|Species Clause: Limit one of each Pokémon","|rule|OHKO Clause: OHKO moves are banned","|rule|Moody Clause: Moody is banned","|rule|Evasion Moves Clause: Evasion moves are banned","|rule|Endless Battle Clause: Forcing endless battles is banned","|rule|HP Percentage Mod: HP is shown in percentages","|teampreview","|","|start","|switch|p1a: Tentacruel|Tentacruel, F|345/345","|switch|p2a: Mandibuzz|Mandibuzz, F|361/361","|turn|1","|","|move|p1a: Tentacruel|Scald|p2a: Mandibuzz","|-damage|p2a: Mandibuzz|289/361","|move|p2a: Mandibuzz|Foul Play|p1a: Tentacruel","|-damage|p1a: Tentacruel|239/345","|","|-heal|p1a: Tentacruel|260/345|[from] item: Black Sludge","|-heal|p2a: Mandibuzz|311/361|[from] item: Leftovers","|turn|2","|","|move|p1a: Tentacruel|Scald|p2a: Mandibuzz","|-damage|p2a: Mandibuzz|227/361","|-status|p2a: Mandibuzz|brn","|move|p2a: Mandibuzz|Foul Play|p1a: Tentacruel","|-damage|p1a: Tentacruel|209/345","|","|-heal|p1a: Tentacruel|230/345|[from] item: Black Sludge","|-heal|p2a: Mandibuzz|249/361 brn|[from] item: Leftovers","|-damage|p2a: Mandibuzz|204/361 brn|[from] brn","|turn|3","|","|move|p1a: Tentacruel|Knock Off|p2a: Mandibuzz","|-resisted|p2a: Mandibuzz","|-damage|p2a: Mandibuzz|177/361 brn","|-enditem|p2a: Mandibuzz|Leftovers|[from] move: Knock Off|[of] p1a: Tentacruel","|move|p2a: Mandibuzz|Roost|p2a: Mandibuzz","|-heal|p2a: Mandibuzz|358/361 brn","|","|-heal|p1a: Tentacruel|251/345|[from] item: Black Sludge","|-damage|p2a: Mandibuzz|313/361 brn|[from] brn","|turn|4","|","|move|p1a: Tentacruel|Sludge Wave|p2a: Mandibuzz","|-damage|p2a: Mandibuzz|214/361 brn","|move|p2a: Mandibuzz|Foul Play|p1a: Tentacruel","|-damage|p1a: Tentacruel|198/345","|","|-heal|p1a: Tentacruel|219/345|[from] item: Black Sludge","|-damage|p2a: Mandibuzz|169/361 brn|[from] brn","|turn|5","|","|move|p1a: Tentacruel|Scald|p2a: Mandibuzz","|-crit|p2a: Mandibuzz","|-damage|p2a: Mandibuzz|58/361 brn","|move|p2a: Mandibuzz|Foul Play|p1a: Tentacruel","|-damage|p1a: Tentacruel|165/345","|","|-heal|p1a: Tentacruel|186/345|[from] item: Black Sludge","|-damage|p2a: Mandibuzz|13/361 brn|[from] brn","|turn|6","|","|move|p1a: Tentacruel|Scald|p2a: Mandibuzz","|-damage|p2a: Mandibuzz|0 fnt","|faint|p2a: Mandibuzz","|","|-heal|p1a: Tentacruel|207/345|[from] item: Black Sludge","|","|switch|p2a: Thundurus|Thundurus, M|299/299","|turn|7","|","|switch|p1a: Quagsire|Quagsire, F|394/394","|move|p2a: Thundurus|Thunderbolt|p1a: Quagsire","|-immune|p1a: Quagsire|[msg]","|","|turn|8","|","|switch|p2a: Pidgeot|Pidgeot, M|307/307","|switch|p1a: Tentacruel|Tentacruel, F|207/345","|","|-heal|p1a: Tentacruel|228/345|[from] item: Black Sludge","|turn|9","|","|detailschange|p2a: Pidgeot|Pidgeot-Mega, M","|-mega|p2a: Pidgeot|Pidgeot|Pidgeotite","|move|p2a: Pidgeot|Hurricane|p1a: Tentacruel","|-damage|p1a: Tentacruel|74/345","|move|p1a: Tentacruel|Scald|p2a: Pidgeot","|-damage|p2a: Pidgeot|208/307","|","|-heal|p1a: Tentacruel|95/345|[from] item: Black Sludge","|turn|10","|","|move|p2a: Pidgeot|Hurricane|p1a: Tentacruel","|-damage|p1a: Tentacruel|0 fnt","|faint|p1a: Tentacruel","|","|","|switch|p1a: Eve|Lapras, F, shiny|427/427","|turn|11","|","|move|p2a: Pidgeot|U-turn|p1a: Eve","|-damage|p1a: Eve|373/427","|","|switch|p2a: Skarmory|Skarmory, M|271/271","|move|p1a: Eve|Freeze-Dry|p2a: Skarmory","|-damage|p2a: Skarmory|178/271","|","|turn|12","|","|move|p2a: Skarmory|Iron Head|p1a: Eve","|-damage|p1a: Eve|259/427","|move|p1a: Eve|Surf|p2a: Skarmory","|-damage|p2a: Skarmory|39/271","|","|turn|13","|","|move|p2a: Skarmory|Roost|p2a: Skarmory","|-heal|p2a: Skarmory|175/271","|move|p1a: Eve|Surf|p2a: Skarmory","|-damage|p2a: Skarmory|40/271","|","|turn|14","|","|move|p2a: Skarmory|Iron Head|p1a: Eve","|-damage|p1a: Eve|145/427","|move|p1a: Eve|Surf|p2a: Skarmory","|-damage|p2a: Skarmory|0 fnt","|faint|p2a: Skarmory","|","|","|switch|p2a: Togekiss|Togekiss, F|311/311","|turn|15","|","|move|p2a: Togekiss|Air Slash|p1a: Eve","|-damage|p1a: Eve|61/427","|cant|p1a: Eve|flinch","|","|turn|16","|","|move|p1a: Eve|Ice Shard|p2a: Togekiss","|-supereffective|p2a: Togekiss","|-damage|p2a: Togekiss|221/311","|move|p2a: Togekiss|Air Slash|p1a: Eve","|-damage|p1a: Eve|0 fnt","|faint|p1a: Eve","|","|-heal|p2a: Togekiss|240/311|[from] item: Leftovers","|","|switch|p1a: Gyarados|Gyarados, M|341/341","|-ability|p1a: Gyarados|Intimidate","|-unboost|p2a: Togekiss|atk|1","|turn|17","|","|detailschange|p1a: Gyarados|Gyarados-Mega, M","|-mega|p1a: Gyarados|Gyarados|Gyaradosite","|-ability|p1a: Gyarados|Mold Breaker","|move|p1a: Gyarados|Substitute|p1a: Gyarados","|-start|p1a: Gyarados|Substitute","|-damage|p1a: Gyarados|256/341","|move|p2a: Togekiss|Thunder Wave|p1a: Gyarados","|-fail|p1a: Gyarados","|","|-heal|p2a: Togekiss|259/311|[from] item: Leftovers","|turn|18","|","|move|p1a: Gyarados|Dragon Dance|p1a: Gyarados","|-boost|p1a: Gyarados|atk|1","|-boost|p1a: Gyarados|spe|1","|move|p2a: Togekiss|Aura Sphere|p1a: Gyarados","|-supereffective|p1a: Gyarados","|-end|p1a: Gyarados|Substitute","|","|-heal|p2a: Togekiss|278/311|[from] item: Leftovers","|turn|19","|","|move|p1a: Gyarados|Waterfall|p2a: Togekiss","|-damage|p2a: Togekiss|86/311","|move|p2a: Togekiss|Thunder Wave|p1a: Gyarados","|-status|p1a: Gyarados|par","|","|-heal|p2a: Togekiss|105/311|[from] item: Leftovers","|turn|20","|","|move|p2a: Togekiss|Air Slash|p1a: Gyarados","|-damage|p1a: Gyarados|159/341 par","|cant|p1a: Gyarados|flinch","|","|-heal|p2a: Togekiss|124/311|[from] item: Leftovers","|turn|21","|","|move|p2a: Togekiss|Aura Sphere|p1a: Gyarados","|-supereffective|p1a: Gyarados","|-damage|p1a: Gyarados|19/341 par","|move|p1a: Gyarados|Waterfall|p2a: Togekiss","|-damage|p2a: Togekiss|0 fnt","|faint|p2a: Togekiss","|","|","|switch|p2a: Gliscor|Gliscor, F|352/352","|turn|22","|","|move|p2a: Gliscor|Facade|p1a: Gyarados","|-damage|p1a: Gyarados|0 fnt","|faint|p1a: Gyarados","|","|-status|p2a: Gliscor|tox|[from] item: Toxic Orb","|","|switch|p1a: Keldeo|Keldeo|323/323","|turn|23","|","|move|p1a: Keldeo|Icy Wind|p2a: Gliscor","|-supereffective|p2a: Gliscor","|-damage|p2a: Gliscor|92/352 tox","|-unboost|p2a: Gliscor|spe|1","|move|p2a: Gliscor|Facade|p1a: Keldeo","|-damage|p1a: Keldeo|201/323","|","|-heal|p2a: Gliscor|136/352 tox|[from] ability: Poison Heal","|turn|24","|","|move|p1a: Keldeo|Icy Wind|p2a: Gliscor","|-supereffective|p2a: Gliscor","|-damage|p2a: Gliscor|0 fnt","|faint|p2a: Gliscor","|","|","|switch|p2a: Pidgeot|Pidgeot-Mega, M|208/307","|turn|25","|","|move|p1a: Keldeo|Icy Wind|p2a: Pidgeot","|-supereffective|p2a: Pidgeot","|-damage|p2a: Pidgeot|58/307","|-unboost|p2a: Pidgeot|spe|1","|move|p2a: Pidgeot|Hurricane|p1a: Keldeo","|-supereffective|p1a: Keldeo","|-damage|p1a: Keldeo|0 fnt","|faint|p1a: Keldeo","|","|","|switch|p1a: Starmie|Starmie|261/261","|turn|26","|","|move|p1a: Starmie|Thunderbolt|p2a: Pidgeot","|-supereffective|p2a: Pidgeot","|-damage|p2a: Pidgeot|0 fnt","|faint|p2a: Pidgeot","|","|","|switch|p2a: Thundurus|Thundurus, M|299/299","|turn|27","|","|move|p2a: Thundurus|Sludge Wave|p1a: Starmie","|-damage|p1a: Starmie|137/261","|move|p1a: Starmie|Thunderbolt|p2a: Thundurus","|-damage|p2a: Thundurus|145/299","|","|turn|28","|","|move|p2a: Thundurus|Sludge Wave|p1a: Starmie","|-damage|p1a: Starmie|2/261","|move|p1a: Starmie|Thunderbolt|p2a: Thundurus","|-damage|p2a: Thundurus|0 fnt","|faint|p2a: Thundurus","|","|win|Adviser Mystery"],"p1rating":{"entryid":"275057","serverid":"eos","formatid":"monotype","userid":"advisermystery","username":"Adviser Mystery","w":2,"l":"0","t":"0","gxe":58.3,"r":"1500","rd":"130","sigma":"0","rptime":"1440147600","rpr":1566.3394019111,"rprd":116.38050129688,"rpsigma":"0","acre":1078.7504996249,"lacre":1078.7504996249,"oldacre":"1046.2931568163"},"p2rating":{"entryid":"11792","serverid":"eos","formatid":"monotype","userid":"tboltrider","username":"tboltrider","w":"9","l":16,"t":"0","gxe":39.4,"r":"1426.2157222511","rd":"68.382591090969","sigma":"0","rptime":"1440147600","rpr":1418.0188532775,"rprd":65.237596453578,"rpsigma":"0","acre":1024.2897788913,"lacre":1024.2897788913,"oldacre":"1040"},"endType":"normal"}