{"seed":[46994,6240,3983,38139],"turns":27,"p1":"Imp Elegant","p2":"Guard Darkrai","p1team":[{"name":"Car keys","species":"klefki","item":"lightclay","ability":"Prankster","moves":["foulplay","thunderwave","lightscreen","reflect"],"nature":"Bold","evs":{"hp":248,"atk":0,"def":252,"spa":0,"spd":8,"spe":0},"gender":"M","shiny":true,"ivs":{"hp":31,"atk":31,"def":31,"spa":31,"spd":31,"spe":31}},{"name":"Mr Rabbet","species":"azumarill","item":"sitrusberry","ability":"Huge Power","moves":["bellydrum","aquajet","playrough","knockoff"],"nature":"Adamant","evs":{"hp":252,"atk":252,"def":0,"spa":0,"spd":4,"spe":0},"gender":"M","ivs":{"hp":31,"atk":31,"def":31,"spa":31,"spd":31,"spe":31}},{"name":"Cupcake","species":"slurpuff","item":"sitrusberry","ability":"Unburden","moves":["bellydrum","playrough","drainpunch","cottonguard"],"nature":"Adamant","evs":{"hp":4,"atk":252,"def":0,"spa":0,"spd":0,"spe":252},"gender":"F","ivs":{"hp":31,"atk":31,"def":31,"spa":31,"spd":31,"spe":31}},{"name":"Sir Lance","species":"togekiss","item":"leftovers","ability":"Serene Grace","moves":["thunderwave","flamethrower","airslash","roost"],"nature":"Calm","evs":{"hp":252,"atk":0,"def":0,"spa":4,"spd":252,"spe":0},"gender":"F","ivs":{"hp":31,"atk":31,"def":31,"spa":31,"spd":31,"spe":31}},{"name":"Cinderella","species":"gardevoir","item":"choicescarf","ability":"Trace","moves":["moonblast","shadowball","psychic","focusblast"],"nature":"Timid","evs":{"hp":0,"atk":0,"def":0,"spa":252,"spd":4,"spe":252},"gender":"F","shiny":true,"ivs":{"hp":31,"atk":31,"def":31,"spa":31,"spd":31,"spe":31}},{"name":"Diamond Queen","species":"diancie","item":"diancite","ability":"Clear Body","moves":["moonblast","diamondstorm","earthpower","protect"],"nature":"Hasty","evs":{"hp":0,"atk":4,"def":0,"spa":252,"spd":0,"spe":252},"shiny":true,"ivs":{"hp":31,"atk":31,"def":31,"spa":31,"spd":31,"spe":31}}],"p2team":[{"name":"Pluff Said.","species":"jumpluff","item":"focussash","ability":"Infiltrator","moves":["stunspore","leechseed","acrobatics","bulletseed"],"nature":"Jolly","evs":{"hp":0,"atk":252,"def":0,"spa":0,"spd":4,"spe":252},"ivs":{"hp":31,"atk":31,"def":31,"spa":31,"spd":31,"spe":31}},{"name":"ROCK HARD","species":"archeops","item":"sitrusberry","ability":"Defeatist","moves":["headsmash","acrobatics","earthquake","taunt"],"nature":"Jolly","evs":{"hp":0,"atk":252,"def":0,"spa":0,"spd":4,"spe":252},"ivs":{"hp":31,"atk":31,"def":31,"spa":31,"spd":31,"spe":31}},{"name":"Iggy","species":"chatot","item":"leftovers","ability":"Tangled Feet","moves":["chatter","substitute","boomburst","nastyplot"],"nature":"Timid","evs":{"hp":0,"atk":0,"def":0,"spa":252,"spd":4,"spe":252},"gender":"F","shiny":true,"ivs":{"hp":31,"atk":31,"def":31,"spa":31,"spd":31,"spe":31}},{"name":"The Fine","species":"mantine","item":"leftovers","ability":"Water Absorb","moves":["aquaring","toxic","airslash","scald"],"nature":"Bold","evs":{"hp":252,"atk":0,"def":252,"spa":4,"spd":0,"spe":0},"ivs":{"hp":31,"atk":31,"def":31,"spa":31,"spd":31,"spe":31}},{"name":"Squiggles :D","species":"togetic","item":"eviolite","ability":"Serene Grace","moves":["ancientpower","defog","roost","triattack"],"nature":"Calm","evs":{"hp":248,"atk":0,"def":0,"spa":8,"spd":252,"spe":0},"ivs":{"hp":31,"atk":31,"def":31,"spa":31,"spd":31,"spe":31}},{"name":"Gluten Free","species":"butterfree","item":"expertbelt","ability":"Compound Eyes","moves":["bugbuzz","aircutter","psychic","sleeppowder"],"nature":"Timid","evs":{"hp":0,"atk":0,"def":0,"spa":252,"spd":4,"spe":252},"ivs":{"hp":31,"atk":31,"def":31,"spa":31,"spd":31,"spe":31}}],"log":["|player|p1|Imp Elegant|291","|player|p2|Guard Darkrai|guarddarkrai.png","|gametype|singles","|gen|6","|tier|Monotype","|rated","|rule|Baton Pass Clause: Limit one Baton Passer, can't pass Spe and other stats simultaneously","|rule|Swagger Clause: Swagger is banned","|rule|Same Type Clause: Pokémon in a team must share a type","|clearpoke","|poke|p1|Klefki, M, shiny","|poke|p1|Azumarill, M","|poke|p1|Slurpuff, F","|poke|p1|Togekiss, F","|poke|p1|Gardevoir, F, shiny","|poke|p1|Diancie, shiny","|poke|p2|Jumpluff, M","|poke|p2|Archeops, M","|poke|p2|Chatot, F, shiny","|poke|p2|Mantine, M","|poke|p2|Togetic, F","|poke|p2|Butterfree, F","|rule|Sleep Clause Mod: Limit one foe put to sleep","|rule|Species Clause: Limit one of each Pokémon","|rule|OHKO Clause: OHKO moves are banned","|rule|Moody Clause: Moody is banned","|rule|Evasion Moves Clause: Evasion moves are banned","|rule|Endless Battle Clause: Forcing endless battles is banned","|rule|HP Percentage Mod: HP is shown in percentages","|teampreview","|","|start","|switch|p1a: Car keys|Klefki, M, shiny|317/317","|switch|p2a: Pluff Said.|Jumpluff, M|291/291","|turn|1","|","|move|p1a: Car keys|Thunder Wave|p2a: Pluff Said.","|-status|p2a: Pluff Said.|par","|move|p2a: Pluff Said.|Stun Spore|p1a: Car keys|[miss]","|-miss|p2a: Pluff Said.|p1a: Car keys","|","|turn|2","|","|move|p1a: Car keys|Light Screen|p1a: Car keys","|-sidestart|p1: Imp Elegant|move: Light Screen","|move|p2a: Pluff Said.|Stun Spore|p1a: Car keys","|-status|p1a: Car keys|par","|","|turn|3","|","|move|p1a: Car keys|Reflect|p1a: Car keys","|-sidestart|p1: Imp Elegant|Reflect","|move|p2a: Pluff Said.|Leech Seed|p1a: Car keys","|-start|p1a: Car keys|move: Leech Seed","|","|-damage|p1a: Car keys|278/317 par|[from] Leech Seed|[of] p2a: Pluff Said.","|turn|4","|","|switch|p1a: Sir Lance|Togekiss, F|374/374","|cant|p2a: Pluff Said.|par","|","|turn|5","|","|move|p1a: Sir Lance|Air Slash|p2a: Pluff Said.|[miss]","|-miss|p1a: Sir Lance|p2a: Pluff Said.","|move|p2a: Pluff Said.|Stun Spore|p1a: Sir Lance","|-status|p1a: Sir Lance|par","|","|turn|6","|","|switch|p2a: ROCK HARD|Archeops, M|291/291","|cant|p1a: Sir Lance|par","|","|turn|7","|","|move|p2a: ROCK HARD|Taunt|p1a: Sir Lance","|-start|p1a: Sir Lance|move: Taunt","|cant|p1a: Sir Lance|move: Taunt|Thunder Wave","|","|turn|8","|","|switch|p1a: Car keys|Klefki, M, shiny|278/317 par","|move|p2a: ROCK HARD|Head Smash|p1a: Car keys","|-resisted|p1a: Car keys","|-damage|p1a: Car keys|226/317 par","|-damage|p2a: ROCK HARD|265/291|[from] recoil|[of] p1a: Car keys","|","|turn|9","|","|switch|p2a: Pluff Said.|Jumpluff, M|291/291 par","|cant|p1a: Car keys|par","|","|-sideend|p1: Imp Elegant|move: Light Screen","|turn|10","|","|cant|p1a: Car keys|par","|move|p2a: Pluff Said.|Leech Seed|p1a: Car keys","|-start|p1a: Car keys|move: Leech Seed","|","|-damage|p1a: Car keys|187/317 par|[from] Leech Seed|[of] p2a: Pluff Said.","|-sideend|p1: Imp Elegant|Reflect","|turn|11","|","|switch|p2a: Gluten Free|Butterfree, F|261/261","|switch|p1a: Diamond Queen|Diancie, shiny|241/241","|","|turn|12","|","|detailschange|p1a: Diamond Queen|Diancie-Mega, shiny","|-mega|p1a: Diamond Queen|Diancie|Diancite","|move|p2a: Gluten Free|Psychic|p1a: Diamond Queen","|-damage|p1a: Diamond Queen|158/241","|move|p1a: Diamond Queen|Diamond Storm|p2a: Gluten Free","|-supereffective|p2a: Gluten Free","|-damage|p2a: Gluten Free|0 fnt","|-boost|p1a: Diamond Queen|def|1","|faint|p2a: Gluten Free","|","|","|switch|p2a: The Fine|Mantine, M|334/334","|turn|13","|","|move|p1a: Diamond Queen|Diamond Storm|p2a: The Fine","|-supereffective|p2a: The Fine","|-damage|p2a: The Fine|0 fnt","|faint|p2a: The Fine","|","|","|switch|p2a: ROCK HARD|Archeops, M|265/291","|turn|14","|","|move|p1a: Diamond Queen|Moonblast|p2a: ROCK HARD","|-damage|p2a: ROCK HARD|6/291","|-enditem|p2a: ROCK HARD|Sitrus Berry|[eat]","|-heal|p2a: ROCK HARD|78/291|[from] item: Sitrus Berry","|move|p2a: ROCK HARD|Head Smash|p1a: Diamond Queen","|-crit|p1a: Diamond Queen","|-damage|p1a: Diamond Queen|0 fnt","|-damage|p2a: ROCK HARD|0 fnt|[from] recoil|[of] p1a: Diamond Queen","|faint|p1a: Diamond Queen","|faint|p2a: ROCK HARD","|","|","|switch|p1a: Cinderella|Gardevoir, F, shiny|277/277","|switch|p2a: Squiggles :D|Togetic, F|313/313","|-ability|p1a: Cinderella|Serene Grace|[from] ability: Trace|[of] p2a: Squiggles :D","|turn|15","|","|move|p1a: Cinderella|Moonblast|p2a: Squiggles :D","|-damage|p2a: Squiggles :D|238/313","|-unboost|p2a: Squiggles :D|spa|1","|move|p2a: Squiggles :D|Tri Attack|p1a: Cinderella","|-damage|p1a: Cinderella|244/277","|-status|p1a: Cinderella|brn","|","|-damage|p1a: Cinderella|210/277 brn|[from] brn","|turn|16","|","|move|p1a: Cinderella|Moonblast|p2a: Squiggles :D","|-damage|p2a: Squiggles :D|165/313","|move|p2a: Squiggles :D|Roost|p2a: Squiggles :D","|-heal|p2a: Squiggles :D|313/313","|","|-damage|p1a: Cinderella|176/277 brn|[from] brn","|turn|17","|","|move|p1a: Cinderella|Moonblast|p2a: Squiggles :D","|-damage|p2a: Squiggles :D|235/313","|-unboost|p2a: Squiggles :D|spa|1","|move|p2a: Squiggles :D|Ancient Power|p1a: Cinderella","|-damage|p1a: Cinderella|158/277 brn","|","|-damage|p1a: Cinderella|124/277 brn|[from] brn","|turn|18","|","|switch|p1a: Car keys|Klefki, M, shiny|187/317 par","|move|p2a: Squiggles :D|Roost|p2a: Squiggles :D","|-heal|p2a: Squiggles :D|313/313","|","|turn|19","|","|switch|p2a: Pluff Said.|Jumpluff, M|291/291 par","|cant|p1a: Car keys|par","|","|turn|20","|","|move|p1a: Car keys|Light Screen|p1a: Car keys","|-sidestart|p1: Imp Elegant|move: Light Screen","|move|p2a: Pluff Said.|Leech Seed|p1a: Car keys","|-start|p1a: Car keys|move: Leech Seed","|","|-damage|p1a: Car keys|148/317 par|[from] Leech Seed|[of] p2a: Pluff Said.","|turn|21","|","|cant|p1a: Car keys|par","|move|p2a: Pluff Said.|Bullet Seed|p1a: Car keys","|-resisted|p1a: Car keys","|-damage|p1a: Car keys|138/317 par","|-resisted|p1a: Car keys","|-damage|p1a: Car keys|129/317 par","|-resisted|p1a: Car keys","|-damage|p1a: Car keys|119/317 par","|-hitcount|p1a: Car keys|3","|","|-damage|p1a: Car keys|80/317 par|[from] Leech Seed|[of] p2a: Pluff Said.","|turn|22","|","|switch|p1a: Cupcake|Slurpuff, F|306/306","|cant|p2a: Pluff Said.|par","|","|turn|23","|","|move|p1a: Cupcake|Belly Drum|p1a: Cupcake","|-damage|p1a: Cupcake|153/306","|-setboost|p1a: Cupcake|atk|6|[from] move: Belly Drum","|-enditem|p1a: Cupcake|Sitrus Berry|[eat]","|-heal|p1a: Cupcake|229/306|[from] item: Sitrus Berry","|cant|p2a: Pluff Said.|par","|","|turn|24","|","|move|p1a: Cupcake|Play Rough|p2a: Pluff Said.","|-enditem|p2a: Pluff Said.|Focus Sash","|-damage|p2a: Pluff Said.|1/291 par","|-unboost|p2a: Pluff Said.|atk|1","|cant|p2a: Pluff Said.|par","|","|turn|25","|","|move|p1a: Cupcake|Drain Punch|p2a: Pluff Said.","|-resisted|p2a: Pluff Said.","|-damage|p2a: Pluff Said.|0 fnt","|-heal|p1a: Cupcake|230/306|[from] drain|[of] p2a: Pluff Said.","|faint|p2a: Pluff Said.","|","|","|switch|p2a: Squiggles :D|Togetic, F|313/313","|turn|26","|","|move|p1a: Cupcake|Play Rough|p2a: Squiggles :D","|-damage|p2a: Squiggles :D|0 fnt","|faint|p2a: Squiggles :D","|","|","|switch|p2a: Iggy|Chatot, F, shiny|293/293","|turn|27","|","|move|p1a: Cupcake|Play Rough|p2a: Iggy","|-damage|p2a: Iggy|0 fnt","|faint|p2a: Iggy","|","|win|Imp Elegant"],"p1rating":{"entryid":"199119","serverid":"eos","formatid":"monotype","userid":"impelegant","username":"Imp Elegant","w":9,"l":"6","t":"0","gxe":55.6,"r":"1468.7162183883","rd":"102.70744310295","sigma":"0","rptime":"1440147600","rpr":1543.2136287529,"rprd":77.386139438315,"rpsigma":"0","acre":1136.6238442526,"lacre":1136.6238442526,"oldacre":"1119.9260836746"},"p2rating":{"entryid":"154049","serverid":"eos","formatid":"monotype","userid":"guarddarkrai","username":"Guard Darkrai","w":"0","l":2,"t":"0","gxe":40.5,"r":"1459.8393856612","rd":"123.03963956634","sigma":"0","rptime":"1440147600","rpr":1423.5316974162,"rprd":116.61082790543,"rpsigma":"0","acre":1000,"lacre":1000,"oldacre":"1000"},"endType":"normal"}