{"seed":[56777,53056,34070,49439],"turns":28,"p1":"Feety Wepp","p2":"Shining Yin","p1team":[{"name":"Alexander","species":"slowbro","item":"rockyhelmet","ability":"Regenerator","moves":["thunderwave","psyshock","scald","slackoff"],"nature":"Bold","evs":{"hp":248,"atk":0,"def":132,"spa":8,"spd":120,"spe":0},"ivs":{"hp":31,"atk":31,"def":31,"spa":31,"spd":31,"spe":31}},{"name":"Elise","species":"gardevoir","item":"gardevoirite","ability":"Trace","moves":["hypervoice","substitute","energyball","focusblast"],"nature":"Timid","evs":{"hp":0,"atk":0,"def":0,"spa":252,"spd":0,"spe":252},"ivs":{"hp":31,"atk":31,"def":31,"spa":31,"spd":31,"spe":31}},{"name":"Argenon","species":"hoopaunbound","item":"choiceband","ability":"Magician","moves":["hyperspacefury","firepunch","gunkshot","drainpunch"],"nature":"Adamant","evs":{"hp":0,"atk":252,"def":0,"spa":0,"spd":8,"spe":248},"ivs":{"hp":31,"atk":31,"def":31,"spa":31,"spd":31,"spe":31}},{"name":"Melody","species":"meloetta","item":"assaultvest","ability":"Serene Grace","moves":["shadowball","psychic","energyball","focusblast"],"nature":"Modest","evs":{"hp":232,"atk":0,"def":16,"spa":252,"spd":8,"spe":0},"ivs":{"hp":31,"atk":31,"def":31,"spa":31,"spd":31,"spe":31}},{"name":"Yuza","species":"deoxysspeed","item":"lightclay","ability":"Pressure","moves":["taunt","stealthrock","reflect","lightscreen"],"nature":"Timid","evs":{"hp":248,"atk":0,"def":0,"spa":0,"spd":8,"spe":252},"ivs":{"hp":31,"atk":31,"def":31,"spa":31,"spd":31,"spe":31}},{"name":"Vesta","species":"victini","item":"choicescarf","ability":"Victory Star","moves":["blueflare","vcreate","uturn","boltstrike"],"nature":"Hasty","evs":{"hp":0,"atk":252,"def":0,"spa":4,"spd":0,"spe":252},"ivs":{"hp":31,"atk":31,"def":31,"spa":31,"spd":31,"spe":31}}],"p2team":[{"name":"Chansey","species":"Chansey","item":"eviolite","ability":"Natural Cure","moves":["thunderwave","softboiled","seismictoss","stealthrock"],"nature":"Bold","evs":{"hp":0,"atk":0,"def":252,"spa":0,"spd":252,"spe":4},"ivs":{"hp":31,"atk":0,"def":31,"spa":31,"spd":31,"spe":31}},{"name":"Porygon2","species":"Porygon2","item":"eviolite","ability":"Trace","moves":["icebeam","discharge","recover","thunderwave"],"nature":"Calm","evs":{"hp":248,"atk":0,"def":204,"spa":0,"spd":56,"spe":0},"ivs":{"hp":31,"atk":0,"def":31,"spa":31,"spd":31,"spe":31}},{"name":"Pidgeot","species":"Pidgeot","item":"pidgeotite","ability":"Keen Eye","moves":["hurricane","heatwave","defog","roost"],"nature":"Timid","evs":{"hp":0,"atk":0,"def":0,"spa":252,"spd":4,"spe":252},"ivs":{"hp":31,"atk":0,"def":31,"spa":31,"spd":31,"spe":31}},{"name":"Staraptor","species":"Staraptor","item":"choicescarf","ability":"Reckless","moves":["bravebird","uturn","doubleedge","closecombat"],"nature":"Jolly","evs":{"hp":0,"atk":252,"def":0,"spa":0,"spd":4,"spe":252},"ivs":{"hp":31,"atk":31,"def":31,"spa":31,"spd":31,"spe":31}},{"name":"Diggersby","species":"Diggersby","item":"choiceband","ability":"Huge Power","moves":["return","earthquake","knockoff","quickattack"],"nature":"Jolly","evs":{"hp":0,"atk":252,"def":0,"spa":0,"spd":4,"spe":252},"ivs":{"hp":31,"atk":31,"def":31,"spa":31,"spd":31,"spe":31}},{"name":"Heliolisk","species":"Heliolisk","item":"lifeorb","ability":"Dry Skin","moves":["grassknot","voltswitch","surf","focusblast"],"nature":"Timid","evs":{"hp":0,"atk":0,"def":0,"spa":252,"spd":4,"spe":252},"ivs":{"hp":31,"atk":31,"def":31,"spa":31,"spd":31,"spe":31}}],"log":["|player|p1|Feety Wepp|275","|player|p2|Shining Yin|277","|gametype|singles","|gen|6","|tier|Monotype","|rated","|rule|Baton Pass Clause: Limit one Baton Passer, can't pass Spe and other stats simultaneously","|rule|Swagger Clause: Swagger is banned","|rule|Same Type Clause: Pokémon in a team must share a type","|clearpoke","|poke|p1|Slowbro, F","|poke|p1|Gardevoir, F","|poke|p1|Hoopa-Unbound","|poke|p1|Meloetta","|poke|p1|Deoxys-Speed","|poke|p1|Victini","|poke|p2|Chansey, F","|poke|p2|Porygon2","|poke|p2|Pidgeot, F","|poke|p2|Staraptor, F","|poke|p2|Diggersby, F","|poke|p2|Heliolisk, F","|rule|Sleep Clause Mod: Limit one foe put to sleep","|rule|Species Clause: Limit one of each Pokémon","|rule|OHKO Clause: OHKO moves are banned","|rule|Moody Clause: Moody is banned","|rule|Evasion Moves Clause: Evasion moves are banned","|rule|Endless Battle Clause: Forcing endless battles is banned","|rule|HP Percentage Mod: HP is shown in percentages","|teampreview","|","|start","|switch|p1a: Yuza|Deoxys-Speed|303/303","|switch|p2a: Chansey|Chansey, F|641/641","|-ability|p1a: Yuza|Pressure","|turn|1","|","|move|p1a: Yuza|Taunt|p2a: Chansey","|-start|p2a: Chansey|move: Taunt","|cant|p2a: Chansey|move: Taunt|Thunder Wave","|","|turn|2","|","|move|p1a: Yuza|Stealth Rock|p2a: Chansey","|-sidestart|p2: Shining Yin|move: Stealth Rock","|move|p2a: Chansey|Seismic Toss|p1a: Yuza","|-damage|p1a: Yuza|203/303","|","|turn|3","|","|move|p1a: Yuza|Reflect|p1a: Yuza","|-sidestart|p1: Feety Wepp|Reflect","|move|p2a: Chansey|Seismic Toss|p1a: Yuza","|-damage|p1a: Yuza|103/303","|","|-end|p2a: Chansey|move: Taunt","|turn|4","|","|move|p1a: Yuza|Light Screen|p1a: Yuza","|-sidestart|p1: Feety Wepp|move: Light Screen","|move|p2a: Chansey|Seismic Toss|p1a: Yuza","|-damage|p1a: Yuza|3/303","|","|turn|5","|","|move|p1a: Yuza|Taunt|p2a: Chansey","|-start|p2a: Chansey|move: Taunt","|move|p2a: Chansey|Seismic Toss|p1a: Yuza","|-damage|p1a: Yuza|0 fnt","|faint|p1a: Yuza","|","|","|switch|p1a: Argenon|Hoopa-Unbound|301/301","|turn|6","|","|switch|p2a: Porygon2|Porygon2|373/373","|-damage|p2a: Porygon2|327/373|[from] Stealth Rock","|-ability|p2a: Porygon2|Magician|[from] ability: Trace|[of] p1a: Argenon","|move|p1a: Argenon|Hyperspace Fury|p2a: Porygon2","|-damage|p2a: Porygon2|135/373","|-unboost|p1a: Argenon|def|1","|","|turn|7","|","|move|p1a: Argenon|Hyperspace Fury|p2a: Porygon2","|-damage|p2a: Porygon2|0 fnt","|-unboost|p1a: Argenon|def|1","|faint|p2a: Porygon2","|","|","|switch|p2a: Staraptor|Staraptor, F|311/311","|-damage|p2a: Staraptor|234/311|[from] Stealth Rock","|turn|8","|","|move|p2a: Staraptor|U-turn|p1a: Argenon","|-supereffective|p1a: Argenon","|-damage|p1a: Argenon|0 fnt","|faint|p1a: Argenon","|","|switch|p2a: Chansey|Chansey, F|641/641","|-damage|p2a: Chansey|561/641|[from] Stealth Rock","|","|","|switch|p1a: Melody|Meloetta|399/399","|turn|9","|","|switch|p2a: Pidgeot|Pidgeot, F|307/307","|-damage|p2a: Pidgeot|231/307|[from] Stealth Rock","|move|p1a: Melody|Focus Blast|p2a: Pidgeot|[miss]","|-miss|p1a: Melody|p2a: Pidgeot","|","|turn|10","|","|detailschange|p2a: Pidgeot|Pidgeot-Mega, F","|-mega|p2a: Pidgeot|Pidgeot|Pidgeotite","|move|p2a: Pidgeot|Defog|p1a: Melody","|-unboost|p1a: Melody|evasion|1","|-sideend|p1: Feety Wepp|Reflect","|-sideend|p1: Feety Wepp|move: Light Screen","|-sideend|p2: Shining Yin|Stealth Rock|[from] move: Defog|[of] p2a: Pidgeot","|move|p1a: Melody|Psychic|p2a: Pidgeot","|-damage|p2a: Pidgeot|5/307","|","|turn|11","|","|move|p2a: Pidgeot|Hurricane|p1a: Melody","|-damage|p1a: Melody|299/399","|move|p1a: Melody|Psychic|p2a: Pidgeot","|-damage|p2a: Pidgeot|0 fnt","|faint|p2a: Pidgeot","|","|","|switch|p2a: Staraptor|Staraptor, F|234/311","|turn|12","|","|move|p2a: Staraptor|Brave Bird|p1a: Melody","|-damage|p1a: Melody|22/399","|-damage|p2a: Staraptor|143/311|[from] recoil|[of] p1a: Melody","|move|p1a: Melody|Psychic|p2a: Staraptor","|-damage|p2a: Staraptor|0 fnt","|faint|p2a: Staraptor","|","|","|switch|p2a: Heliolisk|Heliolisk, F|265/265","|turn|13","|","|move|p2a: Heliolisk|Volt Switch|p1a: Melody","|-damage|p1a: Melody|0 fnt","|-damage|p2a: Heliolisk|239/265|[from] item: Life Orb","|faint|p1a: Melody","|","|switch|p2a: Chansey|Chansey, F|561/641","|","|","|switch|p1a: Elise|Gardevoir, F|277/277","|-ability|p1a: Elise|Natural Cure|[from] ability: Trace|[of] p2a: Chansey","|turn|14","|","|detailschange|p1a: Elise|Gardevoir-Mega, F","|-mega|p1a: Elise|Gardevoir|Gardevoirite","|move|p1a: Elise|Focus Blast|p2a: Chansey|[miss]","|-miss|p1a: Elise|p2a: Chansey","|move|p2a: Chansey|Thunder Wave|p1a: Elise","|-status|p1a: Elise|par","|","|turn|15","|","|move|p2a: Chansey|Stealth Rock|p1a: Elise","|-sidestart|p1: Feety Wepp|move: Stealth Rock","|cant|p1a: Elise|par","|","|turn|16","|","|move|p2a: Chansey|Thunder Wave|p1a: Elise","|-fail|p1a: Elise|par","|move|p1a: Elise|Focus Blast|p2a: Chansey","|-supereffective|p2a: Chansey","|-damage|p2a: Chansey|387/641","|-unboost|p2a: Chansey|spd|1","|","|turn|17","|","|move|p2a: Chansey|Seismic Toss|p1a: Elise","|-damage|p1a: Elise|177/277 par","|move|p1a: Elise|Hyper Voice|p2a: Chansey","|-damage|p2a: Chansey|189/641","|","|turn|18","|","|move|p2a: Chansey|Soft-Boiled|p2a: Chansey","|-heal|p2a: Chansey|510/641","|move|p1a: Elise|Hyper Voice|p2a: Chansey","|-damage|p2a: Chansey|318/641","|","|turn|19","|","|move|p2a: Chansey|Seismic Toss|p1a: Elise","|-damage|p1a: Elise|77/277 par","|cant|p1a: Elise|par","|","|turn|20","|","|move|p2a: Chansey|Soft-Boiled|p2a: Chansey","|-heal|p2a: Chansey|639/641","|move|p1a: Elise|Focus Blast|p2a: Chansey","|-supereffective|p2a: Chansey","|-damage|p2a: Chansey|367/641","|","|turn|21","|","|move|p2a: Chansey|Seismic Toss|p1a: Elise","|-damage|p1a: Elise|0 fnt","|faint|p1a: Elise","|","|","|switch|p1a: Alexander|Slowbro, F|393/393","|-damage|p1a: Alexander|344/393|[from] Stealth Rock","|turn|22","|","|switch|p2a: Heliolisk|Heliolisk, F|239/265","|move|p1a: Alexander|Thunder Wave|p2a: Heliolisk","|-immune|p2a: Heliolisk|[msg]","|","|turn|23","|","|move|p2a: Heliolisk|Volt Switch|p1a: Alexander","|-supereffective|p1a: Alexander","|-damage|p1a: Alexander|24/393","|-damage|p2a: Heliolisk|213/265|[from] item: Life Orb","|","|switch|p2a: Chansey|Chansey, F|367/641","|move|p1a: Alexander|Psyshock|p2a: Chansey","|-damage|p2a: Chansey|240/641","|","|turn|24","|","|move|p2a: Chansey|Seismic Toss|p1a: Alexander","|-damage|p1a: Alexander|0 fnt","|-damage|p2a: Chansey|134/641|[from] item: Rocky Helmet|[of] p1a: Alexander","|faint|p1a: Alexander","|","|","|switch|p1a: Vesta|Victini|341/341","|-damage|p1a: Vesta|256/341|[from] Stealth Rock","|turn|25","|","|move|p1a: Vesta|Blue Flare|p2a: Chansey","|-damage|p2a: Chansey|49/641","|move|p2a: Chansey|Seismic Toss|p1a: Vesta","|-damage|p1a: Vesta|156/341","|","|turn|26","|","|move|p1a: Vesta|Blue Flare|p2a: Chansey","|-damage|p2a: Chansey|0 fnt","|faint|p2a: Chansey","|","|","|switch|p2a: Diggersby|Diggersby, F|311/311","|turn|27","|","|move|p2a: Diggersby|Quick Attack|p1a: Vesta","|-damage|p1a: Vesta|12/341","|move|p1a: Vesta|Blue Flare|p2a: Diggersby","|-damage|p2a: Diggersby|127/311","|","|turn|28","|","|win|Shining Yin"],"p1rating":{"entryid":"159981","serverid":"eos","formatid":"monotype","userid":"feetywepp","username":"Feety Wepp","w":"1","l":4,"t":"0","gxe":41.4,"r":"1499.4809370882","rd":"116.8060171653","sigma":"0","rptime":"1440147600","rpr":1431.5901228581,"rprd":102.79444265605,"rpsigma":"0","acre":1000,"lacre":1000,"oldacre":"1001.4201053061"},"p2rating":{"entryid":"71235","serverid":"eos","formatid":"monotype","userid":"shiningyin","username":"Shining Yin","w":37,"l":"18","t":"0","gxe":63.6,"r":"1622.5575309041","rd":"55.410702091367","sigma":"0","rptime":"1440147600","rpr":1605.8112541483,"rprd":49.091927809031,"rpsigma":"0","acre":1157.2219495774,"lacre":1157.2219495774,"oldacre":"1141.8075475105"},"endType":"forfeit"}