{"seed":[51656,6135,52698,31816],"turns":30,"p1":"SL Realms","p2":"Metalyte","p1team":[{"name":"Lanturn","species":"Lanturn","item":"leftovers","ability":"Volt Absorb","moves":["healbell","scald","thunderwave","voltswitch"],"nature":"","evs":{"hp":40,"atk":0,"def":220,"spa":40,"spd":208,"spe":0},"ivs":{"hp":31,"atk":31,"def":31,"spa":31,"spd":31,"spe":31}},{"name":"Tentacruel","species":"Tentacruel","item":"blacksludge","ability":"Liquid Ooze","moves":["rapidspin","scald","sludgebomb","gigadrain"],"nature":"Bold","evs":{"hp":156,"atk":0,"def":252,"spa":68,"spd":32,"spe":0},"ivs":{"hp":31,"atk":31,"def":31,"spa":31,"spd":31,"spe":31}},{"name":"Gyarados","species":"Gyarados","item":"leftovers","ability":"Intimidate","moves":["dragondance","waterfall","substitute","bounce"],"nature":"Jolly","evs":{"hp":88,"atk":220,"def":4,"spa":0,"spd":0,"spe":196},"ivs":{"hp":31,"atk":31,"def":31,"spa":31,"spd":31,"spe":31}},{"name":"Swampert","species":"Swampert","item":"leftovers","ability":"Torrent","moves":["stealthrock","earthquake","roar","protect"],"nature":"Relaxed","evs":{"hp":240,"atk":16,"def":252,"spa":0,"spd":0,"spe":0},"ivs":{"hp":31,"atk":31,"def":31,"spa":31,"spd":31,"spe":31}},{"name":"~Keldeo~","species":"keldeoresolute","item":"choicescarf","ability":"Justified","moves":["secretsword","hydropump","icywind","hiddenpowerfire"],"nature":"Mild","evs":{"hp":0,"atk":4,"def":0,"spa":252,"spd":0,"spe":252},"ivs":{"hp":31,"atk":30,"def":31,"spa":30,"spd":31,"spe":30}},{"name":"2mu(h$w@g","species":"blastoise","item":"blastoisinite","ability":"Torrent","moves":["hydropump","darkpulse","blizzard","aurasphere"],"nature":"Modest","evs":{"hp":248,"atk":0,"def":0,"spa":252,"spd":8,"spe":0},"ivs":{"hp":31,"atk":31,"def":31,"spa":31,"spd":31,"spe":31}}],"p2team":[{"name":"Scizor","species":"Scizor","item":"scizorite","ability":"Technician","moves":["roost","swordsdance","bulletpunch","bugbite"],"nature":"Adamant","evs":{"hp":248,"atk":252,"def":0,"spa":0,"spd":8,"spe":0},"ivs":{"hp":31,"atk":31,"def":31,"spa":31,"spd":31,"spe":31}},{"name":"Heatran","species":"Heatran","item":"airballoon","ability":"Flash Fire","moves":["fireblast","flashcannon","earthpower","ancientpower"],"nature":"Timid","evs":{"hp":4,"atk":0,"def":0,"spa":252,"spd":0,"spe":252},"ivs":{"hp":31,"atk":31,"def":31,"spa":31,"spd":31,"spe":31}},{"name":"Skarmory","species":"Skarmory","item":"leftovers","ability":"Sturdy","moves":["defog","whirlwind","drillpeck","roost"],"nature":"Impish","evs":{"hp":252,"atk":0,"def":252,"spa":0,"spd":0,"spe":4},"ivs":{"hp":31,"atk":31,"def":31,"spa":31,"spd":31,"spe":31}},{"name":"Magnezone","species":"Magnezone","item":"choicescarf","ability":"Sturdy","moves":["thunderbolt","flashcannon","voltswitch","hiddenpowerice"],"nature":"Timid","evs":{"hp":0,"atk":0,"def":0,"spa":252,"spd":4,"spe":252},"ivs":{"hp":31,"atk":30,"def":30,"spa":31,"spd":31,"spe":31}},{"name":"Excadrill","species":"Excadrill","item":"choicescarf","ability":"Mold Breaker","moves":["earthquake","ironhead","rockslide","rapidspin"],"nature":"Jolly","evs":{"hp":0,"atk":252,"def":0,"spa":0,"spd":4,"spe":252},"ivs":{"hp":31,"atk":31,"def":31,"spa":31,"spd":31,"spe":31}},{"name":"Bisharp","species":"Bisharp","item":"lumberry","ability":"Defiant","moves":["suckerpunch","swordsdance","knockoff","ironhead"],"nature":"Jolly","evs":{"hp":0,"atk":252,"def":0,"spa":0,"spd":4,"spe":252},"ivs":{"hp":31,"atk":31,"def":31,"spa":31,"spd":31,"spe":31}}],"log":["|player|p1|SL Realms|118","|player|p2|Metalyte|165","|gametype|singles","|gen|6","|tier|Monotype","|rated","|rule|Baton Pass Clause: Limit one Baton Passer, can't pass Spe and other stats simultaneously","|rule|Swagger Clause: Swagger is banned","|rule|Same Type Clause: Pokémon in a team must share a type","|clearpoke","|poke|p1|Lanturn, M","|poke|p1|Tentacruel, F","|poke|p1|Gyarados, F","|poke|p1|Swampert, F","|poke|p1|Keldeo-Resolute","|poke|p1|Blastoise, M","|poke|p2|Scizor, M","|poke|p2|Heatran, F","|poke|p2|Skarmory, F","|poke|p2|Magnezone","|poke|p2|Excadrill, F","|poke|p2|Bisharp, F","|rule|Sleep Clause Mod: Limit one foe put to sleep","|rule|Species Clause: Limit one of each Pokémon","|rule|OHKO Clause: OHKO moves are banned","|rule|Moody Clause: Moody is banned","|rule|Evasion Moves Clause: Evasion moves are banned","|rule|Endless Battle Clause: Forcing endless battles is banned","|rule|HP Percentage Mod: HP is shown in percentages","|teampreview","|","|start","|switch|p1a: Swampert|Swampert, F|401/401","|switch|p2a: Magnezone|Magnezone|281/281","|turn|1","|","|switch|p2a: Skarmory|Skarmory, F|334/334","|move|p1a: Swampert|Earthquake|p2a: Skarmory","|-immune|p2a: Skarmory|[msg]","|","|turn|2","|","|move|p2a: Skarmory|Drill Peck|p1a: Swampert","|-damage|p1a: Swampert|337/401","|move|p1a: Swampert|Stealth Rock|p2a: Skarmory","|-sidestart|p2: Metalyte|move: Stealth Rock","|","|-heal|p1a: Swampert|362/401|[from] item: Leftovers","|turn|3","|","|move|p2a: Skarmory|Defog|p1a: Swampert","|-unboost|p1a: Swampert|evasion|1","|-sideend|p2: Metalyte|Stealth Rock|[from] move: Defog|[of] p2a: Skarmory","|move|p1a: Swampert|Roar|p2a: Skarmory","|drag|p2a: Heatran|Heatran, F|324/324","|-item|p2a: Heatran|Air Balloon","|","|-heal|p1a: Swampert|387/401|[from] item: Leftovers","|turn|4","|","|switch|p2a: Scizor|Scizor, M|343/343","|move|p1a: Swampert|Stealth Rock|p2a: Scizor","|-sidestart|p2: Metalyte|move: Stealth Rock","|","|-heal|p1a: Swampert|401/401|[from] item: Leftovers","|turn|5","|","|detailschange|p2a: Scizor|Scizor-Mega, M","|-mega|p2a: Scizor|Scizor|Scizorite","|move|p2a: Scizor|Swords Dance|p2a: Scizor","|-boost|p2a: Scizor|atk|2","|move|p1a: Swampert|Earthquake|p2a: Scizor","|-damage|p2a: Scizor|250/343","|","|turn|6","|","|move|p2a: Scizor|Bug Bite|p1a: Swampert","|-damage|p1a: Swampert|124/401","|move|p1a: Swampert|Roar|p2a: Scizor","|drag|p2a: Excadrill|Excadrill, F|361/361","|-damage|p2a: Excadrill|350/361|[from] Stealth Rock","|-ability|p2a: Excadrill|Mold Breaker","|","|-heal|p1a: Swampert|149/401|[from] item: Leftovers","|turn|7","|","|move|p1a: Swampert|Protect|p1a: Swampert","|-singleturn|p1a: Swampert|Protect","|move|p2a: Excadrill|Earthquake|p1a: Swampert","|-activate|p1a: Swampert|Protect","|","|-heal|p1a: Swampert|174/401|[from] item: Leftovers","|turn|8","|","|move|p2a: Excadrill|Earthquake|p1a: Swampert","|-damage|p1a: Swampert|23/401","|move|p1a: Swampert|Roar|p2a: Excadrill","|drag|p2a: Skarmory|Skarmory, F|334/334","|-damage|p2a: Skarmory|293/334|[from] Stealth Rock","|","|-heal|p2a: Skarmory|313/334|[from] item: Leftovers","|-heal|p1a: Swampert|48/401|[from] item: Leftovers","|turn|9","|","|move|p2a: Skarmory|Drill Peck|p1a: Swampert","|-damage|p1a: Swampert|0 fnt","|faint|p1a: Swampert","|","|-heal|p2a: Skarmory|333/334|[from] item: Leftovers","|","|switch|p1a: Lanturn|Lanturn, M|401/401","|turn|10","|","|switch|p2a: Excadrill|Excadrill, F|350/361","|-damage|p2a: Excadrill|339/361|[from] Stealth Rock","|-ability|p2a: Excadrill|Mold Breaker","|move|p1a: Lanturn|Thunder Wave|p2a: Excadrill","|-immune|p2a: Excadrill|[msg]","|","|turn|11","|","|move|p2a: Excadrill|Rock Slide|p1a: Lanturn","|-damage|p1a: Lanturn|294/401","|cant|p1a: Lanturn|flinch","|","|-heal|p1a: Lanturn|319/401|[from] item: Leftovers","|turn|12","|","|switch|p2a: Heatran|Heatran, F|324/324","|-damage|p2a: Heatran|284/324|[from] Stealth Rock","|-item|p2a: Heatran|Air Balloon","|move|p1a: Lanturn|Scald|p2a: Heatran","|-supereffective|p2a: Heatran","|-damage|p2a: Heatran|126/324","|-enditem|p2a: Heatran|Air Balloon","|","|-heal|p1a: Lanturn|344/401|[from] item: Leftovers","|turn|13","|","|move|p2a: Heatran|Earth Power|p1a: Lanturn","|-supereffective|p1a: Lanturn","|-damage|p1a: Lanturn|114/401","|move|p1a: Lanturn|Scald|p2a: Heatran","|-supereffective|p2a: Heatran","|-damage|p2a: Heatran|0 fnt","|faint|p2a: Heatran","|","|-heal|p1a: Lanturn|139/401|[from] item: Leftovers","|","|switch|p2a: Bisharp|Bisharp, F|271/271","|-damage|p2a: Bisharp|255/271|[from] Stealth Rock","|turn|14","|","|move|p2a: Bisharp|Swords Dance|p2a: Bisharp","|-boost|p2a: Bisharp|atk|2","|move|p1a: Lanturn|Thunder Wave|p2a: Bisharp","|-status|p2a: Bisharp|par","|-enditem|p2a: Bisharp|Lum Berry|[eat]","|-curestatus|p2a: Bisharp|par","|","|-heal|p1a: Lanturn|164/401|[from] item: Leftovers","|turn|15","|","|move|p2a: Bisharp|Knock Off|p1a: Lanturn","|-damage|p1a: Lanturn|0 fnt","|-enditem|p1a: Lanturn|Leftovers|[from] move: Knock Off|[of] p2a: Bisharp","|faint|p1a: Lanturn","|","|","|switch|p1a: ~Keldeo~|Keldeo-Resolute|323/323","|turn|16","|","|move|p2a: Bisharp|Sucker Punch|p1a: ~Keldeo~","|-resisted|p1a: ~Keldeo~","|-damage|p1a: ~Keldeo~|156/323","|-boost|p1a: ~Keldeo~|atk|1|[from] ability: Justified","|move|p1a: ~Keldeo~|Secret Sword|p2a: Bisharp","|-supereffective|p2a: Bisharp","|-damage|p2a: Bisharp|0 fnt","|faint|p2a: Bisharp","|","|","|switch|p2a: Skarmory|Skarmory, F|333/334","|-damage|p2a: Skarmory|292/334|[from] Stealth Rock","|turn|17","|","|move|p1a: ~Keldeo~|Secret Sword|p2a: Skarmory","|-damage|p2a: Skarmory|193/334","|move|p2a: Skarmory|Defog|p1a: ~Keldeo~","|-unboost|p1a: ~Keldeo~|evasion|1","|-sideend|p2: Metalyte|Stealth Rock|[from] move: Defog|[of] p2a: Skarmory","|","|-heal|p2a: Skarmory|213/334|[from] item: Leftovers","|turn|18","|","|move|p1a: ~Keldeo~|Secret Sword|p2a: Skarmory","|-damage|p2a: Skarmory|120/334","|move|p2a: Skarmory|Roost|p2a: Skarmory","|-heal|p2a: Skarmory|287/334","|","|-heal|p2a: Skarmory|307/334|[from] item: Leftovers","|turn|19","|","|switch|p1a: Gyarados|Gyarados, F|353/353","|-ability|p1a: Gyarados|Intimidate","|-unboost|p2a: Skarmory|atk|1","|switch|p2a: Scizor|Scizor-Mega, M|250/343","|","|turn|20","|","|switch|p2a: Skarmory|Skarmory, F|307/334","|move|p1a: Gyarados|Substitute|p1a: Gyarados","|-start|p1a: Gyarados|Substitute","|-damage|p1a: Gyarados|265/353","|","|-heal|p1a: Gyarados|287/353|[from] item: Leftovers","|-heal|p2a: Skarmory|327/334|[from] item: Leftovers","|turn|21","|","|move|p1a: Gyarados|Dragon Dance|p1a: Gyarados","|-boost|p1a: Gyarados|atk|1","|-boost|p1a: Gyarados|spe|1","|move|p2a: Skarmory|Whirlwind|p1a: Gyarados","|drag|p1a: ~Keldeo~|Keldeo-Resolute|156/323","|","|-heal|p2a: Skarmory|334/334|[from] item: Leftovers","|turn|22","|","|switch|p2a: Scizor|Scizor-Mega, M|250/343","|move|p1a: ~Keldeo~|Hidden Power|p2a: Scizor","|-supereffective|p2a: Scizor","|-damage|p2a: Scizor|0 fnt","|faint|p2a: Scizor","|","|","|switch|p2a: Magnezone|Magnezone|281/281","|turn|23","|","|move|p1a: ~Keldeo~|Hidden Power|p2a: Magnezone","|-supereffective|p2a: Magnezone","|-damage|p2a: Magnezone|115/281","|move|p2a: Magnezone|Volt Switch|p1a: ~Keldeo~","|-crit|p1a: ~Keldeo~","|-supereffective|p1a: ~Keldeo~","|-damage|p1a: ~Keldeo~|0 fnt","|faint|p1a: ~Keldeo~","|","|switch|p2a: Skarmory|Skarmory, F|334/334","|","|","|switch|p1a: 2mu(h$w@g|Blastoise, M|361/361","|turn|24","|","|detailschange|p1a: 2mu(h$w@g|Blastoise-Mega, M","|-mega|p1a: 2mu(h$w@g|Blastoise|Blastoisinite","|move|p1a: 2mu(h$w@g|Aura Sphere|p2a: Skarmory","|-damage|p2a: Skarmory|125/334","|move|p2a: Skarmory|Drill Peck|p1a: 2mu(h$w@g","|-damage|p1a: 2mu(h$w@g|297/361","|","|-heal|p2a: Skarmory|145/334|[from] item: Leftovers","|turn|25","|","|move|p1a: 2mu(h$w@g|Aura Sphere|p2a: Skarmory","|-damage|p2a: Skarmory|0 fnt","|faint|p2a: Skarmory","|","|","|switch|p2a: Excadrill|Excadrill, F|339/361","|-ability|p2a: Excadrill|Mold Breaker","|turn|26","|","|move|p2a: Excadrill|Earthquake|p1a: 2mu(h$w@g","|-damage|p1a: 2mu(h$w@g|137/361","|move|p1a: 2mu(h$w@g|Hydro Pump|p2a: Excadrill","|-supereffective|p2a: Excadrill","|-damage|p2a: Excadrill|0 fnt","|faint|p2a: Excadrill","|","|","|switch|p2a: Magnezone|Magnezone|115/281","|turn|27","|","|move|p2a: Magnezone|Thunderbolt|p1a: 2mu(h$w@g","|-crit|p1a: 2mu(h$w@g","|-supereffective|p1a: 2mu(h$w@g","|-damage|p1a: 2mu(h$w@g|0 fnt","|faint|p1a: 2mu(h$w@g","|","|","|switch|p1a: Tentacruel|Tentacruel, F|340/340","|turn|28","|","|move|p2a: Magnezone|Thunderbolt|p1a: Tentacruel","|-supereffective|p1a: Tentacruel","|-damage|p1a: Tentacruel|50/340","|move|p1a: Tentacruel|Scald|p2a: Magnezone","|-damage|p2a: Magnezone|28/281","|","|-heal|p1a: Tentacruel|71/340|[from] item: Black Sludge","|turn|29","|","|move|p2a: Magnezone|Thunderbolt|p1a: Tentacruel","|-supereffective|p1a: Tentacruel","|-damage|p1a: Tentacruel|0 fnt","|faint|p1a: Tentacruel","|","|","|switch|p1a: Gyarados|Gyarados, F|287/353","|-ability|p1a: Gyarados|Intimidate","|-unboost|p2a: Magnezone|atk|1","|turn|30","|","|move|p2a: Magnezone|Thunderbolt|p1a: Gyarados","|-supereffective|p1a: Gyarados","|-damage|p1a: Gyarados|0 fnt","|faint|p1a: Gyarados","|","|win|Metalyte"],"p1rating":{"entryid":"259244","serverid":"eos","formatid":"monotype","userid":"slrealms","username":"SL Realms","w":"0","l":2,"t":"0","gxe":41.6,"r":"1500","rd":"130","sigma":"0","rptime":"1440147600","rpr":1432.795147966,"rprd":116.66335634972,"rpsigma":"0","acre":1000,"lacre":1000,"oldacre":"1000"},"p2rating":{"entryid":261411,"formatid":"monotype","userid":"metalyte","username":"Metalyte","r":1500,"rd":130,"sigma":0,"rpr":1540.1606143388,"rprd":122.8583080769,"rpsigma":0,"rptime":1440147600,"w":1,"l":0,"t":0,"gxe":55,"acre":1040,"lacre":1040,"oldacre":1000},"endType":"normal"}