{"seed":[9056,6834,34127,29536],"turns":35,"p1":"Marina","p2":"Seven Swell","p1team":[{"name":"Vanilluxe","species":"Vanilluxe","item":"focussash","ability":"Weak Armor","moves":["freezedry","flashcannon","autotomize","hiddenpowerfire"],"nature":"Modest","evs":{"hp":248,"atk":0,"def":0,"spa":252,"spd":8,"spe":0},"ivs":{"hp":31,"atk":30,"def":31,"spa":30,"spd":31,"spe":30}},{"name":"Glalie","species":"Glalie","item":"glalitite","ability":"Inner Focus","moves":["bodyslam","earthquake","ironhead","crunch"],"nature":"Jolly","evs":{"hp":0,"atk":252,"def":0,"spa":4,"spd":0,"spe":252},"ivs":{"hp":31,"atk":31,"def":31,"spa":31,"spd":31,"spe":31}},{"name":"Cryogonal","species":"Cryogonal","item":"leftovers","ability":"Levitate","moves":["rapidspin","freezedry","recover","signalbeam"],"nature":"Calm","evs":{"hp":252,"atk":0,"def":0,"spa":0,"spd":252,"spe":0},"ivs":{"hp":31,"atk":31,"def":31,"spa":31,"spd":31,"spe":31}},{"name":"Regice","species":"Regice","item":"leftovers","ability":"Clear Body","moves":["icebeam","thunderwave","focusblast","ancientpower"],"nature":"Modest","evs":{"hp":248,"atk":0,"def":0,"spa":252,"spd":8,"spe":0},"ivs":{"hp":31,"atk":31,"def":31,"spa":31,"spd":31,"spe":31}},{"name":"Beartic","species":"Beartic","item":"assaultvest","ability":"Snow Cloak","moves":["playrough","superpower","stoneedge","iciclecrash"],"nature":"Adamant","evs":{"hp":248,"atk":252,"def":0,"spa":0,"spd":8,"spe":0},"ivs":{"hp":31,"atk":31,"def":31,"spa":31,"spd":31,"spe":31}},{"name":"Avalugg","species":"Avalugg","item":"leftovers","ability":"Sturdy","moves":["rapidspin","roar","avalanche","recover"],"nature":"Impish","evs":{"hp":248,"atk":8,"def":252,"spa":0,"spd":0,"spe":0},"ivs":{"hp":31,"atk":31,"def":31,"spa":31,"spd":31,"spe":31}}],"p2team":[{"name":"Mew","species":"Mew","item":"leftovers","ability":"Synchronize","moves":["roost","toxic","healbell","aurasphere"],"nature":"Calm","evs":{"hp":252,"atk":0,"def":0,"spa":4,"spd":252,"spe":0},"ivs":{"hp":31,"atk":0,"def":31,"spa":31,"spd":31,"spe":31}},{"name":"Slowbro","species":"Slowbro","item":"rockyhelmet","ability":"Regenerator","moves":["scald","yawn","flamethrower","slackoff"],"nature":"Bold","evs":{"hp":252,"atk":0,"def":252,"spa":4,"spd":0,"spe":0},"ivs":{"hp":31,"atk":0,"def":31,"spa":31,"spd":31,"spe":31}},{"name":"Deoxys-Speed","species":"Deoxys-Speed","item":"focussash","ability":"Pressure","moves":["stealthrock","thunderbolt","thunderwave","icebeam"],"nature":"Timid","evs":{"hp":252,"atk":0,"def":0,"spa":44,"spd":0,"spe":212},"ivs":{"hp":31,"atk":0,"def":31,"spa":31,"spd":31,"spe":31}},{"name":"Latias","species":"Latias","item":"leftovers","ability":"Levitate","moves":["dracometeor","psyshock","roost","defog"],"nature":"Timid","evs":{"hp":252,"atk":0,"def":0,"spa":4,"spd":0,"spe":252},"ivs":{"hp":31,"atk":0,"def":31,"spa":31,"spd":31,"spe":31}},{"name":"Hoopa-Unbound","species":"Hoopa-Unbound","item":"focussash","ability":"Magician","moves":["hyperspacefury","drainpunch","firepunch","gunkshot"],"nature":"Adamant","evs":{"hp":0,"atk":252,"def":0,"spa":0,"spd":4,"spe":252},"ivs":{"hp":31,"atk":31,"def":31,"spa":31,"spd":31,"spe":31}},{"name":"Gardevoir","species":"Gardevoir","item":"gardevoirite","ability":"Trace","moves":["hypervoice","psyshock","shadowball","taunt"],"nature":"Timid","evs":{"hp":0,"atk":0,"def":0,"spa":252,"spd":4,"spe":252},"ivs":{"hp":31,"atk":0,"def":31,"spa":31,"spd":31,"spe":31}}],"log":["|player|p1|Marina|138","|player|p2|Seven Swell|sevenswell.png","|gametype|singles","|gen|6","|tier|Monotype","|rated","|rule|Baton Pass Clause: Limit one Baton Passer, can't pass Spe and other stats simultaneously","|rule|Swagger Clause: Swagger is banned","|rule|Same Type Clause: Pokémon in a team must share a type","|clearpoke","|poke|p1|Vanilluxe, M","|poke|p1|Glalie, F","|poke|p1|Cryogonal","|poke|p1|Regice","|poke|p1|Beartic, F","|poke|p1|Avalugg, M","|poke|p2|Mew","|poke|p2|Slowbro, M","|poke|p2|Deoxys-Speed","|poke|p2|Latias, F","|poke|p2|Hoopa-Unbound","|poke|p2|Gardevoir, M","|rule|Sleep Clause Mod: Limit one foe put to sleep","|rule|Species Clause: Limit one of each Pokémon","|rule|OHKO Clause: OHKO moves are banned","|rule|Moody Clause: Moody is banned","|rule|Evasion Moves Clause: Evasion moves are banned","|rule|Endless Battle Clause: Forcing endless battles is banned","|rule|HP Percentage Mod: HP is shown in percentages","|teampreview","|","|start","|switch|p1a: Glalie|Glalie, F|301/301","|switch|p2a: Gardevoir|Gardevoir, M|277/277","|-ability|p2a: Gardevoir|Inner Focus|[from] ability: Trace|[of] p1a: Glalie","|turn|1","|","|detailschange|p2a: Gardevoir|Gardevoir-Mega, M","|-mega|p2a: Gardevoir|Gardevoir|Gardevoirite","|detailschange|p1a: Glalie|Glalie-Mega, F","|-mega|p1a: Glalie|Glalie|Glalitite","|move|p1a: Glalie|Iron Head|p2a: Gardevoir","|-crit|p2a: Gardevoir","|-supereffective|p2a: Gardevoir","|-damage|p2a: Gardevoir|0 fnt","|faint|p2a: Gardevoir","|","|","|switch|p2a: Slowbro|Slowbro, M|394/394","|turn|2","|","|switch|p1a: Regice|Regice|363/363","|move|p2a: Slowbro|Scald|p1a: Regice","|-damage|p1a: Regice|311/363","|-status|p1a: Regice|brn","|","|-heal|p1a: Regice|333/363 brn|[from] item: Leftovers","|-damage|p1a: Regice|288/363 brn|[from] brn","|turn|3","|","|switch|p2a: Hoopa-Unbound|Hoopa-Unbound|301/301","|move|p1a: Regice|Thunder Wave|p2a: Hoopa-Unbound","|-status|p2a: Hoopa-Unbound|par","|","|-heal|p1a: Regice|310/363 brn|[from] item: Leftovers","|-damage|p1a: Regice|265/363 brn|[from] brn","|turn|4","|","|switch|p2a: Mew|Mew|404/404","|move|p1a: Regice|Ice Beam|p2a: Mew","|-damage|p2a: Mew|293/404","|-status|p2a: Mew|frz","|","|-heal|p2a: Mew|318/404 frz|[from] item: Leftovers","|-heal|p1a: Regice|287/363 brn|[from] item: Leftovers","|-damage|p1a: Regice|242/363 brn|[from] brn","|turn|5","|","|switch|p1a: Glalie|Glalie-Mega, F|301/301","|cant|p2a: Mew|frz","|","|-heal|p2a: Mew|343/404 frz|[from] item: Leftovers","|turn|6","|","|switch|p2a: Slowbro|Slowbro, M|394/394","|move|p1a: Glalie|Crunch|p2a: Slowbro","|-supereffective|p2a: Slowbro","|-damage|p2a: Slowbro|266/394","|-damage|p1a: Glalie|251/301|[from] item: Rocky Helmet|[of] p2a: Slowbro","|","|turn|7","|","|switch|p1a: Regice|Regice|242/363 brn","|move|p2a: Slowbro|Slack Off|p2a: Slowbro","|-heal|p2a: Slowbro|394/394","|","|-heal|p1a: Regice|264/363 brn|[from] item: Leftovers","|-damage|p1a: Regice|219/363 brn|[from] brn","|turn|8","|","|switch|p2a: Mew|Mew|343/404 frz","|move|p1a: Regice|Ice Beam|p2a: Mew","|-damage|p2a: Mew|234/404 frz","|","|-heal|p2a: Mew|259/404 frz|[from] item: Leftovers","|-heal|p1a: Regice|241/363 brn|[from] item: Leftovers","|-damage|p1a: Regice|196/363 brn|[from] brn","|turn|9","|","|-curestatus|p2a: Mew|frz","|move|p2a: Mew|Heal Bell|p2a: Mew","|-cureteam|p2a: Mew|[from] move: HealBell","|move|p1a: Regice|Ice Beam|p2a: Mew","|-damage|p2a: Mew|154/404","|","|-heal|p2a: Mew|179/404|[from] item: Leftovers","|-heal|p1a: Regice|218/363 brn|[from] item: Leftovers","|-damage|p1a: Regice|173/363 brn|[from] brn","|turn|10","|","|move|p2a: Mew|Roost|p2a: Mew","|-heal|p2a: Mew|381/404","|move|p1a: Regice|Thunder Wave|p2a: Mew","|-status|p2a: Mew|par","|","|-heal|p1a: Regice|195/363 brn|[from] item: Leftovers","|-heal|p2a: Mew|404/404 par|[from] item: Leftovers","|-damage|p1a: Regice|150/363 brn|[from] brn","|turn|11","|","|move|p1a: Regice|Ice Beam|p2a: Mew","|-damage|p2a: Mew|304/404 par","|cant|p2a: Mew|par","|","|-heal|p1a: Regice|172/363 brn|[from] item: Leftovers","|-heal|p2a: Mew|329/404 par|[from] item: Leftovers","|-damage|p1a: Regice|127/363 brn|[from] brn","|turn|12","|","|move|p1a: Regice|Ice Beam|p2a: Mew","|-damage|p2a: Mew|223/404 par","|cant|p2a: Mew|par","|","|-heal|p1a: Regice|149/363 brn|[from] item: Leftovers","|-heal|p2a: Mew|248/404 par|[from] item: Leftovers","|-damage|p1a: Regice|104/363 brn|[from] brn","|turn|13","|","|move|p1a: Regice|Thunder Wave|p2a: Mew","|-fail|p2a: Mew|par","|cant|p2a: Mew|par","|","|-heal|p1a: Regice|126/363 brn|[from] item: Leftovers","|-heal|p2a: Mew|273/404 par|[from] item: Leftovers","|-damage|p1a: Regice|81/363 brn|[from] brn","|turn|14","|","|move|p1a: Regice|Ice Beam|p2a: Mew","|-damage|p2a: Mew|174/404 par","|move|p2a: Mew|Heal Bell|p2a: Mew","|-cureteam|p2a: Mew|[from] move: HealBell","|","|-heal|p2a: Mew|199/404|[from] item: Leftovers","|-heal|p1a: Regice|103/363 brn|[from] item: Leftovers","|-damage|p1a: Regice|58/363 brn|[from] brn","|turn|15","|","|move|p2a: Mew|Roost|p2a: Mew","|-heal|p2a: Mew|401/404","|move|p1a: Regice|Thunder Wave|p2a: Mew","|-status|p2a: Mew|par","|","|-heal|p1a: Regice|80/363 brn|[from] item: Leftovers","|-heal|p2a: Mew|404/404 par|[from] item: Leftovers","|-damage|p1a: Regice|35/363 brn|[from] brn","|turn|16","|","|move|p1a: Regice|Ice Beam|p2a: Mew","|-damage|p2a: Mew|304/404 par","|move|p2a: Mew|Aura Sphere|p1a: Regice","|-supereffective|p1a: Regice","|-damage|p1a: Regice|0 fnt","|faint|p1a: Regice","|","|-heal|p2a: Mew|329/404 par|[from] item: Leftovers","|","|switch|p1a: Glalie|Glalie-Mega, F|251/301","|turn|17","|","|switch|p2a: Slowbro|Slowbro, M|394/394","|move|p1a: Glalie|Crunch|p2a: Slowbro","|-supereffective|p2a: Slowbro","|-damage|p2a: Slowbro|266/394","|-damage|p1a: Glalie|201/301|[from] item: Rocky Helmet|[of] p2a: Slowbro","|","|turn|18","|","|switch|p1a: Cryogonal|Cryogonal|344/344","|move|p2a: Slowbro|Flamethrower|p1a: Cryogonal","|-supereffective|p1a: Cryogonal","|-damage|p1a: Cryogonal|262/344","|-status|p1a: Cryogonal|brn","|","|-heal|p1a: Cryogonal|283/344 brn|[from] item: Leftovers","|-damage|p1a: Cryogonal|240/344 brn|[from] brn","|turn|19","|","|switch|p2a: Latias|Latias, F|364/364","|move|p1a: Cryogonal|Signal Beam|p2a: Latias","|-supereffective|p2a: Latias","|-damage|p2a: Latias|272/364","|","|-heal|p2a: Latias|294/364|[from] item: Leftovers","|-heal|p1a: Cryogonal|261/344 brn|[from] item: Leftovers","|-damage|p1a: Cryogonal|218/344 brn|[from] brn","|turn|20","|","|move|p2a: Latias|Psyshock|p1a: Cryogonal","|-damage|p1a: Cryogonal|0 fnt","|faint|p1a: Cryogonal","|","|-heal|p2a: Latias|316/364|[from] item: Leftovers","|","|switch|p1a: Beartic|Beartic, F|393/393","|turn|21","|","|switch|p2a: Slowbro|Slowbro, M|394/394","|switch|p1a: Vanilluxe|Vanilluxe, M|345/345","|","|turn|22","|","|switch|p2a: Deoxys-Speed|Deoxys-Speed|304/304","|-ability|p2a: Deoxys-Speed|Pressure","|move|p1a: Vanilluxe|Freeze-Dry|p2a: Deoxys-Speed","|-damage|p2a: Deoxys-Speed|178/304","|","|turn|23","|","|switch|p1a: Avalugg|Avalugg, M|393/393","|move|p2a: Deoxys-Speed|Thunder Wave|p1a: Avalugg","|-status|p1a: Avalugg|par","|","|turn|24","|","|switch|p2a: Slowbro|Slowbro, M|394/394","|cant|p1a: Avalugg|par","|","|turn|25","|","|switch|p1a: Beartic|Beartic, F|393/393","|move|p2a: Slowbro|Flamethrower|p1a: Beartic","|-supereffective|p1a: Beartic","|-damage|p1a: Beartic|287/393","|","|turn|26","|","|move|p1a: Beartic|Stone Edge|p2a: Slowbro","|-damage|p2a: Slowbro|314/394","|move|p2a: Slowbro|Scald|p1a: Beartic","|-damage|p1a: Beartic|212/393","|-status|p1a: Beartic|brn","|","|-damage|p1a: Beartic|163/393 brn|[from] brn","|turn|27","|","|move|p1a: Beartic|Stone Edge|p2a: Slowbro","|-crit|p2a: Slowbro","|-damage|p2a: Slowbro|254/394","|move|p2a: Slowbro|Yawn|p1a: Beartic","|-fail|p1a: Beartic","|","|-damage|p1a: Beartic|114/393 brn|[from] brn","|turn|28","|","|move|p1a: Beartic|Icicle Crash|p2a: Slowbro","|-resisted|p2a: Slowbro","|-damage|p2a: Slowbro|230/394","|cant|p2a: Slowbro|flinch","|","|-damage|p1a: Beartic|65/393 brn|[from] brn","|turn|29","|","|switch|p1a: Vanilluxe|Vanilluxe, M|345/345","|move|p2a: Slowbro|Slack Off|p2a: Slowbro","|-heal|p2a: Slowbro|394/394","|","|turn|30","|","|switch|p2a: Mew|Mew|329/404 par","|move|p1a: Vanilluxe|Autotomize|p1a: Vanilluxe","|-boost|p1a: Vanilluxe|spe|2","|-start|p1a: Vanilluxe|Autotomize","|","|-heal|p2a: Mew|354/404 par|[from] item: Leftovers","|turn|31","|","|move|p1a: Vanilluxe|Freeze-Dry|p2a: Mew","|-damage|p2a: Mew|269/404 par","|move|p2a: Mew|Aura Sphere|p1a: Vanilluxe","|-supereffective|p1a: Vanilluxe","|-damage|p1a: Vanilluxe|219/345","|","|-heal|p2a: Mew|294/404 par|[from] item: Leftovers","|turn|32","|","|move|p1a: Vanilluxe|Freeze-Dry|p2a: Mew","|-damage|p2a: Mew|213/404 par","|move|p2a: Mew|Roost|p2a: Mew","|-heal|p2a: Mew|404/404 par","|","|turn|33","|","|move|p1a: Vanilluxe|Freeze-Dry|p2a: Mew","|-damage|p2a: Mew|319/404 par","|cant|p2a: Mew|par","|","|-heal|p2a: Mew|344/404 par|[from] item: Leftovers","|turn|34","|","|move|p1a: Vanilluxe|Freeze-Dry|p2a: Mew","|-damage|p2a: Mew|259/404 par","|cant|p2a: Mew|par","|","|-heal|p2a: Mew|284/404 par|[from] item: Leftovers","|turn|35","|","|win|Seven Swell"],"p1rating":{"entryid":245171,"formatid":"monotype","userid":"marina","username":"Marina","r":1500,"rd":130,"sigma":0,"rpr":1476.0761984618,"rprd":123.46369871264,"rpsigma":0,"rptime":1440147600,"w":0,"l":1,"t":0,"gxe":47,"acre":1000,"lacre":1000,"oldacre":1000},"p2rating":{"entryid":"86214","serverid":"eos","formatid":"monotype","userid":"sevenswell","username":"Seven Swell","w":30,"l":"10","t":"0","gxe":71.4,"r":"1669.3412090831","rd":"56.183214235022","sigma":"0","rptime":"1440147600","rpr":1674.1050835793,"rprd":55.674459327297,"rpsigma":"0","acre":1283.4823434735,"lacre":1283.4823434735,"oldacre":"1274.9624572383"},"endType":"forfeit"}