{"seed":[29472,39274,42819,8233],"turns":20,"p1":"King Capo","p2":"Jake1079","p1team":[{"name":"Bisharp","species":"Bisharp","item":"lumberry","ability":"Defiant","moves":["ironhead","knockoff","lowkick","suckerpunch"],"nature":"Adamant","evs":{"hp":192,"atk":252,"def":0,"spa":0,"spd":64,"spe":0},"ivs":{"hp":31,"atk":31,"def":31,"spa":31,"spd":31,"spe":31}},{"name":"Weavile","species":"Weavile","item":"lifeorb","ability":"Pressure","moves":["iciclecrash","iceshard","knockoff","lowkick"],"nature":"Jolly","evs":{"hp":0,"atk":252,"def":24,"spa":0,"spd":0,"spe":232},"ivs":{"hp":31,"atk":31,"def":31,"spa":31,"spd":31,"spe":31}},{"name":"Tyranitar","species":"Tyranitar","item":"leftovers","ability":"Sand Stream","moves":["stealthrock","stoneedge","fireblast","icebeam"],"nature":"Relaxed","evs":{"hp":248,"atk":0,"def":80,"spa":0,"spd":180,"spe":0},"ivs":{"hp":31,"atk":31,"def":31,"spa":31,"spd":31,"spe":31}},{"name":"Crawdaunt","species":"Crawdaunt","item":"lifeorb","ability":"Adaptability","moves":["crabhammer","crunch","dragondance","aquajet"],"nature":"Jolly","evs":{"hp":4,"atk":252,"def":0,"spa":0,"spd":0,"spe":252},"ivs":{"hp":31,"atk":31,"def":31,"spa":31,"spd":31,"spe":31}},{"name":"Hydreigon","species":"Hydreigon","item":"choicescarf","ability":"Levitate","moves":["darkpulse","dracometeor","irontail","fireblast"],"nature":"Naive","evs":{"hp":0,"atk":4,"def":0,"spa":252,"spd":0,"spe":252},"ivs":{"hp":31,"atk":31,"def":31,"spa":31,"spd":31,"spe":31}},{"name":"Mandibuzz","species":"Mandibuzz","item":"leftovers","ability":"Overcoat","moves":["foulplay","bravebird","roost","defog"],"nature":"Impish","evs":{"hp":252,"atk":0,"def":152,"spa":0,"spd":104,"spe":0},"ivs":{"hp":31,"atk":31,"def":31,"spa":31,"spd":31,"spe":31}}],"p2team":[{"name":"Hoopa-Unbound","species":"Hoopa-Unbound","item":"choicescarf","ability":"Magician","moves":["focusblast","thunderbolt","psychic","darkpulse"],"nature":"Timid","evs":{"hp":0,"atk":0,"def":0,"spa":252,"spd":4,"spe":252},"ivs":{"hp":31,"atk":31,"def":31,"spa":31,"spd":31,"spe":31}},{"name":"Mandibuzz","species":"Mandibuzz","item":"rockyhelmet","ability":"Overcoat","moves":["toxic","roost","foulplay","defog"],"nature":"Impish","evs":{"hp":252,"atk":4,"def":252,"spa":0,"spd":0,"spe":0},"ivs":{"hp":31,"atk":31,"def":31,"spa":31,"spd":31,"spe":31}},{"name":"Sableye","species":"Sableye","item":"leftovers","ability":"Prankster","moves":["recover","willowisp","knockoff","taunt"],"nature":"Careful","evs":{"hp":252,"atk":4,"def":0,"spa":0,"spd":252,"spe":0},"ivs":{"hp":31,"atk":31,"def":31,"spa":31,"spd":31,"spe":31}},{"name":"Hydreigon","species":"Hydreigon","item":"choicescarf","ability":"Levitate","moves":["uturn","dracometeor","darkpulse","fireblast"],"nature":"Timid","evs":{"hp":0,"atk":0,"def":0,"spa":252,"spd":4,"spe":252},"ivs":{"hp":31,"atk":31,"def":31,"spa":31,"spd":31,"spe":31}},{"name":"Bisharp","species":"Bisharp","item":"lifeorb","ability":"Defiant","moves":["knockoff","ironhead","suckerpunch","rockpolish"],"nature":"Adamant","evs":{"hp":0,"atk":252,"def":0,"spa":0,"spd":4,"spe":252},"ivs":{"hp":31,"atk":31,"def":31,"spa":31,"spd":31,"spe":31}},{"name":"Spiritomb","species":"Spiritomb","item":"leftovers","ability":"Infiltrator","moves":["willowisp","calmmind","hiddenpowerice","darkpulse"],"nature":"Modest","evs":{"hp":252,"atk":0,"def":0,"spa":252,"spd":4,"spe":0},"ivs":{"hp":31,"atk":30,"def":30,"spa":31,"spd":31,"spe":31}}],"log":["|player|p1|King Capo|7","|player|p2|Jake1079|281","|gametype|singles","|gen|6","|tier|Monotype","|rated","|rule|Baton Pass Clause: Limit one Baton Passer, can't pass Spe and other stats simultaneously","|rule|Swagger Clause: Swagger is banned","|rule|Same Type Clause: Pokémon in a team must share a type","|clearpoke","|poke|p1|Bisharp, F","|poke|p1|Weavile, F","|poke|p1|Tyranitar, M","|poke|p1|Crawdaunt, F","|poke|p1|Hydreigon, M","|poke|p1|Mandibuzz, F","|poke|p2|Hoopa-Unbound","|poke|p2|Mandibuzz, F","|poke|p2|Sableye, F","|poke|p2|Hydreigon, M","|poke|p2|Bisharp, M","|poke|p2|Spiritomb, M","|rule|Sleep Clause Mod: Limit one foe put to sleep","|rule|Species Clause: Limit one of each Pokémon","|rule|OHKO Clause: OHKO moves are banned","|rule|Moody Clause: Moody is banned","|rule|Evasion Moves Clause: Evasion moves are banned","|rule|Endless Battle Clause: Forcing endless battles is banned","|rule|HP Percentage Mod: HP is shown in percentages","|teampreview","|","|start","|switch|p1a: Tyranitar|Tyranitar, M|403/403","|switch|p2a: Spiritomb|Spiritomb, M|304/304","|-weather|Sandstorm","|turn|1","|","|move|p1a: Tyranitar|Stealth Rock|p2a: Spiritomb","|-sidestart|p2: Jake1079|move: Stealth Rock","|move|p2a: Spiritomb|Will-O-Wisp|p1a: Tyranitar","|-status|p1a: Tyranitar|brn","|","|-weather|Sandstorm|[upkeep]","|-damage|p2a: Spiritomb|285/304|[from] sandstorm","|-heal|p2a: Spiritomb|304/304|[from] item: Leftovers","|-damage|p1a: Tyranitar|353/403 brn|[from] brn","|turn|2","|","|move|p1a: Tyranitar|Ice Beam|p2a: Spiritomb","|-crit|p2a: Spiritomb","|-damage|p2a: Spiritomb|207/304","|move|p2a: Spiritomb|Calm Mind|p2a: Spiritomb","|-boost|p2a: Spiritomb|spa|1","|-boost|p2a: Spiritomb|spd|1","|","|-weather|Sandstorm|[upkeep]","|-damage|p2a: Spiritomb|188/304|[from] sandstorm","|-heal|p1a: Tyranitar|378/403 brn|[from] item: Leftovers","|-heal|p2a: Spiritomb|207/304|[from] item: Leftovers","|-damage|p1a: Tyranitar|328/403 brn|[from] brn","|turn|3","|","|switch|p1a: Crawdaunt|Crawdaunt, F|268/268","|move|p2a: Spiritomb|Calm Mind|p2a: Spiritomb","|-boost|p2a: Spiritomb|spa|1","|-boost|p2a: Spiritomb|spd|1","|","|-weather|Sandstorm|[upkeep]","|-damage|p1a: Crawdaunt|252/268|[from] sandstorm","|-damage|p2a: Spiritomb|188/304|[from] sandstorm","|-heal|p2a: Spiritomb|207/304|[from] item: Leftovers","|turn|4","|","|move|p1a: Crawdaunt|Crabhammer|p2a: Spiritomb","|-crit|p2a: Spiritomb","|-damage|p2a: Spiritomb|0 fnt","|-damage|p1a: Crawdaunt|226/268|[from] item: Life Orb","|faint|p2a: Spiritomb","|","|-weather|Sandstorm|[upkeep]","|-damage|p1a: Crawdaunt|210/268|[from] sandstorm","|","|switch|p2a: Sableye|Sableye, F|304/304","|-damage|p2a: Sableye|266/304|[from] Stealth Rock","|turn|5","|","|switch|p1a: Tyranitar|Tyranitar, M|328/403 brn","|move|p2a: Sableye|Will-O-Wisp|p1a: Tyranitar","|-fail|p1a: Tyranitar|brn","|","|-weather|none","|-heal|p1a: Tyranitar|353/403 brn|[from] item: Leftovers","|-heal|p2a: Sableye|285/304|[from] item: Leftovers","|-damage|p1a: Tyranitar|303/403 brn|[from] brn","|turn|6","|","|move|p1a: Tyranitar|Ice Beam|p2a: Sableye","|-damage|p2a: Sableye|219/304","|move|p2a: Sableye|Knock Off|p1a: Tyranitar","|-resisted|p1a: Tyranitar","|-damage|p1a: Tyranitar|268/403 brn","|-enditem|p1a: Tyranitar|Leftovers|[from] move: Knock Off|[of] p2a: Sableye","|","|-heal|p2a: Sableye|238/304|[from] item: Leftovers","|-damage|p1a: Tyranitar|218/403 brn|[from] brn","|turn|7","|","|move|p2a: Sableye|Recover|p2a: Sableye","|-heal|p2a: Sableye|304/304","|move|p1a: Tyranitar|Stone Edge|p2a: Sableye","|-damage|p2a: Sableye|207/304","|","|-heal|p2a: Sableye|226/304|[from] item: Leftovers","|-damage|p1a: Tyranitar|168/403 brn|[from] brn","|turn|8","|","|switch|p1a: Bisharp|Bisharp, F|319/319","|move|p2a: Sableye|Knock Off|p1a: Bisharp","|-resisted|p1a: Bisharp","|-damage|p1a: Bisharp|274/319","|-enditem|p1a: Bisharp|Lum Berry|[from] move: Knock Off|[of] p2a: Sableye","|","|-heal|p2a: Sableye|245/304|[from] item: Leftovers","|turn|9","|","|move|p2a: Sableye|Will-O-Wisp|p1a: Bisharp|[miss]","|-miss|p2a: Sableye|p1a: Bisharp","|move|p1a: Bisharp|Knock Off|p2a: Sableye","|-damage|p2a: Sableye|17/304","|-enditem|p2a: Sableye|Leftovers|[from] move: Knock Off|[of] p1a: Bisharp","|","|turn|10","|","|move|p2a: Sableye|Will-O-Wisp|p1a: Bisharp","|-status|p1a: Bisharp|brn","|move|p1a: Bisharp|Iron Head|p2a: Sableye","|-damage|p2a: Sableye|0 fnt","|faint|p2a: Sableye","|","|-damage|p1a: Bisharp|235/319 brn|[from] brn","|","|switch|p2a: Hydreigon|Hydreigon, M|325/325","|-damage|p2a: Hydreigon|285/325|[from] Stealth Rock","|turn|11","|","|switch|p1a: Tyranitar|Tyranitar, M|168/403 brn","|-weather|Sandstorm","|move|p2a: Hydreigon|Fire Blast|p1a: Tyranitar|[miss]","|-miss|p2a: Hydreigon|p1a: Tyranitar","|","|-weather|Sandstorm|[upkeep]","|-damage|p2a: Hydreigon|265/325|[from] sandstorm","|-damage|p1a: Tyranitar|118/403 brn|[from] brn","|turn|12","|","|move|p2a: Hydreigon|Fire Blast|p1a: Tyranitar|[miss]","|-miss|p2a: Hydreigon|p1a: Tyranitar","|move|p1a: Tyranitar|Fire Blast|p2a: Hydreigon|[miss]","|-miss|p1a: Tyranitar|p2a: Hydreigon","|","|-weather|Sandstorm|[upkeep]","|-damage|p2a: Hydreigon|245/325|[from] sandstorm","|-damage|p1a: Tyranitar|68/403 brn|[from] brn","|turn|13","|","|move|p2a: Hydreigon|Fire Blast|p1a: Tyranitar","|-resisted|p1a: Tyranitar","|-damage|p1a: Tyranitar|35/403 brn","|move|p1a: Tyranitar|Ice Beam|p2a: Hydreigon","|-supereffective|p2a: Hydreigon","|-damage|p2a: Hydreigon|99/325","|","|-weather|Sandstorm|[upkeep]","|-damage|p2a: Hydreigon|79/325|[from] sandstorm","|-damage|p1a: Tyranitar|0 fnt|[from] brn","|faint|p1a: Tyranitar","|","|switch|p1a: Crawdaunt|Crawdaunt, F|210/268","|turn|14","|","|switch|p2a: Mandibuzz|Mandibuzz, F|424/424","|-damage|p2a: Mandibuzz|318/424|[from] Stealth Rock","|move|p1a: Crawdaunt|Dragon Dance|p1a: Crawdaunt","|-boost|p1a: Crawdaunt|atk|1","|-boost|p1a: Crawdaunt|spe|1","|","|-weather|Sandstorm|[upkeep]","|-damage|p1a: Crawdaunt|194/268|[from] sandstorm","|turn|15","|","|move|p1a: Crawdaunt|Crabhammer|p2a: Mandibuzz|[miss]","|-miss|p1a: Crawdaunt|p2a: Mandibuzz","|move|p2a: Mandibuzz|Roost|p2a: Mandibuzz","|-heal|p2a: Mandibuzz|424/424","|","|-weather|none","|turn|16","|","|move|p1a: Crawdaunt|Crabhammer|p2a: Mandibuzz","|-damage|p2a: Mandibuzz|135/424","|-damage|p1a: Crawdaunt|150/268|[from] item: Rocky Helmet|[of] p2a: Mandibuzz","|-damage|p1a: Crawdaunt|124/268|[from] item: Life Orb","|move|p2a: Mandibuzz|Foul Play|p1a: Crawdaunt","|-resisted|p1a: Crawdaunt","|-damage|p1a: Crawdaunt|0 fnt","|faint|p1a: Crawdaunt","|","|","|switch|p1a: Weavile|Weavile, F|281/281","|-ability|p1a: Weavile|Pressure","|turn|17","|","|move|p1a: Weavile|Ice Shard|p2a: Mandibuzz","|-supereffective|p2a: Mandibuzz","|-damage|p2a: Mandibuzz|15/424","|-damage|p1a: Weavile|253/281|[from] item: Life Orb","|move|p2a: Mandibuzz|Roost|p2a: Mandibuzz","|-heal|p2a: Mandibuzz|227/424","|","|turn|18","|","|move|p1a: Weavile|Icicle Crash|p2a: Mandibuzz","|-supereffective|p2a: Mandibuzz","|-damage|p2a: Mandibuzz|0 fnt","|-damage|p1a: Weavile|225/281|[from] item: Life Orb","|faint|p2a: Mandibuzz","|","|","|switch|p2a: Bisharp|Bisharp, M|271/271","|-damage|p2a: Bisharp|255/271|[from] Stealth Rock","|turn|19","|","|move|p1a: Weavile|Low Kick|p2a: Bisharp","|-supereffective|p2a: Bisharp","|-damage|p2a: Bisharp|0 fnt","|-damage|p1a: Weavile|197/281|[from] item: Life Orb","|faint|p2a: Bisharp","|","|","|switch|p2a: Hydreigon|Hydreigon, M|79/325","|-damage|p2a: Hydreigon|39/325|[from] Stealth Rock","|turn|20","|","|move|p1a: Weavile|Ice Shard|p2a: Hydreigon","|-supereffective|p2a: Hydreigon","|-damage|p2a: Hydreigon|0 fnt","|-damage|p1a: Weavile|169/281|[from] item: Life Orb","|faint|p2a: Hydreigon","|","|","|win|King Capo"],"p1rating":{"entryid":"262861","serverid":"eos","formatid":"monotype","userid":"kingcapo","username":"King Capo","w":2,"l":"1","t":"0","gxe":53.5,"r":"1500","rd":"130","sigma":"0","rptime":"1440147600","rpr":1527.4742797924,"rprd":110.78380509791,"rpsigma":"0","acre":1082.4508068322,"lacre":1082.4508068322,"oldacre":"1050.9218485487"},"p2rating":{"entryid":"56288","serverid":"eos","formatid":"monotype","userid":"jake1079","username":"Jake1079","w":"11","l":17,"t":"0","gxe":43.4,"r":"1488.700667967","rd":"67.456810627052","sigma":"0","rptime":"1440147600","rpr":1449.4500048155,"rprd":63.441703864907,"rpsigma":"0","acre":1026.1017833571,"lacre":1026.1017833571,"oldacre":"1041.979311999"},"endType":"forfeit"}