{"seed":[46327,15468,2913,18330],"turns":19,"p1":"Inferno Sableye","p2":"Knight Miku","p1team":[{"name":"Not op","species":"sableye","item":"sablenite","ability":"Prankster","moves":["shadowball","recover","calmmind","willowisp"],"nature":"Bold","evs":{"hp":248,"atk":0,"def":252,"spa":0,"spd":8,"spe":0},"ivs":{"hp":31,"atk":0,"def":31,"spa":31,"spd":31,"spe":31}},{"name":"Rawwrrrr","species":"tyranitar","item":"leftovers","ability":"Sand Stream","moves":["stealthrock","thunderwave","rockslide","earthquake"],"nature":"Impish","evs":{"hp":252,"atk":0,"def":80,"spa":0,"spd":176,"spe":0},"ivs":{"hp":31,"atk":31,"def":31,"spa":31,"spd":31,"spe":31}},{"name":"Bish Plz","species":"bisharp","item":"lumberry","ability":"Defiant","moves":["knockoff","suckerpunch","ironhead","swordsdance"],"nature":"Adamant","evs":{"hp":0,"atk":252,"def":4,"spa":0,"spd":0,"spe":252},"gender":"M","shiny":true,"ivs":{"hp":31,"atk":31,"def":31,"spa":31,"spd":31,"spe":31}},{"name":"Oit of this world","species":"hoopaunbound","item":"choicescarf","ability":"Magician","moves":["gunkshot","hyperspacehole","hyperspacefury","drainpunch"],"nature":"Hasty","evs":{"hp":0,"atk":252,"def":0,"spa":4,"spd":0,"spe":252},"ivs":{"hp":31,"atk":31,"def":31,"spa":31,"spd":31,"spe":31}},{"name":"No pressure","species":"weavile","item":"lifeorb","ability":"Pressure","moves":["iciclecrash","iceshard","knockoff","lowkick"],"nature":"Jolly","evs":{"hp":0,"atk":252,"def":0,"spa":0,"spd":4,"spe":252},"ivs":{"hp":31,"atk":31,"def":31,"spa":31,"spd":31,"spe":31}},{"name":"Buzz off bitch","species":"mandibuzz","item":"rockyhelmet","ability":"Overcoat","moves":["roost","defog","whirlwind","foulplay"],"nature":"Bold","evs":{"hp":176,"atk":0,"def":252,"spa":0,"spd":80,"spe":0},"ivs":{"hp":31,"atk":31,"def":31,"spa":31,"spd":31,"spe":31}}],"p2team":[{"name":"Dargon Goon 1","species":"kyuremblack","item":"choicescarf","ability":"Teravolt","moves":["outrage","earthpower","fusionbolt","ironhead"],"nature":"Naive","evs":{"hp":0,"atk":252,"def":0,"spa":24,"spd":0,"spe":232},"ivs":{"hp":31,"atk":31,"def":31,"spa":31,"spd":31,"spe":31}},{"name":"Dargon Goon 2","species":"garchomp","item":"rockyhelmet","ability":"Rough Skin","moves":["stealthrock","endure","dragontail","fireblast"],"nature":"Impish","evs":{"hp":248,"atk":4,"def":252,"spa":0,"spd":4,"spe":0},"ivs":{"hp":31,"atk":31,"def":31,"spa":31,"spd":31,"spe":31}},{"name":"Dargon Goon 3","species":"latias","item":"latiasite","ability":"Levitate","moves":["defog","calmmind","hiddenpowerfire","roost"],"nature":"Bold","evs":{"hp":248,"atk":0,"def":252,"spa":8,"spd":0,"spe":0},"ivs":{"hp":31,"atk":30,"def":31,"spa":30,"spd":31,"spe":30}},{"name":"Dargon Goon 4","species":"latios","item":"lifeorb","ability":"Levitate","moves":["dracometeor","icebeam","thunderbolt","surf"],"nature":"Timid","evs":{"hp":0,"atk":0,"def":0,"spa":252,"spd":4,"spe":252},"ivs":{"hp":31,"atk":31,"def":31,"spa":31,"spd":31,"spe":31}},{"name":"Dargon Goon 5","species":"goodra","item":"assaultvest","ability":"Sap Sipper","moves":["dracometeor","sludgebomb","icebeam","fireblast"],"nature":"Calm","evs":{"hp":248,"atk":0,"def":80,"spa":0,"spd":180,"spe":0},"ivs":{"hp":31,"atk":31,"def":31,"spa":31,"spd":31,"spe":31}},{"name":"Dargon Goon 6","species":"dragonite","item":"weaknesspolicy","ability":"Multiscale","moves":["dragondance","extremespeed","dragonclaw","earthquake"],"nature":"Adamant","evs":{"hp":0,"atk":252,"def":0,"spa":0,"spd":4,"spe":252},"ivs":{"hp":31,"atk":31,"def":31,"spa":31,"spd":31,"spe":31}}],"log":["|player|p1|Inferno Sableye|infernosableye.gif","|player|p2|Knight Miku|27","|gametype|singles","|gen|6","|tier|Monotype","|rated","|rule|Baton Pass Clause: Limit one Baton Passer, can't pass Spe and other stats simultaneously","|rule|Swagger Clause: Swagger is banned","|rule|Same Type Clause: Pokémon in a team must share a type","|clearpoke","|poke|p1|Sableye, F","|poke|p1|Tyranitar, M","|poke|p1|Bisharp, M, shiny","|poke|p1|Hoopa-Unbound","|poke|p1|Weavile, M","|poke|p1|Mandibuzz, F","|poke|p2|Kyurem-Black","|poke|p2|Garchomp, F","|poke|p2|Latias, F","|poke|p2|Latios, M","|poke|p2|Goodra, M","|poke|p2|Dragonite, F","|rule|Sleep Clause Mod: Limit one foe put to sleep","|rule|Species Clause: Limit one of each Pokémon","|rule|OHKO Clause: OHKO moves are banned","|rule|Moody Clause: Moody is banned","|rule|Evasion Moves Clause: Evasion moves are banned","|rule|Endless Battle Clause: Forcing endless battles is banned","|rule|HP Percentage Mod: HP is shown in percentages","|teampreview","|","|start","|switch|p1a: Rawwrrrr|Tyranitar, M|404/404","|switch|p2a: Dargon Goon 2|Garchomp, F|419/419","|-weather|Sandstorm","|turn|1","|","|move|p2a: Dargon Goon 2|Stealth Rock|p1a: Rawwrrrr","|-sidestart|p1: Inferno Sableye|move: Stealth Rock","|move|p1a: Rawwrrrr|Stealth Rock|p2a: Dargon Goon 2","|-sidestart|p2: Knight Miku|move: Stealth Rock","|","|-weather|Sandstorm|[upkeep]","|turn|2","|","|switch|p1a: Buzz off bitch|Mandibuzz, F|405/405","|-damage|p1a: Buzz off bitch|304/405|[from] Stealth Rock","|move|p2a: Dargon Goon 2|Dragon Tail|p1a: Buzz off bitch","|-damage|p1a: Buzz off bitch|241/405","|-damage|p2a: Dargon Goon 2|350/419|[from] item: Rocky Helmet|[of] p1a: Buzz off bitch","|drag|p1a: Not op|Sableye, F|303/303","|-damage|p1a: Not op|266/303|[from] Stealth Rock","|","|-weather|Sandstorm|[upkeep]","|-damage|p1a: Not op|248/303|[from] sandstorm","|turn|3","|","|move|p1a: Not op|Will-O-Wisp|p2a: Dargon Goon 2","|-status|p2a: Dargon Goon 2|brn","|move|p2a: Dargon Goon 2|Dragon Tail|p1a: Not op","|-damage|p1a: Not op|209/303","|drag|p1a: Bish Plz|Bisharp, M, shiny|271/271","|-damage|p1a: Bish Plz|255/271|[from] Stealth Rock","|","|-weather|Sandstorm|[upkeep]","|-damage|p2a: Dargon Goon 2|298/419 brn|[from] brn","|turn|4","|","|switch|p1a: Buzz off bitch|Mandibuzz, F|241/405","|-damage|p1a: Buzz off bitch|140/405|[from] Stealth Rock","|move|p2a: Dargon Goon 2|Fire Blast|p1a: Buzz off bitch","|-damage|p1a: Buzz off bitch|74/405","|","|-weather|Sandstorm|[upkeep]","|-damage|p2a: Dargon Goon 2|246/419 brn|[from] brn","|turn|5","|","|move|p1a: Buzz off bitch|Roost|p1a: Buzz off bitch","|-heal|p1a: Buzz off bitch|277/405","|move|p2a: Dargon Goon 2|Dragon Tail|p1a: Buzz off bitch","|-damage|p1a: Buzz off bitch|247/405","|-damage|p2a: Dargon Goon 2|177/419 brn|[from] item: Rocky Helmet|[of] p1a: Buzz off bitch","|drag|p1a: Bish Plz|Bisharp, M, shiny|255/271","|-damage|p1a: Bish Plz|239/271|[from] Stealth Rock","|","|-weather|none","|-damage|p2a: Dargon Goon 2|125/419 brn|[from] brn","|turn|6","|","|move|p1a: Bish Plz|Sucker Punch|p2a: Dargon Goon 2","|-damage|p2a: Dargon Goon 2|16/419 brn","|-damage|p1a: Bish Plz|206/271|[from] ability: Rough Skin|[of] p2a: Dargon Goon 2","|-damage|p1a: Bish Plz|161/271|[from] item: Rocky Helmet|[of] p2a: Dargon Goon 2","|move|p2a: Dargon Goon 2|Dragon Tail|p1a: Bish Plz","|-crit|p1a: Bish Plz","|-resisted|p1a: Bish Plz","|-damage|p1a: Bish Plz|130/271","|drag|p1a: Oit of this world|Hoopa-Unbound|301/301","|-damage|p1a: Oit of this world|264/301|[from] Stealth Rock","|","|-damage|p2a: Dargon Goon 2|0 fnt|[from] brn","|faint|p2a: Dargon Goon 2","|","|switch|p2a: Dargon Goon 1|Kyurem-Black|391/391","|-damage|p2a: Dargon Goon 1|294/391|[from] Stealth Rock","|-ability|p2a: Dargon Goon 1|Teravolt","|turn|7","|","|switch|p1a: Buzz off bitch|Mandibuzz, F|247/405","|-damage|p1a: Buzz off bitch|146/405|[from] Stealth Rock","|move|p2a: Dargon Goon 1|Fusion Bolt|p1a: Buzz off bitch","|-supereffective|p1a: Buzz off bitch","|-damage|p1a: Buzz off bitch|0 fnt","|faint|p1a: Buzz off bitch","|","|","|switch|p1a: Rawwrrrr|Tyranitar, M|404/404","|-damage|p1a: Rawwrrrr|354/404|[from] Stealth Rock","|-weather|Sandstorm","|turn|8","|","|switch|p2a: Dargon Goon 4|Latios, M|301/301","|-damage|p2a: Dargon Goon 4|264/301|[from] Stealth Rock","|move|p1a: Rawwrrrr|Thunder Wave|p2a: Dargon Goon 4","|-status|p2a: Dargon Goon 4|par","|","|-weather|Sandstorm|[upkeep]","|-damage|p2a: Dargon Goon 4|246/301 par|[from] sandstorm","|-heal|p1a: Rawwrrrr|379/404|[from] item: Leftovers","|turn|9","|","|move|p1a: Rawwrrrr|Rock Slide|p2a: Dargon Goon 4","|-crit|p2a: Dargon Goon 4","|-damage|p2a: Dargon Goon 4|47/301 par","|move|p2a: Dargon Goon 4|Surf|p1a: Rawwrrrr","|-supereffective|p1a: Rawwrrrr","|-damage|p1a: Rawwrrrr|228/404","|-damage|p2a: Dargon Goon 4|17/301 par|[from] item: Life Orb","|","|-weather|Sandstorm|[upkeep]","|-damage|p2a: Dargon Goon 4|0 fnt|[from] sandstorm","|-heal|p1a: Rawwrrrr|253/404|[from] item: Leftovers","|faint|p2a: Dargon Goon 4","|","|switch|p2a: Dargon Goon 6|Dragonite, F|323/323","|-damage|p2a: Dargon Goon 6|243/323|[from] Stealth Rock","|turn|10","|","|move|p2a: Dargon Goon 6|Earthquake|p1a: Rawwrrrr","|-supereffective|p1a: Rawwrrrr","|-damage|p1a: Rawwrrrr|47/404","|move|p1a: Rawwrrrr|Rock Slide|p2a: Dargon Goon 6","|-supereffective|p2a: Dargon Goon 6","|-damage|p2a: Dargon Goon 6|0 fnt","|faint|p2a: Dargon Goon 6","|","|-weather|Sandstorm|[upkeep]","|-heal|p1a: Rawwrrrr|72/404|[from] item: Leftovers","|","|switch|p2a: Dargon Goon 5|Goodra, M|383/383","|-damage|p2a: Dargon Goon 5|336/383|[from] Stealth Rock","|turn|11","|","|move|p2a: Dargon Goon 5|Draco Meteor|p1a: Rawwrrrr","|-damage|p1a: Rawwrrrr|0 fnt","|-unboost|p2a: Dargon Goon 5|spa|2","|faint|p1a: Rawwrrrr","|","|-weather|Sandstorm|[upkeep]","|-damage|p2a: Dargon Goon 5|313/383|[from] sandstorm","|","|switch|p1a: Not op|Sableye, F|209/303","|-damage|p1a: Not op|172/303|[from] Stealth Rock","|turn|12","|","|switch|p2a: Dargon Goon 3|Latias, F|363/363","|-damage|p2a: Dargon Goon 3|318/363|[from] Stealth Rock","|move|p1a: Not op|Recover|p1a: Not op","|-heal|p1a: Not op|303/303","|","|-weather|none","|turn|13","|","|switch|p2a: Dargon Goon 5|Goodra, M|313/383","|-damage|p2a: Dargon Goon 5|266/383|[from] Stealth Rock","|switch|p1a: Bish Plz|Bisharp, M, shiny|130/271","|-damage|p1a: Bish Plz|114/271|[from] Stealth Rock","|","|turn|14","|","|move|p1a: Bish Plz|Knock Off|p2a: Dargon Goon 5","|-damage|p2a: Dargon Goon 5|38/383","|-enditem|p2a: Dargon Goon 5|Assault Vest|[from] move: Knock Off|[of] p1a: Bish Plz","|move|p2a: Dargon Goon 5|Fire Blast|p1a: Bish Plz","|-supereffective|p1a: Bish Plz","|-damage|p1a: Bish Plz|0 fnt","|faint|p1a: Bish Plz","|","|","|switch|p1a: Oit of this world|Hoopa-Unbound|264/301","|-damage|p1a: Oit of this world|227/301|[from] Stealth Rock","|turn|15","|","|move|p1a: Oit of this world|Hyperspace Fury|p2a: Dargon Goon 5","|-damage|p2a: Dargon Goon 5|0 fnt","|-unboost|p1a: Oit of this world|def|1","|faint|p2a: Dargon Goon 5","|","|","|switch|p2a: Dargon Goon 1|Kyurem-Black|294/391","|-damage|p2a: Dargon Goon 1|197/391|[from] Stealth Rock","|-ability|p2a: Dargon Goon 1|Teravolt","|turn|16","|","|move|p2a: Dargon Goon 1|Outrage|p1a: Oit of this world","|-damage|p1a: Oit of this world|0 fnt","|faint|p1a: Oit of this world","|","|","|switch|p1a: Not op|Sableye, F|303/303","|-damage|p1a: Not op|266/303|[from] Stealth Rock","|turn|17","|","|detailschange|p1a: Not op|Sableye-Mega, F","|-mega|p1a: Not op|Sableye|Sablenite","|move|p1a: Not op|Will-O-Wisp|p2a: Dargon Goon 1","|-status|p2a: Dargon Goon 1|brn","|move|p2a: Dargon Goon 1|Outrage|p1a: Not op|[from]lockedmove","|-damage|p1a: Not op|191/303","|-start|p2a: Dargon Goon 1|confusion|[fatigue]","|","|-damage|p2a: Dargon Goon 1|149/391 brn|[from] brn","|turn|18","|","|-activate|p2a: Dargon Goon 1|confusion","|-damage|p2a: Dargon Goon 1|118/391 brn|[from] confusion","|move|p1a: Not op|Recover|p1a: Not op","|-heal|p1a: Not op|303/303","|","|-damage|p2a: Dargon Goon 1|70/391 brn|[from] brn","|turn|19","|","|win|Inferno Sableye"],"p1rating":{"entryid":"83803","serverid":"eos","formatid":"monotype","userid":"infernosableye","username":"Inferno Sableye","w":28,"l":"7","t":"0","gxe":73.8,"r":"1685.4846891909","rd":"60.449398993906","sigma":"0","rptime":"1440147600","rpr":1697.8540377845,"rprd":58.818659963158,"rpsigma":"0","acre":1331.1457149816,"lacre":1331.1457149816,"oldacre":"1322.1915880407"},"p2rating":{"entryid":"161090","serverid":"eos","formatid":"monotype","userid":"knightmiku","username":"Knight Miku","w":"3","l":3,"t":"0","gxe":52.9,"r":"1506.8985589143","rd":"107.16904348661","sigma":"0","rptime":"1440147600","rpr":1522.7516184895,"rprd":99.43569227986,"rpsigma":"0","acre":1095.0066772033,"lacre":1095.0066772033,"oldacre":"1106.1993358794"},"endType":"forfeit"}