{"seed":[20043,46931,37191,61444],"turns":23,"p1":"Guard Quilluminati","p2":"Guard the stupid","p1team":[{"name":"Aggron","species":"Aggron","item":"aggronite","ability":"Sturdy","moves":["heavyslam","curse","rest","sleeptalk"],"nature":"Impish","evs":{"hp":252,"atk":0,"def":16,"spa":0,"spd":240,"spe":0},"shiny":true,"ivs":{"hp":31,"atk":31,"def":31,"spa":31,"spd":31,"spe":31}},{"name":"Aerodactyl","species":"Aerodactyl","item":"focussash","ability":"Rock Head","moves":["aerialace","honeclaws","stoneedge","firefang"],"nature":"Jolly","evs":{"hp":0,"atk":252,"def":0,"spa":0,"spd":4,"spe":252},"ivs":{"hp":31,"atk":31,"def":31,"spa":31,"spd":31,"spe":31}},{"name":"Cradily","species":"Cradily","item":"rockyhelmet","ability":"Storm Drain","moves":["gigadrain","stockpile","recover","toxic"],"nature":"Calm","evs":{"hp":44,"atk":0,"def":216,"spa":48,"spd":140,"spe":60},"ivs":{"hp":31,"atk":31,"def":31,"spa":31,"spd":31,"spe":31}},{"name":"Tyranitar","species":"Tyranitar","item":"assaultvest","ability":"Sand Stream","moves":["fireblast","crunch","earthquake","stoneedge"],"nature":"Naughty","evs":{"hp":252,"atk":152,"def":0,"spa":104,"spd":0,"spe":0},"ivs":{"hp":31,"atk":31,"def":31,"spa":31,"spd":31,"spe":31}},{"name":"Terrakion","species":"Terrakion","item":"choicescarf","ability":"Justified","moves":["closecombat","earthquake","ironhead","stoneedge"],"nature":"Jolly","evs":{"hp":0,"atk":252,"def":0,"spa":0,"spd":4,"spe":252},"ivs":{"hp":31,"atk":31,"def":31,"spa":31,"spd":31,"spe":31}},{"name":"Omastar","species":"Omastar","item":"focussash","ability":"Shell Armor","moves":["shellsmash","icebeam","surf","earthpower"],"nature":"Modest","evs":{"hp":0,"atk":0,"def":0,"spa":252,"spd":4,"spe":252},"ivs":{"hp":31,"atk":31,"def":31,"spa":31,"spd":31,"spe":31}}],"p2team":[{"name":"Medicham","species":"Medicham","item":"medichamite","ability":"Pure Power","moves":["fakeout","icepunch","drainpunch","bulletpunch"],"nature":"Adamant","evs":{"hp":152,"atk":252,"def":0,"spa":0,"spd":8,"spe":96},"ivs":{"hp":31,"atk":31,"def":31,"spa":31,"spd":31,"spe":31}},{"name":"Keldeo","species":"Keldeo","item":"choicespecs","ability":"Justified","moves":["hydropump","secretsword","icywind","hiddenpowerfire"],"nature":"Timid","evs":{"hp":0,"atk":0,"def":0,"spa":252,"spd":4,"spe":252},"ivs":{"hp":31,"atk":30,"def":31,"spa":30,"spd":31,"spe":30}},{"name":"Breloom","species":"Breloom","item":"focussash","ability":"Technician","moves":["swordsdance","rocktomb","spore","machpunch"],"nature":"Jolly","evs":{"hp":0,"atk":252,"def":0,"spa":0,"spd":4,"spe":252},"ivs":{"hp":31,"atk":31,"def":31,"spa":31,"spd":31,"spe":31}},{"name":"Conkeldurr","species":"Conkeldurr","item":"assaultvest","ability":"Iron Fist","moves":["poisonjab","drainpunch","rockslide","knockoff"],"nature":"Adamant","evs":{"hp":248,"atk":252,"def":0,"spa":0,"spd":8,"spe":0},"ivs":{"hp":31,"atk":31,"def":31,"spa":31,"spd":31,"spe":31}},{"name":"Terrakion","species":"Terrakion","item":"choicescarf","ability":"Justified","moves":["closecombat","stoneedge","earthquake","ironhead"],"nature":"Jolly","evs":{"hp":0,"atk":252,"def":0,"spa":0,"spd":4,"spe":252},"ivs":{"hp":31,"atk":31,"def":31,"spa":31,"spd":31,"spe":31}},{"name":"Hawlucha","species":"Hawlucha","item":"focussash","ability":"Unburden","moves":["highjumpkick","swordsdance","acrobatics","thunderpunch"],"nature":"Adamant","evs":{"hp":0,"atk":252,"def":0,"spa":0,"spd":4,"spe":252},"ivs":{"hp":31,"atk":31,"def":31,"spa":31,"spd":31,"spe":31}}],"log":["|player|p1|Guard Quilluminati|214","|player|p2|Guard the stupid|4","|gametype|singles","|gen|6","|tier|Monotype","|rated","|rule|Baton Pass Clause: Limit one Baton Passer, can't pass Spe and other stats simultaneously","|rule|Swagger Clause: Swagger is banned","|rule|Same Type Clause: Pokémon in a team must share a type","|clearpoke","|poke|p1|Aggron, M, shiny","|poke|p1|Aerodactyl, M","|poke|p1|Cradily, M","|poke|p1|Tyranitar, M","|poke|p1|Terrakion","|poke|p1|Omastar, F","|poke|p2|Medicham, F","|poke|p2|Keldeo","|poke|p2|Breloom, M","|poke|p2|Conkeldurr, F","|poke|p2|Terrakion","|poke|p2|Hawlucha, M","|rule|Sleep Clause Mod: Limit one foe put to sleep","|rule|Species Clause: Limit one of each Pokémon","|rule|OHKO Clause: OHKO moves are banned","|rule|Moody Clause: Moody is banned","|rule|Evasion Moves Clause: Evasion moves are banned","|rule|Endless Battle Clause: Forcing endless battles is banned","|rule|HP Percentage Mod: HP is shown in percentages","|teampreview","|","|start","|switch|p1a: Aerodactyl|Aerodactyl, M|301/301","|switch|p2a: Breloom|Breloom, M|261/261","|turn|1","|","|move|p1a: Aerodactyl|Aerial Ace|p2a: Breloom","|-crit|p2a: Breloom","|-supereffective|p2a: Breloom","|-enditem|p2a: Breloom|Focus Sash","|-damage|p2a: Breloom|1/261","|move|p2a: Breloom|Spore|p1a: Aerodactyl","|-status|p1a: Aerodactyl|slp","|","|turn|2","|","|switch|p1a: Tyranitar|Tyranitar, M|404/404","|-weather|Sandstorm","|move|p2a: Breloom|Swords Dance|p2a: Breloom","|-boost|p2a: Breloom|atk|2","|","|-weather|Sandstorm|[upkeep]","|-damage|p2a: Breloom|0 fnt|[from] sandstorm","|faint|p2a: Breloom","|","|switch|p2a: Hawlucha|Hawlucha, M|297/297","|turn|3","|","|switch|p1a: Cradily|Cradily, M|324/324","|move|p2a: Hawlucha|High Jump Kick|p1a: Cradily","|-crit|p1a: Cradily","|-supereffective|p1a: Cradily","|-damage|p1a: Cradily|0 fnt","|-damage|p2a: Hawlucha|248/297|[from] item: Rocky Helmet|[of] p1a: Cradily","|faint|p1a: Cradily","|","|-weather|Sandstorm|[upkeep]","|-damage|p2a: Hawlucha|230/297|[from] sandstorm","|","|switch|p1a: Terrakion|Terrakion|323/323","|turn|4","|","|switch|p2a: Keldeo|Keldeo|323/323","|move|p1a: Terrakion|Stone Edge|p2a: Keldeo","|-resisted|p2a: Keldeo","|-damage|p2a: Keldeo|224/323","|","|-weather|Sandstorm|[upkeep]","|-damage|p2a: Keldeo|204/323|[from] sandstorm","|turn|5","|","|switch|p1a: Aerodactyl|Aerodactyl, M|301/301 slp","|move|p2a: Keldeo|Secret Sword|p1a: Aerodactyl","|-enditem|p1a: Aerodactyl|Focus Sash","|-damage|p1a: Aerodactyl|1/301 slp","|","|-weather|Sandstorm|[upkeep]","|-damage|p2a: Keldeo|184/323|[from] sandstorm","|turn|6","|","|cant|p1a: Aerodactyl|slp","|move|p2a: Keldeo|Secret Sword|p1a: Aerodactyl","|-damage|p1a: Aerodactyl|0 fnt","|faint|p1a: Aerodactyl","|","|-weather|none","|","|switch|p1a: Aggron|Aggron, M, shiny|344/344","|turn|7","|","|detailschange|p1a: Aggron|Aggron-Mega, M, shiny","|-mega|p1a: Aggron|Aggron|Aggronite","|move|p2a: Keldeo|Secret Sword|p1a: Aggron","|-supereffective|p1a: Aggron","|-damage|p1a: Aggron|196/344","|move|p1a: Aggron|Curse|p1a: Aggron","|-unboost|p1a: Aggron|spe|1","|-boost|p1a: Aggron|atk|1","|-boost|p1a: Aggron|def|1","|","|turn|8","|","|move|p2a: Keldeo|Secret Sword|p1a: Aggron","|-supereffective|p1a: Aggron","|-damage|p1a: Aggron|100/344","|move|p1a: Aggron|Rest|p1a: Aggron","|-status|p1a: Aggron|slp","|-heal|p1a: Aggron|344/344 slp|[silent]","|-status|p1a: Aggron|slp|[from] move: Rest","|","|turn|9","|","|switch|p2a: Hawlucha|Hawlucha, M|230/297","|cant|p1a: Aggron|slp","|move|p1a: Aggron|Sleep Talk|p1a: Aggron","|move|p1a: Aggron|Rest|p1a: Aggron|[from]Sleep Talk","|-fail|p1a: Aggron","|","|turn|10","|","|move|p2a: Hawlucha|High Jump Kick|p1a: Aggron|[miss]","|-miss|p2a: Hawlucha|p1a: Aggron","|-damage|p2a: Hawlucha|82/297|[from] highjumpkick","|cant|p1a: Aggron|slp","|move|p1a: Aggron|Sleep Talk|p1a: Aggron","|move|p1a: Aggron|Rest|p1a: Aggron|[from]Sleep Talk","|-fail|p1a: Aggron","|","|turn|11","|","|move|p2a: Hawlucha|High Jump Kick|p1a: Aggron","|-supereffective|p1a: Aggron","|-damage|p1a: Aggron|262/344 slp","|-curestatus|p1a: Aggron|slp","|move|p1a: Aggron|Sleep Talk|p1a: Aggron","|-fail|p1a: Aggron","|","|turn|12","|","|move|p2a: Hawlucha|High Jump Kick|p1a: Aggron","|-supereffective|p1a: Aggron","|-damage|p1a: Aggron|172/344","|move|p1a: Aggron|Curse|p1a: Aggron","|-unboost|p1a: Aggron|spe|1","|-boost|p1a: Aggron|atk|1","|-boost|p1a: Aggron|def|1","|","|turn|13","|","|move|p2a: Hawlucha|Swords Dance|p2a: Hawlucha","|-boost|p2a: Hawlucha|atk|2","|move|p1a: Aggron|Curse|p1a: Aggron","|-unboost|p1a: Aggron|spe|1","|-boost|p1a: Aggron|atk|1","|-boost|p1a: Aggron|def|1","|","|turn|14","|","|move|p2a: Hawlucha|High Jump Kick|p1a: Aggron","|-supereffective|p1a: Aggron","|-damage|p1a: Aggron|73/344","|move|p1a: Aggron|Heavy Slam|p2a: Hawlucha","|-damage|p2a: Hawlucha|0 fnt","|faint|p2a: Hawlucha","|","|","|switch|p2a: Keldeo|Keldeo|184/323","|turn|15","|","|move|p2a: Keldeo|Hydro Pump|p1a: Aggron|[miss]","|-miss|p2a: Keldeo|p1a: Aggron","|move|p1a: Aggron|Rest|p1a: Aggron","|-status|p1a: Aggron|slp","|-heal|p1a: Aggron|344/344 slp|[silent]","|-status|p1a: Aggron|slp|[from] move: Rest","|","|turn|16","|","|move|p2a: Keldeo|Hydro Pump|p1a: Aggron","|-crit|p1a: Aggron","|-damage|p1a: Aggron|0 fnt","|faint|p1a: Aggron","|","|","|switch|p1a: Terrakion|Terrakion|323/323","|turn|17","|","|switch|p2a: Conkeldurr|Conkeldurr, F|413/413","|move|p1a: Terrakion|Close Combat|p2a: Conkeldurr","|-damage|p2a: Conkeldurr|187/413","|-unboost|p1a: Terrakion|def|1","|-unboost|p1a: Terrakion|spd|1","|","|turn|18","|","|switch|p1a: Omastar|Omastar, F|281/281","|move|p2a: Conkeldurr|Drain Punch|p1a: Omastar","|-supereffective|p1a: Omastar","|-enditem|p1a: Omastar|Focus Sash","|-damage|p1a: Omastar|1/281","|-heal|p2a: Conkeldurr|327/413|[from] drain|[of] p1a: Omastar","|","|turn|19","|","|move|p1a: Omastar|Surf|p2a: Conkeldurr","|-damage|p2a: Conkeldurr|176/413","|move|p2a: Conkeldurr|Knock Off|p1a: Omastar","|-damage|p1a: Omastar|0 fnt","|faint|p1a: Omastar","|","|","|switch|p1a: Terrakion|Terrakion|323/323","|turn|20","|","|move|p1a: Terrakion|Close Combat|p2a: Conkeldurr","|-damage|p2a: Conkeldurr|0 fnt","|-unboost|p1a: Terrakion|def|1","|-unboost|p1a: Terrakion|spd|1","|faint|p2a: Conkeldurr","|","|","|switch|p2a: Medicham|Medicham, F|299/299","|turn|21","|","|switch|p1a: Tyranitar|Tyranitar, M|404/404","|-weather|Sandstorm","|detailschange|p2a: Medicham|Medicham-Mega, F","|-mega|p2a: Medicham|Medicham|Medichamite","|move|p2a: Medicham|Fake Out|p1a: Tyranitar","|-resisted|p1a: Tyranitar","|-damage|p1a: Tyranitar|361/404","|","|-weather|Sandstorm|[upkeep]","|-damage|p2a: Medicham|281/299|[from] sandstorm","|turn|22","|","|move|p2a: Medicham|Drain Punch|p1a: Tyranitar","|-supereffective|p1a: Tyranitar","|-damage|p1a: Tyranitar|0 fnt","|-heal|p2a: Medicham|299/299|[from] drain|[of] p1a: Tyranitar","|faint|p1a: Tyranitar","|","|-weather|Sandstorm|[upkeep]","|-damage|p2a: Medicham|281/299|[from] sandstorm","|","|switch|p1a: Terrakion|Terrakion|323/323","|turn|23","|","|move|p1a: Terrakion|Earthquake|p2a: Medicham","|-damage|p2a: Medicham|152/299","|move|p2a: Medicham|Drain Punch|p1a: Terrakion","|-supereffective|p1a: Terrakion","|-damage|p1a: Terrakion|0 fnt","|-heal|p2a: Medicham|299/299|[from] drain|[of] p1a: Terrakion","|faint|p1a: Terrakion","|","|win|Guard the stupid"],"p1rating":{"entryid":"265729","serverid":"eos","formatid":"monotype","userid":"guardquilluminati","username":"Guard Quilluminati","w":"1","l":1,"t":"0","gxe":52.4,"r":"1500","rd":"130","sigma":"0","rptime":"1440147600","rpr":1519.3227644463,"rprd":116.71813740866,"rpsigma":"0","acre":1043.3935779406,"lacre":1043.3935779406,"oldacre":"1060.879128355"},"p2rating":{"entryid":"201594","serverid":"eos","formatid":"monotype","userid":"guardthestupid","username":"Guard the stupid","w":3,"l":"0","t":"0","gxe":64.3,"r":"1544.5624369779","rd":"122.52825782776","sigma":"0","rptime":"1440147600","rpr":1615.9293121497,"rprd":110.94406827006,"rpsigma":"0","acre":1114.9535263063,"lacre":1114.9535263063,"oldacre":"1090.8504746208"},"endType":"normal"}