{"seed":[35922,63105,21760,31163],"turns":36,"p1":"Emg_DemZii","p2":"Inferno DPX","p1team":[{"name":"Rotom-Wash","species":"Rotom-Wash","item":"chestoberry","ability":"Levitate","moves":["willowisp","hydropump","voltswitch","rest"],"nature":"Calm","evs":{"hp":252,"atk":0,"def":0,"spa":4,"spd":252,"spe":0},"shiny":true,"ivs":{"hp":31,"atk":31,"def":31,"spa":31,"spd":31,"spe":31}},{"name":"The Wall","species":"quagsire","item":"leftovers","ability":"Unaware","moves":["scald","toxic","recover","earthquake"],"nature":"Impish","evs":{"hp":252,"atk":4,"def":252,"spa":0,"spd":0,"spe":0},"shiny":true,"ivs":{"hp":31,"atk":31,"def":31,"spa":31,"spd":31,"spe":31}},{"name":"PokeSex;)","species":"tentacruel","item":"blacksludge","ability":"Liquid Ooze","moves":["rapidspin","raindance","icebeam","acidspray"],"nature":"Timid","evs":{"hp":0,"atk":0,"def":0,"spa":252,"spd":4,"spe":252},"shiny":true,"ivs":{"hp":31,"atk":31,"def":31,"spa":31,"spd":31,"spe":31}},{"name":"Rainbow Dash","species":"keldeoresolute","item":"choicescarf","ability":"Justified","moves":["hiddenpowerice","hydropump","secretsword","hyperbeam"],"nature":"Timid","evs":{"hp":0,"atk":0,"def":0,"spa":252,"spd":4,"spe":252},"ivs":{"hp":31,"atk":30,"def":30,"spa":31,"spd":31,"spe":31},"shiny":true},{"name":"Manaphy","species":"Manaphy","item":"leftovers","ability":"Hydration","moves":["tailglow","icebeam","psychic","rest"],"nature":"Modest","evs":{"hp":252,"atk":0,"def":0,"spa":252,"spd":4,"spe":0},"ivs":{"hp":31,"atk":31,"def":31,"spa":31,"spd":31,"spe":31}},{"name":"PowerHouse","species":"azumarill","item":"choiceband","ability":"Sap Sipper","moves":["playrough","aquajet","sleeptalk","icepunch"],"nature":"Adamant","evs":{"hp":248,"atk":252,"def":0,"spa":0,"spd":8,"spe":0},"shiny":true,"ivs":{"hp":31,"atk":31,"def":31,"spa":31,"spd":31,"spe":31}}],"p2team":[{"name":"Rotom-Heat","species":"Rotom-Heat","item":"leftovers","ability":"Levitate","moves":["willowisp","confuseray","voltswitch","overheat"],"nature":"Calm","evs":{"hp":252,"atk":0,"def":0,"spa":4,"spd":252,"spe":0},"ivs":{"hp":31,"atk":31,"def":31,"spa":31,"spd":31,"spe":31}},{"name":"Camerupt","species":"Camerupt","item":"cameruptite","ability":"Solid Rock","moves":["earthpower","lavaplume","willowisp","hiddenpowergrass"],"nature":"Modest","evs":{"hp":248,"atk":0,"def":0,"spa":252,"spd":8,"spe":0},"ivs":{"hp":31,"atk":30,"def":31,"spa":30,"spd":31,"spe":31}},{"name":"Ninetales","species":"Ninetales","item":"lifeorb","ability":"Drought","moves":["calmmind","darkpulse","extrasensory","flamethrower"],"nature":"Timid","evs":{"hp":0,"atk":0,"def":0,"spa":252,"spd":4,"spe":252},"ivs":{"hp":31,"atk":31,"def":31,"spa":31,"spd":31,"spe":31}},{"name":"Arcanine","species":"Arcanine","item":"lifeorb","ability":"Intimidate","moves":["extremespeed","solarbeam","closecombat","dragonpulse"],"nature":"","evs":{"hp":0,"atk":0,"def":0,"spa":0,"spd":0,"spe":0},"ivs":{"hp":31,"atk":31,"def":31,"spa":31,"spd":31,"spe":31}},{"name":"Entei","species":"Entei","item":"choiceband","ability":"Pressure","moves":["flareblitz","extremespeed","stoneedge","sacredfire"],"nature":"Adamant","evs":{"hp":0,"atk":252,"def":0,"spa":0,"spd":4,"spe":252},"shiny":true,"ivs":{"hp":31,"atk":31,"def":31,"spa":31,"spd":31,"spe":31}},{"name":"Darmanitan","species":"Darmanitan","item":"choicescarf","ability":"Sheer Force","moves":["earthquake","firepunch","stoneedge","zenheadbutt"],"nature":"Jolly","evs":{"hp":0,"atk":252,"def":0,"spa":0,"spd":4,"spe":252},"ivs":{"hp":31,"atk":31,"def":31,"spa":31,"spd":31,"spe":31}}],"log":["|player|p1|Emg_DemZii|99","|player|p2|Inferno DPX|170","|gametype|singles","|gen|6","|tier|Monotype","|rated","|rule|Baton Pass Clause: Limit one Baton Passer, can't pass Spe and other stats simultaneously","|rule|Swagger Clause: Swagger is banned","|rule|Same Type Clause: Pokémon in a team must share a type","|clearpoke","|poke|p1|Rotom-Wash, shiny","|poke|p1|Quagsire, M, shiny","|poke|p1|Tentacruel, M, shiny","|poke|p1|Keldeo-Resolute, shiny","|poke|p1|Manaphy","|poke|p1|Azumarill, M, shiny","|poke|p2|Rotom-Heat","|poke|p2|Camerupt, M","|poke|p2|Ninetales, M","|poke|p2|Arcanine, F","|poke|p2|Entei, shiny","|poke|p2|Darmanitan, F","|rule|Sleep Clause Mod: Limit one foe put to sleep","|rule|Species Clause: Limit one of each Pokémon","|rule|OHKO Clause: OHKO moves are banned","|rule|Moody Clause: Moody is banned","|rule|Evasion Moves Clause: Evasion moves are banned","|rule|Endless Battle Clause: Forcing endless battles is banned","|rule|HP Percentage Mod: HP is shown in percentages","|teampreview","|","|start","|switch|p1a: PokeSex;)|Tentacruel, M, shiny|301/301","|switch|p2a: Ninetales|Ninetales, M|287/287","|-weather|SunnyDay","|turn|1","|","|move|p1a: PokeSex;)|Rain Dance|p1a: PokeSex;)","|-weather|RainDance","|move|p2a: Ninetales|Calm Mind|p2a: Ninetales","|-boost|p2a: Ninetales|spa|1","|-boost|p2a: Ninetales|spd|1","|","|-weather|RainDance|[upkeep]","|turn|2","|","|move|p2a: Ninetales|Extrasensory|p1a: PokeSex;)","|-supereffective|p1a: PokeSex;)","|-damage|p1a: PokeSex;)|64/301","|-damage|p2a: Ninetales|259/287|[from] item: Life Orb","|move|p1a: PokeSex;)|Acid Spray|p2a: Ninetales","|-damage|p2a: Ninetales|226/287","|-unboost|p2a: Ninetales|spd|2","|","|-weather|RainDance|[upkeep]","|-heal|p1a: PokeSex;)|82/301|[from] item: Black Sludge","|turn|3","|","|switch|p1a: Rotom-Wash|Rotom-Wash, shiny|304/304","|move|p2a: Ninetales|Extrasensory|p1a: Rotom-Wash","|-damage|p1a: Rotom-Wash|209/304","|-damage|p2a: Ninetales|198/287|[from] item: Life Orb","|","|-weather|RainDance|[upkeep]","|turn|4","|","|switch|p2a: Rotom-Heat|Rotom-Heat|304/304","|move|p1a: Rotom-Wash|Hydro Pump|p2a: Rotom-Heat|[miss]","|-miss|p1a: Rotom-Wash|p2a: Rotom-Heat","|","|-weather|RainDance|[upkeep]","|turn|5","|","|switch|p1a: The Wall|Quagsire, M, shiny|394/394","|switch|p2a: Ninetales|Ninetales, M|198/287","|-weather|SunnyDay","|","|-weather|SunnyDay|[upkeep]","|turn|6","|","|switch|p2a: Arcanine|Arcanine, F|321/321","|-ability|p2a: Arcanine|Intimidate","|-unboost|p1a: The Wall|atk|1","|switch|p1a: PowerHouse|Azumarill, M, shiny|403/403","|","|-weather|SunnyDay|[upkeep]","|turn|7","|","|move|p1a: PowerHouse|Aqua Jet|p2a: Arcanine","|-crit|p2a: Arcanine","|-supereffective|p2a: Arcanine","|-damage|p2a: Arcanine|195/321","|move|p2a: Arcanine|Solar Beam|p1a: PowerHouse|[still]","|-prepare|p2a: Arcanine|Solar Beam|p1a: PowerHouse","|-anim|p2a: Arcanine|Solar Beam|p1a: PowerHouse","|-boost|p1a: PowerHouse|atk|1|[from] ability: Sap Sipper","|","|-weather|SunnyDay|[upkeep]","|turn|8","|","|switch|p2a: Rotom-Heat|Rotom-Heat|304/304","|move|p1a: PowerHouse|Aqua Jet|p2a: Rotom-Heat","|-supereffective|p2a: Rotom-Heat","|-damage|p2a: Rotom-Heat|208/304","|","|-weather|SunnyDay|[upkeep]","|-heal|p2a: Rotom-Heat|227/304|[from] item: Leftovers","|turn|9","|","|switch|p1a: Rotom-Wash|Rotom-Wash, shiny|209/304","|move|p2a: Rotom-Heat|Will-O-Wisp|p1a: Rotom-Wash","|-status|p1a: Rotom-Wash|brn","|","|-weather|none","|-heal|p2a: Rotom-Heat|246/304|[from] item: Leftovers","|-damage|p1a: Rotom-Wash|171/304 brn|[from] brn","|turn|10","|","|move|p2a: Rotom-Heat|Confuse Ray|p1a: Rotom-Wash","|-start|p1a: Rotom-Wash|confusion","|-activate|p1a: Rotom-Wash|confusion","|move|p1a: Rotom-Wash|Hydro Pump|p2a: Rotom-Heat|[miss]","|-miss|p1a: Rotom-Wash|p2a: Rotom-Heat","|","|-heal|p2a: Rotom-Heat|265/304|[from] item: Leftovers","|-damage|p1a: Rotom-Wash|133/304 brn|[from] brn","|turn|11","|","|move|p2a: Rotom-Heat|Volt Switch|p1a: Rotom-Wash","|-crit|p1a: Rotom-Wash","|-damage|p1a: Rotom-Wash|49/304 brn","|","|switch|p2a: Ninetales|Ninetales, M|198/287","|-weather|SunnyDay","|-activate|p1a: Rotom-Wash|confusion","|move|p1a: Rotom-Wash|Rest|p1a: Rotom-Wash","|-status|p1a: Rotom-Wash|slp","|-heal|p1a: Rotom-Wash|304/304 slp|[silent]","|-status|p1a: Rotom-Wash|slp|[from] move: Rest","|-enditem|p1a: Rotom-Wash|Chesto Berry|[eat]","|-curestatus|p1a: Rotom-Wash|slp","|","|-weather|SunnyDay|[upkeep]","|turn|12","|","|move|p2a: Ninetales|Calm Mind|p2a: Ninetales","|-boost|p2a: Ninetales|spa|1","|-boost|p2a: Ninetales|spd|1","|-end|p1a: Rotom-Wash|confusion","|move|p1a: Rotom-Wash|Volt Switch|p2a: Ninetales","|-damage|p2a: Ninetales|140/287","|","|switch|p1a: PokeSex;)|Tentacruel, M, shiny|82/301","|","|-weather|SunnyDay|[upkeep]","|-heal|p1a: PokeSex;)|100/301|[from] item: Black Sludge","|turn|13","|","|move|p1a: PokeSex;)|Rain Dance|p1a: PokeSex;)","|-weather|RainDance","|move|p2a: Ninetales|Extrasensory|p1a: PokeSex;)","|-supereffective|p1a: PokeSex;)","|-damage|p1a: PokeSex;)|0 fnt","|-damage|p2a: Ninetales|112/287|[from] item: Life Orb","|faint|p1a: PokeSex;)","|","|-weather|RainDance|[upkeep]","|","|switch|p1a: Manaphy|Manaphy|404/404","|turn|14","|","|switch|p2a: Rotom-Heat|Rotom-Heat|265/304","|move|p1a: Manaphy|Tail Glow|p1a: Manaphy","|-boost|p1a: Manaphy|spa|3","|","|-weather|RainDance|[upkeep]","|-heal|p2a: Rotom-Heat|284/304|[from] item: Leftovers","|turn|15","|","|move|p1a: Manaphy|Psychic|p2a: Rotom-Heat","|-damage|p2a: Rotom-Heat|115/304","|move|p2a: Rotom-Heat|Confuse Ray|p1a: Manaphy","|-start|p1a: Manaphy|confusion","|","|-weather|RainDance|[upkeep]","|-heal|p2a: Rotom-Heat|134/304|[from] item: Leftovers","|turn|16","|","|switch|p1a: The Wall|Quagsire, M, shiny|394/394","|move|p2a: Rotom-Heat|Will-O-Wisp|p1a: The Wall","|-status|p1a: The Wall|brn","|","|-weather|RainDance|[upkeep]","|-heal|p2a: Rotom-Heat|153/304|[from] item: Leftovers","|-damage|p1a: The Wall|345/394 brn|[from] brn","|turn|17","|","|move|p2a: Rotom-Heat|Confuse Ray|p1a: The Wall","|-start|p1a: The Wall|confusion","|-activate|p1a: The Wall|confusion","|-damage|p1a: The Wall|334/394 brn|[from] confusion","|","|-weather|none","|-heal|p2a: Rotom-Heat|172/304|[from] item: Leftovers","|-heal|p1a: The Wall|358/394 brn|[from] item: Leftovers","|-damage|p1a: The Wall|309/394 brn|[from] brn","|turn|18","|","|switch|p2a: Darmanitan|Darmanitan, F|351/351","|-activate|p1a: The Wall|confusion","|move|p1a: The Wall|Scald|p2a: Darmanitan","|-supereffective|p2a: Darmanitan","|-damage|p2a: Darmanitan|157/351","|","|-heal|p1a: The Wall|333/394 brn|[from] item: Leftovers","|-damage|p1a: The Wall|284/394 brn|[from] brn","|turn|19","|","|move|p2a: Darmanitan|Earthquake|p1a: The Wall","|-damage|p1a: The Wall|191/394 brn","|-activate|p1a: The Wall|confusion","|move|p1a: The Wall|Scald|p2a: Darmanitan","|-supereffective|p2a: Darmanitan","|-damage|p2a: Darmanitan|0 fnt","|faint|p2a: Darmanitan","|","|-heal|p1a: The Wall|215/394 brn|[from] item: Leftovers","|-damage|p1a: The Wall|166/394 brn|[from] brn","|","|switch|p2a: Ninetales|Ninetales, M|112/287","|-weather|SunnyDay","|turn|20","|","|move|p2a: Ninetales|Calm Mind|p2a: Ninetales","|-boost|p2a: Ninetales|spa|1","|-boost|p2a: Ninetales|spd|1","|-activate|p1a: The Wall|confusion","|-damage|p1a: The Wall|154/394 brn|[from] confusion","|","|-weather|SunnyDay|[upkeep]","|-heal|p1a: The Wall|178/394 brn|[from] item: Leftovers","|-damage|p1a: The Wall|129/394 brn|[from] brn","|turn|21","|","|move|p2a: Ninetales|Extrasensory|p1a: The Wall","|-damage|p1a: The Wall|0 fnt","|-damage|p2a: Ninetales|84/287|[from] item: Life Orb","|faint|p1a: The Wall","|","|-weather|SunnyDay|[upkeep]","|","|switch|p1a: Rotom-Wash|Rotom-Wash, shiny|304/304","|turn|22","|","|move|p2a: Ninetales|Dark Pulse|p1a: Rotom-Wash","|-damage|p1a: Rotom-Wash|205/304","|-damage|p2a: Ninetales|56/287|[from] item: Life Orb","|cant|p1a: Rotom-Wash|flinch","|","|-weather|SunnyDay|[upkeep]","|turn|23","|","|move|p2a: Ninetales|Calm Mind|p2a: Ninetales","|-boost|p2a: Ninetales|spa|1","|-boost|p2a: Ninetales|spd|1","|move|p1a: Rotom-Wash|Hydro Pump|p2a: Ninetales","|-supereffective|p2a: Ninetales","|-damage|p2a: Ninetales|0 fnt","|faint|p2a: Ninetales","|","|-weather|SunnyDay|[upkeep]","|","|switch|p2a: Rotom-Heat|Rotom-Heat|172/304","|turn|24","|","|move|p1a: Rotom-Wash|Volt Switch|p2a: Rotom-Heat","|-resisted|p2a: Rotom-Heat","|-damage|p2a: Rotom-Heat|144/304","|","|switch|p1a: PowerHouse|Azumarill, M, shiny|403/403","|move|p2a: Rotom-Heat|Will-O-Wisp|p1a: PowerHouse","|-status|p1a: PowerHouse|brn","|","|-weather|none","|-heal|p2a: Rotom-Heat|163/304|[from] item: Leftovers","|-damage|p1a: PowerHouse|353/403 brn|[from] brn","|turn|25","|","|move|p1a: PowerHouse|Aqua Jet|p2a: Rotom-Heat","|-supereffective|p2a: Rotom-Heat","|-damage|p2a: Rotom-Heat|100/304","|move|p2a: Rotom-Heat|Confuse Ray|p1a: PowerHouse","|-start|p1a: PowerHouse|confusion","|","|-heal|p2a: Rotom-Heat|119/304|[from] item: Leftovers","|-damage|p1a: PowerHouse|303/403 brn|[from] brn","|turn|26","|","|-activate|p1a: PowerHouse|confusion","|-damage|p1a: PowerHouse|276/403 brn|[from] confusion","|move|p2a: Rotom-Heat|Volt Switch|p1a: PowerHouse","|-supereffective|p1a: PowerHouse","|-damage|p1a: PowerHouse|84/403 brn","|","|switch|p2a: Arcanine|Arcanine, F|195/321","|-ability|p2a: Arcanine|Intimidate","|-unboost|p1a: PowerHouse|atk|1","|","|-damage|p1a: PowerHouse|34/403 brn|[from] brn","|turn|27","|","|move|p2a: Arcanine|Extreme Speed|p1a: PowerHouse","|-damage|p1a: PowerHouse|0 fnt","|-damage|p2a: Arcanine|163/321|[from] item: Life Orb","|faint|p1a: PowerHouse","|","|","|switch|p1a: Rotom-Wash|Rotom-Wash, shiny|205/304","|turn|28","|","|move|p2a: Arcanine|Extreme Speed|p1a: Rotom-Wash","|-damage|p1a: Rotom-Wash|126/304","|-damage|p2a: Arcanine|131/321|[from] item: Life Orb","|move|p1a: Rotom-Wash|Hydro Pump|p2a: Arcanine","|-supereffective|p2a: Arcanine","|-damage|p2a: Arcanine|0 fnt","|faint|p2a: Arcanine","|","|","|switch|p2a: Entei|Entei, shiny|371/371","|-ability|p2a: Entei|Pressure","|turn|29","|","|move|p2a: Entei|Stone Edge|p1a: Rotom-Wash","|-damage|p1a: Rotom-Wash|0 fnt","|faint|p1a: Rotom-Wash","|","|","|switch|p1a: Manaphy|Manaphy|404/404","|turn|30","|","|move|p2a: Entei|Stone Edge|p1a: Manaphy","|-damage|p1a: Manaphy|238/404","|move|p1a: Manaphy|Tail Glow|p1a: Manaphy","|-boost|p1a: Manaphy|spa|3","|","|-heal|p1a: Manaphy|263/404|[from] item: Leftovers","|turn|31","|","|move|p2a: Entei|Stone Edge|p1a: Manaphy","|-damage|p1a: Manaphy|99/404","|move|p1a: Manaphy|Psychic|p2a: Entei","|-damage|p2a: Entei|75/371","|","|-heal|p1a: Manaphy|124/404|[from] item: Leftovers","|turn|32","|","|move|p2a: Entei|Stone Edge|p1a: Manaphy","|-damage|p1a: Manaphy|0 fnt","|faint|p1a: Manaphy","|","|","|switch|p1a: Rainbow Dash|Keldeo-Resolute, shiny|323/323","|turn|33","|","|switch|p2a: Rotom-Heat|Rotom-Heat|119/304","|move|p1a: Rainbow Dash|Hydro Pump|p2a: Rotom-Heat|[miss]","|-miss|p1a: Rainbow Dash|p2a: Rotom-Heat","|","|-heal|p2a: Rotom-Heat|138/304|[from] item: Leftovers","|turn|34","|","|move|p1a: Rainbow Dash|Hydro Pump|p2a: Rotom-Heat|[miss]","|-miss|p1a: Rainbow Dash|p2a: Rotom-Heat","|move|p2a: Rotom-Heat|Will-O-Wisp|p1a: Rainbow Dash","|-status|p1a: Rainbow Dash|brn","|","|-heal|p2a: Rotom-Heat|157/304|[from] item: Leftovers","|-damage|p1a: Rainbow Dash|283/323 brn|[from] brn","|turn|35","|","|move|p1a: Rainbow Dash|Hydro Pump|p2a: Rotom-Heat|[miss]","|-miss|p1a: Rainbow Dash|p2a: Rotom-Heat","|move|p2a: Rotom-Heat|Confuse Ray|p1a: Rainbow Dash","|-start|p1a: Rainbow Dash|confusion","|","|-heal|p2a: Rotom-Heat|176/304|[from] item: Leftovers","|-damage|p1a: Rainbow Dash|243/323 brn|[from] brn","|turn|36","|","|-activate|p1a: Rainbow Dash|confusion","|-damage|p1a: Rainbow Dash|231/323 brn|[from] confusion","|move|p2a: Rotom-Heat|Volt Switch|p1a: Rainbow Dash","|-supereffective|p1a: Rainbow Dash","|-damage|p1a: Rainbow Dash|27/323 brn","|","|switch|p2a: Entei|Entei, shiny|75/371","|-ability|p2a: Entei|Pressure","|","|-damage|p1a: Rainbow Dash|0 fnt|[from] brn","|faint|p1a: Rainbow Dash","|","|win|Inferno DPX"],"p1rating":{"entryid":"62993","serverid":"eos","formatid":"monotype","userid":"emgdemzii","username":"Emg_DemZii","w":"6","l":8,"t":"0","gxe":43.4,"r":"1479.2296536372","rd":"92.655141964865","sigma":"0","rptime":"1440147600","rpr":1448.6312090213,"rprd":79.092680534994,"rpsigma":"0","acre":1074.1666102076,"lacre":1074.1666102076,"oldacre":"1098.9927880432"},"p2rating":{"entryid":"190539","serverid":"eos","formatid":"monotype","userid":"infernodpx","username":"Inferno DPX","w":4,"l":"5","t":"0","gxe":48.1,"r":"1382.0798783401","rd":"106.56324947951","sigma":"0","rptime":"1440147600","rpr":1485.2090143947,"rprd":91.120165458732,"rpsigma":"0","acre":1124.3911576024,"lacre":1124.3911576024,"oldacre":"1099.3107421773"},"endType":"normal"}