{"seed":[5553,35397,36145,15646],"turns":25,"p1":"Rain ☆ Glacia","p2":"Void SYB3R","p1team":[{"name":"Usain","species":"weavile","item":"choiceband","ability":"Pressure","moves":["knockoff","iciclecrash","lowkick","iceshard"],"nature":"Jolly","evs":{"hp":0,"atk":252,"def":0,"spa":0,"spd":4,"spe":252},"ivs":{"hp":31,"atk":31,"def":31,"spa":31,"spd":31,"spe":31}},{"name":"Liopleurodon","species":"lapras","item":"choicespecs","ability":"Water Absorb","moves":["surf","freezedry","thunderbolt","hiddenpowerfire"],"nature":"Modest","evs":{"hp":8,"atk":0,"def":0,"spa":252,"spd":0,"spe":248},"ivs":{"hp":31,"atk":30,"def":31,"spa":30,"spd":31,"spe":30}},{"name":"Bahamut","species":"kyuremblack","item":"choicescarf","ability":"Teravolt","moves":["outrage","icebeam","fusionbolt","earthpower"],"nature":"Naive","evs":{"hp":0,"atk":252,"def":0,"spa":4,"spd":0,"spe":252},"ivs":{"hp":31,"atk":31,"def":31,"spa":31,"spd":31,"spe":31}},{"name":"T-Titanic Kun...","species":"avalugg","item":"leftovers","ability":"Sturdy","moves":["rapidspin","avalanche","toxic","recover"],"nature":"Impish","evs":{"hp":252,"atk":4,"def":252,"spa":0,"spd":0,"spe":0},"ivs":{"hp":31,"atk":31,"def":31,"spa":31,"spd":31,"spe":31}},{"name":"Cloyster","species":"Cloyster","item":"focussash","ability":"Skill Link","moves":["shellsmash","iciclespear","rockblast","razorshell"],"nature":"Adamant","evs":{"hp":0,"atk":252,"def":0,"spa":0,"spd":4,"spe":252},"ivs":{"hp":31,"atk":31,"def":31,"spa":31,"spd":31,"spe":31}},{"name":"Mamoswine","species":"Mamoswine","item":"focussash","ability":"Oblivious","moves":["earthquake","iceshard","endeavor","iciclespear"],"nature":"Adamant","evs":{"hp":248,"atk":252,"def":0,"spa":0,"spd":8,"spe":0},"ivs":{"hp":31,"atk":31,"def":31,"spa":31,"spd":31,"spe":31}}],"p2team":[{"name":"R.I.P. Genesect 1","species":"volcarona","item":"lumberry","ability":"Flame Body","moves":["quiverdance","fierydance","gigadrain","hiddenpowerground"],"nature":"Timid","evs":{"hp":72,"atk":0,"def":0,"spa":252,"spd":0,"spe":184},"ivs":{"hp":31,"atk":0,"def":31,"spa":30,"spd":30,"spe":31}},{"name":"R.I.P. Genesect 2","species":"scizor","item":"leftovers","ability":"Technician","moves":["bulletpunch","knockoff","swordsdance","roost"],"nature":"Impish","evs":{"hp":248,"atk":44,"def":16,"spa":0,"spd":200,"spe":0},"ivs":{"hp":31,"atk":31,"def":31,"spa":31,"spd":31,"spe":31}},{"name":"R.I.P. Genesect 3","species":"galvantula","item":"focussash","ability":"Compound Eyes","moves":["thunder","stickyweb","hiddenpowerice","thunderwave"],"nature":"Timid","evs":{"hp":0,"atk":0,"def":0,"spa":252,"spd":4,"spe":252},"ivs":{"hp":31,"atk":0,"def":30,"spa":31,"spd":31,"spe":31}},{"name":"R.I.P. Genesect 4","species":"forretress","item":"redcard","ability":"Sturdy","moves":["stealthrock","voltswitch","painsplit","rapidspin"],"nature":"Bold","evs":{"hp":0,"atk":0,"def":0,"spa":0,"spd":8,"spe":0},"ivs":{"hp":31,"atk":0,"def":31,"spa":31,"spd":31,"spe":31}},{"name":"R.I.P. Genesect 5","species":"armaldo","item":"assaultvest","ability":"Battle Armor","moves":["rocktomb","earthquake","aquajet","rapidspin"],"nature":"Careful","evs":{"hp":248,"atk":252,"def":0,"spa":0,"spd":8,"spe":0},"ivs":{"hp":31,"atk":31,"def":31,"spa":31,"spd":31,"spe":31}},{"name":"R.I.P. Genesect 6","species":"heracross","item":"heracronite","ability":"Moxie","moves":["closecombat","pinmissile","rockblast","bulletseed"],"nature":"Jolly","evs":{"hp":0,"atk":252,"def":4,"spa":0,"spd":0,"spe":252},"ivs":{"hp":31,"atk":31,"def":31,"spa":31,"spd":31,"spe":31}}],"log":["|player|p1|Rain ☆ Glacia|79","|player|p2|Void SYB3R|7","|gametype|singles","|gen|6","|tier|Monotype","|rated","|rule|Baton Pass Clause: Limit one Baton Passer, can't pass Spe and other stats simultaneously","|rule|Swagger Clause: Swagger is banned","|rule|Same Type Clause: Pokémon in a team must share a type","|clearpoke","|poke|p1|Weavile, F","|poke|p1|Lapras, M","|poke|p1|Kyurem-Black","|poke|p1|Avalugg, M","|poke|p1|Cloyster, M","|poke|p1|Mamoswine, F","|poke|p2|Volcarona, M","|poke|p2|Scizor, F","|poke|p2|Galvantula, F","|poke|p2|Forretress, F","|poke|p2|Armaldo, M","|poke|p2|Heracross, M","|rule|Sleep Clause Mod: Limit one foe put to sleep","|rule|Species Clause: Limit one of each Pokémon","|rule|OHKO Clause: OHKO moves are banned","|rule|Moody Clause: Moody is banned","|rule|Evasion Moves Clause: Evasion moves are banned","|rule|Endless Battle Clause: Forcing endless battles is banned","|rule|HP Percentage Mod: HP is shown in percentages","|teampreview","|","|start","|switch|p1a: Mamoswine|Mamoswine, F|423/423","|switch|p2a: R.I.P. Genesect 3|Galvantula, F|281/281","|turn|1","|","|switch|p2a: R.I.P. Genesect 4|Forretress, F|291/291","|move|p1a: Mamoswine|Earthquake|p2a: R.I.P. Genesect 4","|-damage|p2a: R.I.P. Genesect 4|146/291","|-enditem|p2a: R.I.P. Genesect 4|Red Card|[of] p1a: Mamoswine","|drag|p1a: Liopleurodon|Lapras, M|403/403","|","|turn|2","|","|move|p1a: Liopleurodon|Hidden Power|p2a: R.I.P. Genesect 4","|-supereffective|p2a: R.I.P. Genesect 4","|-damage|p2a: R.I.P. Genesect 4|0 fnt","|faint|p2a: R.I.P. Genesect 4","|","|","|switch|p2a: R.I.P. Genesect 5|Armaldo, M|353/353","|turn|3","|","|switch|p1a: T-Titanic Kun...|Avalugg, M|394/394","|move|p2a: R.I.P. Genesect 5|Rock Tomb|p1a: T-Titanic Kun...","|-supereffective|p1a: T-Titanic Kun...","|-damage|p1a: T-Titanic Kun...|292/394","|-unboost|p1a: T-Titanic Kun...|spe|1","|","|-heal|p1a: T-Titanic Kun...|316/394|[from] item: Leftovers","|turn|4","|","|switch|p2a: R.I.P. Genesect 1|Volcarona, M|329/329","|move|p1a: T-Titanic Kun...|Toxic|p2a: R.I.P. Genesect 1","|-status|p2a: R.I.P. Genesect 1|tox","|-enditem|p2a: R.I.P. Genesect 1|Lum Berry|[eat]","|-curestatus|p2a: R.I.P. Genesect 1|tox","|","|-heal|p1a: T-Titanic Kun...|340/394|[from] item: Leftovers","|turn|5","|","|switch|p1a: Mamoswine|Mamoswine, F|423/423","|move|p2a: R.I.P. Genesect 1|Fiery Dance|p1a: Mamoswine","|-supereffective|p1a: Mamoswine","|-enditem|p1a: Mamoswine|Focus Sash","|-damage|p1a: Mamoswine|1/423","|","|turn|6","|","|move|p2a: R.I.P. Genesect 1|Fiery Dance|p1a: Mamoswine","|-supereffective|p1a: Mamoswine","|-damage|p1a: Mamoswine|0 fnt","|faint|p1a: Mamoswine","|","|","|switch|p1a: Liopleurodon|Lapras, M|403/403","|turn|7","|","|switch|p2a: R.I.P. Genesect 5|Armaldo, M|353/353","|move|p1a: Liopleurodon|Surf|p2a: R.I.P. Genesect 5","|-supereffective|p2a: R.I.P. Genesect 5","|-damage|p2a: R.I.P. Genesect 5|75/353","|","|turn|8","|","|move|p1a: Liopleurodon|Surf|p2a: R.I.P. Genesect 5","|-supereffective|p2a: R.I.P. Genesect 5","|-damage|p2a: R.I.P. Genesect 5|0 fnt","|faint|p2a: R.I.P. Genesect 5","|","|","|switch|p2a: R.I.P. Genesect 6|Heracross, M|301/301","|turn|9","|","|switch|p1a: T-Titanic Kun...|Avalugg, M|340/394","|move|p2a: R.I.P. Genesect 6|Close Combat|p1a: T-Titanic Kun...","|-supereffective|p1a: T-Titanic Kun...","|-damage|p1a: T-Titanic Kun...|152/394","|-unboost|p2a: R.I.P. Genesect 6|def|1","|-unboost|p2a: R.I.P. Genesect 6|spd|1","|","|-heal|p1a: T-Titanic Kun...|176/394|[from] item: Leftovers","|turn|10","|","|detailschange|p2a: R.I.P. Genesect 6|Heracross-Mega, M","|-mega|p2a: R.I.P. Genesect 6|Heracross|Heracronite","|move|p2a: R.I.P. Genesect 6|Close Combat|p1a: T-Titanic Kun...","|-supereffective|p1a: T-Titanic Kun...","|-damage|p1a: T-Titanic Kun...|0 fnt","|-unboost|p2a: R.I.P. Genesect 6|def|1","|-unboost|p2a: R.I.P. Genesect 6|spd|1","|faint|p1a: T-Titanic Kun...","|","|","|switch|p1a: Cloyster|Cloyster, M|241/241","|turn|11","|","|move|p2a: R.I.P. Genesect 6|Bullet Seed|p1a: Cloyster","|-supereffective|p1a: Cloyster","|-damage|p1a: Cloyster|197/241","|-crit|p1a: Cloyster","|-supereffective|p1a: Cloyster","|-damage|p1a: Cloyster|127/241","|-supereffective|p1a: Cloyster","|-damage|p1a: Cloyster|79/241","|-supereffective|p1a: Cloyster","|-damage|p1a: Cloyster|35/241","|-supereffective|p1a: Cloyster","|-damage|p1a: Cloyster|0 fnt","|-hitcount|p1a: Cloyster|5","|faint|p1a: Cloyster","|","|","|switch|p1a: Bahamut|Kyurem-Black|391/391","|-ability|p1a: Bahamut|Teravolt","|turn|12","|","|switch|p2a: R.I.P. Genesect 2|Scizor, F|343/343","|move|p1a: Bahamut|Ice Beam|p2a: R.I.P. Genesect 2","|-resisted|p2a: R.I.P. Genesect 2","|-damage|p2a: R.I.P. Genesect 2|286/343","|-status|p2a: R.I.P. Genesect 2|frz","|","|-heal|p2a: R.I.P. Genesect 2|307/343 frz|[from] item: Leftovers","|turn|13","|","|switch|p1a: Liopleurodon|Lapras, M|403/403","|switch|p2a: R.I.P. Genesect 6|Heracross-Mega, M|301/301","|","|turn|14","|","|switch|p1a: Usain|Weavile, F|281/281","|-ability|p1a: Usain|Pressure","|move|p2a: R.I.P. Genesect 6|Close Combat|p1a: Usain","|-supereffective|p1a: Usain","|-damage|p1a: Usain|0 fnt","|-unboost|p2a: R.I.P. Genesect 6|def|1","|-unboost|p2a: R.I.P. Genesect 6|spd|1","|faint|p1a: Usain","|","|","|switch|p1a: Bahamut|Kyurem-Black|391/391","|-ability|p1a: Bahamut|Teravolt","|turn|15","|","|switch|p2a: R.I.P. Genesect 2|Scizor, F|307/343 frz","|move|p1a: Bahamut|Outrage|p2a: R.I.P. Genesect 2","|-resisted|p2a: R.I.P. Genesect 2","|-damage|p2a: R.I.P. Genesect 2|184/343 frz","|","|-heal|p2a: R.I.P. Genesect 2|205/343 frz|[from] item: Leftovers","|turn|16","|","|move|p1a: Bahamut|Outrage|p2a: R.I.P. Genesect 2|[from]lockedmove","|-resisted|p2a: R.I.P. Genesect 2","|-damage|p2a: R.I.P. Genesect 2|85/343 frz","|-start|p1a: Bahamut|confusion|[fatigue]","|cant|p2a: R.I.P. Genesect 2|frz","|","|-heal|p2a: R.I.P. Genesect 2|106/343 frz|[from] item: Leftovers","|turn|17","|","|-activate|p1a: Bahamut|confusion","|-damage|p1a: Bahamut|330/391|[from] confusion","|cant|p2a: R.I.P. Genesect 2|frz","|","|-heal|p2a: R.I.P. Genesect 2|127/343 frz|[from] item: Leftovers","|turn|18","|","|-activate|p1a: Bahamut|confusion","|-damage|p1a: Bahamut|272/391|[from] confusion","|cant|p2a: R.I.P. Genesect 2|frz","|","|-heal|p2a: R.I.P. Genesect 2|148/343 frz|[from] item: Leftovers","|turn|19","|","|switch|p1a: Liopleurodon|Lapras, M|403/403","|cant|p2a: R.I.P. Genesect 2|frz","|","|-heal|p2a: R.I.P. Genesect 2|169/343 frz|[from] item: Leftovers","|turn|20","|","|move|p1a: Liopleurodon|Hidden Power|p2a: R.I.P. Genesect 2","|-supereffective|p2a: R.I.P. Genesect 2","|-damage|p2a: R.I.P. Genesect 2|0 fnt","|faint|p2a: R.I.P. Genesect 2","|","|","|switch|p2a: R.I.P. Genesect 6|Heracross-Mega, M|301/301","|turn|21","|","|move|p2a: R.I.P. Genesect 6|Close Combat|p1a: Liopleurodon","|-supereffective|p1a: Liopleurodon","|-damage|p1a: Liopleurodon|0 fnt","|-unboost|p2a: R.I.P. Genesect 6|def|1","|-unboost|p2a: R.I.P. Genesect 6|spd|1","|faint|p1a: Liopleurodon","|","|","|switch|p1a: Bahamut|Kyurem-Black|272/391","|-ability|p1a: Bahamut|Teravolt","|turn|22","|","|switch|p2a: R.I.P. Genesect 1|Volcarona, M|329/329","|move|p1a: Bahamut|Outrage|p2a: R.I.P. Genesect 1","|-damage|p2a: R.I.P. Genesect 1|0 fnt","|faint|p2a: R.I.P. Genesect 1","|","|","|switch|p2a: R.I.P. Genesect 3|Galvantula, F|281/281","|turn|23","|","|move|p1a: Bahamut|Outrage|p2a: R.I.P. Genesect 3|[from]lockedmove","|-enditem|p2a: R.I.P. Genesect 3|Focus Sash","|-damage|p2a: R.I.P. Genesect 3|1/281","|-start|p1a: Bahamut|confusion|[fatigue]","|move|p2a: R.I.P. Genesect 3|Thunder Wave|p1a: Bahamut","|-status|p1a: Bahamut|par","|","|turn|24","|","|move|p2a: R.I.P. Genesect 3|Hidden Power|p1a: Bahamut","|-damage|p1a: Bahamut|194/391 par","|-activate|p1a: Bahamut|confusion","|move|p1a: Bahamut|Outrage|p2a: R.I.P. Genesect 3","|-damage|p2a: R.I.P. Genesect 3|0 fnt","|faint|p2a: R.I.P. Genesect 3","|","|","|switch|p2a: R.I.P. Genesect 6|Heracross-Mega, M|301/301","|turn|25","|","|move|p2a: R.I.P. Genesect 6|Pin Missile|p1a: Bahamut","|-damage|p1a: Bahamut|130/391 par","|-damage|p1a: Bahamut|69/391 par","|-damage|p1a: Bahamut|8/391 par","|-damage|p1a: Bahamut|0 fnt","|-hitcount|p1a: Bahamut|4","|faint|p1a: Bahamut","|","|win|Void SYB3R"],"p1rating":{"entryid":"189499","serverid":"eos","formatid":"monotype","userid":"rainglacia","username":"Rain ☆ Glacia","w":"2","l":5,"t":"0","gxe":41.5,"r":"1480.3566908458","rd":"103.36521723494","sigma":"0","rptime":"1440147600","rpr":1432.6890062326,"rprd":96.25416932534,"rpsigma":"0","acre":1028.7600596579,"lacre":1028.7600596579,"oldacre":"1048.4116004344"},"p2rating":{"entryid":244800,"formatid":"monotype","userid":"voidsyb3r","username":"Void SYB3R","r":1500,"rd":130,"sigma":0,"rpr":1538.8425718279,"rprd":122.50876343246,"rpsigma":0,"rptime":1440147600,"w":1,"l":0,"t":0,"gxe":54.8,"acre":1045.537797933,"lacre":1045.537797933,"oldacre":1000},"endType":"normal"}