{"seed":[22985,63686,17934,45739],"turns":26,"p1":"Adviser♕Dooms","p2":"GTX♅RyBeats","p1team":[{"name":"Venu","species":"venusaur","item":"venusaurite","ability":"Overgrow","moves":["leechseed","gigadrain","sleeppowder","sludgebomb"],"nature":"Calm","evs":{"hp":236,"atk":0,"def":72,"spa":200,"spd":0,"spe":0},"gender":"M","shiny":true,"ivs":{"hp":31,"atk":31,"def":31,"spa":31,"spd":31,"spe":31}},{"name":"Skuntank","species":"Skuntank","item":"blacksludge","ability":"Aftermath","moves":["suckerpunch","poisonjab","pursuit","defog"],"nature":"Adamant","evs":{"hp":252,"atk":252,"def":0,"spa":0,"spd":4,"spe":0},"gender":"M","shiny":true,"ivs":{"hp":31,"atk":31,"def":31,"spa":31,"spd":31,"spe":31}},{"name":"Dragalge","species":"Dragalge","item":"choicespecs","ability":"Adaptability","moves":["dracometeor","sludgewave","thunderbolt","hiddenpowerfire"],"nature":"Modest","evs":{"hp":222,"atk":0,"def":0,"spa":252,"spd":0,"spe":36},"gender":"M","ivs":{"hp":31,"atk":30,"def":31,"spa":30,"spd":31,"spe":30},"shiny":true},{"name":"Nidoking","species":"Nidoking","item":"lifeorb","ability":"Sheer Force","moves":["sludgewave","flamethrower","earthpower","icebeam"],"nature":"Timid","evs":{"hp":0,"atk":0,"def":0,"spa":252,"spd":4,"spe":252},"shiny":true,"ivs":{"hp":31,"atk":31,"def":31,"spa":31,"spd":31,"spe":31}},{"name":"Drapion","species":"Drapion","item":"choiceband","ability":"Battle Armor","moves":["knockoff","rockslide","earthquake","poisonjab"],"nature":"Adamant","evs":{"hp":200,"atk":252,"def":0,"spa":0,"spd":0,"spe":56},"gender":"M","shiny":true,"ivs":{"hp":31,"atk":31,"def":31,"spa":31,"spd":31,"spe":31}},{"name":"Gengar","species":"Gengar","item":"lifeorb","ability":"Levitate","moves":["focusblast","shadowball","thunderbolt","sludgewave"],"nature":"Timid","evs":{"hp":4,"atk":0,"def":0,"spa":252,"spd":0,"spe":252},"gender":"M","ivs":{"hp":31,"atk":0,"def":31,"spa":31,"spd":31,"spe":31},"shiny":true}],"p2team":[{"name":"Landorus-Therian","species":"Landorus-Therian","item":"leftovers","ability":"Intimidate","moves":["earthquake","brickbreak","knockoff","stoneedge"],"nature":"Adamant","evs":{"hp":252,"atk":252,"def":0,"spa":0,"spd":4,"spe":0},"ivs":{"hp":31,"atk":31,"def":31,"spa":31,"spd":31,"spe":31}},{"name":"Gliscor","species":"Gliscor","item":"toxicorb","ability":"Poison Heal","moves":["fling","acrobatics","roost","earthquake"],"nature":"Impish","evs":{"hp":252,"atk":56,"def":176,"spa":0,"spd":0,"spe":24},"shiny":true,"ivs":{"hp":31,"atk":31,"def":31,"spa":31,"spd":31,"spe":31}},{"name":"Gyarados","species":"Gyarados","item":"gyaradosite","ability":"Intimidate","moves":["waterfall","earthquake","flamethrower","crunch"],"nature":"Lonely","evs":{"hp":248,"atk":252,"def":0,"spa":8,"spd":0,"spe":0},"ivs":{"hp":31,"atk":31,"def":31,"spa":31,"spd":31,"spe":31}},{"name":"Dragonite","species":"Dragonite","item":"lumberry","ability":"Multiscale","moves":["roost","dragondance","dragonclaw","firepunch"],"nature":"Adamant","evs":{"hp":0,"atk":252,"def":0,"spa":0,"spd":4,"spe":252},"ivs":{"hp":31,"atk":31,"def":31,"spa":31,"spd":31,"spe":31}},{"name":"Thundurus","species":"Thundurus","item":"leftovers","ability":"Prankster","moves":["thunderwave","thunderbolt","hiddenpowerice","knockoff"],"nature":"Hasty","evs":{"hp":0,"atk":4,"def":0,"spa":252,"spd":0,"spe":252},"ivs":{"hp":31,"atk":30,"def":30,"spa":31,"spd":31,"spe":31}},{"name":"Togekiss","species":"Togekiss","item":"assaultvest","ability":"Serene Grace","moves":["airslash","extremespeed","roost","psyshock"],"nature":"Gentle","evs":{"hp":248,"atk":8,"def":0,"spa":0,"spd":252,"spe":0},"ivs":{"hp":31,"atk":31,"def":31,"spa":31,"spd":31,"spe":31}}],"log":["|player|p1|Adviser♕Dooms|154","|player|p2|GTX♅RyBeats|80","|gametype|singles","|gen|6","|tier|Monotype","|rated","|rule|Baton Pass Clause: Limit one Baton Passer, can't pass Spe and other stats simultaneously","|rule|Swagger Clause: Swagger is banned","|rule|Same Type Clause: Pokémon in a team must share a type","|clearpoke","|poke|p1|Venusaur, M, shiny","|poke|p1|Skuntank, M, shiny","|poke|p1|Dragalge, M, shiny","|poke|p1|Nidoking, M, shiny","|poke|p1|Drapion, M, shiny","|poke|p1|Gengar, M, shiny","|poke|p2|Landorus-Therian, M","|poke|p2|Gliscor, M, shiny","|poke|p2|Gyarados, F","|poke|p2|Dragonite, M","|poke|p2|Thundurus, M","|poke|p2|Togekiss, M","|rule|Sleep Clause Mod: Limit one foe put to sleep","|rule|Species Clause: Limit one of each Pokémon","|rule|OHKO Clause: OHKO moves are banned","|rule|Moody Clause: Moody is banned","|rule|Evasion Moves Clause: Evasion moves are banned","|rule|Endless Battle Clause: Forcing endless battles is banned","|rule|HP Percentage Mod: HP is shown in percentages","|teampreview","|","|start","|switch|p1a: Gengar|Gengar, M, shiny|262/262","|switch|p2a: Gliscor|Gliscor, M, shiny|354/354","|turn|1","|","|switch|p2a: Togekiss|Togekiss, M|373/373","|move|p1a: Gengar|Shadow Ball|p2a: Togekiss","|-damage|p2a: Togekiss|291/373","|-damage|p1a: Gengar|236/262|[from] item: Life Orb","|","|turn|2","|","|move|p1a: Gengar|Thunderbolt|p2a: Togekiss","|-supereffective|p2a: Togekiss","|-damage|p2a: Togekiss|166/373","|-damage|p1a: Gengar|210/262|[from] item: Life Orb","|move|p2a: Togekiss|Psyshock|p1a: Gengar","|-supereffective|p1a: Gengar","|-damage|p1a: Gengar|6/262","|","|turn|3","|","|switch|p2a: Gliscor|Gliscor, M, shiny|354/354","|move|p1a: Gengar|Sludge Wave|p2a: Gliscor","|-resisted|p2a: Gliscor","|-damage|p2a: Gliscor|214/354","|-damage|p1a: Gengar|0 fnt|[from] item: Life Orb","|faint|p1a: Gengar","|","|-status|p2a: Gliscor|tox|[from] item: Toxic Orb","|","|switch|p1a: Nidoking|Nidoking, M, shiny|303/303","|turn|4","|","|move|p1a: Nidoking|Ice Beam|p2a: Gliscor","|-supereffective|p2a: Gliscor","|-damage|p2a: Gliscor|0 fnt","|faint|p2a: Gliscor","|","|","|switch|p2a: Gyarados|Gyarados, F|393/393","|-ability|p2a: Gyarados|Intimidate","|-unboost|p1a: Nidoking|atk|1","|turn|5","|","|switch|p1a: Venu|Venusaur, M, shiny|360/360","|move|p2a: Gyarados|Earthquake|p1a: Venu","|-damage|p1a: Venu|220/360","|","|turn|6","|","|detailschange|p1a: Venu|Venusaur-Mega, M, shiny","|-mega|p1a: Venu|Venusaur|Venusaurite","|move|p2a: Gyarados|Earthquake|p1a: Venu","|-damage|p1a: Venu|113/360","|move|p1a: Venu|Sleep Powder|p2a: Gyarados","|-status|p2a: Gyarados|slp","|","|turn|7","|","|cant|p2a: Gyarados|slp","|move|p1a: Venu|Leech Seed|p2a: Gyarados","|-start|p2a: Gyarados|move: Leech Seed","|","|-damage|p2a: Gyarados|344/393 slp|[from] Leech Seed|[of] p1a: Venu","|-heal|p1a: Venu|162/360|[silent]","|turn|8","|","|switch|p2a: Landorus-Therian|Landorus-Therian, M|382/382","|-ability|p2a: Landorus-Therian|Intimidate","|-unboost|p1a: Venu|atk|1","|move|p1a: Venu|Giga Drain|p2a: Landorus-Therian","|-damage|p2a: Landorus-Therian|225/382","|-heal|p1a: Venu|241/360|[from] drain|[of] p2a: Landorus-Therian","|","|-heal|p2a: Landorus-Therian|248/382|[from] item: Leftovers","|turn|9","|","|move|p2a: Landorus-Therian|Earthquake|p1a: Venu","|-damage|p1a: Venu|81/360","|move|p1a: Venu|Giga Drain|p2a: Landorus-Therian","|-damage|p2a: Landorus-Therian|104/382","|-heal|p1a: Venu|153/360|[from] drain|[of] p2a: Landorus-Therian","|","|-heal|p2a: Landorus-Therian|127/382|[from] item: Leftovers","|turn|10","|","|switch|p1a: Skuntank|Skuntank, M, shiny|410/410","|move|p2a: Landorus-Therian|Earthquake|p1a: Skuntank","|-supereffective|p1a: Skuntank","|-damage|p1a: Skuntank|0 fnt","|faint|p1a: Skuntank","|","|-heal|p2a: Landorus-Therian|150/382|[from] item: Leftovers","|","|switch|p1a: Drapion|Drapion, M, shiny|331/331","|turn|11","|","|switch|p2a: Gyarados|Gyarados, F|344/393 slp","|-ability|p2a: Gyarados|Intimidate","|-unboost|p1a: Drapion|atk|1","|move|p1a: Drapion|Knock Off|p2a: Gyarados","|-damage|p2a: Gyarados|197/393 slp","|","|turn|12","|","|switch|p1a: Venu|Venusaur-Mega, M, shiny|153/360","|detailschange|p2a: Gyarados|Gyarados-Mega, F","|-mega|p2a: Gyarados|Gyarados|Gyaradosite","|-ability|p2a: Gyarados|Mold Breaker","|cant|p2a: Gyarados|slp","|","|turn|13","|","|-curestatus|p2a: Gyarados|slp","|move|p2a: Gyarados|Earthquake|p1a: Venu","|-damage|p1a: Venu|39/360","|move|p1a: Venu|Giga Drain|p2a: Gyarados","|-supereffective|p2a: Gyarados","|-damage|p2a: Gyarados|15/393","|-heal|p1a: Venu|130/360|[from] drain|[of] p2a: Gyarados","|","|turn|14","|","|move|p2a: Gyarados|Flamethrower|p1a: Venu","|-supereffective|p1a: Venu","|-damage|p1a: Venu|44/360","|move|p1a: Venu|Giga Drain|p2a: Gyarados","|-supereffective|p2a: Gyarados","|-damage|p2a: Gyarados|0 fnt","|-heal|p1a: Venu|52/360|[from] drain|[of] p2a: Gyarados","|faint|p2a: Gyarados","|","|","|switch|p2a: Dragonite|Dragonite, M|323/323","|turn|15","|","|move|p2a: Dragonite|Dragon Claw|p1a: Venu","|-crit|p1a: Venu","|-damage|p1a: Venu|0 fnt","|faint|p1a: Venu","|","|","|switch|p1a: Nidoking|Nidoking, M, shiny|303/303","|turn|16","|","|switch|p2a: Togekiss|Togekiss, M|166/373","|move|p1a: Nidoking|Ice Beam|p2a: Togekiss","|-supereffective|p2a: Togekiss","|-damage|p2a: Togekiss|46/373","|","|turn|17","|","|move|p2a: Togekiss|Extreme Speed|p1a: Nidoking","|-damage|p1a: Nidoking|261/303","|move|p1a: Nidoking|Ice Beam|p2a: Togekiss","|-supereffective|p2a: Togekiss","|-damage|p2a: Togekiss|0 fnt","|faint|p2a: Togekiss","|","|","|switch|p2a: Landorus-Therian|Landorus-Therian, M|150/382","|-ability|p2a: Landorus-Therian|Intimidate","|-unboost|p1a: Nidoking|atk|1","|turn|18","|","|move|p1a: Nidoking|Ice Beam|p2a: Landorus-Therian","|-supereffective|p2a: Landorus-Therian","|-damage|p2a: Landorus-Therian|0 fnt","|faint|p2a: Landorus-Therian","|","|","|switch|p2a: Thundurus|Thundurus, M|299/299","|turn|19","|","|move|p2a: Thundurus|Knock Off|p1a: Nidoking","|-damage|p1a: Nidoking|148/303","|-enditem|p1a: Nidoking|Life Orb|[from] move: Knock Off|[of] p2a: Thundurus","|move|p1a: Nidoking|Ice Beam|p2a: Thundurus","|-supereffective|p2a: Thundurus","|-damage|p2a: Thundurus|49/299","|","|-heal|p2a: Thundurus|67/299|[from] item: Leftovers","|turn|20","|","|move|p2a: Thundurus|Hidden Power|p1a: Nidoking","|-supereffective|p1a: Nidoking","|-damage|p1a: Nidoking|0 fnt","|faint|p1a: Nidoking","|","|-heal|p2a: Thundurus|85/299|[from] item: Leftovers","|","|switch|p1a: Drapion|Drapion, M, shiny|331/331","|turn|21","|","|move|p2a: Thundurus|Thunder Wave|p1a: Drapion","|-status|p1a: Drapion|par","|cant|p1a: Drapion|par","|","|-heal|p2a: Thundurus|103/299|[from] item: Leftovers","|turn|22","|","|move|p2a: Thundurus|Knock Off|p1a: Drapion","|-resisted|p1a: Drapion","|-damage|p1a: Drapion|291/331 par","|-enditem|p1a: Drapion|Choice Band|[from] move: Knock Off|[of] p2a: Thundurus","|cant|p1a: Drapion|par","|","|-heal|p2a: Thundurus|121/299|[from] item: Leftovers","|turn|23","|","|move|p2a: Thundurus|Thunderbolt|p1a: Drapion","|-damage|p1a: Drapion|80/331 par","|move|p1a: Drapion|Rock Slide|p2a: Thundurus","|-supereffective|p2a: Thundurus","|-damage|p2a: Thundurus|0 fnt","|faint|p2a: Thundurus","|","|","|switch|p2a: Dragonite|Dragonite, M|323/323","|turn|24","|","|move|p2a: Dragonite|Dragon Dance|p2a: Dragonite","|-boost|p2a: Dragonite|atk|1","|-boost|p2a: Dragonite|spe|1","|move|p1a: Drapion|Knock Off|p2a: Dragonite","|-damage|p2a: Dragonite|249/323","|-enditem|p2a: Dragonite|Lum Berry|[from] move: Knock Off|[of] p1a: Drapion","|","|turn|25","|","|move|p2a: Dragonite|Dragon Claw|p1a: Drapion","|-damage|p1a: Drapion|0 fnt","|faint|p1a: Drapion","|","|","|switch|p1a: Dragalge|Dragalge, M, shiny|326/326","|turn|26","|","|move|p2a: Dragonite|Dragon Claw|p1a: Dragalge","|-supereffective|p1a: Dragalge","|-damage|p1a: Dragalge|0 fnt","|faint|p1a: Dragalge","|","|win|GTX♅RyBeats"],"p1rating":{"entryid":"117867","serverid":"eos","formatid":"monotype","userid":"adviserdooms","username":"Adviser♕Dooms","w":"6","l":7,"t":"0","gxe":46.5,"r":"1490.2739272723","rd":"84.782441648642","sigma":"0","rptime":"1440147600","rpr":1472.5451916964,"rprd":82.705663317347,"rpsigma":"0","acre":1082.2237055282,"lacre":1082.2237055282,"oldacre":"1115.2235465903"},"p2rating":{"entryid":232711,"formatid":"monotype","userid":"gtxrybeats","username":"GTX♅RyBeats","r":1500,"rd":130,"sigma":0,"rpr":1540.4279300503,"rprd":122.26905320807,"rpsigma":0,"rptime":1440147600,"w":1,"l":0,"t":0,"gxe":55,"acre":1052.7997456993,"lacre":1052.7997456993,"oldacre":1000},"endType":"normal"}