{"seed":[59594,21594,11522,45895],"turns":26,"p1":"hypershaymin","p2":"Inferno DPX","p1team":[{"name":"Sableye","species":"Sableye","item":"sablenite","ability":"Prankster","moves":["willowisp","recover","calmmind","snarl"],"nature":"Bold","evs":{"hp":244,"atk":0,"def":252,"spa":0,"spd":12,"spe":0},"ivs":{"hp":31,"atk":31,"def":31,"spa":31,"spd":31,"spe":31}},{"name":"Aegislash","species":"Aegislash","item":"weaknesspolicy","ability":"Stance Change","moves":["kingsshield","sacredsword","shadowsneak","ironhead"],"nature":"Adamant","evs":{"hp":248,"atk":252,"def":0,"spa":0,"spd":8,"spe":0},"shiny":true,"ivs":{"hp":31,"atk":31,"def":31,"spa":31,"spd":31,"spe":31}},{"name":"Trevenant","species":"Trevenant","item":"lumberry","ability":"Harvest","moves":["rest","leechseed","hornleech","substitute"],"nature":"Careful","evs":{"hp":244,"atk":0,"def":12,"spa":0,"spd":252,"spe":0},"ivs":{"hp":31,"atk":31,"def":31,"spa":31,"spd":31,"spe":31}},{"name":"Jellicent","species":"Jellicent","item":"leftovers","ability":"Cursed Body","moves":["recover","toxic","acidarmor","scald"],"nature":"Calm","evs":{"hp":244,"atk":0,"def":0,"spa":12,"spd":252,"spe":0},"ivs":{"hp":31,"atk":31,"def":31,"spa":31,"spd":31,"spe":31}},{"name":"Gengar","species":"Gengar","item":"choicespecs","ability":"Levitate","moves":["focusblast","shadowball","sludgewave","energyball"],"nature":"Timid","evs":{"hp":0,"atk":0,"def":0,"spa":252,"spd":4,"spe":252},"ivs":{"hp":31,"atk":31,"def":31,"spa":31,"spd":31,"spe":31}},{"name":"Chandelure","species":"Chandelure","item":"choicescarf","ability":"Infiltrator","moves":["fireblast","shadowball","trick","energyball"],"nature":"Timid","evs":{"hp":0,"atk":0,"def":0,"spa":252,"spd":4,"spe":252},"ivs":{"hp":31,"atk":31,"def":31,"spa":31,"spd":31,"spe":31}}],"p2team":[{"name":"Rotom-Heat","species":"Rotom-Heat","item":"leftovers","ability":"Levitate","moves":["willowisp","confuseray","voltswitch","overheat"],"nature":"Calm","evs":{"hp":252,"atk":0,"def":0,"spa":4,"spd":252,"spe":0},"ivs":{"hp":31,"atk":31,"def":31,"spa":31,"spd":31,"spe":31}},{"name":"Camerupt","species":"Camerupt","item":"cameruptite","ability":"Solid Rock","moves":["earthpower","lavaplume","willowisp","hiddenpowergrass"],"nature":"Modest","evs":{"hp":248,"atk":0,"def":0,"spa":252,"spd":8,"spe":0},"ivs":{"hp":31,"atk":30,"def":31,"spa":30,"spd":31,"spe":31}},{"name":"Ninetales","species":"Ninetales","item":"lifeorb","ability":"Drought","moves":["calmmind","darkpulse","extrasensory","flamethrower"],"nature":"Timid","evs":{"hp":0,"atk":0,"def":0,"spa":252,"spd":4,"spe":252},"ivs":{"hp":31,"atk":31,"def":31,"spa":31,"spd":31,"spe":31}},{"name":"Arcanine","species":"Arcanine","item":"lifeorb","ability":"Intimidate","moves":["extremespeed","solarbeam","closecombat","dragonpulse"],"nature":"","evs":{"hp":0,"atk":0,"def":0,"spa":0,"spd":0,"spe":0},"ivs":{"hp":31,"atk":31,"def":31,"spa":31,"spd":31,"spe":31}},{"name":"Entei","species":"Entei","item":"choiceband","ability":"Pressure","moves":["flareblitz","extremespeed","stoneedge","sacredfire"],"nature":"Adamant","evs":{"hp":0,"atk":252,"def":0,"spa":0,"spd":4,"spe":252},"shiny":true,"ivs":{"hp":31,"atk":31,"def":31,"spa":31,"spd":31,"spe":31}},{"name":"Darmanitan","species":"Darmanitan","item":"choicescarf","ability":"Sheer Force","moves":["earthquake","firepunch","stoneedge","zenheadbutt"],"nature":"Jolly","evs":{"hp":0,"atk":252,"def":0,"spa":0,"spd":4,"spe":252},"ivs":{"hp":31,"atk":31,"def":31,"spa":31,"spd":31,"spe":31}}],"log":["|player|p1|hypershaymin|hypershaymin.png","|player|p2|Inferno DPX|170","|gametype|singles","|gen|6","|tier|Monotype","|rated","|rule|Baton Pass Clause: Limit one Baton Passer, can't pass Spe and other stats simultaneously","|rule|Swagger Clause: Swagger is banned","|rule|Same Type Clause: Pokémon in a team must share a type","|clearpoke","|poke|p1|Sableye, F","|poke|p1|Aegislash, M, shiny","|poke|p1|Trevenant, F","|poke|p1|Jellicent, F","|poke|p1|Gengar, M","|poke|p1|Chandelure, M","|poke|p2|Rotom-Heat","|poke|p2|Camerupt, F","|poke|p2|Ninetales, F","|poke|p2|Arcanine, F","|poke|p2|Entei, shiny","|poke|p2|Darmanitan, F","|rule|Sleep Clause Mod: Limit one foe put to sleep","|rule|Species Clause: Limit one of each Pokémon","|rule|OHKO Clause: OHKO moves are banned","|rule|Moody Clause: Moody is banned","|rule|Evasion Moves Clause: Evasion moves are banned","|rule|Endless Battle Clause: Forcing endless battles is banned","|rule|HP Percentage Mod: HP is shown in percentages","|teampreview","|","|start","|switch|p1a: Sableye|Sableye, F|302/302","|switch|p2a: Darmanitan|Darmanitan, F|351/351","|turn|1","|","|switch|p1a: Jellicent|Jellicent, F|402/402","|move|p2a: Darmanitan|Fire Punch|p1a: Jellicent","|-resisted|p1a: Jellicent","|-damage|p1a: Jellicent|282/402","|","|-heal|p1a: Jellicent|307/402|[from] item: Leftovers","|turn|2","|","|switch|p2a: Rotom-Heat|Rotom-Heat|304/304","|move|p1a: Jellicent|Acid Armor|p1a: Jellicent","|-boost|p1a: Jellicent|def|2","|","|-heal|p1a: Jellicent|332/402|[from] item: Leftovers","|turn|3","|","|switch|p1a: Chandelure|Chandelure, M|261/261","|move|p2a: Rotom-Heat|Confuse Ray|p1a: Chandelure","|-start|p1a: Chandelure|confusion","|","|turn|4","|","|-activate|p1a: Chandelure|confusion","|move|p1a: Chandelure|Trick|p2a: Rotom-Heat","|-activate|p1a: Chandelure|move: Trick|[of] p2a: Rotom-Heat","|-item|p2a: Rotom-Heat|Choice Scarf|[from] move: Trick","|-item|p1a: Chandelure|Leftovers|[from] move: Trick","|move|p2a: Rotom-Heat|Volt Switch|p1a: Chandelure","|-damage|p1a: Chandelure|170/261","|","|switch|p2a: Ninetales|Ninetales, F|287/287","|-weather|SunnyDay","|","|-weather|SunnyDay|[upkeep]","|-heal|p1a: Chandelure|186/261|[from] item: Leftovers","|turn|5","|","|move|p2a: Ninetales|Calm Mind|p2a: Ninetales","|-boost|p2a: Ninetales|spa|1","|-boost|p2a: Ninetales|spd|1","|-end|p1a: Chandelure|confusion","|move|p1a: Chandelure|Shadow Ball|p2a: Ninetales","|-damage|p2a: Ninetales|190/287","|","|-weather|SunnyDay|[upkeep]","|-heal|p1a: Chandelure|202/261|[from] item: Leftovers","|turn|6","|","|move|p2a: Ninetales|Calm Mind|p2a: Ninetales","|-boost|p2a: Ninetales|spa|1","|-boost|p2a: Ninetales|spd|1","|move|p1a: Chandelure|Shadow Ball|p2a: Ninetales","|-damage|p2a: Ninetales|111/287","|","|-weather|SunnyDay|[upkeep]","|-heal|p1a: Chandelure|218/261|[from] item: Leftovers","|turn|7","|","|move|p2a: Ninetales|Dark Pulse|p1a: Chandelure","|-supereffective|p1a: Chandelure","|-damage|p1a: Chandelure|0 fnt","|-damage|p2a: Ninetales|83/287|[from] item: Life Orb","|faint|p1a: Chandelure","|","|-weather|SunnyDay|[upkeep]","|","|switch|p1a: Gengar|Gengar, M|261/261","|turn|8","|","|move|p1a: Gengar|Sludge Wave|p2a: Ninetales","|-damage|p2a: Ninetales|0 fnt","|faint|p2a: Ninetales","|","|-weather|none","|","|switch|p2a: Camerupt|Camerupt, F|343/343","|turn|9","|","|detailschange|p2a: Camerupt|Camerupt-Mega, F","|-mega|p2a: Camerupt|Camerupt|Cameruptite","|move|p1a: Gengar|Sludge Wave|p2a: Camerupt","|-resisted|p2a: Camerupt","|-damage|p2a: Camerupt|222/343","|move|p2a: Camerupt|Lava Plume|p1a: Gengar","|-damage|p1a: Gengar|0 fnt","|faint|p1a: Gengar","|","|","|switch|p1a: Sableye|Sableye, F|302/302","|turn|10","|","|move|p1a: Sableye|Calm Mind|p1a: Sableye","|-boost|p1a: Sableye|spa|1","|-boost|p1a: Sableye|spd|1","|move|p2a: Camerupt|Lava Plume|p1a: Sableye","|-damage|p1a: Sableye|92/302","|","|turn|11","|","|move|p1a: Sableye|Recover|p1a: Sableye","|-heal|p1a: Sableye|243/302","|move|p2a: Camerupt|Earth Power|p1a: Sableye","|-damage|p1a: Sableye|11/302","|","|turn|12","|","|detailschange|p1a: Sableye|Sableye-Mega, F","|-mega|p1a: Sableye|Sableye|Sablenite","|move|p1a: Sableye|Recover|p1a: Sableye","|-heal|p1a: Sableye|162/302","|move|p2a: Camerupt|Earth Power|p1a: Sableye","|-damage|p1a: Sableye|5/302","|","|turn|13","|","|move|p1a: Sableye|Recover|p1a: Sableye","|-heal|p1a: Sableye|156/302","|move|p2a: Camerupt|Earth Power|p1a: Sableye","|-damage|p1a: Sableye|23/302","|","|turn|14","|","|switch|p2a: Entei|Entei, shiny|371/371","|-ability|p2a: Entei|Pressure","|move|p1a: Sableye|Recover|p1a: Sableye","|-heal|p1a: Sableye|174/302","|","|turn|15","|","|move|p2a: Entei|Sacred Fire|p1a: Sableye","|-damage|p1a: Sableye|12/302","|move|p1a: Sableye|Calm Mind|p1a: Sableye","|-boost|p1a: Sableye|spa|1","|-boost|p1a: Sableye|spd|1","|","|turn|16","|","|move|p2a: Entei|Sacred Fire|p1a: Sableye","|-damage|p1a: Sableye|0 fnt","|faint|p1a: Sableye","|","|","|switch|p1a: Jellicent|Jellicent, F|332/402","|turn|17","|","|switch|p2a: Rotom-Heat|Rotom-Heat|304/304","|move|p1a: Jellicent|Acid Armor|p1a: Jellicent","|-boost|p1a: Jellicent|def|2","|","|-heal|p1a: Jellicent|357/402|[from] item: Leftovers","|turn|18","|","|move|p2a: Rotom-Heat|Confuse Ray|p1a: Jellicent","|-start|p1a: Jellicent|confusion","|-activate|p1a: Jellicent|confusion","|-damage|p1a: Jellicent|342/402|[from] confusion","|","|-heal|p1a: Jellicent|367/402|[from] item: Leftovers","|turn|19","|","|move|p2a: Rotom-Heat|Confuse Ray|p1a: Jellicent","|-fail|p1a: Jellicent","|-end|p1a: Jellicent|confusion","|move|p1a: Jellicent|Toxic|p2a: Rotom-Heat","|-status|p2a: Rotom-Heat|tox","|","|-heal|p1a: Jellicent|392/402|[from] item: Leftovers","|-damage|p2a: Rotom-Heat|285/304 tox|[from] psn","|turn|20","|","|move|p2a: Rotom-Heat|Confuse Ray|p1a: Jellicent","|-start|p1a: Jellicent|confusion","|-activate|p1a: Jellicent|confusion","|move|p1a: Jellicent|Acid Armor|p1a: Jellicent","|-boost|p1a: Jellicent|def|2","|","|-heal|p1a: Jellicent|402/402|[from] item: Leftovers","|-damage|p2a: Rotom-Heat|247/304 tox|[from] psn","|turn|21","|","|switch|p2a: Camerupt|Camerupt-Mega, F|222/343","|-activate|p1a: Jellicent|confusion","|-damage|p1a: Jellicent|393/402|[from] confusion","|","|-heal|p1a: Jellicent|402/402|[from] item: Leftovers","|turn|22","|","|-activate|p1a: Jellicent|confusion","|-damage|p1a: Jellicent|394/402|[from] confusion","|move|p2a: Camerupt|Hidden Power|p1a: Jellicent","|-supereffective|p1a: Jellicent","|-damage|p1a: Jellicent|276/402","|","|-heal|p1a: Jellicent|301/402|[from] item: Leftovers","|turn|23","|","|-activate|p1a: Jellicent|confusion","|move|p1a: Jellicent|Scald|p2a: Camerupt","|-supereffective|p2a: Camerupt","|-damage|p2a: Camerupt|0 fnt","|faint|p2a: Camerupt","|","|-heal|p1a: Jellicent|326/402|[from] item: Leftovers","|","|switch|p2a: Arcanine|Arcanine, F|321/321","|-ability|p2a: Arcanine|Intimidate","|-unboost|p1a: Jellicent|atk|1","|turn|24","|","|move|p2a: Arcanine|Solar Beam|p1a: Jellicent|[still]","|-prepare|p2a: Arcanine|Solar Beam|p1a: Jellicent","|-end|p1a: Jellicent|confusion","|move|p1a: Jellicent|Toxic|p2a: Arcanine","|-status|p2a: Arcanine|tox","|","|-heal|p1a: Jellicent|351/402|[from] item: Leftovers","|-damage|p2a: Arcanine|301/321 tox|[from] psn","|turn|25","|","|move|p2a: Arcanine|Solar Beam|p1a: Jellicent|[from]lockedmove","|-supereffective|p1a: Jellicent","|-damage|p1a: Jellicent|192/402","|-damage|p2a: Arcanine|269/321 tox|[from] item: Life Orb","|move|p1a: Jellicent|Recover|p1a: Jellicent","|-heal|p1a: Jellicent|393/402","|","|-heal|p1a: Jellicent|402/402|[from] item: Leftovers","|-damage|p2a: Arcanine|229/321 tox|[from] psn","|turn|26","|","|win|hypershaymin"],"p1rating":{"entryid":"67995","serverid":"eos","formatid":"monotype","userid":"hypershaymin","username":"hypershaymin","w":1,"l":"1","t":"0","gxe":48.7,"r":"1459.8393856612","rd":"123.22070420879","sigma":"0","rptime":"1440147600","rpr":1489.3986207743,"rprd":117.06424711892,"rpsigma":"0","acre":1040,"lacre":1040,"oldacre":"1000"},"p2rating":{"entryid":"190539","serverid":"eos","formatid":"monotype","userid":"infernodpx","username":"Inferno DPX","w":"0","l":5,"t":"0","gxe":32.8,"r":"1382.0798783401","rd":"106.56324947951","sigma":"0","rptime":"1440147600","rpr":1359.6478177186,"rprd":102.62847262003,"rpsigma":"0","acre":1000,"lacre":1000,"oldacre":"1000"},"endType":"forfeit"}