{"seed":[26590,5847,25965,44971],"turns":25,"p1":"Carnie Marston","p2":"Alliance-Succubus","p1team":[{"name":"Scizor","species":"Scizor","item":"scizorite","ability":"Technician","moves":["bulletpunch","knockoff","bugbite","swordsdance"],"nature":"Adamant","evs":{"hp":216,"atk":216,"def":0,"spa":0,"spd":0,"spe":76},"ivs":{"hp":31,"atk":31,"def":31,"spa":31,"spd":31,"spe":31}},{"name":"Excadrill","species":"Excadrill","item":"airballoon","ability":"Mold Breaker","moves":["rockslide","earthquake","brickbreak","ironhead"],"nature":"Adamant","evs":{"hp":0,"atk":252,"def":0,"spa":0,"spd":4,"spe":252},"ivs":{"hp":31,"atk":31,"def":31,"spa":31,"spd":31,"spe":31}},{"name":"Ferrothorn","species":"Ferrothorn","item":"zoomlens","ability":"Anticipation","moves":["powerwhip","ironhead","spikes","swordsdance"],"nature":"Adamant","evs":{"hp":248,"atk":252,"def":0,"spa":0,"spd":8,"spe":0},"ivs":{"hp":31,"atk":31,"def":31,"spa":31,"spd":31,"spe":31}},{"name":"Heatran","species":"Heatran","item":"airballoon","ability":"Flash Fire","moves":["eruption","flashcannon","toxic","earthpower"],"nature":"Quiet","evs":{"hp":248,"atk":0,"def":0,"spa":252,"spd":8,"spe":0},"ivs":{"hp":31,"atk":31,"def":31,"spa":31,"spd":31,"spe":31}},{"name":"Empoleon","species":"Empoleon","item":"expertbelt","ability":"Defiant","moves":["flashcannon","icebeam","scald","drillpeck"],"nature":"Mild","evs":{"hp":248,"atk":8,"def":0,"spa":252,"spd":0,"spe":0},"shiny":true,"ivs":{"hp":31,"atk":31,"def":31,"spa":31,"spd":31,"spe":31}},{"name":"Sleepy","species":"jirachi","item":"airballoon","ability":"Serene Grace","moves":["calmmind","thunderbolt","psychic","flashcannon"],"nature":"Timid","evs":{"hp":0,"atk":0,"def":0,"spa":252,"spd":4,"spe":252},"ivs":{"hp":31,"atk":31,"def":31,"spa":31,"spd":31,"spe":31}}],"p2team":[{"name":"Wii-Unbound","species":"hoopaunbound","item":"choicescarf","ability":"Magician","moves":["hyperspacehole","darkpulse","energyball","destinybond"],"nature":"Timid","evs":{"hp":0,"atk":0,"def":4,"spa":252,"spd":0,"spe":252},"ivs":{"hp":31,"atk":31,"def":31,"spa":31,"spd":31,"spe":31}},{"name":"Dino Disco","species":"tyranitar","item":"leftovers","ability":"Sand Stream","moves":["crunch","stoneedge","stealthrock","dragondance"],"nature":"Adamant","evs":{"hp":0,"atk":252,"def":0,"spa":0,"spd":4,"spe":252},"gender":"M","ivs":{"hp":31,"atk":31,"def":31,"spa":31,"spd":31,"spe":31}},{"name":"BOINGGGG!!!","species":"sableye","item":"sablenite","ability":"Prankster","moves":["calmmind","willowisp","recover","darkpulse"],"nature":"Calm","evs":{"hp":248,"atk":0,"def":0,"spa":8,"spd":252,"spe":0},"gender":"F","ivs":{"hp":31,"atk":31,"def":31,"spa":31,"spd":31,"spe":31}},{"name":"Name Idea?","species":"mandibuzz","item":"leftovers","ability":"Overcoat","moves":["roost","defog","foulplay","toxic"],"nature":"Bold","evs":{"hp":248,"atk":0,"def":252,"spa":0,"spd":8,"spe":0},"ivs":{"hp":31,"atk":31,"def":31,"spa":31,"spd":31,"spe":31}},{"name":"Gray Fullbuster","species":"weavile","item":"focussash","ability":"Pressure","moves":["swordsdance","iceshard","iciclecrash","knockoff"],"nature":"Adamant","evs":{"hp":0,"atk":252,"def":0,"spa":0,"spd":4,"spe":252},"gender":"M","ivs":{"hp":31,"atk":31,"def":31,"spa":31,"spd":31,"spe":31}},{"name":"Krooky Monster","species":"krookodile","item":"choicescarf","ability":"Moxie","moves":["knockoff","earthquake","outrage","superpower"],"nature":"Jolly","evs":{"hp":0,"atk":252,"def":0,"spa":0,"spd":4,"spe":252},"gender":"M","ivs":{"hp":31,"atk":31,"def":31,"spa":31,"spd":31,"spe":31}}],"log":["|player|p1|Carnie Marston|2","|player|p2|Alliance-Succubus|96","|gametype|singles","|gen|6","|tier|Monotype","|rated","|rule|Baton Pass Clause: Limit one Baton Passer, can't pass Spe and other stats simultaneously","|rule|Swagger Clause: Swagger is banned","|rule|Same Type Clause: Pokémon in a team must share a type","|clearpoke","|poke|p1|Scizor, M","|poke|p1|Excadrill, F","|poke|p1|Ferrothorn, M","|poke|p1|Heatran, F","|poke|p1|Empoleon, F, shiny","|poke|p1|Jirachi","|poke|p2|Hoopa-Unbound","|poke|p2|Tyranitar, M","|poke|p2|Sableye, F","|poke|p2|Mandibuzz, F","|poke|p2|Weavile, M","|poke|p2|Krookodile, M","|rule|Sleep Clause Mod: Limit one foe put to sleep","|rule|Species Clause: Limit one of each Pokémon","|rule|OHKO Clause: OHKO moves are banned","|rule|Moody Clause: Moody is banned","|rule|Evasion Moves Clause: Evasion moves are banned","|rule|Endless Battle Clause: Forcing endless battles is banned","|rule|HP Percentage Mod: HP is shown in percentages","|teampreview","|","|start","|switch|p1a: Excadrill|Excadrill, F|361/361","|switch|p2a: BOINGGGG!!!|Sableye, F|303/303","|-ability|p1a: Excadrill|Mold Breaker","|-item|p1a: Excadrill|Air Balloon","|turn|1","|","|switch|p1a: Empoleon|Empoleon, F, shiny|371/371","|detailschange|p2a: BOINGGGG!!!|Sableye-Mega, F","|-mega|p2a: BOINGGGG!!!|Sableye|Sablenite","|move|p2a: BOINGGGG!!!|Calm Mind|p2a: BOINGGGG!!!","|-boost|p2a: BOINGGGG!!!|spa|1","|-boost|p2a: BOINGGGG!!!|spd|1","|","|turn|2","|","|move|p1a: Empoleon|Scald|p2a: BOINGGGG!!!","|-damage|p2a: BOINGGGG!!!|240/303","|move|p2a: BOINGGGG!!!|Calm Mind|p2a: BOINGGGG!!!","|-boost|p2a: BOINGGGG!!!|spa|1","|-boost|p2a: BOINGGGG!!!|spd|1","|","|turn|3","|","|move|p1a: Empoleon|Drill Peck|p2a: BOINGGGG!!!","|-crit|p2a: BOINGGGG!!!","|-damage|p2a: BOINGGGG!!!|170/303","|move|p2a: BOINGGGG!!!|Calm Mind|p2a: BOINGGGG!!!","|-boost|p2a: BOINGGGG!!!|spa|1","|-boost|p2a: BOINGGGG!!!|spd|1","|","|turn|4","|","|move|p1a: Empoleon|Drill Peck|p2a: BOINGGGG!!!","|-crit|p2a: BOINGGGG!!!","|-damage|p2a: BOINGGGG!!!|95/303","|move|p2a: BOINGGGG!!!|Recover|p2a: BOINGGGG!!!","|-heal|p2a: BOINGGGG!!!|247/303","|","|turn|5","|","|move|p1a: Empoleon|Drill Peck|p2a: BOINGGGG!!!","|-crit|p2a: BOINGGGG!!!","|-damage|p2a: BOINGGGG!!!|176/303","|move|p2a: BOINGGGG!!!|Dark Pulse|p1a: Empoleon","|-damage|p1a: Empoleon|175/371","|","|turn|6","|","|move|p1a: Empoleon|Drill Peck|p2a: BOINGGGG!!!","|-damage|p2a: BOINGGGG!!!|132/303","|move|p2a: BOINGGGG!!!|Recover|p2a: BOINGGGG!!!","|-heal|p2a: BOINGGGG!!!|284/303","|","|turn|7","|","|move|p1a: Empoleon|Scald|p2a: BOINGGGG!!!","|-damage|p2a: BOINGGGG!!!|248/303","|move|p2a: BOINGGGG!!!|Dark Pulse|p1a: Empoleon","|-damage|p1a: Empoleon|0 fnt","|faint|p1a: Empoleon","|","|","|switch|p1a: Scizor|Scizor, M|335/335","|turn|8","|","|detailschange|p1a: Scizor|Scizor-Mega, M","|-mega|p1a: Scizor|Scizor|Scizorite","|move|p1a: Scizor|Swords Dance|p1a: Scizor","|-boost|p1a: Scizor|atk|2","|move|p2a: BOINGGGG!!!|Will-O-Wisp|p1a: Scizor","|-status|p1a: Scizor|brn","|","|-damage|p1a: Scizor|294/335 brn|[from] brn","|turn|9","|","|move|p1a: Scizor|Swords Dance|p1a: Scizor","|-boost|p1a: Scizor|atk|2","|move|p2a: BOINGGGG!!!|Dark Pulse|p1a: Scizor","|-damage|p1a: Scizor|90/335 brn","|","|-damage|p1a: Scizor|49/335 brn|[from] brn","|turn|10","|","|move|p1a: Scizor|Bug Bite|p2a: BOINGGGG!!!","|-damage|p2a: BOINGGGG!!!|10/303","|move|p2a: BOINGGGG!!!|Dark Pulse|p1a: Scizor","|-damage|p1a: Scizor|0 fnt","|faint|p1a: Scizor","|","|","|switch|p1a: Ferrothorn|Ferrothorn, M|351/351","|turn|11","|","|switch|p1a: Heatran|Heatran, F|385/385","|-item|p1a: Heatran|Air Balloon","|move|p2a: BOINGGGG!!!|Recover|p2a: BOINGGGG!!!","|-heal|p2a: BOINGGGG!!!|162/303","|","|turn|12","|","|move|p1a: Heatran|Eruption|p2a: BOINGGGG!!!","|-damage|p2a: BOINGGGG!!!|77/303","|move|p2a: BOINGGGG!!!|Recover|p2a: BOINGGGG!!!","|-heal|p2a: BOINGGGG!!!|229/303","|","|turn|13","|","|switch|p1a: Excadrill|Excadrill, F|361/361","|-ability|p1a: Excadrill|Mold Breaker","|-item|p1a: Excadrill|Air Balloon","|move|p2a: BOINGGGG!!!|Dark Pulse|p1a: Excadrill","|-damage|p1a: Excadrill|58/361","|-enditem|p1a: Excadrill|Air Balloon","|","|turn|14","|","|switch|p1a: Heatran|Heatran, F|385/385","|-item|p1a: Heatran|Air Balloon","|move|p2a: BOINGGGG!!!|Recover|p2a: BOINGGGG!!!","|-heal|p2a: BOINGGGG!!!|303/303","|","|turn|15","|","|move|p1a: Heatran|Eruption|p2a: BOINGGGG!!!","|-damage|p2a: BOINGGGG!!!|230/303","|move|p2a: BOINGGGG!!!|Dark Pulse|p1a: Heatran","|-damage|p1a: Heatran|178/385","|-enditem|p1a: Heatran|Air Balloon","|","|turn|16","|","|move|p1a: Heatran|Eruption|p2a: BOINGGGG!!!","|-damage|p2a: BOINGGGG!!!|194/303","|move|p2a: BOINGGGG!!!|Dark Pulse|p1a: Heatran","|-damage|p1a: Heatran|0 fnt","|faint|p1a: Heatran","|","|","|switch|p1a: Excadrill|Excadrill, F|58/361","|-ability|p1a: Excadrill|Mold Breaker","|turn|17","|","|move|p1a: Excadrill|Rock Slide|p2a: BOINGGGG!!!","|-crit|p2a: BOINGGGG!!!","|-damage|p2a: BOINGGGG!!!|76/303","|move|p2a: BOINGGGG!!!|Recover|p2a: BOINGGGG!!!","|-heal|p2a: BOINGGGG!!!|228/303","|","|turn|18","|","|move|p1a: Excadrill|Rock Slide|p2a: BOINGGGG!!!","|-damage|p2a: BOINGGGG!!!|144/303","|cant|p2a: BOINGGGG!!!|flinch","|","|turn|19","|","|move|p1a: Excadrill|Rock Slide|p2a: BOINGGGG!!!","|-damage|p2a: BOINGGGG!!!|53/303","|move|p2a: BOINGGGG!!!|Dark Pulse|p1a: Excadrill","|-damage|p1a: Excadrill|0 fnt","|faint|p1a: Excadrill","|","|","|switch|p1a: Ferrothorn|Ferrothorn, M|351/351","|turn|20","|","|move|p2a: BOINGGGG!!!|Recover|p2a: BOINGGGG!!!","|-heal|p2a: BOINGGGG!!!|205/303","|move|p1a: Ferrothorn|Swords Dance|p1a: Ferrothorn","|-boost|p1a: Ferrothorn|atk|2","|","|turn|21","|","|move|p2a: BOINGGGG!!!|Recover|p2a: BOINGGGG!!!","|-heal|p2a: BOINGGGG!!!|303/303","|move|p1a: Ferrothorn|Iron Head|p2a: BOINGGGG!!!","|-crit|p2a: BOINGGGG!!!","|-damage|p2a: BOINGGGG!!!|17/303","|","|turn|22","|","|move|p1a: Ferrothorn|Iron Head|p2a: BOINGGGG!!!","|-damage|p2a: BOINGGGG!!!|0 fnt","|faint|p2a: BOINGGGG!!!","|","|","|switch|p2a: Wii-Unbound|Hoopa-Unbound|301/301","|turn|23","|","|move|p2a: Wii-Unbound|Destiny Bond|p2a: Wii-Unbound","|-singlemove|p2a: Wii-Unbound|Destiny Bond","|move|p1a: Ferrothorn|Power Whip|p2a: Wii-Unbound","|-damage|p2a: Wii-Unbound|0 fnt","|faint|p2a: Wii-Unbound","|-activate|p2a: Wii-Unbound|Destiny Bond","|faint|p1a: Ferrothorn","|","|","|switch|p2a: Gray Fullbuster|Weavile, M|281/281","|switch|p1a: Sleepy|Jirachi|341/341","|-ability|p2a: Gray Fullbuster|Pressure","|-item|p1a: Sleepy|Air Balloon","|turn|24","|","|move|p2a: Gray Fullbuster|Swords Dance|p2a: Gray Fullbuster","|-boost|p2a: Gray Fullbuster|atk|2","|move|p1a: Sleepy|Flash Cannon|p2a: Gray Fullbuster","|-supereffective|p2a: Gray Fullbuster","|-damage|p2a: Gray Fullbuster|23/281","|","|turn|25","|","|move|p2a: Gray Fullbuster|Knock Off|p1a: Sleepy","|-supereffective|p1a: Sleepy","|-damage|p1a: Sleepy|0 fnt","|-enditem|p1a: Sleepy|Air Balloon","|faint|p1a: Sleepy","|","|win|Alliance-Succubus"],"p1rating":{"entryid":247123,"formatid":"monotype","userid":"carniemarston","username":"Carnie Marston","r":1500,"rd":130,"sigma":0,"rpr":1450.0868227386,"rprd":122.43152502802,"rpsigma":0,"rptime":1440147600,"w":0,"l":1,"t":0,"gxe":43.8,"acre":1000,"lacre":1000,"oldacre":1000},"p2rating":{"entryid":"50240","serverid":"eos","formatid":"monotype","userid":"alliancesuccubus","username":"Alliance-Succubus","w":9,"l":"10","t":"0","gxe":47.5,"r":"1431.1137964092","rd":"76.294878320192","sigma":"0","rptime":"1440147600","rpr":1480.8296588395,"rprd":72.088659694146,"rpsigma":"0","acre":1123.2759425292,"lacre":1123.2759425292,"oldacre":"1105.6522560891"},"endType":"normal"}