{"seed":[29151,16886,22518,41114],"turns":29,"p1":"Arrow Bot","p2":"tyriu","p1team":[{"name":"Chesnaught","moves":["woodhammer","spikyshield","leechseed","synthesis"],"ability":"Bulletproof","evs":{"hp":85,"atk":85,"def":85,"spa":85,"spd":85,"spe":85},"ivs":{"hp":31,"atk":31,"def":31,"spa":31,"spd":31,"spe":31},"item":"Leftovers","level":77,"shiny":false},{"name":"Rayquaza","moves":["dragondance","dragonascent","extremespeed","vcreate"],"ability":"Air Lock","evs":{"hp":85,"atk":85,"def":85,"spa":85,"spd":85,"spe":85},"ivs":{"hp":31,"atk":31,"def":31,"spa":31,"spd":31,"spe":31},"item":"Leftovers","level":71,"shiny":false},{"name":"Keldeo","moves":["secretsword","scald","substitute","hiddenpowerelectric"],"ability":"Justified","evs":{"hp":85,"atk":85,"def":85,"spa":85,"spd":85,"spe":85},"ivs":{"hp":31,"atk":31,"def":31,"spa":30,"spd":31,"spe":31},"item":"Leftovers","level":75,"shiny":false},{"name":"Raichu","moves":["thunderbolt","focusblast","hiddenpowerice","voltswitch"],"ability":"Lightning Rod","evs":{"hp":85,"atk":85,"def":85,"spa":85,"spd":85,"spe":85},"ivs":{"hp":31,"atk":30,"def":30,"spa":31,"spd":31,"spe":31},"item":"Choice Specs","level":83,"shiny":false},{"name":"Kyurem-Black","moves":["dragonclaw","earthpower","fusionbolt","roost"],"ability":"Teravolt","evs":{"hp":85,"atk":85,"def":85,"spa":85,"spd":85,"spe":85},"ivs":{"hp":31,"atk":31,"def":31,"spa":31,"spd":31,"spe":31},"item":"Leftovers","level":75,"shiny":false},{"name":"Meloetta","moves":["hypervoice","psyshock","focusblast","calmmind"],"ability":"Serene Grace","evs":{"hp":85,"atk":85,"def":85,"spa":85,"spd":85,"spe":85},"ivs":{"hp":31,"atk":31,"def":31,"spa":31,"spd":31,"spe":31},"item":"Leftovers","level":79,"shiny":false}],"p2team":[{"name":"Musharna","moves":["healbell","thunderwave","signalbeam","psyshock"],"ability":"Synchronize","evs":{"hp":85,"atk":85,"def":85,"spa":85,"spd":85,"spe":85},"ivs":{"hp":31,"atk":31,"def":31,"spa":31,"spd":31,"spe":31},"item":"Leftovers","level":81,"shiny":false},{"name":"Liepard","moves":["darkpulse","copycat","encore","knockoff"],"ability":"Prankster","evs":{"hp":85,"atk":85,"def":85,"spa":85,"spd":85,"spe":85},"ivs":{"hp":31,"atk":31,"def":31,"spa":31,"spd":31,"spe":31},"item":"Leftovers","level":81,"shiny":false},{"name":"Bronzong","moves":["toxic","gyroball","reflect","explosion"],"ability":"Levitate","evs":{"hp":85,"atk":170,"def":85,"spa":85,"spd":85,"spe":0},"ivs":{"hp":31,"atk":31,"def":31,"spa":31,"spd":31,"spe":0},"item":"Light Clay","level":79,"shiny":false},{"name":"Swampert","moves":["waterfall","superpower","icepunch","raindance"],"ability":"Torrent","evs":{"hp":85,"atk":85,"def":85,"spa":85,"spd":85,"spe":85},"ivs":{"hp":31,"atk":31,"def":31,"spa":31,"spd":31,"spe":31},"item":"Swampertite","level":77,"shiny":false},{"name":"Florges","moves":["protect","moonblast","aromatherapy","wish"],"ability":"Symbiosis","evs":{"hp":85,"atk":85,"def":85,"spa":85,"spd":85,"spe":85},"ivs":{"hp":31,"atk":31,"def":31,"spa":31,"spd":31,"spe":31},"item":"Leftovers","level":77,"shiny":false},{"name":"Poliwrath","moves":["raindance","icebeam","focusblast","hydropump"],"ability":"Swift Swim","evs":{"hp":85,"atk":85,"def":85,"spa":85,"spd":85,"spe":85},"ivs":{"hp":31,"atk":31,"def":31,"spa":31,"spd":31,"spe":31},"item":"Damp Rock","level":83,"shiny":false}],"log":["|player|p1|Arrow Bot|92","|player|p2|tyriu|170","|gametype|singles","|gen|6","|tier|Random Battle","|rated","|rule|Sleep Clause Mod: Limit one foe put to sleep","|rule|HP Percentage Mod: HP is shown in percentages","|","|start","|switch|p1a: Chesnaught|Chesnaught, L77, F|262/262","|switch|p2a: Musharna|Musharna, L81, M|321/321","|turn|1","|","|move|p1a: Chesnaught|Spiky Shield|p1a: Chesnaught","|-singleturn|p1a: Chesnaught|move: Protect","|move|p2a: Musharna|Thunder Wave|p1a: Chesnaught","|-activate|p1a: Chesnaught|Protect","|","|turn|2","|","|move|p1a: Chesnaught|Wood Hammer|p2a: Musharna","|-damage|p2a: Musharna|204/321","|-damage|p1a: Chesnaught|223/262|[from] recoil|[of] p2a: Musharna","|move|p2a: Musharna|Thunder Wave|p1a: Chesnaught","|-status|p1a: Chesnaught|par","|","|-heal|p2a: Musharna|224/321|[from] item: Leftovers","|-heal|p1a: Chesnaught|239/262 par|[from] item: Leftovers","|turn|3","|","|move|p2a: Musharna|Signal Beam|p1a: Chesnaught","|-damage|p1a: Chesnaught|178/262 par","|-start|p1a: Chesnaught|confusion","|-activate|p1a: Chesnaught|confusion","|-damage|p1a: Chesnaught|154/262 par|[from] confusion","|","|-heal|p2a: Musharna|244/321|[from] item: Leftovers","|-heal|p1a: Chesnaught|170/262 par|[from] item: Leftovers","|turn|4","|","|move|p2a: Musharna|Heal Bell|p2a: Musharna","|-cureteam|p2a: Musharna|[from] move: HealBell","|-end|p1a: Chesnaught|confusion","|cant|p1a: Chesnaught|par","|","|-heal|p2a: Musharna|264/321|[from] item: Leftovers","|-heal|p1a: Chesnaught|186/262 par|[from] item: Leftovers","|turn|5","|","|move|p1a: Chesnaught|Spiky Shield|p1a: Chesnaught","|-singleturn|p1a: Chesnaught|move: Protect","|move|p2a: Musharna|Signal Beam|p1a: Chesnaught","|-activate|p1a: Chesnaught|Protect","|","|-heal|p2a: Musharna|284/321|[from] item: Leftovers","|-heal|p1a: Chesnaught|202/262 par|[from] item: Leftovers","|turn|6","|","|move|p2a: Musharna|Psyshock|p1a: Chesnaught","|-supereffective|p1a: Chesnaught","|-damage|p1a: Chesnaught|58/262 par","|move|p1a: Chesnaught|Synthesis|p1a: Chesnaught","|-heal|p1a: Chesnaught|189/262 par","|","|-heal|p2a: Musharna|304/321|[from] item: Leftovers","|-heal|p1a: Chesnaught|205/262 par|[from] item: Leftovers","|turn|7","|","|move|p2a: Musharna|Psyshock|p1a: Chesnaught","|-supereffective|p1a: Chesnaught","|-damage|p1a: Chesnaught|59/262 par","|move|p1a: Chesnaught|Leech Seed|p2a: Musharna","|-start|p2a: Musharna|move: Leech Seed","|","|-heal|p2a: Musharna|321/321|[from] item: Leftovers","|-heal|p1a: Chesnaught|75/262 par|[from] item: Leftovers","|-damage|p2a: Musharna|281/321|[from] Leech Seed|[of] p1a: Chesnaught","|-heal|p1a: Chesnaught|115/262 par|[silent]","|turn|8","|","|move|p2a: Musharna|Psyshock|p1a: Chesnaught","|-supereffective|p1a: Chesnaught","|-damage|p1a: Chesnaught|0 fnt","|faint|p1a: Chesnaught","|","|-heal|p2a: Musharna|301/321|[from] item: Leftovers","|","|switch|p1a: Meloetta|Meloetta, L79|288/288","|turn|9","|","|switch|p2a: Liepard|Liepard, L81, M|236/236","|move|p1a: Meloetta|Hyper Voice|p2a: Liepard","|-damage|p2a: Liepard|61/236","|","|-heal|p2a: Liepard|75/236|[from] item: Leftovers","|turn|10","|","|move|p2a: Liepard|Copycat|p2a: Liepard","|move|p2a: Liepard|Hyper Voice|p1a: Meloetta|[from]Copycat","|-damage|p1a: Meloetta|246/288","|move|p1a: Meloetta|Hyper Voice|p2a: Liepard","|-damage|p2a: Liepard|0 fnt","|faint|p2a: Liepard","|","|-heal|p1a: Meloetta|264/288|[from] item: Leftovers","|","|switch|p2a: Swampert|Swampert, L77, M|281/281","|turn|11","|","|detailschange|p2a: Swampert|Swampert-Mega, L77, M","|-mega|p2a: Swampert|Swampert|Swampertite","|move|p1a: Meloetta|Hyper Voice|p2a: Swampert","|-damage|p2a: Swampert|184/281","|move|p2a: Swampert|Rain Dance|p2a: Swampert","|-weather|RainDance","|","|-weather|RainDance|[upkeep]","|-heal|p1a: Meloetta|282/288|[from] item: Leftovers","|turn|12","|","|move|p2a: Swampert|Waterfall|p1a: Meloetta","|-damage|p1a: Meloetta|108/288","|cant|p1a: Meloetta|flinch","|","|-weather|RainDance|[upkeep]","|-heal|p1a: Meloetta|126/288|[from] item: Leftovers","|turn|13","|","|move|p2a: Swampert|Waterfall|p1a: Meloetta","|-damage|p1a: Meloetta|0 fnt","|faint|p1a: Meloetta","|","|-weather|RainDance|[upkeep]","|","|switch|p1a: Rayquaza|Rayquaza, L71|267/267","|-ability|p1a: Rayquaza|Air Lock","|turn|14","|","|detailschange|p1a: Rayquaza|Rayquaza-Mega, L71","|-mega|p1a: Rayquaza|Rayquaza|","|-weather|DeltaStream","|move|p1a: Rayquaza|Dragon Ascent|p2a: Swampert","|-damage|p2a: Swampert|49/281","|-unboost|p1a: Rayquaza|def|1","|-unboost|p1a: Rayquaza|spd|1","|move|p2a: Swampert|Superpower|p1a: Rayquaza","|-resisted|p1a: Rayquaza","|-damage|p1a: Rayquaza|183/267","|-unboost|p2a: Swampert|atk|1","|-unboost|p2a: Swampert|def|1","|","|-weather|DeltaStream|[upkeep]","|-heal|p1a: Rayquaza|199/267|[from] item: Leftovers","|turn|15","|","|move|p1a: Rayquaza|Dragon Ascent|p2a: Swampert","|-damage|p2a: Swampert|0 fnt","|-unboost|p1a: Rayquaza|def|1","|-unboost|p1a: Rayquaza|spd|1","|faint|p2a: Swampert","|","|-weather|DeltaStream|[upkeep]","|-heal|p1a: Rayquaza|215/267|[from] item: Leftovers","|","|switch|p2a: Florges|Florges, L77, F|247/247","|turn|16","|","|move|p1a: Rayquaza|Dragon Ascent|p2a: Florges","|-damage|p2a: Florges|46/247","|-unboost|p1a: Rayquaza|def|1","|-unboost|p1a: Rayquaza|spd|1","|move|p2a: Florges|Moonblast|p1a: Rayquaza","|-supereffective|p1a: Rayquaza","|-damage|p1a: Rayquaza|0 fnt","|faint|p1a: Rayquaza","|-weather|none","|","|-heal|p2a: Florges|61/247|[from] item: Leftovers","|","|switch|p1a: Raichu|Raichu, L83, M|235/235","|turn|17","|","|move|p1a: Raichu|Volt Switch|p2a: Florges","|-damage|p2a: Florges|0 fnt","|faint|p2a: Florges","|","|switch|p1a: Keldeo|Keldeo, L75|260/260","|","|","|switch|p2a: Poliwrath|Poliwrath, L83, F|285/285","|turn|18","|","|move|p1a: Keldeo|Hidden Power|p2a: Poliwrath","|-supereffective|p2a: Poliwrath","|-damage|p2a: Poliwrath|197/285","|move|p2a: Poliwrath|Focus Blast|p1a: Keldeo","|-damage|p1a: Keldeo|157/260","|","|-heal|p1a: Keldeo|173/260|[from] item: Leftovers","|turn|19","|","|move|p1a: Keldeo|Secret Sword|p2a: Poliwrath","|-damage|p2a: Poliwrath|116/285","|move|p2a: Poliwrath|Hydro Pump|p1a: Keldeo","|-resisted|p1a: Keldeo","|-damage|p1a: Keldeo|128/260","|","|-heal|p1a: Keldeo|144/260|[from] item: Leftovers","|turn|20","|","|move|p1a: Keldeo|Hidden Power|p2a: Poliwrath","|-supereffective|p2a: Poliwrath","|-damage|p2a: Poliwrath|32/285","|move|p2a: Poliwrath|Ice Beam|p1a: Keldeo","|-resisted|p1a: Keldeo","|-damage|p1a: Keldeo|116/260","|","|-heal|p1a: Keldeo|132/260|[from] item: Leftovers","|turn|21","|","|move|p1a: Keldeo|Secret Sword|p2a: Poliwrath","|-damage|p2a: Poliwrath|0 fnt","|faint|p2a: Poliwrath","|","|-heal|p1a: Keldeo|148/260|[from] item: Leftovers","|","|switch|p2a: Bronzong|Bronzong, L79|235/235","|turn|22","|","|move|p1a: Keldeo|Substitute|p1a: Keldeo","|-start|p1a: Keldeo|Substitute","|-damage|p1a: Keldeo|83/260","|move|p2a: Bronzong|Toxic|p1a: Keldeo","|-fail|p1a: Keldeo","|","|-heal|p1a: Keldeo|99/260|[from] item: Leftovers","|turn|23","|","|move|p1a: Keldeo|Secret Sword|p2a: Bronzong","|-damage|p2a: Bronzong|153/235","|move|p2a: Bronzong|Gyro Ball|p1a: Keldeo","|-resisted|p1a: Keldeo","|-activate|p1a: Keldeo|Substitute|[damage]","|","|-heal|p1a: Keldeo|115/260|[from] item: Leftovers","|turn|24","|","|move|p1a: Keldeo|Scald|p2a: Bronzong","|-damage|p2a: Bronzong|75/235","|move|p2a: Bronzong|Reflect|p2a: Bronzong","|-sidestart|p2: tyriu|Reflect","|","|-heal|p1a: Keldeo|131/260|[from] item: Leftovers","|turn|25","|","|move|p1a: Keldeo|Scald|p2a: Bronzong","|-damage|p2a: Bronzong|0 fnt","|faint|p2a: Bronzong","|","|-heal|p1a: Keldeo|147/260|[from] item: Leftovers","|","|switch|p2a: Musharna|Musharna, L81, M|301/321","|turn|26","|","|move|p1a: Keldeo|Scald|p2a: Musharna","|-damage|p2a: Musharna|214/321","|-status|p2a: Musharna|brn","|-status|p1a: Keldeo|brn","|move|p2a: Musharna|Thunder Wave|p1a: Keldeo","|-fail|p1a: Keldeo","|","|-heal|p1a: Keldeo|163/260 brn|[from] item: Leftovers","|-heal|p2a: Musharna|234/321 brn|[from] item: Leftovers","|-damage|p1a: Keldeo|131/260 brn|[from] brn","|-damage|p2a: Musharna|194/321 brn|[from] brn","|turn|27","|","|move|p1a: Keldeo|Scald|p2a: Musharna","|-damage|p2a: Musharna|110/321 brn","|move|p2a: Musharna|Heal Bell|p2a: Musharna","|-cureteam|p2a: Musharna|[from] move: HealBell","|","|-heal|p1a: Keldeo|147/260 brn|[from] item: Leftovers","|-heal|p2a: Musharna|130/321|[from] item: Leftovers","|-damage|p1a: Keldeo|115/260 brn|[from] brn","|turn|28","|","|move|p1a: Keldeo|Scald|p2a: Musharna","|-damage|p2a: Musharna|48/321","|move|p2a: Musharna|Psyshock|p1a: Keldeo","|-crit|p1a: Keldeo","|-supereffective|p1a: Keldeo","|-end|p1a: Keldeo|Substitute","|","|-heal|p1a: Keldeo|131/260 brn|[from] item: Leftovers","|-heal|p2a: Musharna|68/321|[from] item: Leftovers","|-damage|p1a: Keldeo|99/260 brn|[from] brn","|turn|29","|","|move|p1a: Keldeo|Scald|p2a: Musharna","|-damage|p2a: Musharna|0 fnt","|faint|p2a: Musharna","|","|win|Arrow Bot"],"p1rating":{"entryid":"7247821","serverid":"eos","formatid":"randombattle","userid":"arrowbot","username":"Arrow Bot","w":1,"l":"2","t":"0","gxe":44.9,"r":"1500","rd":"130","sigma":"0","rptime":"1438160400","rpr":1459.8846934014,"rprd":111.57159142441,"rpsigma":"0","acre":1040,"lacre":1040,"oldacre":"1000"},"p2rating":{"entryid":7249009,"formatid":"randombattle","userid":"tyriu","username":"tyriu","r":1500,"rd":130,"sigma":0,"rpr":1459.8393856612,"rprd":122.8583080769,"rpsigma":0,"rptime":1438160400,"w":0,"l":1,"t":0,"gxe":45,"acre":1000,"lacre":1000,"oldacre":1000},"endType":"normal"}