{"seed":[32801,64025,54834,19629],"turns":24,"p1":"ldevries","p2":"rAiN/auReM","p1team":[{"name":"Luvdisc","moves":["icebeam","toxic","scald","protect"],"ability":"Hydration","evs":{"hp":85,"atk":85,"def":85,"spa":85,"spd":85,"spe":85},"ivs":{"hp":31,"atk":31,"def":31,"spa":31,"spd":31,"spe":31},"item":"Leftovers","level":83,"shiny":false},{"name":"Carnivine","moves":["knockoff","return","sleeppowder","powerwhip"],"ability":"Levitate","evs":{"hp":85,"atk":85,"def":85,"spa":85,"spd":85,"spe":85},"ivs":{"hp":31,"atk":31,"def":31,"spa":31,"spd":31,"spe":31},"item":"Life Orb","level":83,"shiny":false},{"name":"Vivillon","moves":["bugbuzz","quiverdance","substitute","hurricane"],"ability":"Compound Eyes","evs":{"hp":81,"atk":85,"def":85,"spa":89,"spd":85,"spe":85},"ivs":{"hp":31,"atk":31,"def":31,"spa":31,"spd":31,"spe":31},"item":"Leftovers","level":81,"shiny":false},{"name":"Jynx","moves":["nastyplot","psychic","icebeam","focusblast"],"ability":"Dry Skin","evs":{"hp":85,"atk":85,"def":85,"spa":85,"spd":85,"spe":85},"ivs":{"hp":31,"atk":31,"def":31,"spa":31,"spd":31,"spe":31},"item":"Life Orb","level":81,"shiny":false},{"name":"Venusaur","moves":["earthquake","knockoff","sludgebomb","synthesis"],"ability":"Overgrow","evs":{"hp":85,"atk":85,"def":85,"spa":85,"spd":85,"spe":85},"ivs":{"hp":31,"atk":31,"def":31,"spa":31,"spd":31,"spe":31},"item":"Venusaurite","level":75,"shiny":false},{"name":"Regice","moves":["focusblast","thunderbolt","icebeam","rest"],"ability":"Ice Body","evs":{"hp":81,"atk":85,"def":85,"spa":89,"spd":85,"spe":85},"ivs":{"hp":31,"atk":31,"def":31,"spa":31,"spd":31,"spe":31},"item":"Chesto Berry","level":83,"shiny":false}],"p2team":[{"name":"Linoone","moves":["seedbomb","shadowclaw","extremespeed","bellydrum"],"ability":"Quick Feet","evs":{"hp":81,"atk":89,"def":85,"spa":85,"spd":85,"spe":85},"ivs":{"hp":31,"atk":31,"def":31,"spa":31,"spd":31,"spe":31},"item":"Sitrus Berry","level":83,"shiny":false},{"name":"Latias","moves":["dracometeor","hiddenpowerfire","surf","roost"],"ability":"Levitate","evs":{"hp":85,"atk":85,"def":85,"spa":85,"spd":85,"spe":85},"ivs":{"hp":31,"atk":30,"def":31,"spa":30,"spd":31,"spe":30},"item":"Latiasite","level":75,"shiny":false},{"name":"Hoopa-Unbound","moves":["trick","knockoff","zenheadbutt","icepunch"],"ability":"Magician","evs":{"hp":85,"atk":85,"def":85,"spa":85,"spd":85,"spe":85},"ivs":{"hp":31,"atk":31,"def":31,"spa":31,"spd":31,"spe":31},"item":"Choice Scarf","level":75,"shiny":false},{"name":"Greninja","moves":["icebeam","gunkshot","uturn","spikes"],"ability":"Protean","evs":{"hp":85,"atk":85,"def":85,"spa":85,"spd":85,"spe":85},"ivs":{"hp":31,"atk":31,"def":31,"spa":31,"spd":31,"spe":31},"item":"Life Orb","level":74,"shiny":false},{"name":"Bibarel","moves":["rest","return","quickattack","waterfall"],"ability":"Simple","evs":{"hp":85,"atk":85,"def":85,"spa":85,"spd":85,"spe":85},"ivs":{"hp":31,"atk":31,"def":31,"spa":31,"spd":31,"spe":31},"item":"Chesto Berry","level":83,"shiny":false},{"name":"Forretress","moves":["toxic","gyroball","stealthrock","rapidspin"],"ability":"Sturdy","evs":{"hp":85,"atk":170,"def":85,"spa":85,"spd":85,"spe":0},"ivs":{"hp":31,"atk":31,"def":31,"spa":31,"spd":31,"spe":0},"item":"Leftovers","level":77,"shiny":false}],"log":["|player|p1|ldevries|102","|player|p2|rAiN/auReM|rainaurem.png","|gametype|singles","|gen|6","|tier|Random Battle","|rated","|rule|Sleep Clause Mod: Limit one foe put to sleep","|rule|HP Percentage Mod: HP is shown in percentages","|","|start","|switch|p1a: Luvdisc|Luvdisc, L83, M|207/207","|switch|p2a: Linoone|Linoone, L83, M|264/264","|turn|1","|","|switch|p2a: Forretress|Forretress, L77, F|242/242","|move|p1a: Luvdisc|Toxic|p2a: Forretress","|-immune|p2a: Forretress|[msg]","|","|turn|2","|","|move|p1a: Luvdisc|Scald|p2a: Forretress","|-damage|p2a: Forretress|181/242","|-status|p2a: Forretress|brn","|move|p2a: Forretress|Stealth Rock|p1a: Luvdisc","|-sidestart|p1: ldevries|move: Stealth Rock","|","|-heal|p2a: Forretress|196/242 brn|[from] item: Leftovers","|-damage|p2a: Forretress|166/242 brn|[from] brn","|turn|3","|","|move|p1a: Luvdisc|Scald|p2a: Forretress","|-damage|p2a: Forretress|97/242 brn","|move|p2a: Forretress|Toxic|p1a: Luvdisc","|-status|p1a: Luvdisc|tox","|","|-heal|p2a: Forretress|112/242 brn|[from] item: Leftovers","|-damage|p1a: Luvdisc|195/207 tox|[from] psn","|-damage|p2a: Forretress|82/242 brn|[from] brn","|turn|4","|","|move|p1a: Luvdisc|Scald|p2a: Forretress","|-damage|p2a: Forretress|18/242 brn","|move|p2a: Forretress|Gyro Ball|p1a: Luvdisc","|-resisted|p1a: Luvdisc","|-damage|p1a: Luvdisc|169/207 tox","|","|-heal|p1a: Luvdisc|181/207 tox|[from] item: Leftovers","|-heal|p2a: Forretress|33/242 brn|[from] item: Leftovers","|-damage|p1a: Luvdisc|157/207 tox|[from] psn","|-damage|p2a: Forretress|3/242 brn|[from] brn","|turn|5","|","|move|p1a: Luvdisc|Scald|p2a: Forretress","|-damage|p2a: Forretress|0 fnt","|faint|p2a: Forretress","|","|-heal|p1a: Luvdisc|169/207 tox|[from] item: Leftovers","|-damage|p1a: Luvdisc|133/207 tox|[from] psn","|","|switch|p2a: Hoopa-Unbound|Hoopa-Unbound, L75|244/244","|turn|6","|","|move|p2a: Hoopa-Unbound|Knock Off|p1a: Luvdisc","|-damage|p1a: Luvdisc|0 fnt","|-enditem|p1a: Luvdisc|Leftovers|[from] move: Knock Off|[of] p2a: Hoopa-Unbound","|faint|p1a: Luvdisc","|","|","|switch|p1a: Venusaur|Venusaur, L75, F|244/244","|-damage|p1a: Venusaur|214/244|[from] Stealth Rock","|turn|7","|","|switch|p2a: Latias|Latias, L75, F|244/244","|detailschange|p1a: Venusaur|Venusaur-Mega, L75, F","|-mega|p1a: Venusaur|Venusaur|Venusaurite","|move|p1a: Venusaur|Knock Off|p2a: Latias","|-supereffective|p2a: Latias","|-damage|p2a: Latias|158/244","|","|turn|8","|","|detailschange|p2a: Latias|Latias-Mega, L75, F","|-mega|p2a: Latias|Latias|Latiasite","|move|p2a: Latias|Draco Meteor|p1a: Venusaur","|-damage|p1a: Venusaur|76/244","|-unboost|p2a: Latias|spa|2","|move|p1a: Venusaur|Knock Off|p2a: Latias","|-supereffective|p2a: Latias","|-damage|p2a: Latias|92/244","|","|turn|9","|","|move|p2a: Latias|Roost|p2a: Latias","|-heal|p2a: Latias|214/244","|move|p1a: Venusaur|Sludge Bomb|p2a: Latias","|-damage|p2a: Latias|142/244","|","|turn|10","|","|move|p2a: Latias|Draco Meteor|p1a: Venusaur","|-damage|p1a: Venusaur|13/244","|-unboost|p2a: Latias|spa|2","|move|p1a: Venusaur|Synthesis|p1a: Venusaur","|-heal|p1a: Venusaur|135/244","|","|turn|11","|","|switch|p2a: Hoopa-Unbound|Hoopa-Unbound, L75|244/244","|move|p1a: Venusaur|Synthesis|p1a: Venusaur","|-heal|p1a: Venusaur|244/244","|","|turn|12","|","|move|p2a: Hoopa-Unbound|Zen Headbutt|p1a: Venusaur","|-supereffective|p1a: Venusaur","|-damage|p1a: Venusaur|68/244","|cant|p1a: Venusaur|flinch","|","|turn|13","|","|move|p2a: Hoopa-Unbound|Zen Headbutt|p1a: Venusaur|[miss]","|-miss|p2a: Hoopa-Unbound|p1a: Venusaur","|move|p1a: Venusaur|Sludge Bomb|p2a: Hoopa-Unbound","|-damage|p2a: Hoopa-Unbound|166/244","|","|turn|14","|","|move|p2a: Hoopa-Unbound|Zen Headbutt|p1a: Venusaur","|-supereffective|p1a: Venusaur","|-damage|p1a: Venusaur|0 fnt","|faint|p1a: Venusaur","|","|","|switch|p1a: Jynx|Jynx, L81, F|238/238","|-damage|p1a: Jynx|179/238|[from] Stealth Rock","|turn|15","|","|switch|p2a: Bibarel|Bibarel, L83, F|267/267","|move|p1a: Jynx|Nasty Plot|p1a: Jynx","|-boost|p1a: Jynx|spa|2","|","|turn|16","|","|move|p1a: Jynx|Focus Blast|p2a: Bibarel","|-supereffective|p2a: Bibarel","|-damage|p2a: Bibarel|0 fnt","|-damage|p1a: Jynx|156/238|[from] item: Life Orb","|faint|p2a: Bibarel","|","|","|switch|p2a: Hoopa-Unbound|Hoopa-Unbound, L75|166/244","|turn|17","|","|move|p2a: Hoopa-Unbound|Knock Off|p1a: Jynx","|-supereffective|p1a: Jynx","|-damage|p1a: Jynx|0 fnt","|-enditem|p1a: Jynx|Life Orb|[from] move: Knock Off|[of] p2a: Hoopa-Unbound","|faint|p1a: Jynx","|","|","|switch|p1a: Carnivine|Carnivine, L83, M|259/259","|-damage|p1a: Carnivine|227/259|[from] Stealth Rock","|turn|18","|","|switch|p2a: Latias|Latias-Mega, L75, F|142/244","|move|p1a: Carnivine|Sleep Powder|p2a: Latias","|-status|p2a: Latias|slp","|","|turn|19","|","|switch|p2a: Linoone|Linoone, L83, M|264/264","|move|p1a: Carnivine|Return|p2a: Linoone","|-crit|p2a: Linoone","|-damage|p2a: Linoone|70/264","|-damage|p1a: Carnivine|202/259|[from] item: Life Orb","|-enditem|p2a: Linoone|Sitrus Berry|[eat]","|-heal|p2a: Linoone|136/264|[from] item: Sitrus Berry","|","|turn|20","|","|move|p2a: Linoone|Extreme Speed|p1a: Carnivine","|-damage|p1a: Carnivine|121/259","|move|p1a: Carnivine|Power Whip|p2a: Linoone","|-damage|p2a: Linoone|0 fnt","|-damage|p1a: Carnivine|96/259|[from] item: Life Orb","|faint|p2a: Linoone","|","|","|switch|p2a: Greninja|Greninja, L74, M|229/229","|turn|21","|","|move|p2a: Greninja|Ice Beam|p1a: Carnivine","|-start|p2a: Greninja|typechange|Ice|[from] Protean","|-supereffective|p1a: Carnivine","|-damage|p1a: Carnivine|0 fnt","|-damage|p2a: Greninja|207/229|[from] item: Life Orb","|faint|p1a: Carnivine","|","|","|switch|p1a: Regice|Regice, L83|268/268","|-damage|p1a: Regice|201/268|[from] Stealth Rock","|turn|22","|","|move|p2a: Greninja|Gunk Shot|p1a: Regice","|-start|p2a: Greninja|typechange|Poison|[from] Protean","|-damage|p1a: Regice|80/268","|-damage|p2a: Greninja|185/229|[from] item: Life Orb","|move|p1a: Regice|Focus Blast|p2a: Greninja","|-resisted|p2a: Greninja","|-damage|p2a: Greninja|126/229","|","|turn|23","|","|move|p2a: Greninja|Gunk Shot|p1a: Regice","|-damage|p1a: Regice|0 fnt","|-damage|p2a: Greninja|104/229|[from] item: Life Orb","|faint|p1a: Regice","|","|","|switch|p1a: Vivillon|Vivillon, L81, F|261/261","|-damage|p1a: Vivillon|131/261|[from] Stealth Rock","|turn|24","|","|move|p2a: Greninja|Ice Beam|p1a: Vivillon","|-start|p2a: Greninja|typechange|Ice|[from] Protean","|-supereffective|p1a: Vivillon","|-damage|p1a: Vivillon|0 fnt","|-damage|p2a: Greninja|82/229|[from] item: Life Orb","|faint|p1a: Vivillon","|","|win|rAiN/auReM"],"p1rating":{"entryid":"7170199","serverid":"eos","formatid":"randombattle","userid":"ldevries","username":"ldevries","w":"2","l":2,"t":"0","gxe":52.2,"r":"1540.1439924095","rd":"123.22244965071","sigma":"0","rptime":"1438160400","rpr":1517.1488692484,"rprd":106.63240422924,"rpsigma":"0","acre":1047.1614201109,"lacre":1047.1614201109,"oldacre":"1061.8349434444"},"p2rating":{"entryid":"6444477","serverid":"eos","formatid":"randombattle","userid":"rainaurem","username":"Rain ☆ Aurem","w":27,"l":"10","t":"0","gxe":68.1,"r":"1646.395765206","rd":"62.339376444933","sigma":"0","rptime":"1438160400","rpr":1644.2864517345,"rprd":60.261919817283,"rpsigma":"0","acre":1165.4443599199,"lacre":1165.4443599199,"oldacre":"1146.4127912094"},"endType":"normal"}