{"seed":[32122,26512,20620,30188],"turns":26,"p1":"ldevries","p2":"Liquid Stranger","p1team":[{"name":"Clefable","moves":["moonblast","calmmind","fireblast","stealthrock"],"ability":"Magic Guard","evs":{"hp":85,"atk":85,"def":85,"spa":85,"spd":85,"spe":85},"ivs":{"hp":31,"atk":31,"def":31,"spa":31,"spd":31,"spe":31},"item":"Life Orb","level":75,"shiny":false},{"name":"Gothitelle","moves":["calmmind","shadowball","thunderbolt","psyshock"],"ability":"Shadow Tag","evs":{"hp":85,"atk":85,"def":85,"spa":85,"spd":85,"spe":85},"ivs":{"hp":31,"atk":31,"def":31,"spa":31,"spd":31,"spe":31},"item":"Life Orb","level":75,"shiny":false},{"name":"Greninja","moves":["toxicspikes","taunt","spikes","hydropump"],"ability":"Protean","evs":{"hp":85,"atk":85,"def":85,"spa":85,"spd":85,"spe":85},"ivs":{"hp":31,"atk":31,"def":31,"spa":31,"spd":31,"spe":31},"item":"Leftovers","level":74,"shiny":false},{"name":"Octillery","moves":["waterspout","energyball","icebeam","fireblast"],"ability":"Suction Cups","evs":{"hp":85,"atk":85,"def":85,"spa":85,"spd":85,"spe":85},"ivs":{"hp":31,"atk":31,"def":31,"spa":31,"spd":31,"spe":31},"item":"Choice Specs","level":83,"shiny":false},{"name":"Entei","moves":["flareblitz","extremespeed","bulldoze","stoneedge"],"ability":"Flash Fire","evs":{"hp":81,"atk":89,"def":85,"spa":85,"spd":85,"spe":85},"ivs":{"hp":31,"atk":31,"def":31,"spa":31,"spd":31,"spe":31},"item":"Choice Band","level":77,"shiny":false},{"name":"Gogoat","moves":["substitute","hornleech","rockslide","milkdrink"],"ability":"Sap Sipper","evs":{"hp":85,"atk":85,"def":85,"spa":85,"spd":85,"spe":85},"ivs":{"hp":31,"atk":31,"def":31,"spa":31,"spd":31,"spe":31},"item":"Leftovers","level":83,"shiny":false}],"p2team":[{"name":"Articuno","moves":["roost","freezedry","substitute","hurricane"],"ability":"Pressure","evs":{"hp":85,"atk":85,"def":85,"spa":85,"spd":85,"spe":85},"ivs":{"hp":31,"atk":31,"def":31,"spa":31,"spd":31,"spe":31},"item":"Leftovers","level":83,"shiny":false},{"name":"Typhlosion","moves":["focusblast","hiddenpowergrass","eruption","fireblast"],"ability":"Flash Fire","evs":{"hp":81,"atk":85,"def":85,"spa":89,"spd":85,"spe":85},"ivs":{"hp":31,"atk":30,"def":31,"spa":30,"spd":31,"spe":31},"item":"Choice Scarf","level":80,"shiny":false},{"name":"Kecleon","moves":["knockoff","suckerpunch","fakeout","stealthrock"],"ability":"Protean","evs":{"hp":85,"atk":85,"def":85,"spa":85,"spd":85,"spe":85},"ivs":{"hp":31,"atk":31,"def":31,"spa":31,"spd":31,"spe":31},"item":"Life Orb","level":82,"shiny":false},{"name":"Tornadus-Therian","moves":["airslash","knockoff","uturn","taunt"],"ability":"Regenerator","evs":{"hp":85,"atk":85,"def":85,"spa":85,"spd":85,"spe":85},"ivs":{"hp":31,"atk":31,"def":31,"spa":31,"spd":31,"spe":31},"item":"Life Orb","level":75,"shiny":false},{"name":"Nidoqueen","moves":["fireblast","icebeam","sludgewave","earthpower"],"ability":"Sheer Force","evs":{"hp":85,"atk":85,"def":85,"spa":85,"spd":85,"spe":85},"ivs":{"hp":31,"atk":31,"def":31,"spa":31,"spd":31,"spe":31},"item":"Life Orb","level":77,"shiny":false},{"name":"Diggersby","moves":["wildcharge","knockoff","swordsdance","return"],"ability":"Huge Power","evs":{"hp":85,"atk":85,"def":85,"spa":85,"spd":85,"spe":85},"ivs":{"hp":31,"atk":31,"def":31,"spa":31,"spd":31,"spe":31},"item":"Life Orb","level":76,"shiny":false}],"log":["|player|p1|ldevries|102","|player|p2|Liquid Stranger|92","|gametype|singles","|gen|6","|tier|Random Battle","|rated","|rule|Sleep Clause Mod: Limit one foe put to sleep","|rule|HP Percentage Mod: HP is shown in percentages","|","|start","|switch|p1a: Clefable|Clefable, L75, M|266/266","|switch|p2a: Articuno|Articuno, L83|285/285","|-ability|p2a: Articuno|Pressure","|turn|1","|","|switch|p2a: Diggersby|Diggersby, L76, F|254/254","|move|p1a: Clefable|Calm Mind|p1a: Clefable","|-boost|p1a: Clefable|spa|1","|-boost|p1a: Clefable|spd|1","|","|turn|2","|","|move|p2a: Diggersby|Knock Off|p1a: Clefable","|-resisted|p1a: Clefable","|-damage|p1a: Clefable|208/266","|-enditem|p1a: Clefable|Life Orb|[from] move: Knock Off|[of] p2a: Diggersby","|-damage|p2a: Diggersby|229/254|[from] item: Life Orb","|move|p1a: Clefable|Moonblast|p2a: Diggersby","|-damage|p2a: Diggersby|91/254","|-unboost|p2a: Diggersby|spa|1","|","|turn|3","|","|move|p2a: Diggersby|Return|p1a: Clefable","|-damage|p1a: Clefable|0 fnt","|-damage|p2a: Diggersby|66/254|[from] item: Life Orb","|faint|p1a: Clefable","|","|","|switch|p1a: Gogoat|Gogoat, L83, F|340/340","|turn|4","|","|switch|p2a: Tornadus-Therian|Tornadus-Therian, L75, M|242/242","|move|p1a: Gogoat|Substitute|p1a: Gogoat","|-start|p1a: Gogoat|Substitute","|-damage|p1a: Gogoat|255/340","|","|-heal|p1a: Gogoat|276/340|[from] item: Leftovers","|turn|5","|","|move|p2a: Tornadus-Therian|Taunt|p1a: Gogoat","|-start|p1a: Gogoat|move: Taunt","|move|p1a: Gogoat|Rock Slide|p2a: Tornadus-Therian","|-supereffective|p2a: Tornadus-Therian","|-damage|p2a: Tornadus-Therian|108/242","|","|-heal|p1a: Gogoat|297/340|[from] item: Leftovers","|turn|6","|","|move|p2a: Tornadus-Therian|Air Slash|p1a: Gogoat|[miss]","|-miss|p2a: Tornadus-Therian|p1a: Gogoat","|move|p1a: Gogoat|Rock Slide|p2a: Tornadus-Therian","|-crit|p2a: Tornadus-Therian","|-supereffective|p2a: Tornadus-Therian","|-damage|p2a: Tornadus-Therian|0 fnt","|faint|p2a: Tornadus-Therian","|","|-heal|p1a: Gogoat|318/340|[from] item: Leftovers","|","|switch|p2a: Nidoqueen|Nidoqueen, L77, F|265/265","|turn|7","|","|move|p2a: Nidoqueen|Sludge Wave|p1a: Gogoat","|-supereffective|p1a: Gogoat","|-end|p1a: Gogoat|Substitute","|move|p1a: Gogoat|Horn Leech|p2a: Nidoqueen","|-damage|p2a: Nidoqueen|180/265","|-heal|p1a: Gogoat|340/340|[from] drain|[of] p2a: Nidoqueen","|","|-end|p1a: Gogoat|move: Taunt","|turn|8","|","|switch|p1a: Gothitelle|Gothitelle, L75, M|229/229","|move|p2a: Nidoqueen|Sludge Wave|p1a: Gothitelle","|-damage|p1a: Gothitelle|116/229","|","|turn|9","|","|move|p2a: Nidoqueen|Sludge Wave|p1a: Gothitelle","|-damage|p1a: Gothitelle|3/229","|move|p1a: Gothitelle|Psyshock|p2a: Nidoqueen","|-supereffective|p2a: Nidoqueen","|-damage|p2a: Nidoqueen|1/265","|-damage|p1a: Gothitelle|0 fnt|[from] item: Life Orb","|faint|p1a: Gothitelle","|","|","|switch|p1a: Greninja|Greninja, L74, M|229/229","|turn|10","|","|move|p1a: Greninja|Hydro Pump|p2a: Nidoqueen","|-start|p1a: Greninja|typechange|Water|[from] Protean","|-supereffective|p2a: Nidoqueen","|-damage|p2a: Nidoqueen|0 fnt","|faint|p2a: Nidoqueen","|","|","|switch|p2a: Articuno|Articuno, L83|285/285","|-ability|p2a: Articuno|Pressure","|turn|11","|","|move|p1a: Greninja|Toxic Spikes|p2a: Articuno","|-start|p1a: Greninja|typechange|Poison|[from] Protean","|-sidestart|p2: Liquid Stranger|move: Toxic Spikes","|move|p2a: Articuno|Substitute|p2a: Articuno","|-start|p2a: Articuno|Substitute","|-damage|p2a: Articuno|214/285","|","|-heal|p2a: Articuno|231/285|[from] item: Leftovers","|turn|12","|","|move|p1a: Greninja|Toxic Spikes|p2a: Articuno","|-sidestart|p2: Liquid Stranger|move: Toxic Spikes","|move|p2a: Articuno|Freeze-Dry|p1a: Greninja","|-damage|p1a: Greninja|130/229","|-status|p1a: Greninja|frz","|","|-heal|p1a: Greninja|144/229 frz|[from] item: Leftovers","|-heal|p2a: Articuno|248/285|[from] item: Leftovers","|turn|13","|","|cant|p1a: Greninja|frz","|move|p2a: Articuno|Hurricane|p1a: Greninja|[miss]","|-miss|p2a: Articuno|p1a: Greninja","|","|-heal|p1a: Greninja|158/229 frz|[from] item: Leftovers","|-heal|p2a: Articuno|265/285|[from] item: Leftovers","|turn|14","|","|cant|p1a: Greninja|frz","|move|p2a: Articuno|Hurricane|p1a: Greninja","|-damage|p1a: Greninja|8/229 frz","|","|-heal|p1a: Greninja|22/229 frz|[from] item: Leftovers","|-heal|p2a: Articuno|282/285|[from] item: Leftovers","|turn|15","|","|cant|p1a: Greninja|frz","|move|p2a: Articuno|Freeze-Dry|p1a: Greninja","|-damage|p1a: Greninja|0 fnt","|faint|p1a: Greninja","|","|-heal|p2a: Articuno|285/285|[from] item: Leftovers","|","|switch|p1a: Octillery|Octillery, L83, M|260/260","|turn|16","|","|move|p2a: Articuno|Freeze-Dry|p1a: Octillery","|-supereffective|p1a: Octillery","|-damage|p1a: Octillery|108/260","|move|p1a: Octillery|Fire Blast|p2a: Articuno","|-supereffective|p2a: Articuno","|-end|p2a: Articuno|Substitute","|","|turn|17","|","|move|p2a: Articuno|Freeze-Dry|p1a: Octillery","|-supereffective|p1a: Octillery","|-damage|p1a: Octillery|0 fnt","|faint|p1a: Octillery","|","|","|switch|p1a: Gogoat|Gogoat, L83, F|340/340","|turn|18","|","|move|p2a: Articuno|Freeze-Dry|p1a: Gogoat","|-supereffective|p1a: Gogoat","|-damage|p1a: Gogoat|196/340","|move|p1a: Gogoat|Rock Slide|p2a: Articuno","|-supereffective|p2a: Articuno","|-damage|p2a: Articuno|77/285","|","|-heal|p2a: Articuno|94/285|[from] item: Leftovers","|-heal|p1a: Gogoat|217/340|[from] item: Leftovers","|turn|19","|","|move|p2a: Articuno|Hurricane|p1a: Gogoat","|-crit|p1a: Gogoat","|-supereffective|p1a: Gogoat","|-damage|p1a: Gogoat|0 fnt","|faint|p1a: Gogoat","|","|-heal|p2a: Articuno|111/285|[from] item: Leftovers","|","|switch|p1a: Entei|Entei, L77|303/303","|turn|20","|","|move|p1a: Entei|Stone Edge|p2a: Articuno","|-supereffective|p2a: Articuno","|-damage|p2a: Articuno|0 fnt","|faint|p2a: Articuno","|","|","|switch|p2a: Kecleon|Kecleon, L82, F|233/233","|-status|p2a: Kecleon|tox","|turn|21","|","|move|p2a: Kecleon|Fake Out|p1a: Entei","|-damage|p1a: Entei|251/303","|-damage|p2a: Kecleon|210/233 tox|[from] item: Life Orb","|cant|p1a: Entei|flinch","|","|-damage|p2a: Kecleon|196/233 tox|[from] psn","|turn|22","|","|move|p1a: Entei|Stone Edge|p2a: Kecleon","|-damage|p2a: Kecleon|70/233 tox","|move|p2a: Kecleon|Knock Off|p1a: Entei","|-start|p2a: Kecleon|typechange|Dark|[from] Protean","|-damage|p1a: Entei|122/303","|-enditem|p1a: Entei|Choice Band|[from] move: Knock Off|[of] p2a: Kecleon","|-damage|p2a: Kecleon|47/233 tox|[from] item: Life Orb","|","|-damage|p2a: Kecleon|19/233 tox|[from] psn","|turn|23","|","|move|p1a: Entei|Extreme Speed|p2a: Kecleon","|-damage|p2a: Kecleon|0 fnt","|faint|p2a: Kecleon","|","|","|switch|p2a: Typhlosion|Typhlosion, L80, M|255/255","|-status|p2a: Typhlosion|tox","|turn|24","|","|move|p2a: Typhlosion|Focus Blast|p1a: Entei|[miss]","|-miss|p2a: Typhlosion|p1a: Entei","|move|p1a: Entei|Bulldoze|p2a: Typhlosion","|-crit|p2a: Typhlosion","|-supereffective|p2a: Typhlosion","|-damage|p2a: Typhlosion|117/255 tox","|-unboost|p2a: Typhlosion|spe|1","|","|-damage|p2a: Typhlosion|102/255 tox|[from] psn","|turn|25","|","|move|p2a: Typhlosion|Focus Blast|p1a: Entei","|-damage|p1a: Entei|8/303","|move|p1a: Entei|Stone Edge|p2a: Typhlosion","|-supereffective|p2a: Typhlosion","|-damage|p2a: Typhlosion|0 fnt","|faint|p2a: Typhlosion","|","|","|switch|p2a: Diggersby|Diggersby, L76, F|66/254","|-status|p2a: Diggersby|tox","|turn|26","|","|move|p1a: Entei|Flare Blitz|p2a: Diggersby","|-damage|p2a: Diggersby|0 fnt","|-damage|p1a: Entei|0 fnt|[from] recoil|[of] p2a: Diggersby","|faint|p2a: Diggersby","|faint|p1a: Entei","|","|win|ldevries"],"p1rating":{"entryid":"7170199","serverid":"eos","formatid":"randombattle","userid":"ldevries","username":"ldevries","w":2,"l":"1","t":"0","gxe":55,"r":"1540.1439924095","rd":"123.22244965071","sigma":"0","rptime":"1438160400","rpr":1539.8788981812,"rprd":111.35090696266,"rpsigma":"0","acre":1061.8349434444,"lacre":1061.8349434444,"oldacre":"1023.5675833825"},"p2rating":{"entryid":"7128950","serverid":"eos","formatid":"randombattle","userid":"liquidstranger","username":"Liquid Stranger","w":"9","l":9,"t":"0","gxe":50.9,"r":"1556.5379307097","rd":"77.723185424475","sigma":"0","rptime":"1438160400","rpr":1507.0746450493,"rprd":73.252790130611,"rpsigma":"0","acre":1023.845851524,"lacre":1023.845851524,"oldacre":"1040.7557084017"},"endType":"normal"}