{"seed":[2083,62295,22331,44596],"turns":45,"p1":"DpxYT","p2":"megami","p1team":[{"name":"Bibarel","moves":["quickattack","rest","waterfall","return"],"ability":"Simple","evs":{"hp":85,"atk":85,"def":85,"spa":85,"spd":85,"spe":85},"ivs":{"hp":31,"atk":31,"def":31,"spa":31,"spd":31,"spe":31},"item":"Chesto Berry","level":83,"shiny":false},{"name":"Typhlosion","moves":["hiddenpowergrass","eruption","extrasensory","fireblast"],"ability":"Flash Fire","evs":{"hp":81,"atk":85,"def":85,"spa":89,"spd":85,"spe":85},"ivs":{"hp":31,"atk":30,"def":31,"spa":30,"spd":31,"spe":31},"item":"Choice Scarf","level":80,"shiny":false},{"name":"Rotom-Mow","moves":["hiddenpowerfire","thunderbolt","willowisp","painsplit"],"ability":"Levitate","evs":{"hp":85,"atk":85,"def":85,"spa":85,"spd":85,"spe":85},"ivs":{"hp":31,"atk":30,"def":31,"spa":30,"spd":31,"spe":30},"item":"Leftovers","level":79,"shiny":false},{"name":"Hoopa-Unbound","moves":["focusblast","psyshock","hyperspacefury","darkpulse"],"ability":"Magician","evs":{"hp":85,"atk":85,"def":85,"spa":85,"spd":85,"spe":85},"ivs":{"hp":31,"atk":31,"def":31,"spa":31,"spd":31,"spe":31},"item":"Assault Vest","level":75,"shiny":false},{"name":"Zoroark","moves":["knockoff","darkpulse","trick","focusblast"],"ability":"Illusion","evs":{"hp":85,"atk":85,"def":85,"spa":85,"spd":85,"spe":85},"ivs":{"hp":31,"atk":31,"def":31,"spa":31,"spd":31,"spe":31},"item":"Choice Scarf","level":78,"shiny":false},{"name":"Hypno","moves":["psychic","wish","thunderwave","protect"],"ability":"Inner Focus","evs":{"hp":85,"atk":85,"def":85,"spa":85,"spd":85,"spe":85},"ivs":{"hp":31,"atk":31,"def":31,"spa":31,"spd":31,"spe":31},"item":"Leftovers","level":83,"shiny":false}],"p2team":[{"name":"Jellicent","moves":["scald","recover","taunt","shadowball"],"ability":"Water Absorb","evs":{"hp":85,"atk":85,"def":85,"spa":85,"spd":85,"spe":85},"ivs":{"hp":31,"atk":31,"def":31,"spa":31,"spd":31,"spe":31},"item":"Focus Sash","level":79,"shiny":false},{"name":"Thundurus","moves":["thunderbolt","taunt","focusblast","nastyplot"],"ability":"Prankster","evs":{"hp":85,"atk":85,"def":85,"spa":85,"spd":85,"spe":85},"ivs":{"hp":31,"atk":31,"def":31,"spa":31,"spd":31,"spe":31},"item":"Leftovers","level":75,"shiny":false},{"name":"Delphox","moves":["psyshock","fireblast","calmmind","shadowball"],"ability":"Blaze","evs":{"hp":81,"atk":85,"def":85,"spa":89,"spd":85,"spe":85},"ivs":{"hp":31,"atk":31,"def":31,"spa":31,"spd":31,"spe":31},"item":"Life Orb","level":79,"shiny":false},{"name":"Furfrou","moves":["rest","toxic","cottonguard","return"],"ability":"Fur Coat","evs":{"hp":85,"atk":85,"def":85,"spa":85,"spd":85,"spe":85},"ivs":{"hp":31,"atk":31,"def":31,"spa":31,"spd":31,"spe":31},"item":"Chesto Berry","level":83,"shiny":false},{"name":"Dustox","moves":["bugbuzz","quiverdance","sludgebomb","roost"],"ability":"Shield Dust","evs":{"hp":85,"atk":85,"def":85,"spa":85,"spd":85,"spe":85},"ivs":{"hp":31,"atk":31,"def":31,"spa":31,"spd":31,"spe":31},"item":"Black Sludge","level":83,"shiny":false},{"name":"Sunflora","moves":["sunnyday","gigadrain","hiddenpowerfire","earthpower"],"ability":"Chlorophyll","evs":{"hp":85,"atk":85,"def":85,"spa":85,"spd":85,"spe":85},"ivs":{"hp":31,"atk":30,"def":31,"spa":30,"spd":31,"spe":30},"item":"Heat Rock","level":83,"shiny":false}],"log":["|player|p1|DpxYT|80","|player|p2|megami|2","|gametype|singles","|gen|6","|tier|Random Battle","|rated","|rule|Sleep Clause Mod: Limit one foe put to sleep","|rule|HP Percentage Mod: HP is shown in percentages","|","|start","|switch|p1a: Bibarel|Bibarel, L83, F|267/267","|switch|p2a: Jellicent|Jellicent, L79, F|288/288","|turn|1","|","|switch|p1a: Rotom-Mow|Rotom-Mow, L79|209/209","|move|p2a: Jellicent|Scald|p1a: Rotom-Mow","|-resisted|p1a: Rotom-Mow","|-damage|p1a: Rotom-Mow|179/209","|","|-heal|p1a: Rotom-Mow|192/209|[from] item: Leftovers","|turn|2","|","|switch|p2a: Thundurus|Thundurus, L75, M|242/242","|move|p1a: Rotom-Mow|Thunderbolt|p2a: Thundurus","|-damage|p2a: Thundurus|137/242","|","|-heal|p2a: Thundurus|152/242|[from] item: Leftovers","|-heal|p1a: Rotom-Mow|205/209|[from] item: Leftovers","|turn|3","|","|switch|p2a: Sunflora|Sunflora, L83, M|260/260","|move|p1a: Rotom-Mow|Will-O-Wisp|p2a: Sunflora|[miss]","|-miss|p1a: Rotom-Mow|p2a: Sunflora","|","|-heal|p1a: Rotom-Mow|209/209|[from] item: Leftovers","|turn|4","|","|move|p1a: Rotom-Mow|Will-O-Wisp|p2a: Sunflora","|-status|p2a: Sunflora|brn","|move|p2a: Sunflora|Sunny Day|p2a: Sunflora","|-weather|SunnyDay","|","|-weather|SunnyDay|[upkeep]","|-damage|p2a: Sunflora|228/260 brn|[from] brn","|turn|5","|","|move|p2a: Sunflora|Hidden Power|p1a: Rotom-Mow","|-crit|p1a: Rotom-Mow","|-supereffective|p1a: Rotom-Mow","|-damage|p1a: Rotom-Mow|27/209","|move|p1a: Rotom-Mow|Hidden Power|p2a: Sunflora","|-supereffective|p2a: Sunflora","|-damage|p2a: Sunflora|112/260 brn","|","|-weather|SunnyDay|[upkeep]","|-heal|p1a: Rotom-Mow|40/209|[from] item: Leftovers","|-damage|p2a: Sunflora|80/260 brn|[from] brn","|turn|6","|","|switch|p1a: Bibarel|Bibarel, L83, F|267/267","|move|p2a: Sunflora|Hidden Power|p1a: Bibarel","|-resisted|p1a: Bibarel","|-damage|p1a: Bibarel|222/267","|","|-weather|SunnyDay|[upkeep]","|-damage|p2a: Sunflora|48/260 brn|[from] brn","|turn|7","|","|move|p1a: Bibarel|Quick Attack|p2a: Sunflora","|-damage|p2a: Sunflora|0 fnt","|faint|p2a: Sunflora","|","|-weather|SunnyDay|[upkeep]","|","|switch|p2a: Thundurus|Thundurus, L75, M|152/242","|turn|8","|","|switch|p1a: Hoopa-Unbound|Hoopa-Unbound, L75|244/244","|move|p2a: Thundurus|Thunderbolt|p1a: Hoopa-Unbound","|-damage|p1a: Hoopa-Unbound|195/244","|-status|p1a: Hoopa-Unbound|par","|","|-weather|SunnyDay|[upkeep]","|-heal|p2a: Thundurus|167/242|[from] item: Leftovers","|turn|9","|","|switch|p2a: Dustox|Dustox, L83, F|235/235","|move|p1a: Hoopa-Unbound|Hyperspace Fury|p2a: Dustox","|-crit|p2a: Dustox","|-damage|p2a: Dustox|9/235","|-unboost|p1a: Hoopa-Unbound|def|1","|","|-weather|SunnyDay|[upkeep]","|-heal|p2a: Dustox|23/235|[from] item: Black Sludge","|turn|10","|","|move|p2a: Dustox|Bug Buzz|p1a: Hoopa-Unbound","|-supereffective|p1a: Hoopa-Unbound","|-damage|p1a: Hoopa-Unbound|59/244 par","|-unboost|p1a: Hoopa-Unbound|spd|1","|move|p1a: Hoopa-Unbound|Psyshock|p2a: Dustox","|-supereffective|p2a: Dustox","|-damage|p2a: Dustox|0 fnt","|faint|p2a: Dustox","|","|-weather|SunnyDay|[upkeep]","|","|switch|p2a: Furfrou|Furfrou, L83, F|260/260","|turn|11","|","|switch|p1a: Hypno|Hypno, L83, M|222/222","|move|p2a: Furfrou|Return|p1a: Hypno","|replace|p1a: Zoroark|Zoroark, L78, F|222/222","|-damage|p1a: Zoroark|96/222","|","|-weather|none","|turn|12","|","|move|p1a: Zoroark|Focus Blast|p2a: Furfrou|[miss]","|-miss|p1a: Zoroark|p2a: Furfrou","|move|p2a: Furfrou|Return|p1a: Zoroark","|-damage|p1a: Zoroark|0 fnt","|faint|p1a: Zoroark","|","|","|switch|p1a: Typhlosion|Typhlosion, L80, F|255/255","|turn|13","|","|switch|p2a: Delphox|Delphox, L79, M|247/247","|move|p1a: Typhlosion|Eruption|p2a: Delphox","|-resisted|p2a: Delphox","|-damage|p2a: Delphox|169/247","|","|turn|14","|","|switch|p1a: Hypno|Hypno, L83, M|277/277","|move|p2a: Delphox|Psyshock|p1a: Hypno","|-crit|p1a: Hypno","|-resisted|p1a: Hypno","|-damage|p1a: Hypno|181/277","|-damage|p2a: Delphox|145/247|[from] item: Life Orb","|","|-heal|p1a: Hypno|198/277|[from] item: Leftovers","|turn|15","|","|move|p2a: Delphox|Calm Mind|p2a: Delphox","|-boost|p2a: Delphox|spa|1","|-boost|p2a: Delphox|spd|1","|move|p1a: Hypno|Thunder Wave|p2a: Delphox","|-status|p2a: Delphox|par","|","|-heal|p1a: Hypno|215/277|[from] item: Leftovers","|turn|16","|","|move|p1a: Hypno|Wish|p1a: Hypno","|cant|p2a: Delphox|par","|","|-heal|p1a: Hypno|232/277|[from] item: Leftovers","|turn|17","|","|move|p1a: Hypno|Psychic|p2a: Delphox","|-resisted|p2a: Delphox","|-damage|p2a: Delphox|121/247 par","|-unboost|p2a: Delphox|spd|1","|move|p2a: Delphox|Shadow Ball|p1a: Hypno","|-supereffective|p1a: Hypno","|-damage|p1a: Hypno|60/277","|-damage|p2a: Delphox|97/247 par|[from] item: Life Orb","|","|-heal|p1a: Hypno|198/277|[from] move: Wish|[wisher] Hypno","|-heal|p1a: Hypno|215/277|[from] item: Leftovers","|turn|18","|","|switch|p1a: Bibarel|Bibarel, L83, F|222/267","|switch|p2a: Jellicent|Jellicent, L79, F|288/288","|","|turn|19","|","|move|p1a: Bibarel|Waterfall|p2a: Jellicent","|-immune|p2a: Jellicent|[msg]","|move|p2a: Jellicent|Scald|p1a: Bibarel","|-resisted|p1a: Bibarel","|-damage|p1a: Bibarel|177/267","|","|turn|20","|","|switch|p1a: Rotom-Mow|Rotom-Mow, L79|40/209","|move|p2a: Jellicent|Scald|p1a: Rotom-Mow","|-resisted|p1a: Rotom-Mow","|-damage|p1a: Rotom-Mow|7/209","|","|-heal|p1a: Rotom-Mow|20/209|[from] item: Leftovers","|turn|21","|","|switch|p2a: Thundurus|Thundurus, L75, M|167/242","|move|p1a: Rotom-Mow|Pain Split|p2a: Thundurus","|-sethp|p2a: Thundurus|93/242|p1a: Rotom-Mow|93/209|[from] move: Pain Split","|","|-heal|p2a: Thundurus|108/242|[from] item: Leftovers","|-heal|p1a: Rotom-Mow|106/209|[from] item: Leftovers","|turn|22","|","|move|p2a: Thundurus|Focus Blast|p1a: Rotom-Mow|[miss]","|-miss|p2a: Thundurus|p1a: Rotom-Mow","|move|p1a: Rotom-Mow|Thunderbolt|p2a: Thundurus","|-damage|p2a: Thundurus|0 fnt","|faint|p2a: Thundurus","|","|-heal|p1a: Rotom-Mow|119/209|[from] item: Leftovers","|","|switch|p2a: Delphox|Delphox, L79, M|97/247 par","|turn|23","|","|move|p1a: Rotom-Mow|Thunderbolt|p2a: Delphox","|-damage|p2a: Delphox|7/247 par","|move|p2a: Delphox|Fire Blast|p1a: Rotom-Mow|[miss]","|-miss|p2a: Delphox|p1a: Rotom-Mow","|","|-heal|p1a: Rotom-Mow|132/209|[from] item: Leftovers","|turn|24","|","|move|p1a: Rotom-Mow|Thunderbolt|p2a: Delphox","|-damage|p2a: Delphox|0 fnt","|faint|p2a: Delphox","|","|-heal|p1a: Rotom-Mow|145/209|[from] item: Leftovers","|","|switch|p2a: Furfrou|Furfrou, L83, F|260/260","|turn|25","|","|move|p2a: Furfrou|Return|p1a: Rotom-Mow","|-damage|p1a: Rotom-Mow|69/209","|move|p1a: Rotom-Mow|Will-O-Wisp|p2a: Furfrou","|-status|p2a: Furfrou|brn","|","|-heal|p1a: Rotom-Mow|82/209|[from] item: Leftovers","|-damage|p2a: Furfrou|228/260 brn|[from] brn","|turn|26","|","|move|p2a: Furfrou|Toxic|p1a: Rotom-Mow","|-status|p1a: Rotom-Mow|tox","|move|p1a: Rotom-Mow|Pain Split|p2a: Furfrou","|-sethp|p2a: Furfrou|155/260 brn|p1a: Rotom-Mow|155/209 tox|[from] move: Pain Split","|","|-heal|p1a: Rotom-Mow|168/209 tox|[from] item: Leftovers","|-damage|p2a: Furfrou|123/260 brn|[from] brn","|-damage|p1a: Rotom-Mow|155/209 tox|[from] psn","|turn|27","|","|switch|p1a: Bibarel|Bibarel, L83, F|177/267","|move|p2a: Furfrou|Rest|p2a: Furfrou","|-status|p2a: Furfrou|slp","|-heal|p2a: Furfrou|260/260 slp|[silent]","|-status|p2a: Furfrou|slp|[from] move: Rest","|-enditem|p2a: Furfrou|Chesto Berry|[eat]","|-curestatus|p2a: Furfrou|slp","|","|turn|28","|","|switch|p1a: Hypno|Hypno, L83, M|215/277","|move|p2a: Furfrou|Toxic|p1a: Hypno","|-status|p1a: Hypno|tox","|","|-heal|p1a: Hypno|232/277 tox|[from] item: Leftovers","|-damage|p1a: Hypno|215/277 tox|[from] psn","|turn|29","|","|move|p2a: Furfrou|Return|p1a: Hypno","|-damage|p1a: Hypno|113/277 tox","|move|p1a: Hypno|Thunder Wave|p2a: Furfrou","|-status|p2a: Furfrou|par","|","|-heal|p1a: Hypno|130/277 tox|[from] item: Leftovers","|-damage|p1a: Hypno|96/277 tox|[from] psn","|turn|30","|","|move|p1a: Hypno|Psychic|p2a: Furfrou","|-damage|p2a: Furfrou|185/260 par","|move|p2a: Furfrou|Return|p1a: Hypno","|-damage|p1a: Hypno|0 fnt","|faint|p1a: Hypno","|","|","|switch|p1a: Bibarel|Bibarel, L83, F|177/267","|turn|31","|","|move|p1a: Bibarel|Waterfall|p2a: Furfrou","|-damage|p2a: Furfrou|134/260 par","|move|p2a: Furfrou|Cotton Guard|p2a: Furfrou","|-boost|p2a: Furfrou|def|3","|","|turn|32","|","|switch|p1a: Rotom-Mow|Rotom-Mow, L79|155/209 tox","|move|p2a: Furfrou|Toxic|p1a: Rotom-Mow","|-fail|p1a: Rotom-Mow|tox","|","|-heal|p1a: Rotom-Mow|168/209 tox|[from] item: Leftovers","|-damage|p1a: Rotom-Mow|155/209 tox|[from] psn","|turn|33","|","|move|p1a: Rotom-Mow|Thunderbolt|p2a: Furfrou","|-damage|p2a: Furfrou|46/260 par","|move|p2a: Furfrou|Rest|p2a: Furfrou","|-status|p2a: Furfrou|slp","|-heal|p2a: Furfrou|260/260 slp|[silent]","|-status|p2a: Furfrou|slp|[from] move: Rest","|","|-heal|p1a: Rotom-Mow|168/209 tox|[from] item: Leftovers","|-damage|p1a: Rotom-Mow|142/209 tox|[from] psn","|turn|34","|","|cant|p2a: Furfrou|slp","|move|p1a: Rotom-Mow|Thunderbolt|p2a: Furfrou","|-damage|p2a: Furfrou|166/260 slp","|","|-heal|p1a: Rotom-Mow|155/209 tox|[from] item: Leftovers","|-damage|p1a: Rotom-Mow|116/209 tox|[from] psn","|turn|35","|","|cant|p2a: Furfrou|slp","|move|p1a: Rotom-Mow|Thunderbolt|p2a: Furfrou","|-damage|p2a: Furfrou|81/260 slp","|","|-heal|p1a: Rotom-Mow|129/209 tox|[from] item: Leftovers","|-damage|p1a: Rotom-Mow|77/209 tox|[from] psn","|turn|36","|","|-curestatus|p2a: Furfrou|slp","|move|p2a: Furfrou|Return|p1a: Rotom-Mow","|-damage|p1a: Rotom-Mow|0 fnt","|faint|p1a: Rotom-Mow","|","|","|switch|p1a: Hoopa-Unbound|Hoopa-Unbound, L75|59/244 par","|turn|37","|","|move|p2a: Furfrou|Return|p1a: Hoopa-Unbound","|-damage|p1a: Hoopa-Unbound|0 fnt","|faint|p1a: Hoopa-Unbound","|","|","|switch|p1a: Typhlosion|Typhlosion, L80, F|255/255","|turn|38","|","|move|p1a: Typhlosion|Fire Blast|p2a: Furfrou","|-damage|p2a: Furfrou|0 fnt","|faint|p2a: Furfrou","|","|","|switch|p2a: Jellicent|Jellicent, L79, F|288/288","|turn|39","|","|switch|p1a: Bibarel|Bibarel, L83, F|177/267","|move|p2a: Jellicent|Scald|p1a: Bibarel","|-resisted|p1a: Bibarel","|-damage|p1a: Bibarel|135/267","|-status|p1a: Bibarel|brn","|","|-damage|p1a: Bibarel|102/267 brn|[from] brn","|turn|40","|","|move|p1a: Bibarel|Rest|p1a: Bibarel","|-status|p1a: Bibarel|slp","|-heal|p1a: Bibarel|267/267 slp|[silent]","|-status|p1a: Bibarel|slp|[from] move: Rest","|-enditem|p1a: Bibarel|Chesto Berry|[eat]","|-curestatus|p1a: Bibarel|slp","|move|p2a: Jellicent|Scald|p1a: Bibarel","|-resisted|p1a: Bibarel","|-damage|p1a: Bibarel|219/267","|-status|p1a: Bibarel|brn","|","|-damage|p1a: Bibarel|186/267 brn|[from] brn","|turn|41","|","|move|p1a: Bibarel|Return|p2a: Jellicent","|-immune|p2a: Jellicent|[msg]","|move|p2a: Jellicent|Taunt|p1a: Bibarel","|-start|p1a: Bibarel|move: Taunt","|","|-damage|p1a: Bibarel|153/267 brn|[from] brn","|turn|42","|","|move|p1a: Bibarel|Waterfall|p2a: Jellicent","|-immune|p2a: Jellicent|[msg]","|move|p2a: Jellicent|Scald|p1a: Bibarel","|-resisted|p1a: Bibarel","|-damage|p1a: Bibarel|110/267 brn","|","|-damage|p1a: Bibarel|77/267 brn|[from] brn","|turn|43","|","|move|p1a: Bibarel|Quick Attack|p2a: Jellicent","|-immune|p2a: Jellicent|[msg]","|move|p2a: Jellicent|Scald|p1a: Bibarel","|-resisted|p1a: Bibarel","|-damage|p1a: Bibarel|28/267 brn","|","|-damage|p1a: Bibarel|0 fnt|[from] brn","|faint|p1a: Bibarel","|","|switch|p1a: Typhlosion|Typhlosion, L80, F|255/255","|turn|44","|","|move|p1a: Typhlosion|Hidden Power|p2a: Jellicent","|-supereffective|p2a: Jellicent","|-damage|p2a: Jellicent|210/288","|move|p2a: Jellicent|Scald|p1a: Typhlosion","|-supereffective|p1a: Typhlosion","|-damage|p1a: Typhlosion|117/255","|","|turn|45","|","|move|p1a: Typhlosion|Hidden Power|p2a: Jellicent","|-supereffective|p2a: Jellicent","|-damage|p2a: Jellicent|128/288","|move|p2a: Jellicent|Scald|p1a: Typhlosion","|-supereffective|p1a: Typhlosion","|-damage|p1a: Typhlosion|0 fnt","|faint|p1a: Typhlosion","|","|win|megami"],"p1rating":{"entryid":"5752056","serverid":"eos","formatid":"randombattle","userid":"dpxyt","username":"DpxYT","w":"2","l":4,"t":"0","gxe":43,"r":"1474.0251062719","rd":114.08409317712,"sigma":"0","rptime":1438160400,"rpr":1444.4934211162,"rprd":109.18772755542,"rpsigma":"0","acre":1024.5563945849,"lacre":1024.5563945849,"oldacre":"1043.0407445927"},"p2rating":{"entryid":7251682,"formatid":"randombattle","userid":"megami","username":"megami","r":1500,"rd":130,"sigma":0,"rpr":1537.8685146712,"rprd":122.66247806792,"rpsigma":0,"rptime":1438160400,"w":1,"l":0,"t":0,"gxe":54.7,"acre":1044.9300548203,"lacre":1044.9300548203,"oldacre":1000},"endType":"normal"}