{"seed":[11986,16416,14638,32335],"turns":21,"p1":"Liquid Stranger","p2":"Kajou-senpai","p1team":[{"name":"Ambipom","moves":["lowkick","fakeout","seedbomb","return"],"ability":"Technician","evs":{"hp":85,"atk":85,"def":85,"spa":85,"spd":85,"spe":85},"ivs":{"hp":31,"atk":31,"def":31,"spa":31,"spd":31,"spe":31},"item":"Life Orb","level":79,"shiny":false},{"name":"Gallade","moves":["swordsdance","zenheadbutt","closecombat","substitute"],"ability":"Justified","evs":{"hp":85,"atk":85,"def":85,"spa":85,"spd":85,"spe":85},"ivs":{"hp":31,"atk":31,"def":31,"spa":31,"spd":31,"spe":31},"item":"Galladite","level":76,"shiny":false},{"name":"Typhlosion","moves":["fireblast","extrasensory","focusblast","hiddenpowergrass"],"ability":"Flash Fire","evs":{"hp":81,"atk":85,"def":85,"spa":89,"spd":85,"spe":85},"ivs":{"hp":31,"atk":30,"def":31,"spa":30,"spd":31,"spe":31},"item":"Choice Specs","level":80,"shiny":false},{"name":"Amoonguss","moves":["foulplay","gigadrain","sludgebomb","spore"],"ability":"Regenerator","evs":{"hp":85,"atk":85,"def":85,"spa":85,"spd":85,"spe":85},"ivs":{"hp":31,"atk":31,"def":31,"spa":31,"spd":31,"spe":31},"item":"Life Orb","level":79,"shiny":false},{"name":"Grumpig","moves":["healbell","thunderwave","lightscreen","psychic"],"ability":"Thick Fat","evs":{"hp":85,"atk":85,"def":85,"spa":85,"spd":85,"spe":85},"ivs":{"hp":31,"atk":31,"def":31,"spa":31,"spd":31,"spe":31},"item":"Light Clay","level":83,"shiny":false},{"name":"Rhyperior","moves":["megahorn","earthquake","stealthrock","rockblast"],"ability":"Solid Rock","evs":{"hp":85,"atk":85,"def":85,"spa":85,"spd":85,"spe":85},"ivs":{"hp":31,"atk":31,"def":31,"spa":31,"spd":31,"spe":31},"item":"Leftovers","level":79,"shiny":false}],"p2team":[{"name":"Probopass","moves":["voltswitch","thunderwave","powergem","flashcannon"],"ability":"Magnet Pull","evs":{"hp":85,"atk":85,"def":85,"spa":85,"spd":85,"spe":85},"ivs":{"hp":31,"atk":31,"def":31,"spa":31,"spd":31,"spe":31},"item":"Air Balloon","level":83,"shiny":false},{"name":"Rhyperior","moves":["rockblast","aquatail","dragontail","earthquake"],"ability":"Solid Rock","evs":{"hp":85,"atk":85,"def":85,"spa":85,"spd":85,"spe":85},"ivs":{"hp":31,"atk":31,"def":31,"spa":31,"spd":31,"spe":31},"item":"Choice Band","level":79,"shiny":false},{"name":"Sawsbuck","moves":["jumpkick","return","swordsdance","hornleech"],"ability":"Sap Sipper","evs":{"hp":85,"atk":85,"def":85,"spa":85,"spd":85,"spe":85},"ivs":{"hp":31,"atk":31,"def":31,"spa":31,"spd":31,"spe":31},"item":"Life Orb","level":83,"shiny":false},{"name":"Meowstic-F","moves":["shadowball","psychic","energyball","calmmind"],"ability":"Infiltrator","evs":{"hp":85,"atk":85,"def":85,"spa":85,"spd":85,"spe":85},"ivs":{"hp":31,"atk":31,"def":31,"spa":31,"spd":31,"spe":31},"item":"Life Orb","level":83,"shiny":false},{"name":"Hitmontop","moves":["toxic","suckerpunch","rapidspin","machpunch"],"ability":"Technician","evs":{"hp":85,"atk":85,"def":85,"spa":85,"spd":85,"spe":85},"ivs":{"hp":31,"atk":31,"def":31,"spa":31,"spd":31,"spe":31},"item":"Life Orb","level":79,"shiny":false},{"name":"Greninja","moves":["toxicspikes","spikes","icebeam","uturn"],"ability":"Protean","evs":{"hp":85,"atk":85,"def":85,"spa":85,"spd":85,"spe":85},"ivs":{"hp":31,"atk":31,"def":31,"spa":31,"spd":31,"spe":31},"item":"Leftovers","level":74,"shiny":false}],"log":["|player|p1|Liquid Stranger|92","|player|p2|Kajou-senpai|266","|gametype|singles","|gen|6","|tier|Random Battle","|rated","|rule|Sleep Clause Mod: Limit one foe put to sleep","|rule|HP Percentage Mod: HP is shown in percentages","|","|start","|switch|p1a: Ambipom|Ambipom, L79, F|248/248","|switch|p2a: Probopass|Probopass, L83, F|235/235","|-item|p2a: Probopass|Air Balloon","|turn|1","|","|move|p1a: Ambipom|Fake Out|p2a: Probopass","|-crit|p2a: Probopass","|-resisted|p2a: Probopass","|-damage|p2a: Probopass|216/235","|-enditem|p2a: Probopass|Air Balloon","|-damage|p1a: Ambipom|224/248|[from] item: Life Orb","|cant|p2a: Probopass|flinch","|","|turn|2","|","|move|p1a: Ambipom|Low Kick|p2a: Probopass","|-supereffective|p2a: Probopass","|-damage|p2a: Probopass|0 fnt","|-damage|p1a: Ambipom|200/248|[from] item: Life Orb","|faint|p2a: Probopass","|","|","|switch|p2a: Hitmontop|Hitmontop, L79, M|209/209","|turn|3","|","|switch|p1a: Amoonguss|Amoonguss, L79, M|310/310","|move|p2a: Hitmontop|Mach Punch|p1a: Amoonguss","|-resisted|p1a: Amoonguss","|-damage|p1a: Amoonguss|266/310","|-damage|p2a: Hitmontop|189/209|[from] item: Life Orb","|","|turn|4","|","|switch|p2a: Sawsbuck|Sawsbuck, L83, M|268/268","|move|p1a: Amoonguss|Sludge Bomb|p2a: Sawsbuck","|-supereffective|p2a: Sawsbuck","|-damage|p2a: Sawsbuck|42/268","|-status|p2a: Sawsbuck|psn","|-damage|p1a: Amoonguss|235/310|[from] item: Life Orb","|","|-damage|p2a: Sawsbuck|9/268 psn|[from] psn","|turn|5","|","|move|p2a: Sawsbuck|Return|p1a: Amoonguss","|-damage|p1a: Amoonguss|62/310","|-damage|p2a: Sawsbuck|0 fnt|[from] item: Life Orb","|faint|p2a: Sawsbuck","|move|p1a: Amoonguss|Foul Play|p2: Sawsbuck|[notarget]","|-notarget","|","|","|switch|p2a: Greninja|Greninja, L74, F|229/229","|turn|6","|","|move|p2a: Greninja|Ice Beam|p1a: Amoonguss","|-start|p2a: Greninja|typechange|Ice|[from] Protean","|-supereffective|p1a: Amoonguss","|-damage|p1a: Amoonguss|0 fnt","|faint|p1a: Amoonguss","|","|","|switch|p1a: Gallade|Gallade, L76, M|228/228","|turn|7","|","|detailschange|p1a: Gallade|Gallade-Mega, L76, M","|-mega|p1a: Gallade|Gallade|Galladite","|move|p2a: Greninja|Toxic Spikes|p1a: Gallade","|-start|p2a: Greninja|typechange|Poison|[from] Protean","|-sidestart|p1: Liquid Stranger|move: Toxic Spikes","|move|p1a: Gallade|Close Combat|p2a: Greninja","|-resisted|p2a: Greninja","|-damage|p2a: Greninja|121/229","|-unboost|p1a: Gallade|def|1","|-unboost|p1a: Gallade|spd|1","|","|-heal|p2a: Greninja|135/229|[from] item: Leftovers","|turn|8","|","|move|p2a: Greninja|U-turn|p1a: Gallade","|-start|p2a: Greninja|typechange|Bug|[from] Protean","|-damage|p1a: Gallade|140/228","|","|switch|p2a: Meowstic-F|Meowstic-F, L83, F|259/259","|move|p1a: Gallade|Zen Headbutt|p2a: Meowstic-F|[miss]","|-miss|p1a: Gallade|p2a: Meowstic-F","|","|turn|9","|","|switch|p1a: Rhyperior|Rhyperior, L79, F|311/311","|-status|p1a: Rhyperior|psn","|move|p2a: Meowstic-F|Shadow Ball|p1a: Rhyperior","|-damage|p1a: Rhyperior|223/311 psn","|-damage|p2a: Meowstic-F|234/259|[from] item: Life Orb","|","|-heal|p1a: Rhyperior|242/311 psn|[from] item: Leftovers","|-damage|p1a: Rhyperior|204/311 psn|[from] psn","|turn|10","|","|move|p2a: Meowstic-F|Energy Ball|p1a: Rhyperior","|-supereffective|p1a: Rhyperior","|-damage|p1a: Rhyperior|0 fnt","|-damage|p2a: Meowstic-F|209/259|[from] item: Life Orb","|faint|p1a: Rhyperior","|","|","|switch|p1a: Ambipom|Ambipom, L79, F|200/248","|-status|p1a: Ambipom|psn","|turn|11","|","|switch|p2a: Rhyperior|Rhyperior, L79, F|311/311","|move|p1a: Ambipom|Return|p2a: Rhyperior","|-resisted|p2a: Rhyperior","|-damage|p2a: Rhyperior|260/311","|-damage|p1a: Ambipom|176/248 psn|[from] item: Life Orb","|","|-damage|p1a: Ambipom|145/248 psn|[from] psn","|turn|12","|","|move|p1a: Ambipom|Low Kick|p2a: Rhyperior","|-supereffective|p2a: Rhyperior","|-damage|p2a: Rhyperior|147/311","|-damage|p1a: Ambipom|121/248 psn|[from] item: Life Orb","|move|p2a: Rhyperior|Earthquake|p1a: Ambipom","|-damage|p1a: Ambipom|0 fnt","|faint|p1a: Ambipom","|","|","|switch|p1a: Typhlosion|Typhlosion, L80, F|255/255","|-status|p1a: Typhlosion|psn","|turn|13","|","|move|p1a: Typhlosion|Hidden Power|p2a: Rhyperior","|-supereffective|p2a: Rhyperior","|-damage|p2a: Rhyperior|0 fnt","|faint|p2a: Rhyperior","|","|-damage|p1a: Typhlosion|224/255 psn|[from] psn","|","|switch|p2a: Hitmontop|Hitmontop, L79, M|189/209","|turn|14","|","|switch|p1a: Grumpig|Grumpig, L83, M|268/268","|-status|p1a: Grumpig|psn","|move|p2a: Hitmontop|Mach Punch|p1a: Grumpig","|-resisted|p1a: Grumpig","|-damage|p1a: Grumpig|223/268 psn","|-damage|p2a: Hitmontop|169/209|[from] item: Life Orb","|","|-damage|p1a: Grumpig|190/268 psn|[from] psn","|turn|15","|","|move|p2a: Hitmontop|Sucker Punch|p1a: Grumpig","|-fail|p2a: Hitmontop","|move|p1a: Grumpig|Light Screen|p1a: Grumpig","|-sidestart|p1: Liquid Stranger|move: Light Screen","|","|-damage|p1a: Grumpig|157/268 psn|[from] psn","|turn|16","|","|move|p2a: Hitmontop|Sucker Punch|p1a: Grumpig","|-fail|p2a: Hitmontop","|move|p1a: Grumpig|Thunder Wave|p2a: Hitmontop","|-status|p2a: Hitmontop|par","|","|-damage|p1a: Grumpig|124/268 psn|[from] psn","|turn|17","|","|move|p2a: Hitmontop|Sucker Punch|p1a: Grumpig","|-supereffective|p1a: Grumpig","|-damage|p1a: Grumpig|0 fnt","|-damage|p2a: Hitmontop|149/209 par|[from] item: Life Orb","|faint|p1a: Grumpig","|","|","|switch|p1a: Gallade|Gallade-Mega, L76, M|140/228","|-status|p1a: Gallade|psn","|turn|18","|","|move|p2a: Hitmontop|Sucker Punch|p1a: Gallade","|-damage|p1a: Gallade|69/228 psn","|-damage|p2a: Hitmontop|129/209 par|[from] item: Life Orb","|move|p1a: Gallade|Close Combat|p2a: Hitmontop","|-damage|p2a: Hitmontop|0 fnt","|-unboost|p1a: Gallade|def|1","|-unboost|p1a: Gallade|spd|1","|faint|p2a: Hitmontop","|","|-damage|p1a: Gallade|41/228 psn|[from] psn","|","|switch|p2a: Greninja|Greninja, L74, F|135/229","|turn|19","|","|move|p2a: Greninja|U-turn|p1a: Gallade","|-start|p2a: Greninja|typechange|Bug|[from] Protean","|-damage|p1a: Gallade|0 fnt","|faint|p1a: Gallade","|","|switch|p2a: Meowstic-F|Meowstic-F, L83, F|209/259","|","|","|switch|p1a: Typhlosion|Typhlosion, L80, F|224/255 psn","|turn|20","|","|move|p2a: Meowstic-F|Calm Mind|p2a: Meowstic-F","|-boost|p2a: Meowstic-F|spa|1","|-boost|p2a: Meowstic-F|spd|1","|move|p1a: Typhlosion|Hidden Power|p2a: Meowstic-F","|-damage|p2a: Meowstic-F|166/259","|","|-damage|p1a: Typhlosion|193/255 psn|[from] psn","|turn|21","|","|win|Kajou-senpai"],"p1rating":{"entryid":"7128950","serverid":"eos","formatid":"randombattle","userid":"liquidstranger","username":"Liquid Stranger","w":"9","l":7,"t":"0","gxe":55,"r":1556.5379307097,"rd":77.723185424475,"sigma":"0","rptime":1438160400,"rpr":1538.8067158968,"rprd":76.147574204145,"rpsigma":"0","acre":1062.3327293644,"lacre":1062.3327293644,"oldacre":"1092.390325817"},"p2rating":{"entryid":7255147,"formatid":"randombattle","userid":"kajousenpai","username":"Kajou-senpai","r":1500,"rd":130,"sigma":0,"rpr":1544.8812221895,"rprd":122.37328861834,"rpsigma":0,"rptime":1438160400,"w":1,"l":0,"t":0,"gxe":55.6,"acre":1050.3930002,"lacre":1050.3930002,"oldacre":1000},"endType":"forfeit"}