{"seed":[46730,39061,22106,55461],"turns":18,"p1":"GTX♅bookman","p2":"Rain ☆ Aurem","p1team":[{"name":"Magmortar","moves":["thunderbolt","fireblast","focusblast","hiddenpowerice"],"ability":"Flame Body","evs":{"hp":85,"atk":85,"def":85,"spa":85,"spd":85,"spe":85},"ivs":{"hp":31,"atk":30,"def":30,"spa":31,"spd":31,"spe":31},"item":"Choice Scarf","level":81,"shiny":false},{"name":"Watchog","moves":["return","substitute","superfang","batonpass"],"ability":"Analytic","evs":{"hp":85,"atk":85,"def":85,"spa":85,"spd":85,"spe":85},"ivs":{"hp":31,"atk":31,"def":31,"spa":31,"spd":31,"spe":31},"item":"Leftovers","level":83,"shiny":false},{"name":"Abomasnow","moves":["iceshard","hiddenpowerfire","blizzard","woodhammer"],"ability":"Snow Warning","evs":{"hp":85,"atk":85,"def":85,"spa":85,"spd":85,"spe":85},"ivs":{"hp":31,"atk":30,"def":31,"spa":30,"spd":31,"spe":30},"item":"Abomasite","level":77,"shiny":false},{"name":"Hitmonlee","moves":["fakeout","knockoff","stoneedge","highjumpkick"],"ability":"Unburden","evs":{"hp":85,"atk":85,"def":85,"spa":85,"spd":85,"spe":85},"ivs":{"hp":31,"atk":31,"def":31,"spa":31,"spd":31,"spe":31},"item":"Normal Gem","level":79,"shiny":false},{"name":"Aromatisse","moves":["protect","moonblast","aromatherapy","reflect"],"ability":"Aroma Veil","evs":{"hp":85,"atk":85,"def":85,"spa":85,"spd":85,"spe":85},"ivs":{"hp":31,"atk":31,"def":31,"spa":31,"spd":31,"spe":31},"item":"Leftovers","level":79,"shiny":false},{"name":"Honchkrow","moves":["bravebird","pursuit","superpower","roost"],"ability":"Moxie","evs":{"hp":85,"atk":85,"def":85,"spa":85,"spd":85,"spe":85},"ivs":{"hp":31,"atk":31,"def":31,"spa":31,"spd":31,"spe":31},"item":"Life Orb","level":77,"shiny":false}],"p2team":[{"name":"Wobbuffet","moves":["encore","counter","mirrorcoat","destinybond"],"ability":"Shadow Tag","evs":{"hp":85,"atk":85,"def":85,"spa":85,"spd":85,"spe":85},"ivs":{"hp":31,"atk":31,"def":31,"spa":31,"spd":31,"spe":31},"item":"Custap Berry","level":79,"shiny":false},{"name":"Ho-Oh","moves":["earthquake","roost","bravebird","substitute"],"ability":"Regenerator","evs":{"hp":85,"atk":85,"def":85,"spa":85,"spd":85,"spe":85},"ivs":{"hp":31,"atk":31,"def":31,"spa":31,"spd":31,"spe":31},"item":"Leftovers","level":73,"shiny":false},{"name":"Quagsire","moves":["icebeam","scald","encore","earthquake"],"ability":"Water Absorb","evs":{"hp":85,"atk":85,"def":85,"spa":85,"spd":85,"spe":85},"ivs":{"hp":31,"atk":31,"def":31,"spa":31,"spd":31,"spe":31},"item":"Life Orb","level":81,"shiny":false},{"name":"Klinklang","moves":["geargrind","shiftgear","wildcharge","substitute"],"ability":"Clear Body","evs":{"hp":85,"atk":85,"def":85,"spa":85,"spd":85,"spe":85},"ivs":{"hp":31,"atk":31,"def":31,"spa":31,"spd":31,"spe":31},"item":"Leftovers","level":81,"shiny":false},{"name":"Spiritomb","moves":["sleeptalk","painsplit","shadowsneak","darkpulse"],"ability":"Infiltrator","evs":{"hp":85,"atk":85,"def":85,"spa":85,"spd":85,"spe":85},"ivs":{"hp":31,"atk":31,"def":31,"spa":31,"spd":31,"spe":31},"item":"Leftovers","level":79,"shiny":false},{"name":"Hoopa-Unbound","moves":["icepunch","darkpulse","focusblast","knockoff"],"ability":"Magician","evs":{"hp":85,"atk":85,"def":85,"spa":85,"spd":85,"spe":85},"ivs":{"hp":31,"atk":31,"def":31,"spa":31,"spd":31,"spe":31},"item":"Assault Vest","level":75,"shiny":false}],"log":["|player|p1|GTX♅bookman|238","|player|p2|Rain ☆ Aurem|rainaurem.png","|gametype|singles","|gen|6","|tier|Random Battle","|rated","|rule|Sleep Clause Mod: Limit one foe put to sleep","|rule|HP Percentage Mod: HP is shown in percentages","|","|start","|switch|p1a: Magmortar|Magmortar, L81, F|254/254","|switch|p2a: Wobbuffet|Wobbuffet, L79, F|430/430","|turn|1","|","|move|p1a: Magmortar|Thunderbolt|p2a: Wobbuffet","|-damage|p2a: Wobbuffet|319/430","|move|p2a: Wobbuffet|Encore|p1a: Magmortar","|-start|p1a: Magmortar|Encore","|","|turn|2","|","|move|p1a: Magmortar|Thunderbolt|p2a: Wobbuffet","|-damage|p2a: Wobbuffet|208/430","|move|p2a: Wobbuffet|Mirror Coat|p1a: Magmortar","|-damage|p1a: Magmortar|32/254","|","|turn|3","|","|move|p1a: Magmortar|Thunderbolt|p2a: Wobbuffet","|-damage|p2a: Wobbuffet|105/430","|move|p2a: Wobbuffet|Mirror Coat|p1a: Magmortar","|-damage|p1a: Magmortar|0 fnt","|faint|p1a: Magmortar","|","|","|switch|p1a: Watchog|Watchog, L83, F|235/235","|turn|4","|","|switch|p2a: Spiritomb|Spiritomb, L79, F|209/209","|move|p1a: Watchog|Return|p2a: Spiritomb","|-immune|p2a: Spiritomb|[msg]","|","|turn|5","|","|move|p1a: Watchog|Baton Pass|p1a: Watchog","|","|switch|p1a: Abomasnow|Abomasnow, L77, F|265/265","|-weather|Hail","|move|p2a: Spiritomb|Dark Pulse|p1a: Abomasnow","|-damage|p1a: Abomasnow|180/265","|","|-weather|Hail|[upkeep]","|-damage|p2a: Spiritomb|196/209|[from] hail","|-heal|p2a: Spiritomb|209/209|[from] item: Leftovers","|turn|6","|","|detailschange|p1a: Abomasnow|Abomasnow-Mega, L77, F","|-mega|p1a: Abomasnow|Abomasnow|Abomasite","|move|p1a: Abomasnow|Wood Hammer|p2a: Spiritomb","|-damage|p2a: Spiritomb|85/209","|-damage|p1a: Abomasnow|139/265|[from] recoil|[of] p2a: Spiritomb","|move|p2a: Spiritomb|Dark Pulse|p1a: Abomasnow","|-damage|p1a: Abomasnow|75/265","|","|-weather|Hail|[upkeep]","|-damage|p2a: Spiritomb|72/209|[from] hail","|-heal|p2a: Spiritomb|85/209|[from] item: Leftovers","|turn|7","|","|move|p2a: Spiritomb|Shadow Sneak|p1a: Abomasnow","|-damage|p1a: Abomasnow|42/265","|move|p1a: Abomasnow|Wood Hammer|p2a: Spiritomb","|-damage|p2a: Spiritomb|0 fnt","|-damage|p1a: Abomasnow|14/265|[from] recoil|[of] p2a: Spiritomb","|faint|p2a: Spiritomb","|","|-weather|Hail|[upkeep]","|","|switch|p2a: Klinklang|Klinklang, L81|230/230","|turn|8","|","|move|p2a: Klinklang|Gear Grind|p1a: Abomasnow","|-supereffective|p1a: Abomasnow","|-damage|p1a: Abomasnow|0 fnt","|-hitcount|p1a: Abomasnow|1","|faint|p1a: Abomasnow","|","|-weather|Hail|[upkeep]","|-damage|p2a: Klinklang|216/230|[from] hail","|-heal|p2a: Klinklang|230/230|[from] item: Leftovers","|","|switch|p1a: Hitmonlee|Hitmonlee, L79, M|209/209","|turn|9","|","|switch|p2a: Quagsire|Quagsire, L81, M|287/287","|move|p1a: Hitmonlee|High Jump Kick|p2a: Quagsire","|-damage|p2a: Quagsire|142/287","|","|-weather|none","|turn|10","|","|move|p1a: Hitmonlee|High Jump Kick|p2a: Quagsire","|-damage|p2a: Quagsire|0 fnt","|faint|p2a: Quagsire","|","|","|switch|p2a: Ho-Oh|Ho-Oh, L73|275/275","|turn|11","|","|move|p1a: Hitmonlee|High Jump Kick|p2a: Ho-Oh","|-resisted|p2a: Ho-Oh","|-damage|p2a: Ho-Oh|197/275","|move|p2a: Ho-Oh|Brave Bird|p1a: Hitmonlee","|-supereffective|p1a: Hitmonlee","|-damage|p1a: Hitmonlee|0 fnt","|-damage|p2a: Ho-Oh|128/275|[from] recoil|[of] p1a: Hitmonlee","|faint|p1a: Hitmonlee","|","|-heal|p2a: Ho-Oh|145/275|[from] item: Leftovers","|","|switch|p1a: Watchog|Watchog, L83, F|235/235","|turn|12","|","|switch|p2a: Klinklang|Klinklang, L81|230/230","|move|p1a: Watchog|Super Fang|p2a: Klinklang","|-damage|p2a: Klinklang|115/230","|","|-heal|p2a: Klinklang|129/230|[from] item: Leftovers","|turn|13","|","|move|p2a: Klinklang|Shift Gear|p2a: Klinklang","|-boost|p2a: Klinklang|atk|1","|-boost|p2a: Klinklang|spe|2","|move|p1a: Watchog|Super Fang|p2a: Klinklang","|-damage|p2a: Klinklang|65/230","|","|-heal|p2a: Klinklang|79/230|[from] item: Leftovers","|turn|14","|","|move|p2a: Klinklang|Gear Grind|p1a: Watchog","|-damage|p1a: Watchog|147/235","|-damage|p1a: Watchog|54/235","|-hitcount|p1a: Watchog|2","|move|p1a: Watchog|Baton Pass|p1a: Watchog","|","|switch|p1a: Aromatisse|Aromatisse, L79, F|289/289","|","|-heal|p2a: Klinklang|93/230|[from] item: Leftovers","|turn|15","|","|move|p2a: Klinklang|Gear Grind|p1a: Aromatisse","|-supereffective|p1a: Aromatisse","|-damage|p1a: Aromatisse|91/289","|-supereffective|p1a: Aromatisse","|-damage|p1a: Aromatisse|0 fnt","|-hitcount|p1a: Aromatisse|2","|faint|p1a: Aromatisse","|","|-heal|p2a: Klinklang|107/230|[from] item: Leftovers","|","|switch|p1a: Honchkrow|Honchkrow, L77, F|281/281","|turn|16","|","|move|p2a: Klinklang|Wild Charge|p1a: Honchkrow","|-supereffective|p1a: Honchkrow","|-damage|p1a: Honchkrow|0 fnt","|-damage|p2a: Klinklang|37/230|[from] recoil|[of] p1a: Honchkrow","|faint|p1a: Honchkrow","|","|-heal|p2a: Klinklang|51/230|[from] item: Leftovers","|","|switch|p1a: Watchog|Watchog, L83, F|54/235","|turn|17","|","|move|p2a: Klinklang|Gear Grind|p1a: Watchog|[miss]","|-miss|p2a: Klinklang|p1a: Watchog","|move|p1a: Watchog|Super Fang|p2a: Klinklang","|-damage|p2a: Klinklang|26/230","|","|-heal|p2a: Klinklang|40/230|[from] item: Leftovers","|-heal|p1a: Watchog|68/235|[from] item: Leftovers","|turn|18","|","|move|p2a: Klinklang|Gear Grind|p1a: Watchog","|-damage|p1a: Watchog|0 fnt","|-hitcount|p1a: Watchog|1","|faint|p1a: Watchog","|","|win|Rain ☆ Aurem"],"p1rating":{"entryid":"6888133","serverid":"eos","formatid":"randombattle","userid":"gtxbookman","username":"Gtx Bookman","w":"9","l":19,"t":"0","gxe":37.3,"r":"1405.1649980117","rd":64.951114568036,"sigma":"0","rptime":1438160400,"rpr":1400.4119708885,"rprd":64.253229455351,"rpsigma":"0","acre":1040.0139755223,"lacre":1040.0139755223,"oldacre":"1052.2340854811"},"p2rating":{"entryid":"6444477","serverid":"eos","formatid":"randombattle","userid":"rainaurem","username":"Rain ☆ Aurem","w":26,"l":"9","t":"0","gxe":68.8,"r":"1646.395765206","rd":62.339376444933,"sigma":"0","rptime":1438160400,"rpr":1650.7823754927,"rprd":61.722725602386,"rpsigma":"0","acre":1182.5913218177,"lacre":1182.5913218177,"oldacre":"1165.4620357842"},"endType":"normal"}