{"seed":[18761,7127,16870,51689],"turns":17,"p1":"ldevries","p2":"Metalyte","p1team":[{"name":"Kricketune","moves":["stickyweb","endeavor","xscissor","knockoff"],"ability":"Swarm","evs":{"hp":85,"atk":85,"def":85,"spa":85,"spd":85,"spe":85},"ivs":{"hp":31,"atk":31,"def":31,"spa":31,"spd":31,"spe":31},"item":"Focus Sash","level":83,"shiny":false},{"name":"Xerneas","moves":["closecombat","thunderbolt","hiddenpowerfire","moonblast"],"ability":"Fairy Aura","evs":{"hp":85,"atk":85,"def":85,"spa":85,"spd":85,"spe":85},"ivs":{"hp":31,"atk":30,"def":31,"spa":30,"spd":31,"spe":30},"item":"Assault Vest","level":73,"shiny":false},{"name":"Delphox","moves":["shadowball","grassknot","switcheroo","psyshock"],"ability":"Magician","evs":{"hp":81,"atk":85,"def":85,"spa":89,"spd":85,"spe":85},"ivs":{"hp":31,"atk":31,"def":31,"spa":31,"spd":31,"spe":31},"item":"Choice Specs","level":79,"shiny":false},{"name":"Gothitelle","moves":["psyshock","calmmind","hiddenpowerfire","thunderbolt"],"ability":"Shadow Tag","evs":{"hp":85,"atk":85,"def":85,"spa":85,"spd":85,"spe":85},"ivs":{"hp":31,"atk":30,"def":31,"spa":30,"spd":31,"spe":30},"item":"Life Orb","level":75,"shiny":false},{"name":"Emolga","moves":["airslash","chargebeam","roost","thunderbolt"],"ability":"Motor Drive","evs":{"hp":85,"atk":85,"def":85,"spa":85,"spd":85,"spe":85},"ivs":{"hp":31,"atk":31,"def":31,"spa":31,"spd":31,"spe":31},"item":"Life Orb","level":83,"shiny":false},{"name":"Volcarona","moves":["roost","fierydance","quiverdance","gigadrain"],"ability":"Flame Body","evs":{"hp":81,"atk":85,"def":85,"spa":89,"spd":85,"spe":85},"ivs":{"hp":31,"atk":31,"def":31,"spa":31,"spd":31,"spe":31},"item":"Leftovers","level":76,"shiny":false}],"p2team":[{"name":"Greninja","moves":["uturn","toxicspikes","gunkshot","darkpulse"],"ability":"Protean","evs":{"hp":85,"atk":85,"def":85,"spa":85,"spd":85,"spe":85},"ivs":{"hp":31,"atk":31,"def":31,"spa":31,"spd":31,"spe":31},"item":"Life Orb","level":74,"shiny":false},{"name":"Giratina-Origin","moves":["earthquake","dragontail","dracometeor","shadowball"],"ability":"Levitate","evs":{"hp":85,"atk":85,"def":85,"spa":85,"spd":85,"spe":85},"ivs":{"hp":31,"atk":31,"def":31,"spa":31,"spd":31,"spe":31},"item":"Griseous Orb","level":73,"shiny":false},{"name":"Flareon","moves":["toxic","protect","flareblitz","facade"],"ability":"Guts","evs":{"hp":81,"atk":89,"def":85,"spa":85,"spd":85,"spe":85},"ivs":{"hp":31,"atk":31,"def":31,"spa":31,"spd":31,"spe":31},"item":"Toxic Orb","level":83,"shiny":false},{"name":"Simipour","moves":["substitute","focusblast","hydropump","icebeam"],"ability":"Torrent","evs":{"hp":85,"atk":85,"def":85,"spa":85,"spd":85,"spe":85},"ivs":{"hp":31,"atk":31,"def":31,"spa":31,"spd":31,"spe":31},"item":"Leftovers","level":83,"shiny":false},{"name":"Chandelure","moves":["trick","painsplit","shadowball","energyball"],"ability":"Infiltrator","evs":{"hp":85,"atk":85,"def":85,"spa":85,"spd":85,"spe":85},"ivs":{"hp":31,"atk":31,"def":31,"spa":31,"spd":31,"spe":31},"item":"Choice Scarf","level":77,"shiny":false},{"name":"Registeel","moves":["ironhead","rest","seismictoss","thunderwave"],"ability":"Clear Body","evs":{"hp":85,"atk":85,"def":85,"spa":85,"spd":85,"spe":85},"ivs":{"hp":31,"atk":31,"def":31,"spa":31,"spd":31,"spe":31},"item":"Chesto Berry","level":79,"shiny":false}],"log":["|player|p1|ldevries|102","|player|p2|Metalyte|165","|gametype|singles","|gen|6","|tier|Random Battle","|rated","|rule|Sleep Clause Mod: Limit one foe put to sleep","|rule|HP Percentage Mod: HP is shown in percentages","|","|start","|switch|p1a: Kricketune|Kricketune, L83, M|263/263","|switch|p2a: Greninja|Greninja, L74, M|229/229","|turn|1","|","|move|p2a: Greninja|U-turn|p1a: Kricketune","|-start|p2a: Greninja|typechange|Bug|[from] Protean","|-damage|p1a: Kricketune|160/263","|-damage|p2a: Greninja|207/229|[from] item: Life Orb","|","|switch|p2a: Flareon|Flareon, L83, M|243/243","|move|p1a: Kricketune|Sticky Web|p2a: Flareon","|-sidestart|p2: Metalyte|move: Sticky Web","|","|-status|p2a: Flareon|tox|[from] item: Toxic Orb","|turn|2","|","|move|p1a: Kricketune|Endeavor|p2a: Flareon","|-damage|p2a: Flareon|160/243 tox","|move|p2a: Flareon|Flare Blitz|p1a: Kricketune","|-supereffective|p1a: Kricketune","|-damage|p1a: Kricketune|0 fnt","|-damage|p2a: Flareon|107/243 tox|[from] recoil|[of] p1a: Kricketune","|faint|p1a: Kricketune","|","|-damage|p2a: Flareon|92/243 tox|[from] psn","|","|switch|p1a: Emolga|Emolga, L83, M|227/227","|turn|3","|","|move|p1a: Emolga|Charge Beam|p2a: Flareon","|-damage|p2a: Flareon|45/243 tox","|-boost|p1a: Emolga|spa|1","|-damage|p1a: Emolga|205/227|[from] item: Life Orb","|move|p2a: Flareon|Facade|p1a: Emolga","|-damage|p1a: Emolga|0 fnt","|faint|p1a: Emolga","|","|-damage|p2a: Flareon|15/243 tox|[from] psn","|","|switch|p1a: Xerneas|Xerneas, L73|304/304","|-ability|p1a: Xerneas|Fairy Aura","|turn|4","|","|move|p1a: Xerneas|Moonblast|p2a: Flareon","|-resisted|p2a: Flareon","|-damage|p2a: Flareon|0 fnt","|faint|p2a: Flareon","|","|","|switch|p2a: Greninja|Greninja, L74, M|207/229","|-activate|p2a: Greninja|move: Sticky Web","|-unboost|p2a: Greninja|spe|1","|turn|5","|","|switch|p2a: Registeel|Registeel, L79|256/256","|-activate|p2a: Registeel|move: Sticky Web","|-fail|p2a: Registeel|unboost|[from] ability: Clear Body|[of] p2a: Registeel","|move|p1a: Xerneas|Thunderbolt|p2a: Registeel","|-damage|p2a: Registeel|210/256","|","|turn|6","|","|move|p1a: Xerneas|Close Combat|p2a: Registeel","|-supereffective|p2a: Registeel","|-damage|p2a: Registeel|88/256","|-unboost|p1a: Xerneas|def|1","|-unboost|p1a: Xerneas|spd|1","|move|p2a: Registeel|Thunder Wave|p1a: Xerneas","|-status|p1a: Xerneas|par","|","|turn|7","|","|move|p2a: Registeel|Iron Head|p1a: Xerneas","|-supereffective|p1a: Xerneas","|-damage|p1a: Xerneas|98/304 par","|cant|p1a: Xerneas|flinch","|","|turn|8","|","|move|p2a: Registeel|Iron Head|p1a: Xerneas","|-supereffective|p1a: Xerneas","|-damage|p1a: Xerneas|0 fnt","|faint|p1a: Xerneas","|","|","|switch|p1a: Delphox|Delphox, L79, M|247/247","|turn|9","|","|move|p1a: Delphox|Switcheroo|p2a: Registeel","|-activate|p1a: Delphox|move: Trick|[of] p2a: Registeel","|-item|p2a: Registeel|Choice Specs|[from] Trick","|-item|p1a: Delphox|Chesto Berry|[from] Trick","|move|p2a: Registeel|Thunder Wave|p1a: Delphox","|-status|p1a: Delphox|par","|","|turn|10","|","|switch|p2a: Giratina-Origin|Giratina-Origin, L73|339/339","|move|p1a: Delphox|Shadow Ball|p2a: Giratina-Origin","|-supereffective|p2a: Giratina-Origin","|-damage|p2a: Giratina-Origin|219/339","|","|turn|11","|","|move|p2a: Giratina-Origin|Shadow Ball|p1a: Delphox","|-supereffective|p1a: Delphox","|-damage|p1a: Delphox|79/247 par","|move|p1a: Delphox|Shadow Ball|p2a: Giratina-Origin","|-supereffective|p2a: Giratina-Origin","|-damage|p2a: Giratina-Origin|109/339","|","|turn|12","|","|move|p2a: Giratina-Origin|Shadow Ball|p1a: Delphox","|-supereffective|p1a: Delphox","|-damage|p1a: Delphox|0 fnt","|faint|p1a: Delphox","|","|","|switch|p1a: Volcarona|Volcarona, L76, F|253/253","|turn|13","|","|move|p1a: Volcarona|Quiver Dance|p1a: Volcarona","|-boost|p1a: Volcarona|spa|1","|-boost|p1a: Volcarona|spd|1","|-boost|p1a: Volcarona|spe|1","|move|p2a: Giratina-Origin|Dragon Tail|p1a: Volcarona","|-damage|p1a: Volcarona|157/253","|drag|p1a: Gothitelle|Gothitelle, L75, M|229/229","|","|turn|14","|","|move|p2a: Giratina-Origin|Shadow Ball|p1a: Gothitelle","|-supereffective|p1a: Gothitelle","|-damage|p1a: Gothitelle|55/229","|move|p1a: Gothitelle|Psyshock|p2a: Giratina-Origin","|-damage|p2a: Giratina-Origin|23/339","|-damage|p1a: Gothitelle|33/229|[from] item: Life Orb","|","|turn|15","|","|move|p2a: Giratina-Origin|Shadow Ball|p1a: Gothitelle","|-supereffective|p1a: Gothitelle","|-damage|p1a: Gothitelle|0 fnt","|faint|p1a: Gothitelle","|","|","|switch|p1a: Volcarona|Volcarona, L76, F|157/253","|turn|16","|","|move|p1a: Volcarona|Fiery Dance|p2a: Giratina-Origin","|-resisted|p2a: Giratina-Origin","|-damage|p2a: Giratina-Origin|0 fnt","|-boost|p1a: Volcarona|spa|1","|faint|p2a: Giratina-Origin","|","|-heal|p1a: Volcarona|172/253|[from] item: Leftovers","|","|switch|p2a: Simipour|Simipour, L83, M|260/260","|-activate|p2a: Simipour|move: Sticky Web","|-unboost|p2a: Simipour|spe|1","|turn|17","|","|move|p1a: Volcarona|Giga Drain|p2a: Simipour","|-supereffective|p2a: Simipour","|-damage|p2a: Simipour|30/260","|-heal|p1a: Volcarona|253/253|[from] drain|[of] p2a: Simipour","|move|p2a: Simipour|Hydro Pump|p1a: Volcarona","|-supereffective|p1a: Volcarona","|-damage|p1a: Volcarona|0 fnt","|faint|p1a: Volcarona","|","|win|Metalyte"],"p1rating":{"entryid":"7170199","serverid":"eos","formatid":"randombattle","userid":"ldevries","username":"ldevries","w":"1","l":1,"t":"0","gxe":50,"r":"1540.1439924095","rd":123.22244965071,"sigma":"0","rptime":1438160400,"rpr":1499.7400630996,"rprd":117.15449726385,"rpsigma":"0","acre":1023.5675833825,"lacre":1023.5675833825,"oldacre":"1041.7817254949"},"p2rating":{"entryid":7258416,"formatid":"randombattle","userid":"metalyte","username":"Metalyte","r":1500,"rd":130,"sigma":0,"rpr":1544.7894869534,"rprd":122.83391674174,"rpsigma":0,"rptime":1438160400,"w":1,"l":0,"t":0,"gxe":55.6,"acre":1044.787243651,"lacre":1044.787243651,"oldacre":1000},"endType":"normal"}