{"seed":[64491,46054,14947,50860],"turns":40,"p1":"Liquid Stranger","p2":"CreaturePhil","p1team":[{"name":"Vespiquen","moves":["healorder","toxic","attackorder","substitute"],"ability":"Unnerve","evs":{"hp":81,"atk":89,"def":85,"spa":85,"spd":85,"spe":85},"ivs":{"hp":31,"atk":31,"def":31,"spa":31,"spd":31,"spe":31},"item":"Leftovers","level":83,"shiny":false},{"name":"Lugia","moves":["whirlwind","thunderwave","substitute","aeroblast"],"ability":"Multiscale","evs":{"hp":85,"atk":85,"def":85,"spa":85,"spd":85,"spe":85},"ivs":{"hp":31,"atk":31,"def":31,"spa":31,"spd":31,"spe":31},"item":"Leftovers","level":73,"shiny":false},{"name":"Slurpuff","moves":["substitute","return","playrough","flamethrower"],"ability":"Unburden","evs":{"hp":85,"atk":85,"def":85,"spa":85,"spd":85,"spe":85},"ivs":{"hp":31,"atk":31,"def":31,"spa":31,"spd":31,"spe":31},"item":"Sitrus Berry","level":77,"shiny":false},{"name":"Sawsbuck","moves":["hornleech","swordsdance","return","batonpass"],"ability":"Sap Sipper","evs":{"hp":85,"atk":85,"def":85,"spa":85,"spd":85,"spe":85},"ivs":{"hp":31,"atk":31,"def":31,"spa":31,"spd":31,"spe":31},"item":"Leftovers","level":83,"shiny":false},{"name":"Rotom-Wash","moves":["hiddenpowerice","thunderbolt","willowisp","hydropump"],"ability":"Levitate","evs":{"hp":85,"atk":85,"def":85,"spa":85,"spd":85,"spe":85},"ivs":{"hp":31,"atk":30,"def":30,"spa":31,"spd":31,"spe":31},"item":"Life Orb","level":75,"shiny":false},{"name":"Dragalge","moves":["hiddenpowerfire","toxicspikes","dragonpulse","sludgewave"],"ability":"Adaptability","evs":{"hp":85,"atk":85,"def":85,"spa":85,"spd":85,"spe":85},"ivs":{"hp":31,"atk":30,"def":31,"spa":30,"spd":31,"spe":30},"item":"Life Orb","level":77,"shiny":false}],"p2team":[{"name":"Magmortar","moves":["substitute","fireblast","hiddenpowergrass","focusblast"],"ability":"Vital Spirit","evs":{"hp":85,"atk":85,"def":85,"spa":85,"spd":85,"spe":85},"ivs":{"hp":31,"atk":30,"def":31,"spa":30,"spd":31,"spe":31},"item":"Leftovers","level":81,"shiny":false},{"name":"Parasect","moves":["substitute","knockoff","leechseed","xscissor"],"ability":"Dry Skin","evs":{"hp":85,"atk":85,"def":85,"spa":85,"spd":85,"spe":85},"ivs":{"hp":31,"atk":31,"def":31,"spa":31,"spd":31,"spe":31},"item":"Leftovers","level":83,"shiny":false},{"name":"Farfetch'd","moves":["roost","bravebird","return","swordsdance"],"ability":"Defiant","evs":{"hp":85,"atk":85,"def":85,"spa":85,"spd":85,"spe":85},"ivs":{"hp":31,"atk":31,"def":31,"spa":31,"spd":31,"spe":31},"item":"Stick","level":83,"shiny":false},{"name":"Bronzong","moves":["lightscreen","toxic","reflect","gyroball"],"ability":"Levitate","evs":{"hp":85,"atk":170,"def":85,"spa":85,"spd":85,"spe":0},"ivs":{"hp":31,"atk":31,"def":31,"spa":31,"spd":31,"spe":0},"item":"Light Clay","level":79,"shiny":false},{"name":"Banette","moves":["willowisp","shadowclaw","destinybond","taunt"],"ability":"Cursed Body","evs":{"hp":85,"atk":85,"def":85,"spa":85,"spd":85,"spe":85},"ivs":{"hp":31,"atk":31,"def":31,"spa":31,"spd":31,"spe":31},"item":"Banettite","level":79,"shiny":false},{"name":"Heatran","moves":["toxic","lavaplume","earthpower","flashcannon"],"ability":"Flash Fire","evs":{"hp":85,"atk":85,"def":85,"spa":85,"spd":85,"spe":85},"ivs":{"hp":31,"atk":31,"def":31,"spa":31,"spd":31,"spe":31},"item":"Air Balloon","level":75,"shiny":false}],"log":["|player|p1|Liquid Stranger|92","|player|p2|CreaturePhil|creaturephil.gif","|gametype|singles","|gen|6","|tier|Random Battle","|rated","|rule|Sleep Clause Mod: Limit one foe put to sleep","|rule|HP Percentage Mod: HP is shown in percentages","|","|start","|switch|p1a: Vespiquen|Vespiquen, L83, F|251/251","|switch|p2a: Magmortar|Magmortar, L81, M|254/254","|-ability|p1a: Vespiquen|Unnerve|p2: CreaturePhil","|turn|1","|","|switch|p1a: Slurpuff|Slurpuff, L77, M|253/253","|move|p2a: Magmortar|Substitute|p2a: Magmortar","|-start|p2a: Magmortar|Substitute","|-damage|p2a: Magmortar|191/254","|","|-heal|p2a: Magmortar|206/254|[from] item: Leftovers","|turn|2","|","|move|p2a: Magmortar|Fire Blast|p1a: Slurpuff|[miss]","|-miss|p2a: Magmortar|p1a: Slurpuff","|move|p1a: Slurpuff|Play Rough|p2a: Magmortar","|-resisted|p2a: Magmortar","|-activate|p2a: Magmortar|Substitute|[damage]","|","|-heal|p2a: Magmortar|221/254|[from] item: Leftovers","|turn|3","|","|switch|p1a: Rotom-Wash|Rotom-Wash, L75|199/199","|move|p2a: Magmortar|Fire Blast|p1a: Rotom-Wash","|-resisted|p1a: Rotom-Wash","|-damage|p1a: Rotom-Wash|140/199","|","|-heal|p2a: Magmortar|236/254|[from] item: Leftovers","|turn|4","|","|move|p2a: Magmortar|Hidden Power|p1a: Rotom-Wash","|-supereffective|p1a: Rotom-Wash","|-damage|p1a: Rotom-Wash|42/199","|move|p1a: Rotom-Wash|Thunderbolt|p2a: Magmortar","|-end|p2a: Magmortar|Substitute","|-damage|p1a: Rotom-Wash|23/199|[from] item: Life Orb","|","|-heal|p2a: Magmortar|251/254|[from] item: Leftovers","|turn|5","|","|move|p2a: Magmortar|Hidden Power|p1a: Rotom-Wash","|-supereffective|p1a: Rotom-Wash","|-damage|p1a: Rotom-Wash|0 fnt","|faint|p1a: Rotom-Wash","|","|-heal|p2a: Magmortar|254/254|[from] item: Leftovers","|","|switch|p1a: Dragalge|Dragalge, L77, M|227/227","|turn|6","|","|switch|p2a: Heatran|Heatran, L75, M|260/260","|-item|p2a: Heatran|Air Balloon","|move|p1a: Dragalge|Sludge Wave|p2a: Heatran","|-immune|p2a: Heatran|[msg]","|","|turn|7","|","|move|p2a: Heatran|Lava Plume|p1a: Dragalge","|-resisted|p1a: Dragalge","|-damage|p1a: Dragalge|189/227","|move|p1a: Dragalge|Toxic Spikes|p2a: Heatran","|-sidestart|p2: CreaturePhil|move: Toxic Spikes","|","|turn|8","|","|move|p2a: Heatran|Earth Power|p1a: Dragalge","|-supereffective|p1a: Dragalge","|-damage|p1a: Dragalge|81/227","|move|p1a: Dragalge|Toxic Spikes|p2a: Heatran","|-sidestart|p2: CreaturePhil|move: Toxic Spikes","|","|turn|9","|","|switch|p1a: Lugia|Lugia, L73|275/275","|move|p2a: Heatran|Earth Power|p1a: Lugia","|-immune|p1a: Lugia|[msg]","|","|turn|10","|","|switch|p2a: Parasect|Parasect, L83, F|235/235","|-status|p2a: Parasect|tox","|move|p1a: Lugia|Substitute|p1a: Lugia","|-start|p1a: Lugia|Substitute","|-damage|p1a: Lugia|207/275","|","|-heal|p1a: Lugia|224/275|[from] item: Leftovers","|-damage|p2a: Parasect|221/235 tox|[from] psn","|turn|11","|","|move|p1a: Lugia|Aeroblast|p2a: Parasect","|-supereffective|p2a: Parasect","|-damage|p2a: Parasect|0 fnt","|faint|p2a: Parasect","|","|-heal|p1a: Lugia|241/275|[from] item: Leftovers","|","|switch|p2a: Bronzong|Bronzong, L79|235/235","|turn|12","|","|move|p1a: Lugia|Thunder Wave|p2a: Bronzong","|-status|p2a: Bronzong|par","|move|p2a: Bronzong|Light Screen|p2a: Bronzong","|-sidestart|p2: CreaturePhil|move: Light Screen","|","|-heal|p1a: Lugia|258/275|[from] item: Leftovers","|turn|13","|","|move|p2a: Bronzong|Gyro Ball|p1a: Lugia","|-end|p1a: Lugia|Substitute","|move|p1a: Lugia|Whirlwind|p2a: Bronzong","|drag|p2a: Heatran|Heatran, L75, M|260/260","|-item|p2a: Heatran|Air Balloon","|","|-heal|p1a: Lugia|275/275|[from] item: Leftovers","|turn|14","|","|move|p1a: Lugia|Substitute|p1a: Lugia","|-start|p1a: Lugia|Substitute","|-damage|p1a: Lugia|207/275","|move|p2a: Heatran|Flash Cannon|p1a: Lugia","|-activate|p1a: Lugia|Substitute|[damage]","|","|-heal|p1a: Lugia|224/275|[from] item: Leftovers","|turn|15","|","|switch|p2a: Farfetch'd|Farfetch'd, L83, M|222/222","|move|p1a: Lugia|Thunder Wave|p2a: Farfetch'd","|-status|p2a: Farfetch'd|par","|","|-heal|p1a: Lugia|241/275|[from] item: Leftovers","|turn|16","|","|move|p1a: Lugia|Aeroblast|p2a: Farfetch'd","|-damage|p2a: Farfetch'd|174/222 par","|move|p2a: Farfetch'd|Swords Dance|p2a: Farfetch'd","|-boost|p2a: Farfetch'd|atk|2","|","|-heal|p1a: Lugia|258/275|[from] item: Leftovers","|turn|17","|","|cant|p2a: Farfetch'd|par","|move|p1a: Lugia|Whirlwind|p2a: Farfetch'd","|drag|p2a: Bronzong|Bronzong, L79|235/235 par","|","|-heal|p1a: Lugia|275/275|[from] item: Leftovers","|turn|18","|","|cant|p2a: Bronzong|par","|move|p1a: Lugia|Whirlwind|p2a: Bronzong","|drag|p2a: Banette|Banette, L79, M|231/231","|-status|p2a: Banette|tox","|","|-damage|p2a: Banette|217/231 tox|[from] psn","|turn|19","|","|detailschange|p2a: Banette|Banette-Mega, L79, M","|-mega|p2a: Banette|Banette|Banettite","|move|p2a: Banette|Shadow Claw|p1a: Lugia","|-supereffective|p1a: Lugia","|-end|p1a: Lugia|Substitute","|move|p1a: Lugia|Whirlwind|p2a: Banette","|drag|p2a: Magmortar|Magmortar, L81, M|254/254","|-status|p2a: Magmortar|tox","|","|-damage|p2a: Magmortar|239/254 tox|[from] psn","|-sideend|p2: CreaturePhil|move: Light Screen","|turn|20","|","|move|p1a: Lugia|Substitute|p1a: Lugia","|-start|p1a: Lugia|Substitute","|-damage|p1a: Lugia|207/275","|move|p2a: Magmortar|Fire Blast|p1a: Lugia","|-end|p1a: Lugia|Substitute","|","|-heal|p1a: Lugia|224/275|[from] item: Leftovers","|-heal|p2a: Magmortar|254/254 tox|[from] item: Leftovers","|-damage|p2a: Magmortar|224/254 tox|[from] psn","|turn|21","|","|move|p1a: Lugia|Substitute|p1a: Lugia","|-start|p1a: Lugia|Substitute","|-damage|p1a: Lugia|156/275","|move|p2a: Magmortar|Fire Blast|p1a: Lugia","|-end|p1a: Lugia|Substitute","|","|-heal|p1a: Lugia|173/275|[from] item: Leftovers","|-heal|p2a: Magmortar|239/254 tox|[from] item: Leftovers","|-damage|p2a: Magmortar|194/254 tox|[from] psn","|turn|22","|","|move|p1a: Lugia|Substitute|p1a: Lugia","|-start|p1a: Lugia|Substitute","|-damage|p1a: Lugia|105/275","|move|p2a: Magmortar|Fire Blast|p1a: Lugia|[miss]","|-miss|p2a: Magmortar|p1a: Lugia","|","|-heal|p1a: Lugia|122/275|[from] item: Leftovers","|-heal|p2a: Magmortar|209/254 tox|[from] item: Leftovers","|-damage|p2a: Magmortar|149/254 tox|[from] psn","|turn|23","|","|move|p1a: Lugia|Aeroblast|p2a: Magmortar","|-damage|p2a: Magmortar|71/254 tox","|move|p2a: Magmortar|Fire Blast|p1a: Lugia","|-end|p1a: Lugia|Substitute","|","|-heal|p1a: Lugia|139/275|[from] item: Leftovers","|-heal|p2a: Magmortar|86/254 tox|[from] item: Leftovers","|-damage|p2a: Magmortar|11/254 tox|[from] psn","|turn|24","|","|move|p1a: Lugia|Aeroblast|p2a: Magmortar","|-damage|p2a: Magmortar|0 fnt","|faint|p2a: Magmortar","|","|-heal|p1a: Lugia|156/275|[from] item: Leftovers","|","|switch|p2a: Banette|Banette-Mega, L79, M|217/231 tox","|turn|25","|","|switch|p1a: Dragalge|Dragalge, L77, M|81/227","|move|p2a: Banette|Shadow Claw|p1a: Dragalge","|-damage|p1a: Dragalge|0 fnt","|faint|p1a: Dragalge","|","|-damage|p2a: Banette|203/231 tox|[from] psn","|","|switch|p1a: Sawsbuck|Sawsbuck, L83, M|268/268","|turn|26","|","|move|p2a: Banette|Will-O-Wisp|p1a: Sawsbuck","|-status|p1a: Sawsbuck|brn","|move|p1a: Sawsbuck|Swords Dance|p1a: Sawsbuck","|-boost|p1a: Sawsbuck|atk|2","|","|-damage|p1a: Sawsbuck|235/268 brn|[from] brn","|-damage|p2a: Banette|175/231 tox|[from] psn","|turn|27","|","|move|p2a: Banette|Taunt|p1a: Sawsbuck","|-start|p1a: Sawsbuck|move: Taunt","|move|p1a: Sawsbuck|Horn Leech|p2a: Banette","|-damage|p2a: Banette|83/231 tox","|-heal|p1a: Sawsbuck|268/268 brn|[from] drain|[of] p2a: Banette","|","|-damage|p1a: Sawsbuck|235/268 brn|[from] brn","|-damage|p2a: Banette|41/231 tox|[from] psn","|turn|28","|","|move|p2a: Banette|Destiny Bond|p2a: Banette","|-singlemove|p2a: Banette|Destiny Bond","|move|p1a: Sawsbuck|Horn Leech|p2a: Banette","|-damage|p2a: Banette|0 fnt","|-heal|p1a: Sawsbuck|256/268 brn|[from] drain|[of] p2a: Banette","|faint|p2a: Banette","|-activate|p2a: Banette|Destiny Bond","|faint|p1a: Sawsbuck","|","|","|switch|p1a: Slurpuff|Slurpuff, L77, M|253/253","|switch|p2a: Farfetch'd|Farfetch'd, L83, M|174/222 par","|turn|29","|","|switch|p2a: Heatran|Heatran, L75, M|260/260","|-item|p2a: Heatran|Air Balloon","|move|p1a: Slurpuff|Substitute|p1a: Slurpuff","|-start|p1a: Slurpuff|Substitute","|-damage|p1a: Slurpuff|190/253","|","|turn|30","|","|move|p2a: Heatran|Flash Cannon|p1a: Slurpuff","|-supereffective|p1a: Slurpuff","|-end|p1a: Slurpuff|Substitute","|move|p1a: Slurpuff|Play Rough|p2a: Heatran","|-resisted|p2a: Heatran","|-damage|p2a: Heatran|242/260","|-enditem|p2a: Heatran|Air Balloon","|","|turn|31","|","|switch|p2a: Farfetch'd|Farfetch'd, L83, M|174/222 par","|move|p1a: Slurpuff|Return|p2a: Farfetch'd","|-damage|p2a: Farfetch'd|98/222 par","|","|turn|32","|","|switch|p2a: Heatran|Heatran, L75, M|242/260","|move|p1a: Slurpuff|Play Rough|p2a: Heatran","|-resisted|p2a: Heatran","|-damage|p2a: Heatran|225/260","|","|turn|33","|","|move|p2a: Heatran|Flash Cannon|p1a: Slurpuff","|-supereffective|p1a: Slurpuff","|-damage|p1a: Slurpuff|0 fnt","|faint|p1a: Slurpuff","|","|","|switch|p1a: Vespiquen|Vespiquen, L83, F|251/251","|-ability|p1a: Vespiquen|Unnerve|p2: CreaturePhil","|turn|34","|","|move|p2a: Heatran|Lava Plume|p1a: Vespiquen","|-crit|p1a: Vespiquen","|-supereffective|p1a: Vespiquen","|-damage|p1a: Vespiquen|21/251","|move|p1a: Vespiquen|Attack Order|p2a: Heatran","|-resisted|p2a: Heatran","|-damage|p2a: Heatran|206/260","|","|-heal|p1a: Vespiquen|36/251|[from] item: Leftovers","|turn|35","|","|move|p2a: Heatran|Lava Plume|p1a: Vespiquen","|-crit|p1a: Vespiquen","|-supereffective|p1a: Vespiquen","|-damage|p1a: Vespiquen|0 fnt","|faint|p1a: Vespiquen","|","|","|switch|p1a: Lugia|Lugia, L73|156/275","|turn|36","|","|switch|p2a: Farfetch'd|Farfetch'd, L83, M|98/222 par","|move|p1a: Lugia|Thunder Wave|p2a: Farfetch'd","|-fail|p2a: Farfetch'd|par","|","|-heal|p1a: Lugia|173/275|[from] item: Leftovers","|turn|37","|","|move|p1a: Lugia|Aeroblast|p2a: Farfetch'd","|-damage|p2a: Farfetch'd|0 fnt","|faint|p2a: Farfetch'd","|","|-heal|p1a: Lugia|190/275|[from] item: Leftovers","|","|switch|p2a: Heatran|Heatran, L75, M|206/260","|turn|38","|","|move|p1a: Lugia|Thunder Wave|p2a: Heatran","|-status|p2a: Heatran|par","|move|p2a: Heatran|Toxic|p1a: Lugia","|-status|p1a: Lugia|tox","|","|-heal|p1a: Lugia|207/275 tox|[from] item: Leftovers","|-damage|p1a: Lugia|190/275 tox|[from] psn","|turn|39","|","|move|p1a: Lugia|Aeroblast|p2a: Heatran","|-resisted|p2a: Heatran","|-damage|p2a: Heatran|169/260 par","|move|p2a: Heatran|Flash Cannon|p1a: Lugia","|-crit|p1a: Lugia","|-damage|p1a: Lugia|88/275 tox","|","|-heal|p1a: Lugia|105/275 tox|[from] item: Leftovers","|-damage|p1a: Lugia|71/275 tox|[from] psn","|turn|40","|","|win|CreaturePhil"],"p1rating":{"entryid":"7128950","serverid":"eos","formatid":"randombattle","userid":"liquidstranger","username":"Liquid Stranger","w":"9","l":10,"t":"0","gxe":49.1,"r":"1556.5379307097","rd":"77.723185424475","sigma":"0","rptime":"1438160400","rpr":1493.0247941894,"rprd":71.929246347697,"rpsigma":"0","acre":1009.3386004448,"lacre":1009.3386004448,"oldacre":"1023.845851524"},"p2rating":{"entryid":7259226,"formatid":"randombattle","userid":"creaturephil","username":"CreaturePhil","r":1500,"rd":130,"sigma":0,"rpr":1548.39635973,"rprd":122.36233538856,"rpsigma":0,"rptime":1438160400,"w":1,"l":0,"t":0,"gxe":56,"acre":1042.7410524545,"lacre":1042.7410524545,"oldacre":1000},"endType":"forfeit"}