{"seed":[26599,34586,33746,22077],"turns":28,"p1":"KawaiiBear","p2":"Seventh Swell","p1team":[{"name":"Jellicent","moves":["taunt","recover","toxic","scald"],"ability":"Water Absorb","evs":{"hp":85,"atk":85,"def":85,"spa":85,"spd":85,"spe":85},"ivs":{"hp":31,"atk":31,"def":31,"spa":31,"spd":31,"spe":31},"item":"Focus Sash","level":79,"shiny":false},{"name":"Greninja","moves":["gunkshot","hydropump","uturn","darkpulse"],"ability":"Protean","evs":{"hp":85,"atk":85,"def":85,"spa":85,"spd":85,"spe":85},"ivs":{"hp":31,"atk":31,"def":31,"spa":31,"spd":31,"spe":31},"item":"Expert Belt","level":74,"shiny":false},{"name":"Tyrantrum","moves":["earthquake","outrage","dragondance","firefang"],"ability":"Strong Jaw","evs":{"hp":85,"atk":85,"def":85,"spa":85,"spd":85,"spe":85},"ivs":{"hp":31,"atk":31,"def":31,"spa":31,"spd":31,"spe":31},"item":"Lum Berry","level":79,"shiny":false},{"name":"Torkoal","moves":["fireblast","stealthrock","yawn","earthpower"],"ability":"White Smoke","evs":{"hp":81,"atk":85,"def":85,"spa":89,"spd":85,"spe":85},"ivs":{"hp":31,"atk":31,"def":31,"spa":31,"spd":31,"spe":31},"item":"Leftovers","level":83,"shiny":false},{"name":"Forretress","moves":["stealthrock","gyroball","toxic","spikes"],"ability":"Overcoat","evs":{"hp":85,"atk":170,"def":85,"spa":85,"spd":85,"spe":0},"ivs":{"hp":31,"atk":31,"def":31,"spa":31,"spd":31,"spe":0},"item":"Leftovers","level":77,"shiny":false},{"name":"Swoobat","moves":["calmmind","roost","storedpower","heatwave"],"ability":"Simple","evs":{"hp":85,"atk":85,"def":85,"spa":85,"spd":85,"spe":85},"ivs":{"hp":31,"atk":31,"def":31,"spa":31,"spd":31,"spe":31},"item":"Leftovers","level":83,"shiny":false}],"p2team":[{"name":"Gliscor","moves":["protect","taunt","stealthrock","earthquake"],"ability":"Poison Heal","evs":{"hp":85,"atk":85,"def":85,"spa":85,"spd":85,"spe":85},"ivs":{"hp":31,"atk":31,"def":31,"spa":31,"spd":31,"spe":31},"item":"Toxic Orb","level":75,"shiny":false},{"name":"Rapidash","moves":["wildcharge","morningsun","flareblitz","drillrun"],"ability":"Flash Fire","evs":{"hp":81,"atk":89,"def":85,"spa":85,"spd":85,"spe":85},"ivs":{"hp":31,"atk":31,"def":31,"spa":31,"spd":31,"spe":31},"item":"Life Orb","level":83,"shiny":false},{"name":"Tropius","moves":["airslash","protect","leechseed","gigadrain"],"ability":"Harvest","evs":{"hp":81,"atk":85,"def":85,"spa":89,"spd":85,"spe":85},"ivs":{"hp":31,"atk":31,"def":31,"spa":31,"spd":31,"spe":31},"item":"Sitrus Berry","level":83,"shiny":false},{"name":"Toxicroak","moves":["suckerpunch","drainpunch","icepunch","gunkshot"],"ability":"Dry Skin","evs":{"hp":85,"atk":85,"def":85,"spa":85,"spd":85,"spe":85},"ivs":{"hp":31,"atk":31,"def":31,"spa":31,"spd":31,"spe":31},"item":"Life Orb","level":77,"shiny":false},{"name":"Scyther","moves":["brickbreak","bugbite","aerialace","swordsdance"],"ability":"Technician","evs":{"hp":81,"atk":89,"def":85,"spa":85,"spd":85,"spe":85},"ivs":{"hp":31,"atk":31,"def":31,"spa":31,"spd":31,"spe":31},"item":"Eviolite","level":81,"shiny":false},{"name":"Hydreigon","moves":["earthpower","dracometeor","flashcannon","darkpulse"],"ability":"Levitate","evs":{"hp":85,"atk":85,"def":85,"spa":85,"spd":85,"spe":85},"ivs":{"hp":31,"atk":31,"def":31,"spa":31,"spd":31,"spe":31},"item":"Choice Scarf","level":77,"shiny":false}],"log":["|player|p1|KawaiiBear|34","|player|p2|Seventh Swell|167","|gametype|singles","|gen|6","|tier|Random Battle","|rated","|rule|Sleep Clause Mod: Limit one foe put to sleep","|rule|HP Percentage Mod: HP is shown in percentages","|","|start","|switch|p1a: Jellicent|Jellicent, L79, F|288/288","|switch|p2a: Gliscor|Gliscor, L75, M|236/236","|turn|1","|","|switch|p2a: Hydreigon|Hydreigon, L77, M|268/268","|move|p1a: Jellicent|Scald|p2a: Hydreigon","|-resisted|p2a: Hydreigon","|-damage|p2a: Hydreigon|235/268","|","|turn|2","|","|switch|p1a: Torkoal|Torkoal, L83, M|251/251","|move|p2a: Hydreigon|Dark Pulse|p1a: Torkoal","|-damage|p1a: Torkoal|145/251","|","|-heal|p1a: Torkoal|160/251|[from] item: Leftovers","|turn|3","|","|move|p2a: Hydreigon|Dark Pulse|p1a: Torkoal","|-damage|p1a: Torkoal|58/251","|move|p1a: Torkoal|Stealth Rock|p2a: Hydreigon","|-sidestart|p2: Seventh Swell|move: Stealth Rock","|","|-heal|p1a: Torkoal|73/251|[from] item: Leftovers","|turn|4","|","|switch|p2a: Rapidash|Rapidash, L83, M|243/243","|-damage|p2a: Rapidash|183/243|[from] Stealth Rock","|move|p1a: Torkoal|Fire Blast|p2a: Rapidash","|-start|p2a: Rapidash|ability: Flash Fire","|","|-heal|p1a: Torkoal|88/251|[from] item: Leftovers","|turn|5","|","|move|p2a: Rapidash|Drill Run|p1a: Torkoal","|-supereffective|p1a: Torkoal","|-damage|p1a: Torkoal|0 fnt","|-damage|p2a: Rapidash|159/243|[from] item: Life Orb","|faint|p1a: Torkoal","|","|","|switch|p1a: Greninja|Greninja, L74, M|229/229","|turn|6","|","|move|p1a: Greninja|Hydro Pump|p2a: Rapidash","|-start|p1a: Greninja|typechange|Water|[from] Protean","|-supereffective|p2a: Rapidash","|-damage|p2a: Rapidash|0 fnt","|faint|p2a: Rapidash","|","|","|switch|p2a: Hydreigon|Hydreigon, L77, M|235/268","|-damage|p2a: Hydreigon|202/268|[from] Stealth Rock","|turn|7","|","|switch|p1a: Forretress|Forretress, L77, M|242/242","|move|p2a: Hydreigon|Draco Meteor|p1a: Forretress","|-resisted|p1a: Forretress","|-damage|p1a: Forretress|136/242","|-unboost|p2a: Hydreigon|spa|2","|","|-heal|p1a: Forretress|151/242|[from] item: Leftovers","|turn|8","|","|switch|p2a: Gliscor|Gliscor, L75, M|236/236","|-damage|p2a: Gliscor|207/236|[from] Stealth Rock","|move|p1a: Forretress|Gyro Ball|p2a: Gliscor","|-damage|p2a: Gliscor|152/236","|","|-heal|p1a: Forretress|166/242|[from] item: Leftovers","|-status|p2a: Gliscor|tox|[from] item: Toxic Orb","|turn|9","|","|move|p2a: Gliscor|Stealth Rock|p1a: Forretress","|-sidestart|p1: KawaiiBear|move: Stealth Rock","|move|p1a: Forretress|Gyro Ball|p2a: Gliscor","|-damage|p2a: Gliscor|98/236 tox","|","|-heal|p1a: Forretress|181/242|[from] item: Leftovers","|-heal|p2a: Gliscor|127/236 tox|[from] ability: Poison Heal","|turn|10","|","|move|p2a: Gliscor|Earthquake|p1a: Forretress","|-damage|p1a: Forretress|118/242","|move|p1a: Forretress|Gyro Ball|p2a: Gliscor","|-damage|p2a: Gliscor|69/236 tox","|","|-heal|p1a: Forretress|133/242|[from] item: Leftovers","|-heal|p2a: Gliscor|98/236 tox|[from] ability: Poison Heal","|turn|11","|","|move|p2a: Gliscor|Earthquake|p1a: Forretress","|-damage|p1a: Forretress|75/242","|move|p1a: Forretress|Spikes|p2a: Gliscor","|-sidestart|p2: Seventh Swell|Spikes","|","|-heal|p1a: Forretress|90/242|[from] item: Leftovers","|-heal|p2a: Gliscor|127/236 tox|[from] ability: Poison Heal","|turn|12","|","|move|p2a: Gliscor|Earthquake|p1a: Forretress","|-damage|p1a: Forretress|26/242","|move|p1a: Forretress|Spikes|p2a: Gliscor","|-sidestart|p2: Seventh Swell|Spikes","|","|-heal|p1a: Forretress|41/242|[from] item: Leftovers","|-heal|p2a: Gliscor|156/236 tox|[from] ability: Poison Heal","|turn|13","|","|move|p2a: Gliscor|Earthquake|p1a: Forretress","|-damage|p1a: Forretress|0 fnt","|faint|p1a: Forretress","|","|-heal|p2a: Gliscor|185/236 tox|[from] ability: Poison Heal","|","|switch|p1a: Greninja|Greninja, L74, M|229/229","|-damage|p1a: Greninja|201/229|[from] Stealth Rock","|turn|14","|","|move|p2a: Gliscor|Protect|p2a: Gliscor","|-singleturn|p2a: Gliscor|Protect","|move|p1a: Greninja|Hydro Pump|p2a: Gliscor","|-start|p1a: Greninja|typechange|Water|[from] Protean","|-activate|p2a: Gliscor|Protect","|","|-heal|p2a: Gliscor|214/236 tox|[from] ability: Poison Heal","|turn|15","|","|switch|p2a: Toxicroak|Toxicroak, L77, M|254/254","|-damage|p2a: Toxicroak|212/254|[from] Spikes","|-damage|p2a: Toxicroak|197/254|[from] Stealth Rock","|move|p1a: Greninja|Hydro Pump|p2a: Toxicroak","|-heal|p2a: Toxicroak|254/254|[from] ability: Dry Skin|[of] p1a: Greninja","|","|turn|16","|","|move|p1a: Greninja|U-turn|p2a: Toxicroak","|-start|p1a: Greninja|typechange|Bug|[from] Protean","|-resisted|p2a: Toxicroak","|-damage|p2a: Toxicroak|236/254","|","|switch|p1a: Jellicent|Jellicent, L79, F|288/288","|-damage|p1a: Jellicent|252/288|[from] Stealth Rock","|move|p2a: Toxicroak|Gunk Shot|p1a: Jellicent","|-resisted|p1a: Jellicent","|-damage|p1a: Jellicent|158/288","|-status|p1a: Jellicent|psn","|-damage|p2a: Toxicroak|211/254|[from] item: Life Orb","|","|-damage|p1a: Jellicent|122/288 psn|[from] psn","|turn|17","|","|switch|p2a: Gliscor|Gliscor, L75, M|214/236 tox","|-damage|p2a: Gliscor|185/236 tox|[from] Stealth Rock","|move|p1a: Jellicent|Scald|p2a: Gliscor","|-supereffective|p2a: Gliscor","|-damage|p2a: Gliscor|17/236 tox","|","|-heal|p2a: Gliscor|46/236 tox|[from] ability: Poison Heal","|-damage|p1a: Jellicent|86/288 psn|[from] psn","|turn|18","|","|move|p2a: Gliscor|Earthquake|p1a: Jellicent","|-damage|p1a: Jellicent|0 fnt","|faint|p1a: Jellicent","|","|-heal|p2a: Gliscor|75/236 tox|[from] ability: Poison Heal","|","|switch|p1a: Swoobat|Swoobat, L83, M|247/247","|-damage|p1a: Swoobat|186/247|[from] Stealth Rock","|turn|19","|","|move|p1a: Swoobat|Calm Mind|p1a: Swoobat","|-boost|p1a: Swoobat|spa|2","|-boost|p1a: Swoobat|spd|2","|move|p2a: Gliscor|Taunt|p1a: Swoobat","|-start|p1a: Swoobat|move: Taunt","|","|-heal|p1a: Swoobat|201/247|[from] item: Leftovers","|-heal|p2a: Gliscor|104/236 tox|[from] ability: Poison Heal","|turn|20","|","|switch|p2a: Tropius|Tropius, L83, M|299/299","|-damage|p2a: Tropius|225/299|[from] Stealth Rock","|move|p1a: Swoobat|Stored Power|p2a: Tropius","|-damage|p2a: Tropius|42/299","|-enditem|p2a: Tropius|Sitrus Berry|[eat]","|-heal|p2a: Tropius|116/299|[from] item: Sitrus Berry","|","|-heal|p1a: Swoobat|216/247|[from] item: Leftovers","|-item|p2a: Tropius|Sitrus Berry|[from] ability: Harvest","|-enditem|p2a: Tropius|Sitrus Berry|[eat]","|-heal|p2a: Tropius|190/299|[from] item: Sitrus Berry","|turn|21","|","|move|p1a: Swoobat|Heat Wave|p2a: Tropius","|-supereffective|p2a: Tropius","|-damage|p2a: Tropius|0 fnt","|faint|p2a: Tropius","|","|-heal|p1a: Swoobat|231/247|[from] item: Leftovers","|","|switch|p2a: Toxicroak|Toxicroak, L77, M|211/254","|-damage|p2a: Toxicroak|169/254|[from] Spikes","|-damage|p2a: Toxicroak|154/254|[from] Stealth Rock","|turn|22","|","|move|p2a: Toxicroak|Sucker Punch|p1a: Swoobat","|-crit|p1a: Swoobat","|-supereffective|p1a: Swoobat","|-damage|p1a: Swoobat|0 fnt","|-damage|p2a: Toxicroak|129/254|[from] item: Life Orb","|faint|p1a: Swoobat","|","|","|switch|p1a: Tyrantrum|Tyrantrum, L79, F|259/259","|-damage|p1a: Tyrantrum|227/259|[from] Stealth Rock","|turn|23","|","|move|p2a: Toxicroak|Drain Punch|p1a: Tyrantrum","|-crit|p1a: Tyrantrum","|-supereffective|p1a: Tyrantrum","|-damage|p1a: Tyrantrum|1/259","|-heal|p2a: Toxicroak|242/254|[from] drain|[of] p1a: Tyrantrum","|-damage|p2a: Toxicroak|217/254|[from] item: Life Orb","|move|p1a: Tyrantrum|Outrage|p2a: Toxicroak","|-damage|p2a: Toxicroak|27/254","|","|turn|24","|","|switch|p2a: Gliscor|Gliscor, L75, M|104/236 tox","|-damage|p2a: Gliscor|75/236 tox|[from] Stealth Rock","|move|p1a: Tyrantrum|Outrage|p2a: Gliscor","|-damage|p2a: Gliscor|0 fnt","|faint|p2a: Gliscor","|","|","|switch|p2a: Scyther|Scyther, L81, F|245/245","|-damage|p2a: Scyther|123/245|[from] Stealth Rock","|turn|25","|","|move|p2a: Scyther|Aerial Ace|p1a: Tyrantrum","|-resisted|p1a: Tyrantrum","|-damage|p1a: Tyrantrum|0 fnt","|faint|p1a: Tyrantrum","|","|","|switch|p1a: Greninja|Greninja, L74, M|201/229","|-damage|p1a: Greninja|173/229|[from] Stealth Rock","|turn|26","|","|move|p1a: Greninja|Gunk Shot|p2a: Scyther","|-start|p1a: Greninja|typechange|Poison|[from] Protean","|-damage|p2a: Scyther|54/245","|-status|p2a: Scyther|psn","|move|p2a: Scyther|Bug Bite|p1a: Greninja","|-resisted|p1a: Greninja","|-damage|p1a: Greninja|100/229","|","|-damage|p2a: Scyther|24/245 psn|[from] psn","|turn|27","|","|move|p1a: Greninja|Dark Pulse|p2a: Scyther","|-start|p1a: Greninja|typechange|Dark|[from] Protean","|-damage|p2a: Scyther|0 fnt","|faint|p2a: Scyther","|","|","|switch|p2a: Toxicroak|Toxicroak, L77, M|27/254","|-damage|p2a: Toxicroak|0 fnt|[from] Spikes","|faint|p2a: Toxicroak","|","|switch|p2a: Hydreigon|Hydreigon, L77, M|202/268","|-damage|p2a: Hydreigon|169/268|[from] Stealth Rock","|turn|28","|","|move|p2a: Hydreigon|Draco Meteor|p1a: Greninja","|-damage|p1a: Greninja|0 fnt","|-unboost|p2a: Hydreigon|spa|2","|faint|p1a: Greninja","|","|win|Seventh Swell"],"p1rating":{"entryid":"7235433","serverid":"eos","formatid":"randombattle","userid":"kawaiibear","username":"KawaiiBear","w":"1","l":2,"t":"0","gxe":45.8,"r":"1459.8393856612","rd":"122.8583080769","sigma":"0","rptime":"1438160400","rpr":1466.8981143329,"rprd":111.63002965141,"rpsigma":"0","acre":1022.1660277196,"lacre":1022.1660277196,"oldacre":"1040"},"p2rating":{"entryid":7256969,"formatid":"randombattle","userid":"seventhswell","username":"Seventh Swell","r":1500,"rd":130,"sigma":0,"rpr":1536.1182879878,"rprd":122.83141802352,"rpsigma":0,"rptime":1438160400,"w":1,"l":0,"t":0,"gxe":54.5,"acre":1044.584930701,"lacre":1044.584930701,"oldacre":1000},"endType":"normal"}