{"seed":[21496,50654,41607,15698],"turns":24,"p1":"Rain ☆ Aurem","p2":"efalunt","p1team":[{"name":"Arbok","moves":["rest","suckerpunch","gunkshot","coil"],"ability":"Intimidate","evs":{"hp":85,"atk":85,"def":85,"spa":85,"spd":85,"spe":85},"ivs":{"hp":31,"atk":31,"def":31,"spa":31,"spd":31,"spe":31},"item":"Chesto Berry","level":83,"shiny":false},{"name":"Huntail","moves":["waterfall","batonpass","shellsmash","suckerpunch"],"ability":"Water Veil","evs":{"hp":85,"atk":85,"def":85,"spa":85,"spd":85,"spe":85},"ivs":{"hp":31,"atk":31,"def":31,"spa":31,"spd":31,"spe":31},"item":"White Herb","level":83,"shiny":false},{"name":"Landorus","moves":["sludgewave","rockpolish","calmmind","earthpower"],"ability":"Sheer Force","evs":{"hp":85,"atk":85,"def":85,"spa":85,"spd":85,"spe":85},"ivs":{"hp":31,"atk":31,"def":31,"spa":31,"spd":31,"spe":31},"item":"Life Orb","level":73,"shiny":false},{"name":"Yanmega","moves":["bugbuzz","uturn","protect","airslash"],"ability":"Speed Boost","evs":{"hp":81,"atk":85,"def":85,"spa":89,"spd":85,"spe":85},"ivs":{"hp":31,"atk":31,"def":31,"spa":31,"spd":31,"spe":31},"item":"Life Orb","level":78,"shiny":false},{"name":"Darmanitan","moves":["earthquake","flareblitz","superpower","rockslide"],"ability":"Sheer Force","evs":{"hp":81,"atk":89,"def":85,"spa":85,"spd":85,"spe":85},"ivs":{"hp":31,"atk":31,"def":31,"spa":31,"spd":31,"spe":31},"item":"Life Orb","level":77,"shiny":false},{"name":"Mew","moves":["earthpower","aurasphere","willowisp","psyshock"],"ability":"Synchronize","evs":{"hp":85,"atk":85,"def":85,"spa":85,"spd":85,"spe":85},"ivs":{"hp":31,"atk":31,"def":31,"spa":31,"spd":31,"spe":31},"item":"Leftovers","level":75,"shiny":false}],"p2team":[{"name":"Mewtwo","moves":["bulkup","taunt","stoneedge","drainpunch"],"ability":"Unnerve","evs":{"hp":85,"atk":85,"def":85,"spa":85,"spd":85,"spe":85},"ivs":{"hp":31,"atk":31,"def":31,"spa":31,"spd":31,"spe":31},"item":"Mewtwonite X","level":73,"shiny":false},{"name":"Dragonite","moves":["firepunch","extremespeed","outrage","dragondance"],"ability":"Multiscale","evs":{"hp":81,"atk":89,"def":85,"spa":85,"spd":85,"spe":85},"ivs":{"hp":31,"atk":31,"def":31,"spa":31,"spd":31,"spe":31},"item":"Lum Berry","level":75,"shiny":false},{"name":"Blastoise","moves":["roar","rapidspin","scald","icebeam"],"ability":"Torrent","evs":{"hp":85,"atk":85,"def":85,"spa":85,"spd":85,"spe":85},"ivs":{"hp":31,"atk":31,"def":31,"spa":31,"spd":31,"spe":31},"item":"Life Orb","level":79,"shiny":false},{"name":"Xatu","moves":["lightscreen","reflect","roost","psychic"],"ability":"Magic Bounce","evs":{"hp":85,"atk":85,"def":85,"spa":85,"spd":85,"spe":85},"ivs":{"hp":31,"atk":31,"def":31,"spa":31,"spd":31,"spe":31},"item":"Light Clay","level":81,"shiny":false},{"name":"Flareon","moves":["flareblitz","wish","toxic","facade"],"ability":"Guts","evs":{"hp":81,"atk":89,"def":85,"spa":85,"spd":85,"spe":85},"ivs":{"hp":31,"atk":31,"def":31,"spa":31,"spd":31,"spe":31},"item":"Toxic Orb","level":83,"shiny":false},{"name":"Diggersby","moves":["swordsdance","agility","earthquake","return"],"ability":"Huge Power","evs":{"hp":85,"atk":85,"def":85,"spa":85,"spd":85,"spe":85},"ivs":{"hp":31,"atk":31,"def":31,"spa":31,"spd":31,"spe":31},"item":"Leftovers","level":76,"shiny":false}],"log":["|player|p1|Rain ☆ Aurem|181","|player|p2|efalunt|120","|gametype|singles","|gen|6","|tier|Random Battle","|rated","|rule|Sleep Clause Mod: Limit one foe put to sleep","|rule|HP Percentage Mod: HP is shown in percentages","|","|start","|switch|p1a: Arbok|Arbok, L83, M|235/235","|switch|p2a: Mewtwo|Mewtwo, L73|275/275","|-ability|p2a: Mewtwo|Unnerve|p1: Rain ☆ Aurem","|-ability|p1a: Arbok|Intimidate","|-unboost|p2a: Mewtwo|atk|1","|turn|1","|","|switch|p1a: Mew|Mew, L75|274/274","|move|p2a: Mewtwo|Taunt|p1a: Mew","|-start|p1a: Mew|move: Taunt","|","|turn|2","|","|switch|p2a: Diggersby|Diggersby, L76, M|254/254","|switch|p1a: Yanmega|Yanmega, L78, F|261/261","|","|turn|3","|","|move|p1a: Yanmega|U-turn|p2a: Diggersby","|-damage|p2a: Diggersby|160/254","|-damage|p1a: Yanmega|235/261|[from] item: Life Orb","|","|switch|p1a: Arbok|Arbok, L83, M|235/235","|-ability|p1a: Arbok|Intimidate","|-unboost|p2a: Diggersby|atk|1","|move|p2a: Diggersby|Agility|p2a: Diggersby","|-boost|p2a: Diggersby|spe|2","|","|-heal|p2a: Diggersby|175/254|[from] item: Leftovers","|turn|4","|","|switch|p1a: Landorus|Landorus, L73, M|250/250","|move|p2a: Diggersby|Earthquake|p1a: Landorus","|-immune|p1a: Landorus|[msg]","|","|-heal|p2a: Diggersby|190/254|[from] item: Leftovers","|turn|5","|","|switch|p2a: Xatu|Xatu, L81, F|238/238","|move|p1a: Landorus|Earth Power|p2a: Xatu","|-immune|p2a: Xatu|[msg]","|","|turn|6","|","|switch|p1a: Huntail|Huntail, L83, M|227/227","|move|p2a: Xatu|Psychic|p1a: Huntail","|-damage|p1a: Huntail|130/227","|","|turn|7","|","|move|p2a: Xatu|Light Screen|p2a: Xatu","|-sidestart|p2: efalunt|move: Light Screen","|move|p1a: Huntail|Shell Smash|p1a: Huntail","|-boost|p1a: Huntail|atk|2","|-boost|p1a: Huntail|spa|2","|-boost|p1a: Huntail|spe|2","|-unboost|p1a: Huntail|def|1","|-unboost|p1a: Huntail|spd|1","|-enditem|p1a: Huntail|White Herb","|-restoreboost|p1a: Huntail|[silent]","|","|turn|8","|","|move|p1a: Huntail|Waterfall|p2a: Xatu","|-damage|p2a: Xatu|10/238","|move|p2a: Xatu|Psychic|p1a: Huntail","|-damage|p1a: Huntail|37/227","|","|turn|9","|","|switch|p2a: Dragonite|Dragonite, L75, F|259/259","|move|p1a: Huntail|Waterfall|p2a: Dragonite","|-crit|p2a: Dragonite","|-resisted|p2a: Dragonite","|-damage|p2a: Dragonite|187/259","|","|turn|10","|","|move|p2a: Dragonite|Extreme Speed|p1a: Huntail","|-damage|p1a: Huntail|0 fnt","|faint|p1a: Huntail","|","|","|switch|p1a: Darmanitan|Darmanitan, L77, F|287/287","|turn|11","|","|switch|p2a: Flareon|Flareon, L83, M|243/243","|move|p1a: Darmanitan|Rock Slide|p2a: Flareon","|-supereffective|p2a: Flareon","|-damage|p2a: Flareon|0 fnt","|faint|p2a: Flareon","|","|","|switch|p2a: Blastoise|Blastoise, L79, M|254/254","|turn|12","|","|switch|p1a: Mew|Mew, L75|274/274","|move|p2a: Blastoise|Scald|p1a: Mew","|-damage|p1a: Mew|184/274","|-damage|p2a: Blastoise|229/254|[from] item: Life Orb","|","|-heal|p1a: Mew|201/274|[from] item: Leftovers","|turn|13","|","|switch|p2a: Xatu|Xatu, L81, F|10/238","|move|p1a: Mew|Will-O-Wisp|p2a: Xatu","|move|p2a: Xatu|Will-O-Wisp|p1a: Mew|[from]Magic Bounce","|-status|p1a: Mew|brn","|-status|p2a: Xatu|brn","|","|-heal|p1a: Mew|218/274 brn|[from] item: Leftovers","|-damage|p2a: Xatu|0 fnt|[from] brn","|-damage|p1a: Mew|184/274 brn|[from] brn","|faint|p2a: Xatu","|","|switch|p2a: Dragonite|Dragonite, L75, F|187/259","|turn|14","|","|move|p1a: Mew|Will-O-Wisp|p2a: Dragonite|[miss]","|-miss|p1a: Mew|p2a: Dragonite","|move|p2a: Dragonite|Dragon Dance|p2a: Dragonite","|-boost|p2a: Dragonite|atk|1","|-boost|p2a: Dragonite|spe|1","|","|-heal|p1a: Mew|201/274 brn|[from] item: Leftovers","|-damage|p1a: Mew|167/274 brn|[from] brn","|-sideend|p2: efalunt|move: Light Screen","|turn|15","|","|move|p2a: Dragonite|Outrage|p1a: Mew","|-damage|p1a: Mew|0 fnt","|faint|p1a: Mew","|","|","|switch|p1a: Arbok|Arbok, L83, M|235/235","|-ability|p1a: Arbok|Intimidate","|-unboost|p2a: Dragonite|atk|1","|turn|16","|","|move|p2a: Dragonite|Outrage|p1a: Arbok","|-damage|p1a: Arbok|78/235","|move|p1a: Arbok|Gunk Shot|p2a: Dragonite","|-damage|p2a: Dragonite|63/259","|-status|p2a: Dragonite|psn","|-enditem|p2a: Dragonite|Lum Berry|[eat]","|-curestatus|p2a: Dragonite|psn","|","|turn|17","|","|move|p1a: Arbok|Sucker Punch|p2a: Dragonite","|-damage|p2a: Dragonite|11/259","|move|p2a: Dragonite|Outrage|p1a: Arbok","|-damage|p1a: Arbok|0 fnt","|-start|p2a: Dragonite|confusion|[fatigue]","|faint|p1a: Arbok","|","|","|switch|p1a: Yanmega|Yanmega, L78, F|235/261","|turn|18","|","|move|p1a: Yanmega|Protect|p1a: Yanmega","|-singleturn|p1a: Yanmega|Protect","|-activate|p2a: Dragonite|confusion","|-damage|p2a: Dragonite|0 fnt|[from] confusion","|faint|p2a: Dragonite","|","|-boost|p1a: Yanmega|spe|1|[from] ability: Speed Boost","|","|switch|p2a: Blastoise|Blastoise, L79, M|229/254","|turn|19","|","|move|p1a: Yanmega|Bug Buzz|p2a: Blastoise","|-damage|p2a: Blastoise|111/254","|-damage|p1a: Yanmega|209/261|[from] item: Life Orb","|move|p2a: Blastoise|Ice Beam|p1a: Yanmega","|-supereffective|p1a: Yanmega","|-damage|p1a: Yanmega|27/261","|-damage|p2a: Blastoise|86/254|[from] item: Life Orb","|","|-boost|p1a: Yanmega|spe|1|[from] ability: Speed Boost","|turn|20","|","|move|p1a: Yanmega|Bug Buzz|p2a: Blastoise","|-damage|p2a: Blastoise|0 fnt","|-damage|p1a: Yanmega|1/261|[from] item: Life Orb","|faint|p2a: Blastoise","|","|-boost|p1a: Yanmega|spe|1|[from] ability: Speed Boost","|","|switch|p2a: Diggersby|Diggersby, L76, M|190/254","|turn|21","|","|move|p1a: Yanmega|Air Slash|p2a: Diggersby","|-damage|p2a: Diggersby|72/254","|-damage|p1a: Yanmega|0 fnt|[from] item: Life Orb","|faint|p1a: Yanmega","|move|p2a: Diggersby|Agility|p2a: Diggersby","|-boost|p2a: Diggersby|spe|2","|","|-heal|p2a: Diggersby|87/254|[from] item: Leftovers","|","|switch|p1a: Landorus|Landorus, L73, M|250/250","|turn|22","|","|move|p2a: Diggersby|Return|p1a: Landorus","|-crit|p1a: Landorus","|-damage|p1a: Landorus|51/250","|move|p1a: Landorus|Earth Power|p2a: Diggersby","|-damage|p2a: Diggersby|0 fnt","|faint|p2a: Diggersby","|","|","|switch|p2a: Mewtwo|Mewtwo, L73|275/275","|-ability|p2a: Mewtwo|Unnerve|p1: Rain ☆ Aurem","|turn|23","|","|detailschange|p2a: Mewtwo|Mewtwo-Mega-X, L73","|-mega|p2a: Mewtwo|Mewtwo|Mewtwonite X","|move|p2a: Mewtwo|Drain Punch|p1a: Landorus","|-resisted|p1a: Landorus","|-damage|p1a: Landorus|0 fnt","|faint|p1a: Landorus","|","|","|switch|p1a: Darmanitan|Darmanitan, L77, F|287/287","|turn|24","|","|move|p2a: Mewtwo|Stone Edge|p1a: Darmanitan","|-supereffective|p1a: Darmanitan","|-damage|p1a: Darmanitan|0 fnt","|faint|p1a: Darmanitan","|","|win|efalunt"],"p1rating":{"entryid":"6444477","serverid":"eos","formatid":"randombattle","userid":"rainaurem","username":"Rain ☆ Aurem","w":"26","l":10,"t":"0","gxe":67.2,"r":"1646.395765206","rd":"62.339376444933","sigma":"0","rptime":"1438160400","rpr":1637.0262491845,"rprd":61.001040101009,"rpsigma":"0","acre":1146.4127912094,"lacre":1146.4127912094,"oldacre":"1182.5913218177"},"p2rating":{"entryid":"6602665","serverid":"eos","formatid":"randombattle","userid":"efalunt","username":"efalunt","w":2,"l":"2","t":"0","gxe":52.5,"r":1469.5263279876,"rd":115.04586462055,"sigma":"0","rptime":1438160400,"rpr":1519.9610460595,"rprd":110.54799759632,"rpsigma":"0","acre":1069.9683065589,"lacre":1069.9683065589,"oldacre":"1015.4326387448"},"endType":"normal"}