{"seed":[8518,10205,28420,14241],"turns":34,"p1":"Arrow Bot","p2":"Delta","p1team":[{"name":"Kyurem-Black","moves":["outrage","fusionbolt","earthpower","substitute"],"ability":"Teravolt","evs":{"hp":85,"atk":85,"def":85,"spa":85,"spd":85,"spe":85},"ivs":{"hp":31,"atk":31,"def":31,"spa":31,"spd":31,"spe":31},"item":"Leftovers","level":75,"shiny":false},{"name":"Noivern","moves":["dracometeor","boomburst","uturn","switcheroo"],"ability":"Infiltrator","evs":{"hp":85,"atk":85,"def":85,"spa":85,"spd":85,"spe":85},"ivs":{"hp":31,"atk":31,"def":31,"spa":31,"spd":31,"spe":31},"item":"Choice Scarf","level":78,"shiny":false},{"name":"Mightyena","moves":["irontail","playrough","suckerpunch","firefang"],"ability":"Intimidate","evs":{"hp":85,"atk":85,"def":85,"spa":85,"spd":85,"spe":85},"ivs":{"hp":31,"atk":31,"def":31,"spa":31,"spd":31,"spe":31},"item":"Expert Belt","level":83,"shiny":false},{"name":"Aerodactyl","moves":["aquatail","roost","defog","aerialace"],"ability":"Unnerve","evs":{"hp":85,"atk":85,"def":85,"spa":85,"spd":85,"spe":85},"ivs":{"hp":31,"atk":31,"def":31,"spa":31,"spd":31,"spe":31},"item":"Aerodactylite","level":77,"shiny":false},{"name":"Wormadam-Trash","moves":["stealthrock","gyroball","protect","toxic"],"ability":"Overcoat","evs":{"hp":85,"atk":170,"def":85,"spa":85,"spd":85,"spe":0},"ivs":{"hp":31,"atk":31,"def":31,"spa":31,"spd":31,"spe":0},"item":"Leftovers","level":83,"shiny":false},{"name":"Seismitoad","moves":["stealthrock","earthquake","scald","knockoff"],"ability":"Water Absorb","evs":{"hp":85,"atk":85,"def":85,"spa":85,"spd":85,"spe":85},"ivs":{"hp":31,"atk":31,"def":31,"spa":31,"spd":31,"spe":31},"item":"Life Orb","level":79,"shiny":false}],"p2team":[{"name":"Groudon","moves":["earthquake","swordsdance","stoneedge","firepunch"],"ability":"Drought","evs":{"hp":85,"atk":85,"def":85,"spa":85,"spd":85,"spe":85},"ivs":{"hp":31,"atk":31,"def":31,"spa":31,"spd":31,"spe":31},"item":"Leftovers","level":73,"shiny":false},{"name":"Cinccino","moves":["wakeupslap","knockoff","tailslap","rockblast"],"ability":"Technician","evs":{"hp":85,"atk":85,"def":85,"spa":85,"spd":85,"spe":85},"ivs":{"hp":31,"atk":31,"def":31,"spa":31,"spd":31,"spe":31},"item":"Choice Band","level":79,"shiny":false},{"name":"Sawk","moves":["bulkup","earthquake","knockoff","closecombat"],"ability":"Sturdy","evs":{"hp":85,"atk":85,"def":85,"spa":85,"spd":85,"spe":85},"ivs":{"hp":31,"atk":31,"def":31,"spa":31,"spd":31,"spe":31},"item":"Leftovers","level":81,"shiny":false},{"name":"Scizor","moves":["pursuit","defog","bulletpunch","roost"],"ability":"Technician","evs":{"hp":85,"atk":85,"def":85,"spa":85,"spd":85,"spe":85},"ivs":{"hp":31,"atk":31,"def":31,"spa":31,"spd":31,"spe":31},"item":"Scizorite","level":75,"shiny":false},{"name":"Mewtwo","moves":["recover","psystrike","calmmind","icebeam"],"ability":"Pressure","evs":{"hp":85,"atk":85,"def":85,"spa":85,"spd":85,"spe":85},"ivs":{"hp":31,"atk":31,"def":31,"spa":31,"spd":31,"spe":31},"item":"Leftovers","level":73,"shiny":false},{"name":"Gastrodon","moves":["clearsmog","icebeam","scald","toxic"],"ability":"Storm Drain","evs":{"hp":85,"atk":85,"def":85,"spa":85,"spd":85,"spe":85},"ivs":{"hp":31,"atk":31,"def":31,"spa":31,"spd":31,"spe":31},"item":"Leftovers","level":79,"shiny":false}],"log":["|player|p1|Arrow Bot|92","|player|p2|Delta|delta.png","|gametype|singles","|gen|6","|tier|Random Battle","|rated","|rule|Sleep Clause Mod: Limit one foe put to sleep","|rule|HP Percentage Mod: HP is shown in percentages","|","|start","|switch|p1a: Kyurem-Black|Kyurem-Black, L75|311/311","|switch|p2a: Groudon|Groudon, L73|266/266","|-ability|p1a: Kyurem-Black|Teravolt","|-weather|SunnyDay","|turn|1","|","|move|p1a: Kyurem-Black|Outrage|p2a: Groudon","|-damage|p2a: Groudon|148/266","|move|p2a: Groudon|Fire Punch|p1a: Kyurem-Black","|-damage|p1a: Kyurem-Black|217/311","|","|-weather|SunnyDay|[upkeep]","|-heal|p1a: Kyurem-Black|236/311|[from] item: Leftovers","|-heal|p2a: Groudon|164/266|[from] item: Leftovers","|turn|2","|","|move|p1a: Kyurem-Black|Outrage|p2a: Groudon","|-damage|p2a: Groudon|29/266","|-start|p1a: Kyurem-Black|confusion|[fatigue]","|move|p2a: Groudon|Fire Punch|p1a: Kyurem-Black","|-damage|p1a: Kyurem-Black|150/311","|","|-weather|SunnyDay|[upkeep]","|-heal|p1a: Kyurem-Black|169/311|[from] item: Leftovers","|-heal|p2a: Groudon|45/266|[from] item: Leftovers","|turn|3","|","|-activate|p1a: Kyurem-Black|confusion","|-damage|p1a: Kyurem-Black|132/311|[from] confusion","|move|p2a: Groudon|Fire Punch|p1a: Kyurem-Black","|-damage|p1a: Kyurem-Black|50/311","|","|-weather|SunnyDay|[upkeep]","|-heal|p1a: Kyurem-Black|69/311|[from] item: Leftovers","|-heal|p2a: Groudon|61/266|[from] item: Leftovers","|turn|4","|","|-activate|p1a: Kyurem-Black|confusion","|-damage|p1a: Kyurem-Black|28/311|[from] confusion","|move|p2a: Groudon|Fire Punch|p1a: Kyurem-Black","|-damage|p1a: Kyurem-Black|0 fnt","|faint|p1a: Kyurem-Black","|","|-weather|SunnyDay|[upkeep]","|-heal|p2a: Groudon|77/266|[from] item: Leftovers","|","|switch|p1a: Aerodactyl|Aerodactyl, L77, M|250/250","|-ability|p1a: Aerodactyl|Unnerve|p2: Delta","|turn|5","|","|detailschange|p1a: Aerodactyl|Aerodactyl-Mega, L77, M","|-mega|p1a: Aerodactyl|Aerodactyl|Aerodactylite","|move|p1a: Aerodactyl|Aqua Tail|p2a: Groudon","|-supereffective|p2a: Groudon","|-damage|p2a: Groudon|9/266","|move|p2a: Groudon|Stone Edge|p1a: Aerodactyl","|-supereffective|p1a: Aerodactyl","|-damage|p1a: Aerodactyl|86/250","|","|-weather|none","|-heal|p2a: Groudon|25/266|[from] item: Leftovers","|turn|6","|","|move|p1a: Aerodactyl|Aqua Tail|p2a: Groudon","|-supereffective|p2a: Groudon","|-damage|p2a: Groudon|0 fnt","|faint|p2a: Groudon","|","|","|switch|p2a: Cinccino|Cinccino, L79, F|248/248","|turn|7","|","|move|p1a: Aerodactyl|Roost|p1a: Aerodactyl","|-heal|p1a: Aerodactyl|211/250","|move|p2a: Cinccino|Rock Blast|p1a: Aerodactyl","|-damage|p1a: Aerodactyl|168/250","|-damage|p1a: Aerodactyl|129/250","|-damage|p1a: Aerodactyl|87/250","|-damage|p1a: Aerodactyl|46/250","|-damage|p1a: Aerodactyl|10/250","|-hitcount|p1a: Aerodactyl|5","|","|turn|8","|","|move|p1a: Aerodactyl|Roost|p1a: Aerodactyl","|-heal|p1a: Aerodactyl|135/250","|move|p2a: Cinccino|Rock Blast|p1a: Aerodactyl","|-damage|p1a: Aerodactyl|96/250","|-damage|p1a: Aerodactyl|55/250","|-hitcount|p1a: Aerodactyl|2","|","|turn|9","|","|move|p1a: Aerodactyl|Aerial Ace|p2a: Cinccino","|-crit|p2a: Cinccino","|-damage|p2a: Cinccino|58/248","|move|p2a: Cinccino|Rock Blast|p1a: Aerodactyl","|-supereffective|p1a: Aerodactyl","|-damage|p1a: Aerodactyl|0 fnt","|-hitcount|p1a: Aerodactyl|1","|faint|p1a: Aerodactyl","|","|","|switch|p1a: Wormadam-Trash|Wormadam-Trash, L83, F|235/235","|turn|10","|","|switch|p2a: Sawk|Sawk, L81, M|254/254","|move|p1a: Wormadam-Trash|Gyro Ball|p2a: Sawk","|-damage|p2a: Sawk|179/254","|","|-heal|p2a: Sawk|194/254|[from] item: Leftovers","|turn|11","|","|move|p2a: Sawk|Bulk Up|p2a: Sawk","|-boost|p2a: Sawk|atk|1","|-boost|p2a: Sawk|def|1","|move|p1a: Wormadam-Trash|Gyro Ball|p2a: Sawk","|-damage|p2a: Sawk|143/254","|","|-heal|p2a: Sawk|158/254|[from] item: Leftovers","|turn|12","|","|move|p1a: Wormadam-Trash|Protect|p1a: Wormadam-Trash","|-singleturn|p1a: Wormadam-Trash|Protect","|move|p2a: Sawk|Bulk Up|p2a: Sawk","|-boost|p2a: Sawk|atk|1","|-boost|p2a: Sawk|def|1","|","|-heal|p2a: Sawk|173/254|[from] item: Leftovers","|turn|13","|","|move|p2a: Sawk|Bulk Up|p2a: Sawk","|-boost|p2a: Sawk|atk|1","|-boost|p2a: Sawk|def|1","|move|p1a: Wormadam-Trash|Gyro Ball|p2a: Sawk","|-damage|p2a: Sawk|143/254","|","|-heal|p2a: Sawk|158/254|[from] item: Leftovers","|turn|14","|","|move|p2a: Sawk|Bulk Up|p2a: Sawk","|-boost|p2a: Sawk|atk|1","|-boost|p2a: Sawk|def|1","|move|p1a: Wormadam-Trash|Stealth Rock|p2a: Sawk","|-sidestart|p2: Delta|move: Stealth Rock","|","|-heal|p2a: Sawk|173/254|[from] item: Leftovers","|turn|15","|","|move|p2a: Sawk|Bulk Up|p2a: Sawk","|-boost|p2a: Sawk|atk|1","|-boost|p2a: Sawk|def|1","|move|p1a: Wormadam-Trash|Gyro Ball|p2a: Sawk","|-crit|p2a: Sawk","|-damage|p2a: Sawk|64/254","|","|-heal|p2a: Sawk|79/254|[from] item: Leftovers","|turn|16","|","|move|p2a: Sawk|Close Combat|p1a: Wormadam-Trash","|-damage|p1a: Wormadam-Trash|0 fnt","|-unboost|p2a: Sawk|def|1","|-unboost|p2a: Sawk|spd|1","|faint|p1a: Wormadam-Trash","|","|-heal|p2a: Sawk|94/254|[from] item: Leftovers","|","|switch|p1a: Noivern|Noivern, L78, F|261/261","|turn|17","|","|move|p1a: Noivern|Draco Meteor|p2a: Sawk","|-damage|p2a: Sawk|0 fnt","|-unboost|p1a: Noivern|spa|2","|faint|p2a: Sawk","|","|","|switch|p2a: Scizor|Scizor, L75, M|229/229","|-damage|p2a: Scizor|201/229|[from] Stealth Rock","|turn|18","|","|detailschange|p2a: Scizor|Scizor-Mega, L75, M","|-mega|p2a: Scizor|Scizor|Scizorite","|move|p1a: Noivern|Draco Meteor|p2a: Scizor","|-resisted|p2a: Scizor","|-damage|p2a: Scizor|171/229","|-unboost|p1a: Noivern|spa|2","|move|p2a: Scizor|Defog|p1a: Noivern","|-unboost|p1a: Noivern|evasion|1","|-sideend|p2: Delta|Stealth Rock|[from] move: Defog|[of] p2a: Scizor","|","|turn|19","|","|move|p1a: Noivern|Draco Meteor|p2a: Scizor","|-resisted|p2a: Scizor","|-damage|p2a: Scizor|151/229","|-unboost|p1a: Noivern|spa|2","|move|p2a: Scizor|Pursuit|p1a: Noivern","|-damage|p1a: Noivern|205/261","|","|turn|20","|","|switch|p1a: Mightyena|Mightyena, L83, F|252/252","|-ability|p1a: Mightyena|Intimidate","|-unboost|p2a: Scizor|atk|1","|move|p2a: Scizor|Bullet Punch|p1a: Mightyena","|-damage|p1a: Mightyena|194/252","|","|turn|21","|","|move|p1a: Mightyena|Sucker Punch|p2a: Scizor","|-fail|p1a: Mightyena","|move|p2a: Scizor|Roost|p2a: Scizor","|-heal|p2a: Scizor|229/229","|","|turn|22","|","|move|p2a: Scizor|Bullet Punch|p1a: Mightyena","|-damage|p1a: Mightyena|134/252","|move|p1a: Mightyena|Fire Fang|p2a: Scizor","|-supereffective|p2a: Scizor","|-damage|p2a: Scizor|71/229","|-status|p2a: Scizor|brn","|","|-damage|p2a: Scizor|43/229 brn|[from] brn","|turn|23","|","|move|p1a: Mightyena|Fire Fang|p2a: Scizor","|-crit|p2a: Scizor","|-supereffective|p2a: Scizor","|-damage|p2a: Scizor|0 fnt","|faint|p2a: Scizor","|","|","|switch|p2a: Cinccino|Cinccino, L79, F|58/248","|turn|24","|","|move|p1a: Mightyena|Sucker Punch|p2a: Cinccino","|-damage|p2a: Cinccino|0 fnt","|faint|p2a: Cinccino","|","|","|switch|p2a: Gastrodon|Gastrodon, L79, M|305/305","|turn|25","|","|move|p1a: Mightyena|Sucker Punch|p2a: Gastrodon","|-fail|p1a: Mightyena","|move|p2a: Gastrodon|Toxic|p1a: Mightyena","|-status|p1a: Mightyena|tox","|","|-damage|p1a: Mightyena|119/252 tox|[from] psn","|turn|26","|","|move|p1a: Mightyena|Sucker Punch|p2a: Gastrodon","|-damage|p2a: Gastrodon|209/305","|move|p2a: Gastrodon|Clear Smog|p1a: Mightyena","|-damage|p1a: Mightyena|82/252 tox","|-clearboost|p1a: Mightyena","|","|-heal|p2a: Gastrodon|228/305|[from] item: Leftovers","|-damage|p1a: Mightyena|52/252 tox|[from] psn","|turn|27","|","|move|p1a: Mightyena|Sucker Punch|p2a: Gastrodon","|-fail|p1a: Mightyena","|move|p2a: Gastrodon|Toxic|p1a: Mightyena","|-fail|p1a: Mightyena|tox","|","|-heal|p2a: Gastrodon|247/305|[from] item: Leftovers","|-damage|p1a: Mightyena|7/252 tox|[from] psn","|turn|28","|","|move|p1a: Mightyena|Sucker Punch|p2a: Gastrodon","|-fail|p1a: Mightyena","|move|p2a: Gastrodon|Toxic|p1a: Mightyena","|-fail|p1a: Mightyena|tox","|","|-heal|p2a: Gastrodon|266/305|[from] item: Leftovers","|-damage|p1a: Mightyena|0 fnt|[from] psn","|faint|p1a: Mightyena","|","|switch|p1a: Noivern|Noivern, L78, F|205/261","|turn|29","|","|move|p1a: Noivern|Draco Meteor|p2a: Gastrodon","|-damage|p2a: Gastrodon|134/305","|-unboost|p1a: Noivern|spa|2","|move|p2a: Gastrodon|Ice Beam|p1a: Noivern","|-supereffective|p1a: Noivern","|-damage|p1a: Noivern|0 fnt","|faint|p1a: Noivern","|","|-heal|p2a: Gastrodon|153/305|[from] item: Leftovers","|","|switch|p1a: Seismitoad|Seismitoad, L79, F|295/295","|turn|30","|","|move|p1a: Seismitoad|Earthquake|p2a: Gastrodon","|-damage|p2a: Gastrodon|0 fnt","|-damage|p1a: Seismitoad|266/295|[from] item: Life Orb","|faint|p2a: Gastrodon","|","|","|switch|p2a: Mewtwo|Mewtwo, L73|275/275","|-ability|p2a: Mewtwo|Pressure","|turn|31","|","|move|p2a: Mewtwo|Calm Mind|p2a: Mewtwo","|-boost|p2a: Mewtwo|spa|1","|-boost|p2a: Mewtwo|spd|1","|move|p1a: Seismitoad|Scald|p2a: Mewtwo","|-damage|p2a: Mewtwo|205/275","|-damage|p1a: Seismitoad|237/295|[from] item: Life Orb","|","|-heal|p2a: Mewtwo|222/275|[from] item: Leftovers","|turn|32","|","|move|p2a: Mewtwo|Calm Mind|p2a: Mewtwo","|-boost|p2a: Mewtwo|spa|1","|-boost|p2a: Mewtwo|spd|1","|move|p1a: Seismitoad|Scald|p2a: Mewtwo","|-damage|p2a: Mewtwo|167/275","|-damage|p1a: Seismitoad|208/295|[from] item: Life Orb","|","|-heal|p2a: Mewtwo|184/275|[from] item: Leftovers","|turn|33","|","|move|p2a: Mewtwo|Calm Mind|p2a: Mewtwo","|-boost|p2a: Mewtwo|spa|1","|-boost|p2a: Mewtwo|spd|1","|move|p1a: Seismitoad|Earthquake|p2a: Mewtwo","|-damage|p2a: Mewtwo|38/275","|-damage|p1a: Seismitoad|179/295|[from] item: Life Orb","|","|-heal|p2a: Mewtwo|55/275|[from] item: Leftovers","|turn|34","|","|move|p2a: Mewtwo|Psystrike|p1a: Seismitoad","|-damage|p1a: Seismitoad|0 fnt","|faint|p1a: Seismitoad","|","|win|Delta"],"p1rating":{"entryid":"7247821","serverid":"eos","formatid":"randombattle","userid":"arrowbot","username":"Arrow Bot","w":"0","l":2,"t":"0","gxe":40,"r":"1500","rd":"130","sigma":"0","rptime":"1438160400","rpr":1419.6866001316,"rprd":116.83837920761,"rpsigma":"0","acre":1000,"lacre":1000,"oldacre":"1000"},"p2rating":{"entryid":7248709,"formatid":"randombattle","userid":"delta","username":"Delta","r":1500,"rd":130,"sigma":0,"rpr":1540.1606143388,"rprd":122.8583080769,"rpsigma":0,"rptime":1438160400,"w":1,"l":0,"t":0,"gxe":55,"acre":1040,"lacre":1040,"oldacre":1000},"endType":"normal"}