{"seed":[39678,16540,59987,57462],"turns":24,"p1":"Dusk Slash1234","p2":"Claire - nee~","p1team":[{"name":"Leafeon","moves":["substitute","batonpass","xscissor","leafblade"],"ability":"Chlorophyll","evs":{"hp":85,"atk":85,"def":85,"spa":85,"spd":85,"spe":85},"ivs":{"hp":31,"atk":31,"def":31,"spa":31,"spd":31,"spe":31},"item":"Leftovers","level":83,"shiny":false},{"name":"Keldeo","moves":["scald","icywind","calmmind","hiddenpowerflying"],"ability":"Justified","evs":{"hp":85,"atk":85,"def":85,"spa":85,"spd":85,"spe":85},"ivs":{"hp":30,"atk":30,"def":30,"spa":30,"spd":30,"spe":31},"item":"Life Orb","level":75,"shiny":false},{"name":"Absol","moves":["swordsdance","playrough","knockoff","suckerpunch"],"ability":"Justified","evs":{"hp":85,"atk":85,"def":85,"spa":85,"spd":85,"spe":85},"ivs":{"hp":31,"atk":31,"def":31,"spa":31,"spd":31,"spe":31},"item":"Absolite","level":77,"shiny":false},{"name":"Exeggutor","moves":["substitute","leechseed","psychic","hiddenpowerfire"],"ability":"Harvest","evs":{"hp":85,"atk":85,"def":85,"spa":85,"spd":85,"spe":85},"ivs":{"hp":31,"atk":30,"def":31,"spa":30,"spd":31,"spe":30},"item":"Sitrus Berry","level":81,"shiny":false},{"name":"Dragonite","moves":["outrage","earthquake","dragondance","roost"],"ability":"Multiscale","evs":{"hp":81,"atk":89,"def":85,"spa":85,"spd":85,"spe":85},"ivs":{"hp":31,"atk":31,"def":31,"spa":31,"spd":31,"spe":31},"item":"Lum Berry","level":75,"shiny":false},{"name":"Kyurem","moves":["dracometeor","outrage","icebeam","focusblast"],"ability":"Pressure","evs":{"hp":85,"atk":85,"def":85,"spa":85,"spd":85,"spe":85},"ivs":{"hp":31,"atk":31,"def":31,"spa":31,"spd":31,"spe":31},"item":"Expert Belt","level":78,"shiny":false}],"p2team":[{"name":"Linoone","moves":["extremespeed","shadowclaw","bellydrum","seedbomb"],"ability":"Quick Feet","evs":{"hp":81,"atk":89,"def":85,"spa":85,"spd":85,"spe":85},"ivs":{"hp":31,"atk":31,"def":31,"spa":31,"spd":31,"spe":31},"item":"Sitrus Berry","level":83,"shiny":false},{"name":"Luxray","moves":["voltswitch","facade","superpower","crunch"],"ability":"Guts","evs":{"hp":85,"atk":85,"def":85,"spa":85,"spd":85,"spe":85},"ivs":{"hp":31,"atk":31,"def":31,"spa":31,"spd":31,"spe":31},"item":"Toxic Orb","level":83,"shiny":false},{"name":"Dugtrio","moves":["stoneedge","earthquake","suckerpunch","stealthrock"],"ability":"Arena Trap","evs":{"hp":85,"atk":85,"def":85,"spa":85,"spd":85,"spe":85},"ivs":{"hp":31,"atk":31,"def":31,"spa":31,"spd":31,"spe":31},"item":"Life Orb","level":79,"shiny":false},{"name":"Cresselia","moves":["substitute","moonlight","toxic","moonblast"],"ability":"Levitate","evs":{"hp":85,"atk":85,"def":85,"spa":85,"spd":85,"spe":85},"ivs":{"hp":31,"atk":31,"def":31,"spa":31,"spd":31,"spe":31},"item":"Leftovers","level":77,"shiny":false},{"name":"Clefable","moves":["stealthrock","moonblast","thunderwave","fireblast"],"ability":"Magic Guard","evs":{"hp":85,"atk":85,"def":85,"spa":85,"spd":85,"spe":85},"ivs":{"hp":31,"atk":31,"def":31,"spa":31,"spd":31,"spe":31},"item":"Life Orb","level":75,"shiny":false},{"name":"Leafeon","moves":["substitute","synthesis","xscissor","leafblade"],"ability":"Chlorophyll","evs":{"hp":85,"atk":85,"def":85,"spa":85,"spd":85,"spe":85},"ivs":{"hp":31,"atk":31,"def":31,"spa":31,"spd":31,"spe":31},"item":"Leftovers","level":83,"shiny":false}],"log":["|player|p1|Dusk Slash1234|290","|player|p2|Claire - nee~|265","|gametype|singles","|gen|6","|tier|Random Battle","|rated","|rule|Sleep Clause Mod: Limit one foe put to sleep","|rule|HP Percentage Mod: HP is shown in percentages","|","|start","|switch|p1a: Leafeon|Leafeon, L83, M|244/244","|switch|p2a: Linoone|Linoone, L83, M|264/264","|turn|1","|","|move|p2a: Linoone|Belly Drum|p2a: Linoone","|-damage|p2a: Linoone|132/264","|-setboost|p2a: Linoone|atk|6|[from] move: Belly Drum","|-enditem|p2a: Linoone|Sitrus Berry|[eat]","|-heal|p2a: Linoone|198/264|[from] item: Sitrus Berry","|move|p1a: Leafeon|Leaf Blade|p2a: Linoone","|-damage|p2a: Linoone|53/264","|","|turn|2","|","|move|p2a: Linoone|Extreme Speed|p1a: Leafeon","|-damage|p1a: Leafeon|64/244","|move|p1a: Leafeon|Leaf Blade|p2a: Linoone","|-damage|p2a: Linoone|0 fnt","|faint|p2a: Linoone","|","|-heal|p1a: Leafeon|79/244|[from] item: Leftovers","|","|switch|p2a: Dugtrio|Dugtrio, L79, M|185/185","|turn|3","|","|move|p2a: Dugtrio|Sucker Punch|p1a: Leafeon","|-damage|p1a: Leafeon|40/244","|-damage|p2a: Dugtrio|167/185|[from] item: Life Orb","|move|p1a: Leafeon|Leaf Blade|p2a: Dugtrio","|-supereffective|p2a: Dugtrio","|-damage|p2a: Dugtrio|0 fnt","|faint|p2a: Dugtrio","|","|-heal|p1a: Leafeon|55/244|[from] item: Leftovers","|","|switch|p2a: Leafeon|Leafeon, L83, M|244/244","|turn|4","|","|move|p1a: Leafeon|X-Scissor|p2a: Leafeon","|-supereffective|p2a: Leafeon","|-damage|p2a: Leafeon|160/244","|move|p2a: Leafeon|X-Scissor|p1a: Leafeon","|-supereffective|p1a: Leafeon","|-damage|p1a: Leafeon|0 fnt","|faint|p1a: Leafeon","|","|-heal|p2a: Leafeon|175/244|[from] item: Leftovers","|","|switch|p1a: Dragonite|Dragonite, L75, F|259/259","|turn|5","|","|switch|p2a: Clefable|Clefable, L75, F|266/266","|move|p1a: Dragonite|Dragon Dance|p1a: Dragonite","|-boost|p1a: Dragonite|atk|1","|-boost|p1a: Dragonite|spe|1","|","|turn|6","|","|switch|p1a: Exeggutor|Exeggutor, L81, F|287/287","|move|p2a: Clefable|Thunder Wave|p1a: Exeggutor","|-status|p1a: Exeggutor|par","|","|turn|7","|","|move|p2a: Clefable|Stealth Rock|p1a: Exeggutor","|-sidestart|p1: Dusk Slash1234|move: Stealth Rock","|cant|p1a: Exeggutor|par","|","|turn|8","|","|switch|p2a: Leafeon|Leafeon, L83, M|175/244","|cant|p1a: Exeggutor|par","|","|-heal|p2a: Leafeon|190/244|[from] item: Leftovers","|turn|9","|","|move|p2a: Leafeon|Substitute|p2a: Leafeon","|-start|p2a: Leafeon|Substitute","|-damage|p2a: Leafeon|129/244","|move|p1a: Exeggutor|Substitute|p1a: Exeggutor","|-start|p1a: Exeggutor|Substitute","|-damage|p1a: Exeggutor|216/287 par","|","|-heal|p2a: Leafeon|144/244|[from] item: Leftovers","|turn|10","|","|move|p2a: Leafeon|X-Scissor|p1a: Exeggutor","|-supereffective|p1a: Exeggutor","|-end|p1a: Exeggutor|Substitute","|move|p1a: Exeggutor|Hidden Power|p2a: Leafeon","|-supereffective|p2a: Leafeon","|-end|p2a: Leafeon|Substitute","|","|-heal|p2a: Leafeon|159/244|[from] item: Leftovers","|turn|11","|","|move|p2a: Leafeon|X-Scissor|p1a: Exeggutor","|-supereffective|p1a: Exeggutor","|-damage|p1a: Exeggutor|0 fnt","|faint|p1a: Exeggutor","|","|-heal|p2a: Leafeon|174/244|[from] item: Leftovers","|","|switch|p1a: Kyurem|Kyurem, L78|323/323","|-damage|p1a: Kyurem|243/323|[from] Stealth Rock","|-ability|p1a: Kyurem|Pressure","|turn|12","|","|switch|p2a: Luxray|Luxray, L83, F|268/268","|move|p1a: Kyurem|Ice Beam|p2a: Luxray","|-crit|p2a: Luxray","|-damage|p2a: Luxray|91/268","|","|-status|p2a: Luxray|tox|[from] item: Toxic Orb","|turn|13","|","|move|p1a: Kyurem|Ice Beam|p2a: Luxray","|-damage|p2a: Luxray|0 fnt","|faint|p2a: Luxray","|","|","|switch|p2a: Clefable|Clefable, L75, F|266/266","|turn|14","|","|move|p1a: Kyurem|Ice Beam|p2a: Clefable","|-damage|p2a: Clefable|143/266","|move|p2a: Clefable|Thunder Wave|p1a: Kyurem","|-status|p1a: Kyurem|par","|","|turn|15","|","|switch|p2a: Cresselia|Cresselia, L77, F|311/311","|move|p1a: Kyurem|Ice Beam|p2a: Cresselia","|-damage|p2a: Cresselia|232/311","|","|-heal|p2a: Cresselia|251/311|[from] item: Leftovers","|turn|16","|","|move|p2a: Cresselia|Moonblast|p1a: Kyurem","|-supereffective|p1a: Kyurem","|-damage|p1a: Kyurem|139/323 par","|-unboost|p1a: Kyurem|spa|1","|cant|p1a: Kyurem|par","|","|-heal|p2a: Cresselia|270/311|[from] item: Leftovers","|turn|17","|","|move|p2a: Cresselia|Moonblast|p1a: Kyurem","|-supereffective|p1a: Kyurem","|-damage|p1a: Kyurem|43/323 par","|-unboost|p1a: Kyurem|spa|1","|move|p1a: Kyurem|Ice Beam|p2a: Cresselia","|-damage|p2a: Cresselia|225/311","|","|-heal|p2a: Cresselia|244/311|[from] item: Leftovers","|turn|18","|","|move|p2a: Cresselia|Moonblast|p1a: Kyurem","|-supereffective|p1a: Kyurem","|-damage|p1a: Kyurem|0 fnt","|faint|p1a: Kyurem","|","|-heal|p2a: Cresselia|263/311|[from] item: Leftovers","|","|switch|p1a: Absol|Absol, L77, M|227/227","|-damage|p1a: Absol|199/227|[from] Stealth Rock","|turn|19","|","|detailschange|p1a: Absol|Absol-Mega, L77, M","|-mega|p1a: Absol|Absol|Absolite","|move|p2a: Cresselia|Moonblast|p1a: Absol","|-supereffective|p1a: Absol","|-damage|p1a: Absol|65/227","|move|p1a: Absol|Knock Off|p2a: Cresselia","|-supereffective|p2a: Cresselia","|-damage|p2a: Cresselia|51/311","|-enditem|p2a: Cresselia|Leftovers|[from] move: Knock Off|[of] p1a: Absol","|","|turn|20","|","|move|p1a: Absol|Knock Off|p2a: Cresselia","|-supereffective|p2a: Cresselia","|-damage|p2a: Cresselia|0 fnt","|faint|p2a: Cresselia","|","|","|switch|p2a: Leafeon|Leafeon, L83, M|174/244","|turn|21","|","|move|p1a: Absol|Knock Off|p2a: Leafeon","|-damage|p2a: Leafeon|78/244","|-enditem|p2a: Leafeon|Leftovers|[from] move: Knock Off|[of] p1a: Absol","|move|p2a: Leafeon|X-Scissor|p1a: Absol","|-supereffective|p1a: Absol","|-damage|p1a: Absol|0 fnt","|faint|p1a: Absol","|","|","|switch|p1a: Keldeo|Keldeo, L75|259/259","|-damage|p1a: Keldeo|243/259|[from] Stealth Rock","|turn|22","|","|move|p1a: Keldeo|Icy Wind|p2a: Leafeon","|-supereffective|p2a: Leafeon","|-damage|p2a: Leafeon|0 fnt","|-damage|p1a: Keldeo|218/259|[from] item: Life Orb","|faint|p2a: Leafeon","|","|","|switch|p2a: Clefable|Clefable, L75, F|143/266","|turn|23","|","|move|p1a: Keldeo|Icy Wind|p2a: Clefable","|-damage|p2a: Clefable|82/266","|-unboost|p2a: Clefable|spe|1","|-damage|p1a: Keldeo|193/259|[from] item: Life Orb","|move|p2a: Clefable|Moonblast|p1a: Keldeo","|-supereffective|p1a: Keldeo","|-damage|p1a: Keldeo|0 fnt","|faint|p1a: Keldeo","|","|","|switch|p1a: Dragonite|Dragonite, L75, F|259/259","|-damage|p1a: Dragonite|195/259|[from] Stealth Rock","|turn|24","|","|move|p1a: Dragonite|Earthquake|p2a: Clefable","|-damage|p2a: Clefable|0 fnt","|faint|p2a: Clefable","|","|win|Dusk Slash1234"],"p1rating":{"entryid":7246317,"formatid":"randombattle","userid":"duskslash1234","username":"Dusk Slash1234","r":1500,"rd":130,"sigma":0,"rpr":1540.1606143388,"rprd":122.8583080769,"rpsigma":0,"rptime":1438160400,"w":1,"l":0,"t":0,"gxe":55,"acre":1040,"lacre":1040,"oldacre":1000},"p2rating":{"entryid":7246318,"formatid":"randombattle","userid":"clairenee","username":"Claire - nee~","r":1500,"rd":130,"sigma":0,"rpr":1459.8393856612,"rprd":122.8583080769,"rpsigma":0,"rptime":1438160400,"w":0,"l":1,"t":0,"gxe":45,"acre":1000,"lacre":1000,"oldacre":1000},"endType":"normal"}