{"seed":[62241,29885,60007,33427],"turns":14,"p1":"megami","p2":"ackalc","p1team":[{"name":"Cloyster","moves":["iciclespear","hydropump","shellsmash","rockblast"],"ability":"Skill Link","evs":{"hp":81,"atk":89,"def":85,"spa":85,"spd":85,"spe":85},"ivs":{"hp":31,"atk":31,"def":31,"spa":31,"spd":31,"spe":31},"item":"White Herb","level":77,"shiny":false},{"name":"Forretress","moves":["toxic","stealthrock","gyroball","rapidspin"],"ability":"Sturdy","evs":{"hp":85,"atk":170,"def":85,"spa":85,"spd":85,"spe":0},"ivs":{"hp":31,"atk":31,"def":31,"spa":31,"spd":31,"spe":0},"item":"Leftovers","level":77,"shiny":false},{"name":"Hoopa-Unbound","moves":["focusblast","darkpulse","hyperspacefury","icepunch"],"ability":"Magician","evs":{"hp":85,"atk":85,"def":85,"spa":85,"spd":85,"spe":85},"ivs":{"hp":31,"atk":31,"def":31,"spa":31,"spd":31,"spe":31},"item":"Assault Vest","level":75,"shiny":false},{"name":"Nidoking","moves":["substitute","superpower","sludgewave","icebeam"],"ability":"Sheer Force","evs":{"hp":85,"atk":85,"def":85,"spa":85,"spd":85,"spe":85},"ivs":{"hp":31,"atk":31,"def":31,"spa":31,"spd":31,"spe":31},"item":"Life Orb","level":77,"shiny":false},{"name":"Uxie","moves":["yawn","healbell","uturn","psychic"],"ability":"Levitate","evs":{"hp":85,"atk":85,"def":85,"spa":85,"spd":85,"spe":85},"ivs":{"hp":31,"atk":31,"def":31,"spa":31,"spd":31,"spe":31},"item":"Leftovers","level":81,"shiny":false},{"name":"Typhlosion","moves":["extrasensory","eruption","hiddenpowergrass","focusblast"],"ability":"Flash Fire","evs":{"hp":81,"atk":85,"def":85,"spa":89,"spd":85,"spe":85},"ivs":{"hp":31,"atk":30,"def":31,"spa":30,"spd":31,"spe":31},"item":"Choice Scarf","level":80,"shiny":false}],"p2team":[{"name":"Moltres","moves":["willowisp","fireblast","hiddenpowergrass","substitute"],"ability":"Flame Body","evs":{"hp":81,"atk":85,"def":85,"spa":89,"spd":85,"spe":85},"ivs":{"hp":31,"atk":30,"def":31,"spa":30,"spd":31,"spe":31},"item":"Leftovers","level":78,"shiny":false},{"name":"Crawdaunt","moves":["swordsdance","superpower","aquajet","crabhammer"],"ability":"Adaptability","evs":{"hp":85,"atk":85,"def":85,"spa":85,"spd":85,"spe":85},"ivs":{"hp":31,"atk":31,"def":31,"spa":31,"spd":31,"spe":31},"item":"Life Orb","level":76,"shiny":false},{"name":"Golduck","moves":["encore","scald","icebeam","substitute"],"ability":"Cloud Nine","evs":{"hp":85,"atk":85,"def":85,"spa":85,"spd":85,"spe":85},"ivs":{"hp":31,"atk":31,"def":31,"spa":31,"spd":31,"spe":31},"item":"Leftovers","level":83,"shiny":false},{"name":"Machamp","moves":["substitute","dynamicpunch","icepunch","stoneedge"],"ability":"No Guard","evs":{"hp":85,"atk":85,"def":85,"spa":85,"spd":85,"spe":85},"ivs":{"hp":31,"atk":31,"def":31,"spa":31,"spd":31,"spe":31},"item":"Leftovers","level":77,"shiny":false},{"name":"Maractus","moves":["toxic","gigadrain","hiddenpowerfire","leechseed"],"ability":"Storm Drain","evs":{"hp":85,"atk":85,"def":85,"spa":85,"spd":85,"spe":85},"ivs":{"hp":31,"atk":30,"def":31,"spa":30,"spd":31,"spe":30},"item":"Leftovers","level":83,"shiny":false},{"name":"Manectric","moves":["thunderbolt","voltswitch","hiddenpowerice","overheat"],"ability":"Lightning Rod","evs":{"hp":85,"atk":85,"def":85,"spa":85,"spd":85,"spe":85},"ivs":{"hp":31,"atk":30,"def":30,"spa":31,"spd":31,"spe":31},"item":"Manectite","level":75,"shiny":false}],"log":["|player|p1|megami|2","|player|p2|ackalc|265","|gametype|singles","|gen|6","|tier|Random Battle","|rated","|rule|Sleep Clause Mod: Limit one foe put to sleep","|rule|HP Percentage Mod: HP is shown in percentages","|","|start","|switch|p1a: Cloyster|Cloyster, L77, F|203/203","|switch|p2a: Moltres|Moltres, L78|268/268","|turn|1","|","|move|p2a: Moltres|Will-O-Wisp|p1a: Cloyster","|-status|p1a: Cloyster|brn","|move|p1a: Cloyster|Shell Smash|p1a: Cloyster","|-boost|p1a: Cloyster|atk|2","|-boost|p1a: Cloyster|spa|2","|-boost|p1a: Cloyster|spe|2","|-unboost|p1a: Cloyster|def|1","|-unboost|p1a: Cloyster|spd|1","|-enditem|p1a: Cloyster|White Herb","|-restoreboost|p1a: Cloyster|[silent]","|","|-damage|p1a: Cloyster|178/203 brn|[from] brn","|turn|2","|","|switch|p2a: Golduck|Golduck, L83, M|268/268","|-ability|p2a: Golduck|Cloud Nine","|move|p1a: Cloyster|Hydro Pump|p2a: Golduck","|-resisted|p2a: Golduck","|-damage|p2a: Golduck|165/268","|","|-heal|p2a: Golduck|181/268|[from] item: Leftovers","|-damage|p1a: Cloyster|153/203 brn|[from] brn","|turn|3","|","|move|p1a: Cloyster|Icicle Spear|p2a: Golduck","|-resisted|p2a: Golduck","|-damage|p2a: Golduck|169/268","|-resisted|p2a: Golduck","|-damage|p2a: Golduck|156/268","|-resisted|p2a: Golduck","|-damage|p2a: Golduck|144/268","|-resisted|p2a: Golduck","|-damage|p2a: Golduck|132/268","|-resisted|p2a: Golduck","|-damage|p2a: Golduck|121/268","|-hitcount|p2a: Golduck|5","|move|p2a: Golduck|Encore|p1a: Cloyster","|-start|p1a: Cloyster|Encore","|","|-heal|p2a: Golduck|137/268|[from] item: Leftovers","|-damage|p1a: Cloyster|128/203 brn|[from] brn","|turn|4","|","|move|p1a: Cloyster|Icicle Spear|p2a: Golduck","|-resisted|p2a: Golduck","|-damage|p2a: Golduck|124/268","|-resisted|p2a: Golduck","|-damage|p2a: Golduck|112/268","|-crit|p2a: Golduck","|-resisted|p2a: Golduck","|-damage|p2a: Golduck|92/268","|-resisted|p2a: Golduck","|-damage|p2a: Golduck|80/268","|-resisted|p2a: Golduck","|-damage|p2a: Golduck|68/268","|-hitcount|p2a: Golduck|5","|move|p2a: Golduck|Substitute|p2a: Golduck","|-start|p2a: Golduck|Substitute","|-damage|p2a: Golduck|1/268","|","|-heal|p2a: Golduck|17/268|[from] item: Leftovers","|-damage|p1a: Cloyster|103/203 brn|[from] brn","|turn|5","|","|move|p1a: Cloyster|Icicle Spear|p2a: Golduck","|-resisted|p2a: Golduck","|-activate|p2a: Golduck|Substitute|[damage]","|-resisted|p2a: Golduck","|-activate|p2a: Golduck|Substitute|[damage]","|-resisted|p2a: Golduck","|-activate|p2a: Golduck|Substitute|[damage]","|-resisted|p2a: Golduck","|-activate|p2a: Golduck|Substitute|[damage]","|-resisted|p2a: Golduck","|-activate|p2a: Golduck|Substitute|[damage]","|-hitcount|p2a: Golduck|5","|move|p2a: Golduck|Scald|p1a: Cloyster","|-resisted|p1a: Cloyster","|-damage|p1a: Cloyster|30/203 brn","|","|-heal|p2a: Golduck|33/268|[from] item: Leftovers","|-damage|p1a: Cloyster|5/203 brn|[from] brn","|turn|6","|","|move|p1a: Cloyster|Icicle Spear|p2a: Golduck","|-resisted|p2a: Golduck","|-end|p2a: Golduck|Substitute","|-resisted|p2a: Golduck","|-damage|p2a: Golduck|22/268","|-crit|p2a: Golduck","|-resisted|p2a: Golduck","|-damage|p2a: Golduck|6/268","|-resisted|p2a: Golduck","|-damage|p2a: Golduck|0 fnt","|-hitcount|p2a: Golduck|4","|faint|p2a: Golduck","|","|-damage|p1a: Cloyster|0 fnt|[from] brn","|faint|p1a: Cloyster","|","|switch|p2a: Manectric|Manectric, L75, M|229/229","|switch|p1a: Hoopa-Unbound|Hoopa-Unbound, L75|244/244","|turn|7","|","|detailschange|p2a: Manectric|Manectric-Mega, L75, M","|-mega|p2a: Manectric|Manectric|Manectite","|-ability|p2a: Manectric|Intimidate","|-unboost|p1a: Hoopa-Unbound|atk|1","|move|p2a: Manectric|Volt Switch|p1a: Hoopa-Unbound","|-damage|p1a: Hoopa-Unbound|202/244","|","|switch|p2a: Maractus|Maractus, L83, F|260/260","|move|p1a: Hoopa-Unbound|Dark Pulse|p2a: Maractus","|-damage|p2a: Maractus|113/260","|","|-heal|p2a: Maractus|129/260|[from] item: Leftovers","|turn|8","|","|move|p1a: Hoopa-Unbound|Hyperspace Fury|p2a: Maractus","|-damage|p2a: Maractus|23/260","|-unboost|p1a: Hoopa-Unbound|def|1","|move|p2a: Maractus|Toxic|p1a: Hoopa-Unbound","|-status|p1a: Hoopa-Unbound|tox","|","|-heal|p2a: Maractus|39/260|[from] item: Leftovers","|-damage|p1a: Hoopa-Unbound|187/244 tox|[from] psn","|turn|9","|","|move|p1a: Hoopa-Unbound|Dark Pulse|p2a: Maractus","|-damage|p2a: Maractus|0 fnt","|faint|p2a: Maractus","|","|-damage|p1a: Hoopa-Unbound|157/244 tox|[from] psn","|","|switch|p2a: Crawdaunt|Crawdaunt, L76, F|221/221","|turn|10","|","|move|p1a: Hoopa-Unbound|Focus Blast|p2a: Crawdaunt|[miss]","|-miss|p1a: Hoopa-Unbound|p2a: Crawdaunt","|move|p2a: Crawdaunt|Swords Dance|p2a: Crawdaunt","|-boost|p2a: Crawdaunt|atk|2","|","|-damage|p1a: Hoopa-Unbound|112/244 tox|[from] psn","|turn|11","|","|move|p2a: Crawdaunt|Aqua Jet|p1a: Hoopa-Unbound","|-damage|p1a: Hoopa-Unbound|0 fnt","|-damage|p2a: Crawdaunt|199/221|[from] item: Life Orb","|faint|p1a: Hoopa-Unbound","|","|","|switch|p1a: Forretress|Forretress, L77, F|242/242","|turn|12","|","|move|p2a: Crawdaunt|Crabhammer|p1a: Forretress","|-activate|p1a: Forretress|Sturdy","|-damage|p1a: Forretress|1/242","|-damage|p2a: Crawdaunt|177/221|[from] item: Life Orb","|move|p1a: Forretress|Gyro Ball|p2a: Crawdaunt","|-resisted|p2a: Crawdaunt","|-damage|p2a: Crawdaunt|152/221","|","|-heal|p1a: Forretress|16/242|[from] item: Leftovers","|turn|13","|","|move|p2a: Crawdaunt|Aqua Jet|p1a: Forretress","|-damage|p1a: Forretress|0 fnt","|-damage|p2a: Crawdaunt|130/221|[from] item: Life Orb","|faint|p1a: Forretress","|","|","|switch|p1a: Uxie|Uxie, L81|254/254","|turn|14","|","|move|p2a: Crawdaunt|Aqua Jet|p1a: Uxie","|-damage|p1a: Uxie|140/254","|-damage|p2a: Crawdaunt|108/221|[from] item: Life Orb","|move|p1a: Uxie|U-turn|p2a: Crawdaunt","|-supereffective|p2a: Crawdaunt","|-damage|p2a: Crawdaunt|14/221","|","|win|ackalc"],"p1rating":{"entryid":"7251682","serverid":"eos","formatid":"randombattle","userid":"megami","username":"megami","w":"2","l":1,"t":"0","gxe":53.9,"r":"1500","rd":"130","sigma":"0","rptime":"1438160400","rpr":1531.2181785161,"rprd":111.3720922822,"rpsigma":"0","acre":1048.4066241704,"lacre":1048.4066241704,"oldacre":"1073.9131476814"},"p2rating":{"entryid":"7252512","serverid":"eos","formatid":"randombattle","userid":"ackalc","username":"ackalc","w":1,"l":"1","t":"0","gxe":49.6,"r":"1500","rd":"130","sigma":"0","rptime":"1438160400","rpr":1496.7967906419,"rprd":116.61161630341,"rpsigma":"0","acre":1048.383472652,"lacre":1048.383472652,"oldacre":"1000"},"endType":"forfeit"}