{"seed":[51057,63305,10564,50103],"turns":22,"p1":"Liquid Stranger","p2":"KawaiiBear","p1team":[{"name":"Gligar","moves":["stealthrock","toxic","roost","earthquake"],"ability":"Sand Veil","evs":{"hp":85,"atk":85,"def":85,"spa":85,"spd":85,"spe":85},"ivs":{"hp":31,"atk":31,"def":31,"spa":31,"spd":31,"spe":31},"item":"Eviolite","level":77,"shiny":false},{"name":"Spiritomb","moves":["rest","sleeptalk","darkpulse","calmmind"],"ability":"Infiltrator","evs":{"hp":85,"atk":85,"def":85,"spa":85,"spd":85,"spe":85},"ivs":{"hp":31,"atk":31,"def":31,"spa":31,"spd":31,"spe":31},"item":"Leftovers","level":79,"shiny":false},{"name":"Virizion","moves":["focusblast","stoneedge","substitute","hiddenpowerice"],"ability":"Justified","evs":{"hp":85,"atk":85,"def":85,"spa":85,"spd":85,"spe":85},"ivs":{"hp":31,"atk":30,"def":30,"spa":31,"spd":31,"spe":31},"item":"Leftovers","level":79,"shiny":false},{"name":"Qwilfish","moves":["spikes","toxicspikes","waterfall","painsplit"],"ability":"Intimidate","evs":{"hp":85,"atk":85,"def":85,"spa":85,"spd":85,"spe":85},"ivs":{"hp":31,"atk":31,"def":31,"spa":31,"spd":31,"spe":31},"item":"Black Sludge","level":79,"shiny":false},{"name":"Kangaskhan","moves":["crunch","suckerpunch","earthquake","return"],"ability":"Scrappy","evs":{"hp":85,"atk":85,"def":85,"spa":85,"spd":85,"spe":85},"ivs":{"hp":31,"atk":31,"def":31,"spa":31,"spd":31,"spe":31},"item":"Kangaskhanite","level":74,"shiny":false},{"name":"Simisear","moves":["fireblast","grassknot","focusblast","nastyplot"],"ability":"Blaze","evs":{"hp":81,"atk":85,"def":85,"spa":89,"spd":85,"spe":85},"ivs":{"hp":31,"atk":31,"def":31,"spa":31,"spd":31,"spe":31},"item":"Life Orb","level":83,"shiny":false}],"p2team":[{"name":"Doublade","moves":["shadowclaw","ironhead","sacredsword","swordsdance"],"ability":"No Guard","evs":{"hp":85,"atk":85,"def":85,"spa":85,"spd":85,"spe":85},"ivs":{"hp":31,"atk":31,"def":31,"spa":31,"spd":31,"spe":31},"item":"Eviolite","level":77,"shiny":false},{"name":"Shiftry","moves":["suckerpunch","leafstorm","defog","leafblade"],"ability":"Early Bird","evs":{"hp":85,"atk":85,"def":85,"spa":85,"spd":85,"spe":85},"ivs":{"hp":31,"atk":31,"def":31,"spa":31,"spd":31,"spe":31},"item":"Life Orb","level":79,"shiny":false},{"name":"Mewtwo","moves":["icebeam","recover","fireblast","psystrike"],"ability":"Pressure","evs":{"hp":85,"atk":85,"def":85,"spa":85,"spd":85,"spe":85},"ivs":{"hp":31,"atk":31,"def":31,"spa":31,"spd":31,"spe":31},"item":"Mewtwonite Y","level":73,"shiny":false},{"name":"Shaymin-Sky","moves":["healingwish","substitute","leechseed","seedflare"],"ability":"Serene Grace","evs":{"hp":85,"atk":85,"def":85,"spa":85,"spd":85,"spe":85},"ivs":{"hp":31,"atk":31,"def":31,"spa":31,"spd":31,"spe":31},"item":"Leftovers","level":73,"shiny":false},{"name":"Chandelure","moves":["calmmind","fireblast","energyball","painsplit"],"ability":"Flash Fire","evs":{"hp":85,"atk":85,"def":85,"spa":85,"spd":85,"spe":85},"ivs":{"hp":31,"atk":31,"def":31,"spa":31,"spd":31,"spe":31},"item":"Leftovers","level":77,"shiny":false},{"name":"Snorlax","moves":["return","earthquake","crunch","curse"],"ability":"Thick Fat","evs":{"hp":85,"atk":85,"def":85,"spa":85,"spd":85,"spe":85},"ivs":{"hp":31,"atk":31,"def":31,"spa":31,"spd":31,"spe":31},"item":"Leftovers","level":77,"shiny":false}],"log":["|player|p1|Liquid Stranger|92","|player|p2|KawaiiBear|34","|gametype|singles","|gen|6","|tier|Random Battle","|rated","|rule|Sleep Clause Mod: Limit one foe put to sleep","|rule|HP Percentage Mod: HP is shown in percentages","|","|start","|switch|p1a: Gligar|Gligar, L77, F|227/227","|switch|p2a: Doublade|Doublade, L77, M|217/217","|turn|1","|","|move|p1a: Gligar|Stealth Rock|p2a: Doublade","|-sidestart|p2: KawaiiBear|move: Stealth Rock","|move|p2a: Doublade|Iron Head|p1a: Gligar","|-damage|p1a: Gligar|175/227","|","|turn|2","|","|switch|p2a: Shaymin-Sky|Shaymin-Sky, L73|266/266","|-damage|p2a: Shaymin-Sky|200/266|[from] Stealth Rock","|move|p1a: Gligar|Earthquake|p2a: Shaymin-Sky","|-immune|p2a: Shaymin-Sky|[msg]","|","|-heal|p2a: Shaymin-Sky|216/266|[from] item: Leftovers","|turn|3","|","|switch|p1a: Simisear|Simisear, L83, M|259/259","|move|p2a: Shaymin-Sky|Seed Flare|p1a: Simisear","|-resisted|p1a: Simisear","|-damage|p1a: Simisear|184/259","|-unboost|p1a: Simisear|spd|2","|","|-heal|p2a: Shaymin-Sky|232/266|[from] item: Leftovers","|turn|4","|","|switch|p2a: Snorlax|Snorlax, L77, M|373/373","|-damage|p2a: Snorlax|327/373|[from] Stealth Rock","|move|p1a: Simisear|Fire Blast|p2a: Snorlax","|-damage|p2a: Snorlax|259/373","|-damage|p1a: Simisear|159/259|[from] item: Life Orb","|","|-heal|p2a: Snorlax|282/373|[from] item: Leftovers","|turn|5","|","|move|p1a: Simisear|Focus Blast|p2a: Snorlax|[miss]","|-miss|p1a: Simisear|p2a: Snorlax","|move|p2a: Snorlax|Curse|p2a: Snorlax","|-boost|p2a: Snorlax|atk|1","|-boost|p2a: Snorlax|def|1","|-unboost|p2a: Snorlax|spe|1","|","|-heal|p2a: Snorlax|305/373|[from] item: Leftovers","|turn|6","|","|move|p1a: Simisear|Focus Blast|p2a: Snorlax|[miss]","|-miss|p1a: Simisear|p2a: Snorlax","|move|p2a: Snorlax|Earthquake|p1a: Simisear","|-supereffective|p1a: Simisear","|-damage|p1a: Simisear|0 fnt","|faint|p1a: Simisear","|","|-heal|p2a: Snorlax|328/373|[from] item: Leftovers","|","|switch|p1a: Spiritomb|Spiritomb, L79, F|209/209","|turn|7","|","|move|p1a: Spiritomb|Calm Mind|p1a: Spiritomb","|-boost|p1a: Spiritomb|spa|1","|-boost|p1a: Spiritomb|spd|1","|move|p2a: Snorlax|Crunch|p1a: Spiritomb","|-damage|p1a: Spiritomb|137/209","|","|-heal|p1a: Spiritomb|150/209|[from] item: Leftovers","|-heal|p2a: Snorlax|351/373|[from] item: Leftovers","|turn|8","|","|move|p1a: Spiritomb|Dark Pulse|p2a: Snorlax","|-damage|p2a: Snorlax|252/373","|move|p2a: Snorlax|Earthquake|p1a: Spiritomb","|-damage|p1a: Spiritomb|66/209","|","|-heal|p1a: Spiritomb|79/209|[from] item: Leftovers","|-heal|p2a: Snorlax|275/373|[from] item: Leftovers","|turn|9","|","|move|p1a: Spiritomb|Rest|p1a: Spiritomb","|-status|p1a: Spiritomb|slp","|-heal|p1a: Spiritomb|209/209 slp|[silent]","|-status|p1a: Spiritomb|slp|[from] move: Rest","|move|p2a: Snorlax|Crunch|p1a: Spiritomb","|-damage|p1a: Spiritomb|133/209 slp","|","|-heal|p1a: Spiritomb|146/209 slp|[from] item: Leftovers","|-heal|p2a: Snorlax|298/373|[from] item: Leftovers","|turn|10","|","|cant|p1a: Spiritomb|slp","|move|p1a: Spiritomb|Sleep Talk|p1a: Spiritomb","|move|p1a: Spiritomb|Calm Mind|p1a: Spiritomb|[from]Sleep Talk","|-boost|p1a: Spiritomb|spa|1","|-boost|p1a: Spiritomb|spd|1","|move|p2a: Snorlax|Earthquake|p1a: Spiritomb","|-damage|p1a: Spiritomb|58/209 slp","|","|-heal|p1a: Spiritomb|71/209 slp|[from] item: Leftovers","|-heal|p2a: Snorlax|321/373|[from] item: Leftovers","|turn|11","|","|cant|p1a: Spiritomb|slp","|move|p1a: Spiritomb|Sleep Talk|p1a: Spiritomb","|move|p1a: Spiritomb|Dark Pulse|p2a: Snorlax|[from]Sleep Talk","|-damage|p2a: Snorlax|194/373","|move|p2a: Snorlax|Crunch|p1a: Spiritomb","|-damage|p1a: Spiritomb|0 fnt","|faint|p1a: Spiritomb","|","|-heal|p2a: Snorlax|217/373|[from] item: Leftovers","|","|switch|p1a: Virizion|Virizion, L79|273/273","|turn|12","|","|move|p1a: Virizion|Focus Blast|p2a: Snorlax|[miss]","|-miss|p1a: Virizion|p2a: Snorlax","|move|p2a: Snorlax|Return|p1a: Virizion","|-damage|p1a: Virizion|78/273","|","|-heal|p1a: Virizion|95/273|[from] item: Leftovers","|-heal|p2a: Snorlax|240/373|[from] item: Leftovers","|turn|13","|","|move|p1a: Virizion|Focus Blast|p2a: Snorlax","|-supereffective|p2a: Snorlax","|-damage|p2a: Snorlax|58/373","|move|p2a: Snorlax|Earthquake|p1a: Virizion","|-resisted|p1a: Virizion","|-damage|p1a: Virizion|33/273","|","|-heal|p1a: Virizion|50/273|[from] item: Leftovers","|-heal|p2a: Snorlax|81/373|[from] item: Leftovers","|turn|14","|","|move|p1a: Virizion|Focus Blast|p2a: Snorlax|[miss]","|-miss|p1a: Virizion|p2a: Snorlax","|move|p2a: Snorlax|Return|p1a: Virizion","|-damage|p1a: Virizion|0 fnt","|faint|p1a: Virizion","|","|-heal|p2a: Snorlax|104/373|[from] item: Leftovers","|","|switch|p1a: Kangaskhan|Kangaskhan, L74, F|277/277","|turn|15","|","|detailschange|p1a: Kangaskhan|Kangaskhan-Mega, L74, F","|-mega|p1a: Kangaskhan|Kangaskhan|Kangaskhanite","|move|p1a: Kangaskhan|Return|p2a: Snorlax","|-damage|p2a: Snorlax|2/373","|-damage|p2a: Snorlax|0 fnt","|-hitcount|p2a: Snorlax|2","|faint|p2a: Snorlax","|","|","|switch|p2a: Shaymin-Sky|Shaymin-Sky, L73|232/266","|-damage|p2a: Shaymin-Sky|166/266|[from] Stealth Rock","|turn|16","|","|move|p1a: Kangaskhan|Sucker Punch|p2a: Shaymin-Sky","|-damage|p2a: Shaymin-Sky|101/266","|-damage|p2a: Shaymin-Sky|65/266","|-hitcount|p2a: Shaymin-Sky|2","|move|p2a: Shaymin-Sky|Seed Flare|p1a: Kangaskhan","|-damage|p1a: Kangaskhan|151/277","|-unboost|p1a: Kangaskhan|spd|2","|","|-heal|p2a: Shaymin-Sky|81/266|[from] item: Leftovers","|turn|17","|","|move|p1a: Kangaskhan|Sucker Punch|p2a: Shaymin-Sky","|-damage|p2a: Shaymin-Sky|7/266","|-damage|p2a: Shaymin-Sky|0 fnt","|-hitcount|p2a: Shaymin-Sky|2","|faint|p2a: Shaymin-Sky","|","|","|switch|p2a: Doublade|Doublade, L77, M|217/217","|-damage|p2a: Doublade|204/217|[from] Stealth Rock","|turn|18","|","|move|p1a: Kangaskhan|Crunch|p2a: Doublade","|-supereffective|p2a: Doublade","|-damage|p2a: Doublade|152/217","|-supereffective|p2a: Doublade","|-damage|p2a: Doublade|124/217","|-hitcount|p2a: Doublade|2","|move|p2a: Doublade|Sacred Sword|p1a: Kangaskhan","|-supereffective|p1a: Kangaskhan","|-damage|p1a: Kangaskhan|39/277","|","|turn|19","|","|move|p1a: Kangaskhan|Earthquake|p2a: Doublade","|-supereffective|p2a: Doublade","|-damage|p2a: Doublade|60/217","|-supereffective|p2a: Doublade","|-damage|p2a: Doublade|28/217","|-hitcount|p2a: Doublade|2","|move|p2a: Doublade|Sacred Sword|p1a: Kangaskhan","|-supereffective|p1a: Kangaskhan","|-damage|p1a: Kangaskhan|0 fnt","|faint|p1a: Kangaskhan","|","|","|switch|p1a: Gligar|Gligar, L77, F|175/227","|turn|20","|","|move|p1a: Gligar|Earthquake|p2a: Doublade","|-supereffective|p2a: Doublade","|-damage|p2a: Doublade|0 fnt","|faint|p2a: Doublade","|","|","|switch|p2a: Mewtwo|Mewtwo, L73|275/275","|-damage|p2a: Mewtwo|241/275|[from] Stealth Rock","|-ability|p2a: Mewtwo|Pressure","|turn|21","|","|detailschange|p2a: Mewtwo|Mewtwo-Mega-Y, L73","|-mega|p2a: Mewtwo|Mewtwo|Mewtwonite Y","|move|p2a: Mewtwo|Ice Beam|p1a: Gligar","|-supereffective|p1a: Gligar","|-damage|p1a: Gligar|0 fnt","|faint|p1a: Gligar","|","|","|switch|p1a: Qwilfish|Qwilfish, L79, F|232/232","|-ability|p1a: Qwilfish|Intimidate","|-unboost|p2a: Mewtwo|atk|1","|turn|22","|","|win|KawaiiBear"],"p1rating":{"entryid":"7128950","serverid":"eos","formatid":"randombattle","userid":"liquidstranger","username":"Liquid Stranger","w":"9","l":8,"t":"0","gxe":52.7,"r":"1556.5379307097","rd":"77.723185424475","sigma":"0","rptime":"1438160400","rpr":1520.7113759875,"rprd":74.704269648768,"rpsigma":"0","acre":1040.7557084017,"lacre":1040.7557084017,"oldacre":"1062.3327293644"},"p2rating":{"entryid":"7235433","serverid":"eos","formatid":"randombattle","userid":"kawaiibear","username":"KawaiiBear","w":2,"l":"2","t":"0","gxe":50.8,"r":"1459.8393856612","rd":"122.8583080769","sigma":"0","rptime":"1438160400","rpr":1506.6682588564,"rprd":106.89583245628,"rpsigma":"0","acre":1063.0623076579,"lacre":1063.0623076579,"oldacre":"1022.1660277196"},"endType":"forfeit"}