{"seed":[828,6318,40149,34454],"turns":34,"p1":"Arrow Bot","p2":"air jak 11 - ⒶⓌⒶⓎ","p1team":[{"name":"Celebi","moves":["psychic","healbell","hiddenpowerfire","gigadrain"],"ability":"Natural Cure","evs":{"hp":85,"atk":85,"def":85,"spa":85,"spd":85,"spe":85},"ivs":{"hp":31,"atk":30,"def":31,"spa":30,"spd":31,"spe":30},"item":"Leftovers","level":75,"shiny":false},{"name":"Illumise","moves":["tailwind","uturn","encore","bugbuzz"],"ability":"Prankster","evs":{"hp":81,"atk":85,"def":85,"spa":89,"spd":85,"spe":85},"ivs":{"hp":31,"atk":31,"def":31,"spa":31,"spd":31,"spe":31},"item":"Leftovers","level":83,"shiny":false},{"name":"Durant","moves":["xscissor","honeclaws","batonpass","ironhead"],"ability":"Hustle","evs":{"hp":85,"atk":85,"def":85,"spa":85,"spd":85,"spe":85},"ivs":{"hp":31,"atk":31,"def":31,"spa":31,"spd":31,"spe":31},"item":"Leftovers","level":79,"shiny":false},{"name":"Latias","moves":["hiddenpowerfire","dracometeor","psyshock","roost"],"ability":"Levitate","evs":{"hp":85,"atk":85,"def":85,"spa":85,"spd":85,"spe":85},"ivs":{"hp":31,"atk":30,"def":31,"spa":30,"spd":31,"spe":30},"item":"Latiasite","level":75,"shiny":false},{"name":"Delibird","moves":["iceshard","icepunch","destinybond","spikes"],"ability":"Hustle","evs":{"hp":81,"atk":89,"def":85,"spa":85,"spd":85,"spe":85},"ivs":{"hp":31,"atk":31,"def":31,"spa":31,"spd":31,"spe":31},"item":"Leftovers","level":83,"shiny":false},{"name":"Cryogonal","moves":["toxic","hiddenpowerground","freezedry","recover"],"ability":"Levitate","evs":{"hp":85,"atk":85,"def":85,"spa":85,"spd":85,"spe":85},"ivs":{"hp":31,"atk":31,"def":31,"spa":30,"spd":30,"spe":31},"item":"Leftovers","level":81,"shiny":false}],"p2team":[{"name":"Sandslash","moves":["earthquake","knockoff","toxic","swordsdance"],"ability":"Sand Rush","evs":{"hp":85,"atk":85,"def":85,"spa":85,"spd":85,"spe":85},"ivs":{"hp":31,"atk":31,"def":31,"spa":31,"spd":31,"spe":31},"item":"Focus Sash","level":81,"shiny":false},{"name":"Simisage","moves":["leafstorm","focusblast","nastyplot","hiddenpowerice"],"ability":"Overgrow","evs":{"hp":85,"atk":85,"def":85,"spa":85,"spd":85,"spe":85},"ivs":{"hp":31,"atk":30,"def":30,"spa":31,"spd":31,"spe":31},"item":"Life Orb","level":83,"shiny":false},{"name":"Sawsbuck","moves":["substitute","return","batonpass","hornleech"],"ability":"Sap Sipper","evs":{"hp":85,"atk":85,"def":85,"spa":85,"spd":85,"spe":85},"ivs":{"hp":31,"atk":31,"def":31,"spa":31,"spd":31,"spe":31},"item":"Leftovers","level":83,"shiny":false},{"name":"Metagross","moves":["icepunch","meteormash","hammerarm","agility"],"ability":"Clear Body","evs":{"hp":85,"atk":85,"def":85,"spa":85,"spd":85,"spe":85},"ivs":{"hp":31,"atk":31,"def":31,"spa":31,"spd":31,"spe":31},"item":"Metagrossite","level":75,"shiny":false},{"name":"Hydreigon","moves":["earthpower","darkpulse","roost","flashcannon"],"ability":"Levitate","evs":{"hp":85,"atk":85,"def":85,"spa":85,"spd":85,"spe":85},"ivs":{"hp":31,"atk":31,"def":31,"spa":31,"spd":31,"spe":31},"item":"Life Orb","level":77,"shiny":false},{"name":"Togekiss","moves":["batonpass","nastyplot","roost","airslash"],"ability":"Serene Grace","evs":{"hp":85,"atk":85,"def":85,"spa":85,"spd":85,"spe":85},"ivs":{"hp":31,"atk":31,"def":31,"spa":31,"spd":31,"spe":31},"item":"Leftovers","level":76,"shiny":false}],"log":["|player|p1|Arrow Bot|92","|player|p2|air jak 11 - ⒶⓌⒶⓎ|airjak11.png","|gametype|singles","|gen|6","|tier|Random Battle","|rated","|rule|Sleep Clause Mod: Limit one foe put to sleep","|rule|HP Percentage Mod: HP is shown in percentages","|","|start","|switch|p1a: Celebi|Celebi, L75|274/274","|switch|p2a: Sandslash|Sandslash, L81, F|254/254","|turn|1","|","|switch|p2a: Hydreigon|Hydreigon, L77, M|268/268","|move|p1a: Celebi|Psychic|p2a: Hydreigon","|-immune|p2a: Hydreigon|[msg]","|","|turn|2","|","|switch|p1a: Durant|Durant, L79, F|221/221","|move|p2a: Hydreigon|Dark Pulse|p1a: Durant","|-crit|p1a: Durant","|-damage|p1a: Durant|0 fnt","|-damage|p2a: Hydreigon|242/268|[from] item: Life Orb","|faint|p1a: Durant","|","|","|switch|p1a: Cryogonal|Cryogonal, L81|246/246","|turn|3","|","|switch|p2a: Metagross|Metagross, L75|244/244","|move|p1a: Cryogonal|Toxic|p2a: Metagross","|-immune|p2a: Metagross|[msg]","|","|turn|4","|","|detailschange|p2a: Metagross|Metagross-Mega, L75","|-mega|p2a: Metagross|Metagross|Metagrossite","|move|p1a: Cryogonal|Hidden Power|p2a: Metagross","|-supereffective|p2a: Metagross","|-damage|p2a: Metagross|174/244","|move|p2a: Metagross|Meteor Mash|p1a: Cryogonal|[miss]","|-miss|p2a: Metagross|p1a: Cryogonal","|","|turn|5","|","|move|p1a: Cryogonal|Hidden Power|p2a: Metagross","|-supereffective|p2a: Metagross","|-damage|p2a: Metagross|98/244","|move|p2a: Metagross|Agility|p2a: Metagross","|-boost|p2a: Metagross|spe|2","|","|turn|6","|","|move|p2a: Metagross|Hammer Arm|p1a: Cryogonal","|-supereffective|p1a: Cryogonal","|-damage|p1a: Cryogonal|0 fnt","|-unboost|p2a: Metagross|spe|1","|faint|p1a: Cryogonal","|","|","|switch|p1a: Celebi|Celebi, L75|274/274","|turn|7","|","|switch|p2a: Hydreigon|Hydreigon, L77, M|242/268","|move|p1a: Celebi|Hidden Power|p2a: Hydreigon","|-resisted|p2a: Hydreigon","|-damage|p2a: Hydreigon|222/268","|","|turn|8","|","|switch|p1a: Delibird|Delibird, L83, F|210/210","|move|p2a: Hydreigon|Dark Pulse|p1a: Delibird","|-damage|p1a: Delibird|42/210","|-damage|p2a: Hydreigon|196/268|[from] item: Life Orb","|","|-heal|p1a: Delibird|55/210|[from] item: Leftovers","|turn|9","|","|switch|p2a: Metagross|Metagross-Mega, L75|98/244","|move|p1a: Delibird|Spikes|p2a: Metagross","|-sidestart|p2: air jak 11 - ⒶⓌⒶⓎ|Spikes","|","|-heal|p1a: Delibird|68/210|[from] item: Leftovers","|turn|10","|","|switch|p1a: Celebi|Celebi, L75|274/274","|move|p2a: Metagross|Meteor Mash|p1a: Celebi","|-damage|p1a: Celebi|139/274","|","|-heal|p1a: Celebi|156/274|[from] item: Leftovers","|turn|11","|","|switch|p2a: Hydreigon|Hydreigon, L77, M|196/268","|move|p1a: Celebi|Hidden Power|p2a: Hydreigon","|-resisted|p2a: Hydreigon","|-damage|p2a: Hydreigon|176/268","|","|-heal|p1a: Celebi|173/274|[from] item: Leftovers","|turn|12","|","|switch|p1a: Illumise|Illumise, L83, F|243/243","|move|p2a: Hydreigon|Dark Pulse|p1a: Illumise","|-damage|p1a: Illumise|117/243","|-damage|p2a: Hydreigon|150/268|[from] item: Life Orb","|","|-heal|p1a: Illumise|132/243|[from] item: Leftovers","|turn|13","|","|switch|p2a: Sandslash|Sandslash, L81, F|254/254","|-damage|p2a: Sandslash|223/254|[from] Spikes","|move|p1a: Illumise|Bug Buzz|p2a: Sandslash","|-damage|p2a: Sandslash|111/254","|","|-heal|p1a: Illumise|147/243|[from] item: Leftovers","|turn|14","|","|switch|p2a: Togekiss|Togekiss, L76, F|254/254","|move|p1a: Illumise|Tailwind|p1a: Illumise","|-sidestart|p1: Arrow Bot|move: Tailwind","|","|-heal|p1a: Illumise|162/243|[from] item: Leftovers","|turn|15","|","|switch|p1a: Delibird|Delibird, L83, F|68/210","|move|p2a: Togekiss|Air Slash|p1a: Delibird","|-damage|p1a: Delibird|0 fnt","|faint|p1a: Delibird","|","|","|switch|p1a: Latias|Latias, L75, F|244/244","|turn|16","|","|detailschange|p1a: Latias|Latias-Mega, L75, F","|-mega|p1a: Latias|Latias|Latiasite","|move|p1a: Latias|Psyshock|p2a: Togekiss","|-damage|p2a: Togekiss|154/254","|move|p2a: Togekiss|Nasty Plot|p2a: Togekiss","|-boost|p2a: Togekiss|spa|2","|","|-heal|p2a: Togekiss|169/254|[from] item: Leftovers","|turn|17","|","|move|p1a: Latias|Psyshock|p2a: Togekiss","|-damage|p2a: Togekiss|75/254","|move|p2a: Togekiss|Roost|p2a: Togekiss","|-heal|p2a: Togekiss|202/254","|","|-heal|p2a: Togekiss|217/254|[from] item: Leftovers","|-sideend|p1: Arrow Bot|move: Tailwind","|turn|18","|","|move|p1a: Latias|Psyshock|p2a: Togekiss","|-damage|p2a: Togekiss|118/254","|move|p2a: Togekiss|Air Slash|p1a: Latias","|-damage|p1a: Latias|133/244","|","|-heal|p2a: Togekiss|133/254|[from] item: Leftovers","|turn|19","|","|move|p1a: Latias|Psyshock|p2a: Togekiss","|-damage|p2a: Togekiss|39/254","|move|p2a: Togekiss|Roost|p2a: Togekiss","|-heal|p2a: Togekiss|166/254","|","|-heal|p2a: Togekiss|181/254|[from] item: Leftovers","|turn|20","|","|move|p1a: Latias|Roost|p1a: Latias","|-heal|p1a: Latias|244/244","|move|p2a: Togekiss|Roost|p2a: Togekiss","|-heal|p2a: Togekiss|254/254","|","|turn|21","|","|switch|p2a: Hydreigon|Hydreigon, L77, M|150/268","|move|p1a: Latias|Psyshock|p2a: Hydreigon","|-immune|p2a: Hydreigon|[msg]","|","|turn|22","|","|switch|p2a: Togekiss|Togekiss, L76, F|254/254","|move|p1a: Latias|Draco Meteor|p2a: Togekiss","|-immune|p2a: Togekiss|[msg]","|","|turn|23","|","|move|p1a: Latias|Psyshock|p2a: Togekiss","|-damage|p2a: Togekiss|157/254","|move|p2a: Togekiss|Nasty Plot|p2a: Togekiss","|-boost|p2a: Togekiss|spa|2","|","|-heal|p2a: Togekiss|172/254|[from] item: Leftovers","|turn|24","|","|move|p1a: Latias|Psyshock|p2a: Togekiss","|-damage|p2a: Togekiss|82/254","|move|p2a: Togekiss|Roost|p2a: Togekiss","|-heal|p2a: Togekiss|209/254","|","|-heal|p2a: Togekiss|224/254|[from] item: Leftovers","|turn|25","|","|move|p1a: Latias|Psyshock|p2a: Togekiss","|-damage|p2a: Togekiss|133/254","|move|p2a: Togekiss|Air Slash|p1a: Latias","|-damage|p1a: Latias|132/244","|","|-heal|p2a: Togekiss|148/254|[from] item: Leftovers","|turn|26","|","|move|p1a: Latias|Psyshock|p2a: Togekiss","|-damage|p2a: Togekiss|49/254","|move|p2a: Togekiss|Air Slash|p1a: Latias","|-damage|p1a: Latias|29/244","|","|-heal|p2a: Togekiss|64/254|[from] item: Leftovers","|turn|27","|","|move|p1a: Latias|Psyshock|p2a: Togekiss","|-damage|p2a: Togekiss|0 fnt","|faint|p2a: Togekiss","|","|","|switch|p2a: Metagross|Metagross-Mega, L75|98/244","|-damage|p2a: Metagross|68/244|[from] Spikes","|turn|28","|","|move|p2a: Metagross|Ice Punch|p1a: Latias","|-supereffective|p1a: Latias","|-damage|p1a: Latias|0 fnt","|faint|p1a: Latias","|","|","|switch|p1a: Celebi|Celebi, L75|173/274","|turn|29","|","|switch|p2a: Hydreigon|Hydreigon, L77, M|150/268","|move|p1a: Celebi|Hidden Power|p2a: Hydreigon","|-resisted|p2a: Hydreigon","|-damage|p2a: Hydreigon|131/268","|","|-heal|p1a: Celebi|190/274|[from] item: Leftovers","|turn|30","|","|switch|p1a: Illumise|Illumise, L83, F|162/243","|move|p2a: Hydreigon|Dark Pulse|p1a: Illumise","|-damage|p1a: Illumise|37/243","|-damage|p2a: Hydreigon|105/268|[from] item: Life Orb","|","|-heal|p1a: Illumise|52/243|[from] item: Leftovers","|turn|31","|","|switch|p2a: Sandslash|Sandslash, L81, F|111/254","|-damage|p2a: Sandslash|80/254|[from] Spikes","|move|p1a: Illumise|U-turn|p2a: Sandslash","|-damage|p2a: Sandslash|40/254","|","|switch|p1a: Celebi|Celebi, L75|190/274","|","|-heal|p1a: Celebi|207/274|[from] item: Leftovers","|turn|32","|","|switch|p2a: Hydreigon|Hydreigon, L77, M|105/268","|move|p1a: Celebi|Psychic|p2a: Hydreigon","|-immune|p2a: Hydreigon|[msg]","|","|-heal|p1a: Celebi|224/274|[from] item: Leftovers","|turn|33","|","|switch|p1a: Illumise|Illumise, L83, F|52/243","|move|p2a: Hydreigon|Dark Pulse|p1a: Illumise","|-damage|p1a: Illumise|0 fnt","|-damage|p2a: Hydreigon|79/268|[from] item: Life Orb","|faint|p1a: Illumise","|","|","|switch|p1a: Celebi|Celebi, L75|224/274","|turn|34","|","|move|p2a: Hydreigon|Dark Pulse|p1a: Celebi","|-supereffective|p1a: Celebi","|-damage|p1a: Celebi|0 fnt","|-damage|p2a: Hydreigon|53/268|[from] item: Life Orb","|faint|p1a: Celebi","|","|win|air jak 11 - ⒶⓌⒶⓎ"],"p1rating":{"entryid":7247821,"formatid":"randombattle","userid":"arrowbot","username":"Arrow Bot","r":1500,"rd":130,"sigma":0,"rpr":1451.3018236099,"rprd":122.92916142954,"rpsigma":0,"rptime":1438160400,"w":0,"l":1,"t":0,"gxe":43.9,"acre":1000,"lacre":1000,"oldacre":1000},"p2rating":{"entryid":"6335152","serverid":"eos","formatid":"randombattle","userid":"airjak11","username":"air jak 11","w":1,"l":"3","t":"0","gxe":42.9,"r":1399.9882226849,"rd":118.78306568309,"sigma":"0","rptime":1438160400,"rpr":1443.2590640215,"rprd":113.61046697085,"rpsigma":"0","acre":1040,"lacre":1040,"oldacre":"1000"},"endType":"normal"}