{"seed":[39922,21707,39270,33098],"turns":28,"p1":"Sovereign♕Weep","p2":"samuelwade223","p1team":[{"name":"Furfrou","moves":["rest","return","thunderwave","substitute"],"ability":"Fur Coat","evs":{"hp":85,"atk":85,"def":85,"spa":85,"spd":85,"spe":85},"ivs":{"hp":31,"atk":31,"def":31,"spa":31,"spd":31,"spe":31},"item":"Chesto Berry","level":83,"shiny":false},{"name":"Palkia","moves":["dracometeor","thunderwave","fireblast","hydropump"],"ability":"Pressure","evs":{"hp":85,"atk":85,"def":85,"spa":85,"spd":85,"spe":85},"ivs":{"hp":31,"atk":31,"def":31,"spa":31,"spd":31,"spe":31},"item":"Leftovers","level":73,"shiny":false},{"name":"Pangoro","moves":["gunkshot","superpower","partingshot","icepunch"],"ability":"Scrappy","evs":{"hp":85,"atk":85,"def":85,"spa":85,"spd":85,"spe":85},"ivs":{"hp":31,"atk":31,"def":31,"spa":31,"spd":31,"spe":31},"item":"Life Orb","level":78,"shiny":false},{"name":"Gastrodon","moves":["icebeam","recover","scald","clearsmog"],"ability":"Storm Drain","evs":{"hp":85,"atk":85,"def":85,"spa":85,"spd":85,"spe":85},"ivs":{"hp":31,"atk":31,"def":31,"spa":31,"spd":31,"spe":31},"item":"Leftovers","level":79,"shiny":false},{"name":"Wormadam-Sandy","moves":["protect","toxic","rockblast","earthquake"],"ability":"Overcoat","evs":{"hp":85,"atk":85,"def":85,"spa":85,"spd":85,"spe":85},"ivs":{"hp":31,"atk":31,"def":31,"spa":31,"spd":31,"spe":31},"item":"Leftovers","level":83,"shiny":false},{"name":"Mismagius","moves":["painsplit","destinybond","willowisp","shadowball"],"ability":"Levitate","evs":{"hp":85,"atk":85,"def":85,"spa":85,"spd":85,"spe":85},"ivs":{"hp":31,"atk":31,"def":31,"spa":31,"spd":31,"spe":31},"item":"Leftovers","level":81,"shiny":false}],"p2team":[{"name":"Cacturne","moves":["drainpunch","substitute","seedbomb","swordsdance"],"ability":"Water Absorb","evs":{"hp":85,"atk":85,"def":85,"spa":85,"spd":85,"spe":85},"ivs":{"hp":31,"atk":31,"def":31,"spa":31,"spd":31,"spe":31},"item":"Leftovers","level":81,"shiny":false},{"name":"Mismagius","moves":["willowisp","nastyplot","shadowball","thunderbolt"],"ability":"Levitate","evs":{"hp":85,"atk":85,"def":85,"spa":85,"spd":85,"spe":85},"ivs":{"hp":31,"atk":31,"def":31,"spa":31,"spd":31,"spe":31},"item":"Leftovers","level":81,"shiny":false},{"name":"Primeape","moves":["closecombat","earthquake","icepunch","encore"],"ability":"Defiant","evs":{"hp":85,"atk":85,"def":85,"spa":85,"spd":85,"spe":85},"ivs":{"hp":31,"atk":31,"def":31,"spa":31,"spd":31,"spe":31},"item":"Life Orb","level":81,"shiny":false},{"name":"Rotom-Heat","moves":["hiddenpowerice","willowisp","overheat","voltswitch"],"ability":"Levitate","evs":{"hp":81,"atk":85,"def":85,"spa":89,"spd":85,"spe":85},"ivs":{"hp":31,"atk":30,"def":30,"spa":31,"spd":31,"spe":31},"item":"Life Orb","level":77,"shiny":false},{"name":"Drifblim","moves":["substitute","acrobatics","destinybond","shadowball"],"ability":"Unburden","evs":{"hp":85,"atk":85,"def":85,"spa":85,"spd":85,"spe":85},"ivs":{"hp":31,"atk":31,"def":31,"spa":31,"spd":31,"spe":31},"item":"Flying Gem","level":83,"shiny":false},{"name":"Manaphy","moves":["icebeam","surf","energyball","psychic"],"ability":"Hydration","evs":{"hp":85,"atk":85,"def":85,"spa":85,"spd":85,"spe":85},"ivs":{"hp":31,"atk":31,"def":31,"spa":31,"spd":31,"spe":31},"item":"Choice Scarf","level":75,"shiny":false}],"log":["|player|p1|Sovereign♕Weep|53","|player|p2|samuelwade223|290","|gametype|singles","|gen|6","|tier|Random Battle","|rated","|rule|Sleep Clause Mod: Limit one foe put to sleep","|rule|HP Percentage Mod: HP is shown in percentages","|","|start","|switch|p1a: Furfrou|Furfrou, L83, F|260/260","|switch|p2a: Cacturne|Cacturne, L81, M|246/246","|turn|1","|","|move|p1a: Furfrou|Thunder Wave|p2a: Cacturne","|-status|p2a: Cacturne|par","|move|p2a: Cacturne|Substitute|p2a: Cacturne","|-start|p2a: Cacturne|Substitute","|-damage|p2a: Cacturne|185/246 par","|","|-heal|p2a: Cacturne|200/246 par|[from] item: Leftovers","|turn|2","|","|move|p1a: Furfrou|Substitute|p1a: Furfrou","|-start|p1a: Furfrou|Substitute","|-damage|p1a: Furfrou|195/260","|move|p2a: Cacturne|Swords Dance|p2a: Cacturne","|-boost|p2a: Cacturne|atk|2","|","|-heal|p2a: Cacturne|215/246 par|[from] item: Leftovers","|turn|3","|","|move|p1a: Furfrou|Return|p2a: Cacturne","|-end|p2a: Cacturne|Substitute","|cant|p2a: Cacturne|par","|","|-heal|p2a: Cacturne|230/246 par|[from] item: Leftovers","|turn|4","|","|move|p1a: Furfrou|Return|p2a: Cacturne","|-damage|p2a: Cacturne|95/246 par","|move|p2a: Cacturne|Drain Punch|p1a: Furfrou","|-supereffective|p1a: Furfrou","|-end|p1a: Furfrou|Substitute","|-heal|p2a: Cacturne|128/246 par|[from] drain|[of] p1a: Furfrou","|","|-heal|p2a: Cacturne|143/246 par|[from] item: Leftovers","|turn|5","|","|move|p1a: Furfrou|Return|p2a: Cacturne","|-damage|p2a: Cacturne|13/246 par","|move|p2a: Cacturne|Drain Punch|p1a: Furfrou","|-crit|p1a: Furfrou","|-supereffective|p1a: Furfrou","|-damage|p1a: Furfrou|0 fnt","|-heal|p2a: Cacturne|111/246 par|[from] drain|[of] p1a: Furfrou","|faint|p1a: Furfrou","|","|-heal|p2a: Cacturne|126/246 par|[from] item: Leftovers","|","|switch|p1a: Gastrodon|Gastrodon, L79, F|305/305","|turn|6","|","|move|p1a: Gastrodon|Ice Beam|p2a: Cacturne","|-supereffective|p2a: Cacturne","|-damage|p2a: Cacturne|0 fnt","|faint|p2a: Cacturne","|","|","|switch|p2a: Drifblim|Drifblim, L83, M|385/385","|turn|7","|","|move|p2a: Drifblim|Destiny Bond|p2a: Drifblim","|-singlemove|p2a: Drifblim|Destiny Bond","|move|p1a: Gastrodon|Ice Beam|p2a: Drifblim","|-supereffective|p2a: Drifblim","|-damage|p2a: Drifblim|241/385","|","|turn|8","|","|move|p2a: Drifblim|Shadow Ball|p1a: Gastrodon","|-damage|p1a: Gastrodon|211/305","|move|p1a: Gastrodon|Ice Beam|p2a: Drifblim","|-supereffective|p2a: Drifblim","|-damage|p2a: Drifblim|75/385","|","|-heal|p1a: Gastrodon|230/305|[from] item: Leftovers","|turn|9","|","|move|p2a: Drifblim|Destiny Bond|p2a: Drifblim","|-singlemove|p2a: Drifblim|Destiny Bond","|move|p1a: Gastrodon|Recover|p1a: Gastrodon","|-heal|p1a: Gastrodon|305/305","|","|turn|10","|","|switch|p1a: Palkia|Palkia, L73|252/252","|-ability|p1a: Palkia|Pressure","|move|p2a: Drifblim|Destiny Bond|p2a: Drifblim","|-singlemove|p2a: Drifblim|Destiny Bond","|","|turn|11","|","|move|p1a: Palkia|Thunder Wave|p2a: Drifblim","|-status|p2a: Drifblim|par","|move|p2a: Drifblim|Destiny Bond|p2a: Drifblim","|-singlemove|p2a: Drifblim|Destiny Bond","|","|turn|12","|","|switch|p1a: Gastrodon|Gastrodon, L79, F|305/305","|move|p2a: Drifblim|Acrobatics|p1a: Gastrodon","|-enditem|p2a: Drifblim|Flying Gem|[from] gem|[move] Acrobatics","|-damage|p1a: Gastrodon|151/305","|","|-heal|p1a: Gastrodon|170/305|[from] item: Leftovers","|turn|13","|","|move|p1a: Gastrodon|Ice Beam|p2a: Drifblim","|-supereffective|p2a: Drifblim","|-damage|p2a: Drifblim|0 fnt","|faint|p2a: Drifblim","|","|-heal|p1a: Gastrodon|189/305|[from] item: Leftovers","|","|switch|p2a: Manaphy|Manaphy, L75|274/274","|turn|14","|","|move|p2a: Manaphy|Energy Ball|p1a: Gastrodon","|-supereffective|p1a: Gastrodon","|-damage|p1a: Gastrodon|0 fnt","|faint|p1a: Gastrodon","|","|","|switch|p1a: Mismagius|Mismagius, L81, M|230/230","|turn|15","|","|move|p2a: Manaphy|Energy Ball|p1a: Mismagius","|-damage|p1a: Mismagius|179/230","|move|p1a: Mismagius|Will-O-Wisp|p2a: Manaphy","|-status|p2a: Manaphy|brn","|","|-heal|p1a: Mismagius|193/230|[from] item: Leftovers","|-damage|p2a: Manaphy|240/274 brn|[from] brn","|turn|16","|","|switch|p2a: Rotom-Heat|Rotom-Heat, L77|203/203","|move|p1a: Mismagius|Shadow Ball|p2a: Rotom-Heat","|-damage|p2a: Rotom-Heat|116/203","|-unboost|p2a: Rotom-Heat|spd|1","|","|-heal|p1a: Mismagius|207/230|[from] item: Leftovers","|turn|17","|","|move|p1a: Mismagius|Shadow Ball|p2a: Rotom-Heat","|-damage|p2a: Rotom-Heat|0 fnt","|faint|p2a: Rotom-Heat","|","|-heal|p1a: Mismagius|221/230|[from] item: Leftovers","|","|switch|p2a: Mismagius|Mismagius, L81, M|230/230","|turn|18","|","|move|p1a: Mismagius|Destiny Bond|p1a: Mismagius","|-singlemove|p1a: Mismagius|Destiny Bond","|move|p2a: Mismagius|Shadow Ball|p1a: Mismagius","|-supereffective|p1a: Mismagius","|-damage|p1a: Mismagius|69/230","|","|-heal|p1a: Mismagius|83/230|[from] item: Leftovers","|turn|19","|","|move|p2a: Mismagius|Will-O-Wisp|p1a: Mismagius","|-status|p1a: Mismagius|brn","|move|p1a: Mismagius|Shadow Ball|p2a: Mismagius","|-supereffective|p2a: Mismagius","|-damage|p2a: Mismagius|72/230","|-unboost|p2a: Mismagius|spd|1","|","|-heal|p2a: Mismagius|86/230|[from] item: Leftovers","|-heal|p1a: Mismagius|97/230 brn|[from] item: Leftovers","|-damage|p1a: Mismagius|69/230 brn|[from] brn","|turn|20","|","|move|p2a: Mismagius|Shadow Ball|p1a: Mismagius","|-supereffective|p1a: Mismagius","|-damage|p1a: Mismagius|0 fnt","|faint|p1a: Mismagius","|","|-heal|p2a: Mismagius|100/230|[from] item: Leftovers","|","|switch|p1a: Palkia|Palkia, L73|252/252","|-ability|p1a: Palkia|Pressure","|turn|21","|","|move|p2a: Mismagius|Thunderbolt|p1a: Palkia","|-damage|p1a: Palkia|197/252","|move|p1a: Palkia|Draco Meteor|p2a: Mismagius","|-damage|p2a: Mismagius|0 fnt","|-unboost|p1a: Palkia|spa|2","|faint|p2a: Mismagius","|","|-heal|p1a: Palkia|212/252|[from] item: Leftovers","|","|switch|p2a: Manaphy|Manaphy, L75|240/274 brn","|turn|22","|","|switch|p1a: Pangoro|Pangoro, L78, M|276/276","|move|p2a: Manaphy|Ice Beam|p1a: Pangoro","|-damage|p1a: Pangoro|214/276","|","|-damage|p2a: Manaphy|206/274 brn|[from] brn","|turn|23","|","|switch|p2a: Primeape|Primeape, L81, M|238/238","|move|p1a: Pangoro|Parting Shot|p2a: Primeape","|-unboost|p2a: Primeape|atk|1","|-boost|p2a: Primeape|atk|2|[from] ability: Defiant","|-unboost|p2a: Primeape|spa|1","|-boost|p2a: Primeape|atk|2|[from] ability: Defiant","|","|switch|p1a: Palkia|Palkia, L73|212/252","|-ability|p1a: Palkia|Pressure","|","|-heal|p1a: Palkia|227/252|[from] item: Leftovers","|turn|24","|","|move|p2a: Primeape|Ice Punch|p1a: Palkia","|-damage|p1a: Palkia|52/252","|-damage|p2a: Primeape|215/238|[from] item: Life Orb","|move|p1a: Palkia|Thunder Wave|p2a: Primeape","|-status|p2a: Primeape|par","|","|-heal|p1a: Palkia|67/252|[from] item: Leftovers","|turn|25","|","|move|p1a: Palkia|Draco Meteor|p2a: Primeape|[miss]","|-miss|p1a: Palkia|p2a: Primeape","|move|p2a: Primeape|Ice Punch|p1a: Palkia","|-damage|p1a: Palkia|0 fnt","|-damage|p2a: Primeape|192/238 par|[from] item: Life Orb","|faint|p1a: Palkia","|","|","|switch|p1a: Wormadam-Sandy|Wormadam-Sandy, L83, F|235/235","|turn|26","|","|move|p1a: Wormadam-Sandy|Earthquake|p2a: Primeape","|-damage|p2a: Primeape|78/238 par","|move|p2a: Primeape|Ice Punch|p1a: Wormadam-Sandy","|-supereffective|p1a: Wormadam-Sandy","|-damage|p1a: Wormadam-Sandy|0 fnt","|-damage|p2a: Primeape|55/238 par|[from] item: Life Orb","|faint|p1a: Wormadam-Sandy","|","|","|switch|p1a: Pangoro|Pangoro, L78, M|214/276","|turn|27","|","|move|p1a: Pangoro|Ice Punch|p2a: Primeape","|-damage|p2a: Primeape|0 fnt","|-damage|p1a: Pangoro|187/276|[from] item: Life Orb","|faint|p2a: Primeape","|","|","|switch|p2a: Manaphy|Manaphy, L75|206/274 brn","|turn|28","|","|move|p2a: Manaphy|Surf|p1a: Pangoro","|-damage|p1a: Pangoro|91/276","|move|p1a: Pangoro|Superpower|p2a: Manaphy","|-damage|p2a: Manaphy|29/274 brn","|-unboost|p1a: Pangoro|atk|1","|-unboost|p1a: Pangoro|def|1","|-damage|p1a: Pangoro|64/276|[from] item: Life Orb","|","|-damage|p2a: Manaphy|0 fnt|[from] brn","|faint|p2a: Manaphy","|","|win|Sovereign♕Weep"],"p1rating":{"entryid":"7469423","serverid":"eos","formatid":"randombattle","userid":"sovereignweep","username":"Sovereign♕Weep","w":1,"l":"1","t":"0","gxe":49.5,"r":"1500","rd":"130","sigma":"0","rptime":"1438938000","rpr":1496.2059970956,"rprd":115.99497263364,"rpsigma":"0","acre":1046.1247289591,"lacre":1046.1247289591,"oldacre":"1000"},"p2rating":{"entryid":"7419911","serverid":"eos","formatid":"randombattle","userid":"samuelwade223","username":"samuelwade223","w":"2","l":4,"t":"0","gxe":43.3,"r":"1467.0531313308","rd":"111.10246371253","sigma":"0","rptime":"1438938000","rpr":1447.2914638905,"rprd":98.621866332998,"rpsigma":"0","acre":1032.8146347088,"lacre":1032.8146347088,"oldacre":"1053.6204193597"},"endType":"normal"}