{"seed":[32137,49250,13858,9862],"turns":22,"p1":"GL♅Zeno","p2":"WeepAngel","p1team":[{"name":"Scrafty","moves":["highjumpkick","rest","icepunch","knockoff"],"ability":"Shed Skin","evs":{"hp":85,"atk":85,"def":85,"spa":85,"spd":85,"spe":85},"ivs":{"hp":31,"atk":31,"def":31,"spa":31,"spd":31,"spe":31},"item":"Leftovers","level":79,"shiny":false},{"name":"Heliolisk","moves":["surf","thunderbolt","hypervoice","hiddenpowerice"],"ability":"Dry Skin","evs":{"hp":85,"atk":85,"def":85,"spa":85,"spd":85,"spe":85},"ivs":{"hp":31,"atk":30,"def":30,"spa":31,"spd":31,"spe":31},"item":"Choice Specs","level":77,"shiny":false},{"name":"Sawsbuck","moves":["swordsdance","substitute","jumpkick","return"],"ability":"Sap Sipper","evs":{"hp":85,"atk":85,"def":85,"spa":85,"spd":85,"spe":85},"ivs":{"hp":31,"atk":31,"def":31,"spa":31,"spd":31,"spe":31},"item":"Leftovers","level":83,"shiny":false},{"name":"Heatran","moves":["earthpower","stealthrock","flashcannon","roar"],"ability":"Flash Fire","evs":{"hp":85,"atk":85,"def":85,"spa":85,"spd":85,"spe":85},"ivs":{"hp":31,"atk":31,"def":31,"spa":31,"spd":31,"spe":31},"item":"Air Balloon","level":75,"shiny":false},{"name":"Volcarona","moves":["hiddenpowerground","gigadrain","roost","fierydance"],"ability":"Flame Body","evs":{"hp":81,"atk":85,"def":85,"spa":89,"spd":85,"spe":85},"ivs":{"hp":31,"atk":31,"def":31,"spa":30,"spd":30,"spe":31},"item":"Life Orb","level":76,"shiny":false},{"name":"Vaporeon","moves":["healbell","protect","wish","scald"],"ability":"Water Absorb","evs":{"hp":85,"atk":85,"def":85,"spa":85,"spd":85,"spe":85},"ivs":{"hp":31,"atk":31,"def":31,"spa":31,"spd":31,"spe":31},"item":"Leftovers","level":77,"shiny":false}],"p2team":[{"name":"Toxicroak","moves":["gunkshot","substitute","swordsdance","suckerpunch"],"ability":"Dry Skin","evs":{"hp":85,"atk":85,"def":85,"spa":85,"spd":85,"spe":85},"ivs":{"hp":31,"atk":31,"def":31,"spa":31,"spd":31,"spe":31},"item":"Black Sludge","level":77,"shiny":false},{"name":"Registeel","moves":["rest","ironhead","seismictoss","thunderwave"],"ability":"Clear Body","evs":{"hp":85,"atk":85,"def":85,"spa":85,"spd":85,"spe":85},"ivs":{"hp":31,"atk":31,"def":31,"spa":31,"spd":31,"spe":31},"item":"Chesto Berry","level":79,"shiny":false},{"name":"Galvantula","moves":["bugbuzz","hiddenpowerice","stickyweb","thunder"],"ability":"Compound Eyes","evs":{"hp":85,"atk":85,"def":85,"spa":85,"spd":85,"spe":85},"ivs":{"hp":31,"atk":30,"def":30,"spa":31,"spd":31,"spe":31},"item":"Life Orb","level":77,"shiny":false},{"name":"Jellicent","moves":["icebeam","scald","recover","shadowball"],"ability":"Water Absorb","evs":{"hp":85,"atk":85,"def":85,"spa":85,"spd":85,"spe":85},"ivs":{"hp":31,"atk":31,"def":31,"spa":31,"spd":31,"spe":31},"item":"Life Orb","level":79,"shiny":false},{"name":"Dusknoir","moves":["willowisp","painsplit","substitute","shadowsneak"],"ability":"Pressure","evs":{"hp":85,"atk":85,"def":85,"spa":85,"spd":85,"spe":85},"ivs":{"hp":31,"atk":31,"def":31,"spa":31,"spd":31,"spe":31},"item":"Leftovers","level":83,"shiny":false},{"name":"Primeape","moves":["uturn","encore","earthquake","closecombat"],"ability":"Defiant","evs":{"hp":85,"atk":85,"def":85,"spa":85,"spd":85,"spe":85},"ivs":{"hp":31,"atk":31,"def":31,"spa":31,"spd":31,"spe":31},"item":"Life Orb","level":81,"shiny":false}],"log":["|player|p1|GL♅Zeno|glzeno.png","|player|p2|WeepAngel|53","|gametype|singles","|gen|6","|tier|Random Battle","|rated","|rule|Sleep Clause Mod: Limit one foe put to sleep","|rule|HP Percentage Mod: HP is shown in percentages","|","|start","|switch|p1a: Scrafty|Scrafty, L79, F|232/232","|switch|p2a: Toxicroak|Toxicroak, L77, M|254/254","|turn|1","|","|move|p2a: Toxicroak|Substitute|p2a: Toxicroak","|-start|p2a: Toxicroak|Substitute","|-damage|p2a: Toxicroak|191/254","|move|p1a: Scrafty|Knock Off|p2a: Toxicroak","|-resisted|p2a: Toxicroak","|-activate|p2a: Toxicroak|Substitute|[damage]","|","|-heal|p2a: Toxicroak|206/254|[from] item: Black Sludge","|turn|2","|","|move|p2a: Toxicroak|Swords Dance|p2a: Toxicroak","|-boost|p2a: Toxicroak|atk|2","|move|p1a: Scrafty|Ice Punch|p2a: Toxicroak","|-end|p2a: Toxicroak|Substitute","|","|-heal|p2a: Toxicroak|221/254|[from] item: Black Sludge","|turn|3","|","|move|p2a: Toxicroak|Gunk Shot|p1a: Scrafty","|-damage|p1a: Scrafty|37/232","|-status|p1a: Scrafty|psn","|move|p1a: Scrafty|Ice Punch|p2a: Toxicroak","|-damage|p2a: Toxicroak|162/254","|","|-heal|p2a: Toxicroak|177/254|[from] item: Black Sludge","|-heal|p1a: Scrafty|51/232 psn|[from] item: Leftovers","|-damage|p1a: Scrafty|22/232 psn|[from] psn","|turn|4","|","|move|p2a: Toxicroak|Sucker Punch|p1a: Scrafty","|-resisted|p1a: Scrafty","|-damage|p1a: Scrafty|0 fnt","|faint|p1a: Scrafty","|","|-heal|p2a: Toxicroak|192/254|[from] item: Black Sludge","|","|switch|p1a: Sawsbuck|Sawsbuck, L83, F|268/268","|turn|5","|","|move|p1a: Sawsbuck|Substitute|p1a: Sawsbuck","|-start|p1a: Sawsbuck|Substitute","|-damage|p1a: Sawsbuck|201/268","|move|p2a: Toxicroak|Gunk Shot|p1a: Sawsbuck","|-supereffective|p1a: Sawsbuck","|-end|p1a: Sawsbuck|Substitute","|","|-heal|p1a: Sawsbuck|217/268|[from] item: Leftovers","|-heal|p2a: Toxicroak|207/254|[from] item: Black Sludge","|turn|6","|","|move|p1a: Sawsbuck|Substitute|p1a: Sawsbuck","|-start|p1a: Sawsbuck|Substitute","|-damage|p1a: Sawsbuck|150/268","|move|p2a: Toxicroak|Substitute|p2a: Toxicroak","|-start|p2a: Toxicroak|Substitute","|-damage|p2a: Toxicroak|144/254","|","|-heal|p1a: Sawsbuck|166/268|[from] item: Leftovers","|-heal|p2a: Toxicroak|159/254|[from] item: Black Sludge","|turn|7","|","|move|p1a: Sawsbuck|Return|p2a: Toxicroak","|-end|p2a: Toxicroak|Substitute","|move|p2a: Toxicroak|Gunk Shot|p1a: Sawsbuck","|-supereffective|p1a: Sawsbuck","|-end|p1a: Sawsbuck|Substitute","|","|-heal|p1a: Sawsbuck|182/268|[from] item: Leftovers","|-heal|p2a: Toxicroak|174/254|[from] item: Black Sludge","|turn|8","|","|move|p1a: Sawsbuck|Return|p2a: Toxicroak","|-crit|p2a: Toxicroak","|-damage|p2a: Toxicroak|0 fnt","|faint|p2a: Toxicroak","|","|-heal|p1a: Sawsbuck|198/268|[from] item: Leftovers","|","|switch|p2a: Galvantula|Galvantula, L77, M|234/234","|turn|9","|","|move|p2a: Galvantula|Sticky Web|p1a: Sawsbuck","|-sidestart|p1: GL♅Zeno|move: Sticky Web","|move|p1a: Sawsbuck|Return|p2a: Galvantula","|-damage|p2a: Galvantula|72/234","|","|-heal|p1a: Sawsbuck|214/268|[from] item: Leftovers","|turn|10","|","|move|p2a: Galvantula|Bug Buzz|p1a: Sawsbuck","|-supereffective|p1a: Sawsbuck","|-damage|p1a: Sawsbuck|0 fnt","|-damage|p2a: Galvantula|49/234|[from] item: Life Orb","|faint|p1a: Sawsbuck","|","|","|switch|p1a: Heliolisk|Heliolisk, L77, M|222/222","|-activate|p1a: Heliolisk|move: Sticky Web","|-unboost|p1a: Heliolisk|spe|1","|turn|11","|","|move|p2a: Galvantula|Thunder|p1a: Heliolisk","|-resisted|p1a: Heliolisk","|-damage|p1a: Heliolisk|156/222","|-damage|p2a: Galvantula|26/234|[from] item: Life Orb","|move|p1a: Heliolisk|Hyper Voice|p2a: Galvantula","|-damage|p2a: Galvantula|0 fnt","|faint|p2a: Galvantula","|","|","|switch|p2a: Primeape|Primeape, L81, F|238/238","|turn|12","|","|move|p2a: Primeape|Earthquake|p1a: Heliolisk","|-supereffective|p1a: Heliolisk","|-damage|p1a: Heliolisk|0 fnt","|-damage|p2a: Primeape|215/238|[from] item: Life Orb","|faint|p1a: Heliolisk","|","|","|switch|p1a: Volcarona|Volcarona, L76, M|253/253","|-activate|p1a: Volcarona|move: Sticky Web","|-unboost|p1a: Volcarona|spe|1","|turn|13","|","|move|p2a: Primeape|Earthquake|p1a: Volcarona","|-damage|p1a: Volcarona|136/253","|-damage|p2a: Primeape|192/238|[from] item: Life Orb","|move|p1a: Volcarona|Fiery Dance|p2a: Primeape","|-damage|p2a: Primeape|43/238","|-damage|p1a: Volcarona|111/253|[from] item: Life Orb","|","|turn|14","|","|move|p2a: Primeape|Earthquake|p1a: Volcarona","|-damage|p1a: Volcarona|0 fnt","|-damage|p2a: Primeape|20/238|[from] item: Life Orb","|faint|p1a: Volcarona","|","|","|switch|p1a: Vaporeon|Vaporeon, L77, F|327/327","|-activate|p1a: Vaporeon|move: Sticky Web","|-unboost|p1a: Vaporeon|spe|1","|turn|15","|","|move|p2a: Primeape|Close Combat|p1a: Vaporeon","|-damage|p1a: Vaporeon|84/327","|-unboost|p2a: Primeape|def|1","|-unboost|p2a: Primeape|spd|1","|-damage|p2a: Primeape|0 fnt|[from] item: Life Orb","|faint|p2a: Primeape","|move|p1a: Vaporeon|Wish|p1a: Vaporeon","|","|-heal|p1a: Vaporeon|104/327|[from] item: Leftovers","|","|switch|p2a: Registeel|Registeel, L79|256/256","|turn|16","|","|move|p1a: Vaporeon|Protect|p1a: Vaporeon","|-singleturn|p1a: Vaporeon|Protect","|move|p2a: Registeel|Thunder Wave|p1a: Vaporeon","|-activate|p1a: Vaporeon|Protect","|","|-heal|p1a: Vaporeon|267/327|[from] move: Wish|[wisher] Vaporeon","|-heal|p1a: Vaporeon|287/327|[from] item: Leftovers","|turn|17","|","|move|p2a: Registeel|Thunder Wave|p1a: Vaporeon","|-status|p1a: Vaporeon|par","|move|p1a: Vaporeon|Scald|p2a: Registeel","|-damage|p2a: Registeel|201/256","|","|-heal|p1a: Vaporeon|307/327 par|[from] item: Leftovers","|turn|18","|","|move|p2a: Registeel|Seismic Toss|p1a: Vaporeon","|-damage|p1a: Vaporeon|228/327 par","|cant|p1a: Vaporeon|par","|","|-heal|p1a: Vaporeon|248/327 par|[from] item: Leftovers","|turn|19","|","|move|p2a: Registeel|Seismic Toss|p1a: Vaporeon","|-damage|p1a: Vaporeon|169/327 par","|move|p1a: Vaporeon|Wish|p1a: Vaporeon","|","|-heal|p1a: Vaporeon|189/327 par|[from] item: Leftovers","|turn|20","|","|move|p2a: Registeel|Seismic Toss|p1a: Vaporeon","|-damage|p1a: Vaporeon|110/327 par","|move|p1a: Vaporeon|Heal Bell|p1a: Vaporeon","|-cureteam|p1a: Vaporeon|[from] move: HealBell","|","|-heal|p1a: Vaporeon|273/327|[from] move: Wish|[wisher] Vaporeon","|-heal|p1a: Vaporeon|293/327|[from] item: Leftovers","|turn|21","|","|switch|p2a: Dusknoir|Dusknoir, L83, M|210/210","|-ability|p2a: Dusknoir|Pressure","|move|p1a: Vaporeon|Scald|p2a: Dusknoir","|-damage|p2a: Dusknoir|147/210","|-status|p2a: Dusknoir|brn","|","|-heal|p2a: Dusknoir|160/210 brn|[from] item: Leftovers","|-heal|p1a: Vaporeon|313/327|[from] item: Leftovers","|-damage|p2a: Dusknoir|134/210 brn|[from] brn","|turn|22","|player|p2","|","|win|GL♅Zeno"],"p1rating":{"entryid":7471455,"formatid":"randombattle","userid":"glzeno","username":"GL♅Zeno","r":1500,"rd":130,"sigma":0,"rpr":1540.1606143388,"rprd":122.8583080769,"rpsigma":0,"rptime":1438938000,"w":1,"l":0,"t":0,"gxe":55,"acre":1040,"lacre":1040,"oldacre":1000},"p2rating":{"entryid":7471456,"formatid":"randombattle","userid":"weepangel","username":"WeepAngel","r":1500,"rd":130,"sigma":0,"rpr":1459.8393856612,"rprd":122.8583080769,"rpsigma":0,"rptime":1438938000,"w":0,"l":1,"t":0,"gxe":45,"acre":1000,"lacre":1000,"oldacre":1000},"endType":"forfeit"}