{"seed":[8420,63169,3916,9369],"turns":22,"p1":"Guard Darkrai","p2":"vitorpvp 1227","p1team":[{"name":"Lanturn","moves":["icebeam","thunderwave","healbell","hydropump"],"ability":"Water Absorb","evs":{"hp":85,"atk":85,"def":85,"spa":85,"spd":85,"spe":85},"ivs":{"hp":31,"atk":31,"def":31,"spa":31,"spd":31,"spe":31},"item":"Focus Sash","level":81,"shiny":false},{"name":"Mamoswine","moves":["iceshard","knockoff","endeavor","stealthrock"],"ability":"Thick Fat","evs":{"hp":85,"atk":85,"def":85,"spa":85,"spd":85,"spe":85},"ivs":{"hp":31,"atk":31,"def":31,"spa":31,"spd":31,"spe":31},"item":"Focus Sash","level":77,"shiny":false},{"name":"Gogoat","moves":["rockslide","bulkup","substitute","hornleech"],"ability":"Sap Sipper","evs":{"hp":85,"atk":85,"def":85,"spa":85,"spd":85,"spe":85},"ivs":{"hp":31,"atk":31,"def":31,"spa":31,"spd":31,"spe":31},"item":"Leftovers","level":83,"shiny":false},{"name":"Heatran","moves":["lavaplume","stealthrock","roar","flashcannon"],"ability":"Flash Fire","evs":{"hp":85,"atk":85,"def":85,"spa":85,"spd":85,"spe":85},"ivs":{"hp":31,"atk":31,"def":31,"spa":31,"spd":31,"spe":31},"item":"Air Balloon","level":75,"shiny":false},{"name":"Wobbuffet","moves":["destinybond","encore","mirrorcoat","counter"],"ability":"Shadow Tag","evs":{"hp":85,"atk":85,"def":85,"spa":85,"spd":85,"spe":85},"ivs":{"hp":31,"atk":31,"def":31,"spa":31,"spd":31,"spe":31},"item":"Leftovers","level":79,"shiny":false},{"name":"Yveltal","moves":["toxic","roost","uturn","oblivionwing"],"ability":"Dark Aura","evs":{"hp":81,"atk":85,"def":85,"spa":89,"spd":85,"spe":85},"ivs":{"hp":31,"atk":31,"def":31,"spa":31,"spd":31,"spe":31},"item":"Leftovers","level":73,"shiny":false}],"p2team":[{"name":"Staraptor","moves":["quickattack","uturn","bravebird","doubleedge"],"ability":"Intimidate","evs":{"hp":85,"atk":85,"def":85,"spa":85,"spd":85,"spe":85},"ivs":{"hp":31,"atk":31,"def":31,"spa":31,"spd":31,"spe":31},"item":"Choice Band","level":76,"shiny":false},{"name":"Mewtwo","moves":["shadowball","icebeam","willowisp","psystrike"],"ability":"Unnerve","evs":{"hp":85,"atk":85,"def":85,"spa":85,"spd":85,"spe":85},"ivs":{"hp":31,"atk":31,"def":31,"spa":31,"spd":31,"spe":31},"item":"Mewtwonite Y","level":73,"shiny":false},{"name":"Weezing","moves":["fireblast","sludgebomb","willowisp","toxicspikes"],"ability":"Levitate","evs":{"hp":85,"atk":85,"def":85,"spa":85,"spd":85,"spe":85},"ivs":{"hp":31,"atk":31,"def":31,"spa":31,"spd":31,"spe":31},"item":"Black Sludge","level":81,"shiny":false},{"name":"Dustox","moves":["roost","sludgebomb","uturn","shadowball"],"ability":"Shield Dust","evs":{"hp":85,"atk":85,"def":85,"spa":85,"spd":85,"spe":85},"ivs":{"hp":31,"atk":31,"def":31,"spa":31,"spd":31,"spe":31},"item":"Life Orb","level":83,"shiny":false},{"name":"Delcatty","moves":["healbell","doubleedge","suckerpunch","thunderwave"],"ability":"Wonder Skin","evs":{"hp":85,"atk":85,"def":85,"spa":85,"spd":85,"spe":85},"ivs":{"hp":31,"atk":31,"def":31,"spa":31,"spd":31,"spe":31},"item":"Leftovers","level":83,"shiny":false},{"name":"Rayquaza","moves":["outrage","earthquake","extremespeed","dracometeor"],"ability":"Air Lock","evs":{"hp":85,"atk":85,"def":85,"spa":85,"spd":85,"spe":85},"ivs":{"hp":31,"atk":31,"def":31,"spa":31,"spd":31,"spe":31},"item":"Life Orb","level":73,"shiny":false}],"log":["|player|p1|Guard Darkrai|guarddarkrai.png","|player|p2|vitorpvp 1227|153","|gametype|singles","|gen|6","|tier|Random Battle","|rated","|rule|Sleep Clause Mod: Limit one foe put to sleep","|rule|HP Percentage Mod: HP is shown in percentages","|","|start","|switch|p1a: Lanturn|Lanturn, L81, M|335/335","|switch|p2a: Staraptor|Staraptor, L76, M|254/254","|-ability|p2a: Staraptor|Intimidate","|-unboost|p1a: Lanturn|atk|1","|turn|1","|","|move|p2a: Staraptor|Brave Bird|p1a: Lanturn","|-crit|p1a: Lanturn","|-resisted|p1a: Lanturn","|-damage|p1a: Lanturn|149/335","|-damage|p2a: Staraptor|193/254|[from] recoil|[of] p1a: Lanturn","|move|p1a: Lanturn|Thunder Wave|p2a: Staraptor","|-status|p2a: Staraptor|par","|","|turn|2","|","|move|p1a: Lanturn|Ice Beam|p2a: Staraptor","|-supereffective|p2a: Staraptor","|-damage|p2a: Staraptor|43/254 par","|move|p2a: Staraptor|Brave Bird|p1a: Lanturn","|-resisted|p1a: Lanturn","|-damage|p1a: Lanturn|10/335","|-damage|p2a: Staraptor|0 fnt|[from] recoil|[of] p1a: Lanturn","|faint|p2a: Staraptor","|","|","|switch|p2a: Dustox|Dustox, L83, F|235/235","|turn|3","|","|move|p2a: Dustox|Shadow Ball|p1a: Lanturn","|-damage|p1a: Lanturn|0 fnt","|-damage|p2a: Dustox|212/235|[from] item: Life Orb","|faint|p1a: Lanturn","|","|","|switch|p1a: Yveltal|Yveltal, L73|304/304","|-ability|p1a: Yveltal|Dark Aura","|turn|4","|","|move|p1a: Yveltal|Oblivion Wing|p2a: Dustox","|-supereffective|p2a: Dustox","|-damage|p2a: Dustox|54/235","|move|p2a: Dustox|Sludge Bomb|p1a: Yveltal","|-damage|p1a: Yveltal|217/304","|-damage|p2a: Dustox|31/235|[from] item: Life Orb","|","|-heal|p1a: Yveltal|236/304|[from] item: Leftovers","|turn|5","|","|move|p1a: Yveltal|Oblivion Wing|p2a: Dustox","|-supereffective|p2a: Dustox","|-damage|p2a: Dustox|0 fnt","|-heal|p1a: Yveltal|260/304|[from] drain|[of] p2a: Dustox","|faint|p2a: Dustox","|","|-heal|p1a: Yveltal|279/304|[from] item: Leftovers","|","|switch|p2a: Delcatty|Delcatty, L83, F|252/252","|turn|6","|","|move|p1a: Yveltal|Toxic|p2a: Delcatty|[miss]","|-miss|p1a: Yveltal|p2a: Delcatty","|move|p2a: Delcatty|Thunder Wave|p1a: Yveltal","|-status|p1a: Yveltal|par","|","|-heal|p1a: Yveltal|298/304 par|[from] item: Leftovers","|turn|7","|","|move|p2a: Delcatty|Sucker Punch|p1a: Yveltal","|-resisted|p1a: Yveltal","|-damage|p1a: Yveltal|270/304 par","|move|p1a: Yveltal|Oblivion Wing|p2a: Delcatty","|-damage|p2a: Delcatty|132/252","|-heal|p1a: Yveltal|304/304 par|[from] drain|[of] p2a: Delcatty","|","|-heal|p2a: Delcatty|147/252|[from] item: Leftovers","|turn|8","|","|move|p2a: Delcatty|Double-Edge|p1a: Yveltal","|-damage|p1a: Yveltal|195/304 par","|-damage|p2a: Delcatty|111/252|[from] recoil|[of] p1a: Yveltal","|move|p1a: Yveltal|Toxic|p2a: Delcatty","|-status|p2a: Delcatty|tox","|","|-heal|p2a: Delcatty|126/252 tox|[from] item: Leftovers","|-heal|p1a: Yveltal|214/304 par|[from] item: Leftovers","|-damage|p2a: Delcatty|111/252 tox|[from] psn","|turn|9","|","|move|p2a: Delcatty|Thunder Wave|p1a: Yveltal","|-fail|p1a: Yveltal|par","|move|p1a: Yveltal|Oblivion Wing|p2a: Delcatty","|-damage|p2a: Delcatty|0 fnt","|-heal|p1a: Yveltal|298/304 par|[from] drain|[of] p2a: Delcatty","|faint|p2a: Delcatty","|","|-heal|p1a: Yveltal|304/304 par|[from] item: Leftovers","|","|switch|p2a: Weezing|Weezing, L81, F|238/238","|turn|10","|","|move|p2a: Weezing|Fire Blast|p1a: Yveltal","|-damage|p1a: Yveltal|234/304 par","|move|p1a: Yveltal|Oblivion Wing|p2a: Weezing","|-damage|p2a: Weezing|142/238","|-heal|p1a: Yveltal|304/304 par|[from] drain|[of] p2a: Weezing","|","|-heal|p2a: Weezing|156/238|[from] item: Black Sludge","|turn|11","|","|move|p2a: Weezing|Toxic Spikes|p1a: Yveltal","|-sidestart|p1: Guard Darkrai|move: Toxic Spikes","|move|p1a: Yveltal|Oblivion Wing|p2a: Weezing","|-damage|p2a: Weezing|48/238","|","|-heal|p2a: Weezing|62/238|[from] item: Black Sludge","|turn|12","|","|move|p2a: Weezing|Sludge Bomb|p1a: Yveltal","|-damage|p1a: Yveltal|219/304 par","|cant|p1a: Yveltal|par","|","|-heal|p2a: Weezing|76/238|[from] item: Black Sludge","|-heal|p1a: Yveltal|238/304 par|[from] item: Leftovers","|turn|13","|","|move|p2a: Weezing|Toxic Spikes|p1a: Yveltal","|-sidestart|p1: Guard Darkrai|move: Toxic Spikes","|cant|p1a: Yveltal|par","|","|-heal|p2a: Weezing|90/238|[from] item: Black Sludge","|-heal|p1a: Yveltal|257/304 par|[from] item: Leftovers","|turn|14","|","|move|p2a: Weezing|Will-O-Wisp|p1a: Yveltal","|-fail|p1a: Yveltal","|move|p1a: Yveltal|Oblivion Wing|p2a: Weezing","|-damage|p2a: Weezing|0 fnt","|-heal|p1a: Yveltal|304/304 par|[from] drain|[of] p2a: Weezing","|faint|p2a: Weezing","|","|","|switch|p2a: Rayquaza|Rayquaza, L73|274/274","|-ability|p2a: Rayquaza|Air Lock","|turn|15","|","|move|p2a: Rayquaza|Outrage|p1a: Yveltal","|-damage|p1a: Yveltal|112/304 par","|-damage|p2a: Rayquaza|247/274|[from] item: Life Orb","|move|p1a: Yveltal|Oblivion Wing|p2a: Rayquaza","|-crit|p2a: Rayquaza","|-damage|p2a: Rayquaza|108/274","|-heal|p1a: Yveltal|217/304 par|[from] drain|[of] p2a: Rayquaza","|","|-heal|p1a: Yveltal|236/304 par|[from] item: Leftovers","|turn|16","|","|move|p2a: Rayquaza|Outrage|p1a: Yveltal|[from]lockedmove","|-damage|p1a: Yveltal|40/304 par","|-damage|p2a: Rayquaza|81/274|[from] item: Life Orb","|move|p1a: Yveltal|Oblivion Wing|p2a: Rayquaza","|-damage|p2a: Rayquaza|0 fnt","|-heal|p1a: Yveltal|101/304 par|[from] drain|[of] p2a: Rayquaza","|faint|p2a: Rayquaza","|","|-heal|p1a: Yveltal|120/304 par|[from] item: Leftovers","|","|switch|p2a: Mewtwo|Mewtwo, L73|275/275","|-ability|p2a: Mewtwo|Unnerve|p1: Guard Darkrai","|turn|17","|","|detailschange|p2a: Mewtwo|Mewtwo-Mega-Y, L73","|-mega|p2a: Mewtwo|Mewtwo|Mewtwonite Y","|move|p2a: Mewtwo|Psystrike|p1a: Yveltal","|-immune|p1a: Yveltal|[msg]","|move|p1a: Yveltal|Oblivion Wing|p2a: Mewtwo","|-damage|p2a: Mewtwo|205/275","|-heal|p1a: Yveltal|173/304 par|[from] drain|[of] p2a: Mewtwo","|","|-heal|p1a: Yveltal|192/304 par|[from] item: Leftovers","|turn|18","|","|move|p2a: Mewtwo|Will-O-Wisp|p1a: Yveltal","|-fail|p1a: Yveltal","|cant|p1a: Yveltal|par","|","|-heal|p1a: Yveltal|211/304 par|[from] item: Leftovers","|turn|19","|","|move|p2a: Mewtwo|Ice Beam|p1a: Yveltal","|-supereffective|p1a: Yveltal","|-damage|p1a: Yveltal|15/304 par","|move|p1a: Yveltal|Oblivion Wing|p2a: Mewtwo","|-damage|p2a: Mewtwo|129/275","|-heal|p1a: Yveltal|72/304 par|[from] drain|[of] p2a: Mewtwo","|","|-heal|p1a: Yveltal|91/304 par|[from] item: Leftovers","|turn|20","|","|move|p2a: Mewtwo|Shadow Ball|p1a: Yveltal","|-resisted|p1a: Yveltal","|-damage|p1a: Yveltal|49/304 par","|move|p1a: Yveltal|Oblivion Wing|p2a: Mewtwo","|-damage|p2a: Mewtwo|47/275","|-heal|p1a: Yveltal|111/304 par|[from] drain|[of] p2a: Mewtwo","|","|-heal|p1a: Yveltal|130/304 par|[from] item: Leftovers","|turn|21","|","|move|p2a: Mewtwo|Ice Beam|p1a: Yveltal","|-supereffective|p1a: Yveltal","|-damage|p1a: Yveltal|0 fnt","|faint|p1a: Yveltal","|","|","|switch|p1a: Heatran|Heatran, L75, M|260/260","|-item|p1a: Heatran|Air Balloon","|turn|22","|","|move|p2a: Mewtwo|Ice Beam|p1a: Heatran","|-resisted|p1a: Heatran","|-damage|p1a: Heatran|241/260","|-enditem|p1a: Heatran|Air Balloon","|move|p1a: Heatran|Lava Plume|p2a: Mewtwo","|-damage|p2a: Mewtwo|0 fnt","|faint|p2a: Mewtwo","|","|win|Guard Darkrai"],"p1rating":{"entryid":"6894768","serverid":"eos","formatid":"randombattle","userid":"guarddarkrai","username":"Guard Darkrai","w":6,"l":"4","t":"0","gxe":55.9,"r":"1556.03146782","rd":"95.916261515125","sigma":"0","rptime":"1438938000","rpr":1546.0886864075,"rprd":90.471870943217,"rpsigma":"0","acre":1095.2221423263,"lacre":1095.2221423263,"oldacre":"1067.191378154"},"p2rating":{"entryid":"7448720","serverid":"eos","formatid":"randombattle","userid":"vitorpvp1227","username":"vitorpvp 1227","w":"1","l":3,"t":"0","gxe":42.7,"r":"1433.7322450172","rd":"116.1812687354","sigma":"0","rptime":"1438938000","rpr":1442.0585606352,"rprd":106.13940624863,"rpsigma":"0","acre":1029.4887552146,"lacre":1029.4887552146,"oldacre":"1045.209933625"},"endType":"normal"}