{"seed":[49213,60029,47606,61847],"turns":25,"p1":"Whirm - ⓈⓁⒺⒺⓅ","p2":"Basedgodxx","p1team":[{"name":"Vanilluxe","moves":["flashcannon","explosion","freezedry","autotomize"],"ability":"Ice Body","evs":{"hp":85,"atk":85,"def":85,"spa":85,"spd":85,"spe":85},"ivs":{"hp":31,"atk":31,"def":31,"spa":31,"spd":31,"spe":31},"item":"Life Orb","level":83,"shiny":false},{"name":"Walrein","moves":["roar","substitute","icebeam","surf"],"ability":"Thick Fat","evs":{"hp":85,"atk":85,"def":85,"spa":85,"spd":85,"spe":85},"ivs":{"hp":31,"atk":31,"def":31,"spa":31,"spd":31,"spe":31},"item":"Leftovers","level":83,"shiny":false},{"name":"Ampharos","moves":["thunderbolt","agility","focusblast","dragonpulse"],"ability":"Static","evs":{"hp":85,"atk":85,"def":85,"spa":85,"spd":85,"spe":85},"ivs":{"hp":31,"atk":31,"def":31,"spa":31,"spd":31,"spe":31},"item":"Ampharosite","level":77,"shiny":false},{"name":"Landorus-Therian","moves":["stoneedge","rockpolish","earthquake","superpower"],"ability":"Intimidate","evs":{"hp":85,"atk":85,"def":85,"spa":85,"spd":85,"spe":85},"ivs":{"hp":31,"atk":31,"def":31,"spa":31,"spd":31,"spe":31},"item":"Life Orb","level":75,"shiny":false},{"name":"Altaria","moves":["dragondance","earthquake","outrage","healbell"],"ability":"Natural Cure","evs":{"hp":85,"atk":85,"def":85,"spa":85,"spd":85,"spe":85},"ivs":{"hp":31,"atk":31,"def":31,"spa":31,"spd":31,"spe":31},"item":"Lum Berry","level":81,"shiny":false},{"name":"Hitmonchan","moves":["icepunch","machpunch","bulkup","drainpunch"],"ability":"Iron Fist","evs":{"hp":85,"atk":85,"def":85,"spa":85,"spd":85,"spe":85},"ivs":{"hp":31,"atk":31,"def":31,"spa":31,"spd":31,"spe":31},"item":"Life Orb","level":81,"shiny":false}],"p2team":[{"name":"Typhlosion","moves":["focusblast","eruption","fireblast","extrasensory"],"ability":"Flash Fire","evs":{"hp":85,"atk":85,"def":85,"spa":85,"spd":85,"spe":85},"ivs":{"hp":31,"atk":31,"def":31,"spa":31,"spd":31,"spe":31},"item":"Choice Scarf","level":79,"shiny":false},{"name":"Dugtrio","moves":["substitute","stealthrock","suckerpunch","earthquake"],"ability":"Arena Trap","evs":{"hp":85,"atk":85,"def":85,"spa":85,"spd":85,"spe":85},"ivs":{"hp":31,"atk":31,"def":31,"spa":31,"spd":31,"spe":31},"item":"Leftovers","level":79,"shiny":false},{"name":"Klinklang","moves":["return","substitute","shiftgear","geargrind"],"ability":"Clear Body","evs":{"hp":85,"atk":85,"def":85,"spa":85,"spd":85,"spe":85},"ivs":{"hp":31,"atk":31,"def":31,"spa":31,"spd":31,"spe":31},"item":"Leftovers","level":81,"shiny":false},{"name":"Milotic","moves":["scald","dragontail","toxic","recover"],"ability":"Marvel Scale","evs":{"hp":85,"atk":85,"def":85,"spa":85,"spd":85,"spe":85},"ivs":{"hp":31,"atk":31,"def":31,"spa":31,"spd":31,"spe":31},"item":"Leftovers","level":77,"shiny":false},{"name":"Braviary","moves":["roost","return","bravebird","substitute"],"ability":"Defiant","evs":{"hp":81,"atk":89,"def":85,"spa":85,"spd":85,"spe":85},"ivs":{"hp":31,"atk":31,"def":31,"spa":31,"spd":31,"spe":31},"item":"Leftovers","level":79,"shiny":false},{"name":"Wobbuffet","moves":["destinybond","encore","counter","mirrorcoat"],"ability":"Shadow Tag","evs":{"hp":85,"atk":85,"def":85,"spa":85,"spd":85,"spe":85},"ivs":{"hp":31,"atk":31,"def":31,"spa":31,"spd":31,"spe":31},"item":"Leftovers","level":79,"shiny":false}],"log":["|player|p1|Whirm - ⓈⓁⒺⒺⓅ|whirm.gif","|player|p2|Basedgodxx|2","|gametype|singles","|gen|6","|tier|Random Battle","|rated","|rule|Sleep Clause Mod: Limit one foe put to sleep","|rule|HP Percentage Mod: HP is shown in percentages","|","|start","|switch|p1a: Vanilluxe|Vanilluxe, L83, F|254/254","|switch|p2a: Typhlosion|Typhlosion, L79, F|253/253","|turn|1","|","|switch|p1a: Altaria|Altaria, L81, M|254/254","|move|p2a: Typhlosion|Fire Blast|p1a: Altaria","|-resisted|p1a: Altaria","|-damage|p1a: Altaria|201/254","|","|turn|2","|","|switch|p2a: Dugtrio|Dugtrio, L79, M|185/185","|move|p1a: Altaria|Dragon Dance|p1a: Altaria","|-boost|p1a: Altaria|atk|1","|-boost|p1a: Altaria|spe|1","|","|turn|3","|","|move|p2a: Dugtrio|Sucker Punch|p1a: Altaria","|-crit|p1a: Altaria","|-damage|p1a: Altaria|131/254","|move|p1a: Altaria|Earthquake|p2a: Dugtrio","|-damage|p2a: Dugtrio|64/185","|","|-heal|p2a: Dugtrio|75/185|[from] item: Leftovers","|turn|4","|","|move|p2a: Dugtrio|Sucker Punch|p1a: Altaria","|-damage|p1a: Altaria|83/254","|move|p1a: Altaria|Earthquake|p2a: Dugtrio","|-damage|p2a: Dugtrio|0 fnt","|faint|p2a: Dugtrio","|","|","|switch|p2a: Braviary|Braviary, L79, M|287/287","|turn|5","|","|move|p1a: Altaria|Outrage|p2a: Braviary","|-damage|p2a: Braviary|127/287","|move|p2a: Braviary|Return|p1a: Altaria","|-damage|p1a: Altaria|0 fnt","|faint|p1a: Altaria","|","|-heal|p2a: Braviary|144/287|[from] item: Leftovers","|","|switch|p1a: Vanilluxe|Vanilluxe, L83, F|254/254","|turn|6","|","|move|p1a: Vanilluxe|Freeze-Dry|p2a: Braviary","|-supereffective|p2a: Braviary","|-damage|p2a: Braviary|0 fnt","|-damage|p1a: Vanilluxe|229/254|[from] item: Life Orb","|faint|p2a: Braviary","|","|","|switch|p2a: Milotic|Milotic, L77, F|273/273","|turn|7","|","|move|p1a: Vanilluxe|Autotomize|p1a: Vanilluxe","|-boost|p1a: Vanilluxe|spe|2","|-start|p1a: Vanilluxe|Autotomize","|move|p2a: Milotic|Dragon Tail|p1a: Vanilluxe","|-damage|p1a: Vanilluxe|205/254","|drag|p1a: Hitmonchan|Hitmonchan, L81, M|214/214","|","|turn|8","|","|move|p1a: Hitmonchan|Drain Punch|p2a: Milotic","|-damage|p2a: Milotic|131/273","|-damage|p1a: Hitmonchan|193/214|[from] item: Life Orb","|move|p2a: Milotic|Dragon Tail|p1a: Hitmonchan|[miss]","|-miss|p2a: Milotic|p1a: Hitmonchan","|","|-heal|p2a: Milotic|148/273|[from] item: Leftovers","|turn|9","|","|move|p1a: Hitmonchan|Drain Punch|p2a: Milotic","|-damage|p2a: Milotic|8/273","|-heal|p1a: Hitmonchan|214/214|[from] drain|[of] p2a: Milotic","|-damage|p1a: Hitmonchan|193/214|[from] item: Life Orb","|move|p2a: Milotic|Recover|p2a: Milotic","|-heal|p2a: Milotic|145/273","|","|-heal|p2a: Milotic|162/273|[from] item: Leftovers","|turn|10","|","|move|p1a: Hitmonchan|Drain Punch|p2a: Milotic","|-damage|p2a: Milotic|2/273","|-heal|p1a: Hitmonchan|214/214|[from] drain|[of] p2a: Milotic","|-damage|p1a: Hitmonchan|193/214|[from] item: Life Orb","|move|p2a: Milotic|Dragon Tail|p1a: Hitmonchan","|-damage|p1a: Hitmonchan|165/214","|drag|p1a: Landorus-Therian|Landorus-Therian, L75, M|257/257","|-ability|p1a: Landorus-Therian|Intimidate","|-unboost|p2a: Milotic|atk|1","|","|-heal|p2a: Milotic|19/273|[from] item: Leftovers","|turn|11","|","|move|p1a: Landorus-Therian|Earthquake|p2a: Milotic","|-damage|p2a: Milotic|0 fnt","|-damage|p1a: Landorus-Therian|232/257|[from] item: Life Orb","|faint|p2a: Milotic","|","|","|switch|p2a: Typhlosion|Typhlosion, L79, F|253/253","|turn|12","|","|move|p2a: Typhlosion|Eruption|p1a: Landorus-Therian","|-damage|p1a: Landorus-Therian|51/257","|move|p1a: Landorus-Therian|Stone Edge|p2a: Typhlosion","|-supereffective|p2a: Typhlosion","|-damage|p2a: Typhlosion|24/253","|-damage|p1a: Landorus-Therian|26/257|[from] item: Life Orb","|","|turn|13","|","|switch|p1a: Walrein|Walrein, L83, F|318/318","|move|p2a: Typhlosion|Eruption|p1a: Walrein","|-damage|p1a: Walrein|309/318","|","|-heal|p1a: Walrein|318/318|[from] item: Leftovers","|turn|14","|","|switch|p2a: Klinklang|Klinklang, L81|230/230","|move|p1a: Walrein|Substitute|p1a: Walrein","|-start|p1a: Walrein|Substitute","|-damage|p1a: Walrein|239/318","|","|-heal|p1a: Walrein|258/318|[from] item: Leftovers","|turn|15","|","|move|p2a: Klinklang|Shift Gear|p2a: Klinklang","|-boost|p2a: Klinklang|spe|2","|-boost|p2a: Klinklang|atk|1","|move|p1a: Walrein|Surf|p2a: Klinklang","|-damage|p2a: Klinklang|137/230","|","|-heal|p2a: Klinklang|151/230|[from] item: Leftovers","|-heal|p1a: Walrein|277/318|[from] item: Leftovers","|turn|16","|","|move|p2a: Klinklang|Return|p1a: Walrein","|-end|p1a: Walrein|Substitute","|move|p1a: Walrein|Roar|p2a: Klinklang","|drag|p2a: Wobbuffet|Wobbuffet, L79, F|430/430","|","|-heal|p1a: Walrein|296/318|[from] item: Leftovers","|turn|17","|","|move|p1a: Walrein|Surf|p2a: Wobbuffet","|-damage|p2a: Wobbuffet|307/430","|move|p2a: Wobbuffet|Counter|p1a: Walrein","|-fail|p1a: Walrein","|","|-heal|p1a: Walrein|315/318|[from] item: Leftovers","|-heal|p2a: Wobbuffet|333/430|[from] item: Leftovers","|turn|18","|","|move|p1a: Walrein|Ice Beam|p2a: Wobbuffet","|-damage|p2a: Wobbuffet|210/430","|move|p2a: Wobbuffet|Counter|p1a: Walrein","|-fail|p1a: Walrein","|","|-heal|p1a: Walrein|318/318|[from] item: Leftovers","|-heal|p2a: Wobbuffet|236/430|[from] item: Leftovers","|turn|19","|","|move|p1a: Walrein|Surf|p2a: Wobbuffet","|-damage|p2a: Wobbuffet|103/430","|move|p2a: Wobbuffet|Counter|p1a: Walrein","|-fail|p1a: Walrein","|","|-heal|p2a: Wobbuffet|129/430|[from] item: Leftovers","|turn|20","|","|move|p1a: Walrein|Surf|p2a: Wobbuffet","|-damage|p2a: Wobbuffet|6/430","|move|p2a: Wobbuffet|Destiny Bond|p2a: Wobbuffet","|-singlemove|p2a: Wobbuffet|Destiny Bond","|","|-heal|p2a: Wobbuffet|32/430|[from] item: Leftovers","|turn|21","|","|move|p2a: Wobbuffet|Mirror Coat|p1a: Walrein","|-fail|p1a: Walrein","|move|p1a: Walrein|Roar|p2a: Wobbuffet","|drag|p2a: Klinklang|Klinklang, L81|151/230","|","|-heal|p2a: Klinklang|165/230|[from] item: Leftovers","|turn|22","|","|move|p2a: Klinklang|Gear Grind|p1a: Walrein|[miss]","|-miss|p2a: Klinklang|p1a: Walrein","|move|p1a: Walrein|Surf|p2a: Klinklang","|-damage|p2a: Klinklang|74/230","|","|-heal|p2a: Klinklang|88/230|[from] item: Leftovers","|turn|23","|","|move|p2a: Klinklang|Gear Grind|p1a: Walrein","|-damage|p1a: Walrein|263/318","|-damage|p1a: Walrein|214/318","|-hitcount|p1a: Walrein|2","|move|p1a: Walrein|Roar|p2a: Klinklang","|drag|p2a: Wobbuffet|Wobbuffet, L79, F|32/430","|","|-heal|p1a: Walrein|233/318|[from] item: Leftovers","|-heal|p2a: Wobbuffet|58/430|[from] item: Leftovers","|turn|24","|","|move|p1a: Walrein|Surf|p2a: Wobbuffet","|-damage|p2a: Wobbuffet|0 fnt","|faint|p2a: Wobbuffet","|","|-heal|p1a: Walrein|252/318|[from] item: Leftovers","|","|switch|p2a: Klinklang|Klinklang, L81|88/230","|turn|25","|","|move|p2a: Klinklang|Return|p1a: Walrein","|-damage|p1a: Walrein|184/318","|move|p1a: Walrein|Surf|p2a: Klinklang","|-damage|p2a: Klinklang|0 fnt","|faint|p2a: Klinklang","|","|-heal|p1a: Walrein|203/318|[from] item: Leftovers","|player|p2","|","|win|Whirm - ⓈⓁⒺⒺⓅ"],"p1rating":{"entryid":"7450132","serverid":"eos","formatid":"randombattle","userid":"whirm","username":"Whirm","w":4,"l":"0","t":"0","gxe":64.4,"r":"1565.7216870758","rd":"116.9179753778","sigma":"0","rptime":"1438938000","rpr":1616.3639287455,"rprd":107.28033728801,"rpsigma":"0","acre":1118.1863931444,"lacre":1118.1863931444,"oldacre":"1096.8438844713"},"p2rating":{"entryid":"7477286","serverid":"eos","formatid":"randombattle","userid":"basedgodxx","username":"Basedgodxx","w":"1","l":1,"t":"0","gxe":50.7,"r":"1500","rd":"130","sigma":"0","rptime":"1438938000","rpr":1505.9451672226,"rprd":116.79494230971,"rpsigma":"0","acre":1026.5946474964,"lacre":1026.5946474964,"oldacre":"1040"},"endType":"forfeit"}