{"seed":[47732,56551,63619,48186],"turns":22,"p1":"Schuabinha01","p2":"AlexanderMann","p1team":[{"name":"Blaziken","moves":["substitute","flareblitz","highjumpkick","knockoff"],"ability":"Speed Boost","evs":{"hp":85,"atk":85,"def":85,"spa":85,"spd":85,"spe":85},"ivs":{"hp":31,"atk":31,"def":31,"spa":31,"spd":31,"spe":31},"item":"Blazikenite","level":74,"shiny":false},{"name":"Stunfisk","moves":["scald","earthpower","rest","toxic"],"ability":"Static","evs":{"hp":85,"atk":85,"def":85,"spa":85,"spd":85,"spe":85},"ivs":{"hp":31,"atk":31,"def":31,"spa":31,"spd":31,"spe":31},"item":"Chesto Berry","level":83,"shiny":false},{"name":"Cobalion","moves":["stoneedge","closecombat","taunt","swordsdance"],"ability":"Justified","evs":{"hp":85,"atk":85,"def":85,"spa":85,"spd":85,"spe":85},"ivs":{"hp":31,"atk":31,"def":31,"spa":31,"spd":31,"spe":31},"item":"Air Balloon","level":77,"shiny":false},{"name":"Zoroark","moves":["focusblast","knockoff","flamethrower","darkpulse"],"ability":"Illusion","evs":{"hp":85,"atk":85,"def":85,"spa":85,"spd":85,"spe":85},"ivs":{"hp":31,"atk":31,"def":31,"spa":31,"spd":31,"spe":31},"item":"Expert Belt","level":78,"shiny":false},{"name":"Regice","moves":["thunderbolt","rockpolish","icebeam","focusblast"],"ability":"Clear Body","evs":{"hp":81,"atk":85,"def":85,"spa":89,"spd":85,"spe":85},"ivs":{"hp":31,"atk":31,"def":31,"spa":31,"spd":31,"spe":31},"item":"Weakness Policy","level":83,"shiny":false},{"name":"Weezing","moves":["sludgebomb","fireblast","protect","painsplit"],"ability":"Levitate","evs":{"hp":85,"atk":85,"def":85,"spa":85,"spd":85,"spe":85},"ivs":{"hp":31,"atk":31,"def":31,"spa":31,"spd":31,"spe":31},"item":"Black Sludge","level":81,"shiny":false}],"p2team":[{"name":"Carracosta","moves":["aquajet","shellsmash","earthquake","waterfall"],"ability":"Sturdy","evs":{"hp":85,"atk":85,"def":85,"spa":85,"spd":85,"spe":85},"ivs":{"hp":31,"atk":31,"def":31,"spa":31,"spd":31,"spe":31},"item":"White Herb","level":83,"shiny":false},{"name":"Scyther","moves":["quickattack","swordsdance","roost","aerialace"],"ability":"Technician","evs":{"hp":81,"atk":89,"def":85,"spa":85,"spd":85,"spe":85},"ivs":{"hp":31,"atk":31,"def":31,"spa":31,"spd":31,"spe":31},"item":"Eviolite","level":81,"shiny":false},{"name":"Glalie","moves":["iceshard","spikes","explosion","earthquake"],"ability":"Inner Focus","evs":{"hp":81,"atk":89,"def":85,"spa":85,"spd":85,"spe":85},"ivs":{"hp":31,"atk":31,"def":31,"spa":31,"spd":31,"spe":31},"item":"Glalitite","level":79,"shiny":false},{"name":"Dialga","moves":["toxic","roar","stealthrock","flashcannon"],"ability":"Pressure","evs":{"hp":85,"atk":85,"def":85,"spa":85,"spd":85,"spe":85},"ivs":{"hp":31,"atk":31,"def":31,"spa":31,"spd":31,"spe":31},"item":"Air Balloon","level":73,"shiny":false},{"name":"Linoone","moves":["bellydrum","shadowclaw","extremespeed","seedbomb"],"ability":"Quick Feet","evs":{"hp":81,"atk":89,"def":85,"spa":85,"spd":85,"spe":85},"ivs":{"hp":31,"atk":31,"def":31,"spa":31,"spd":31,"spe":31},"item":"Sitrus Berry","level":83,"shiny":false},{"name":"Throh","moves":["knockoff","circlethrow","icepunch","bulkup"],"ability":"Mold Breaker","evs":{"hp":85,"atk":85,"def":85,"spa":85,"spd":85,"spe":85},"ivs":{"hp":31,"atk":31,"def":31,"spa":31,"spd":31,"spe":31},"item":"Leftovers","level":82,"shiny":false}],"log":["|player|p1|Schuabinha01|162","|player|p2|AlexanderMann|265","|gametype|singles","|gen|6","|tier|Random Battle","|rated","|rule|Sleep Clause Mod: Limit one foe put to sleep","|rule|HP Percentage Mod: HP is shown in percentages","|","|start","|switch|p1a: Blaziken|Blaziken, L74, F|240/240","|switch|p2a: Carracosta|Carracosta, L83, F|259/259","|turn|1","|","|switch|p1a: Stunfisk|Stunfisk, L83, F|317/317","|move|p2a: Carracosta|Shell Smash|p2a: Carracosta","|-unboost|p2a: Carracosta|def|1","|-unboost|p2a: Carracosta|spd|1","|-boost|p2a: Carracosta|atk|2","|-boost|p2a: Carracosta|spa|2","|-boost|p2a: Carracosta|spe|2","|-enditem|p2a: Carracosta|White Herb","|-restoreboost|p2a: Carracosta|[silent]","|","|turn|2","|","|move|p2a: Carracosta|Earthquake|p1a: Stunfisk","|-supereffective|p1a: Stunfisk","|-damage|p1a: Stunfisk|0 fnt","|faint|p1a: Stunfisk","|","|","|switch|p1a: Weezing|Weezing, L81, M|222/222","|turn|3","|","|switch|p2a: Dialga|Dialga, L73|266/266","|-ability|p2a: Dialga|Pressure","|-item|p2a: Dialga|Air Balloon","|move|p1a: Weezing|Focus Blast|p2a: Dialga","|-supereffective|p2a: Dialga","|-damage|p2a: Dialga|60/266","|-enditem|p2a: Dialga|Air Balloon","|","|turn|4","|","|move|p1a: Weezing|Focus Blast|p2a: Dialga","|-crit|p2a: Dialga","|-supereffective|p2a: Dialga","|-damage|p2a: Dialga|0 fnt","|faint|p2a: Dialga","|","|","|switch|p2a: Throh|Throh, L82, M|331/331","|-ability|p2a: Throh|Mold Breaker","|turn|5","|","|move|p1a: Weezing|Knock Off|p2a: Throh","|-resisted|p2a: Throh","|-damage|p2a: Throh|285/331","|-enditem|p2a: Throh|Leftovers|[from] move: Knock Off|[of] p1a: Weezing","|move|p2a: Throh|Bulk Up|p2a: Throh","|-boost|p2a: Throh|atk|1","|-boost|p2a: Throh|def|1","|","|turn|6","|","|move|p1a: Weezing|Focus Blast|p2a: Throh","|-damage|p2a: Throh|197/331","|-unboost|p2a: Throh|spd|1","|move|p2a: Throh|Knock Off|p1a: Weezing","|-resisted|p1a: Weezing","|replace|p1a: Zoroark|Zoroark, L78, M|222/222","|-damage|p1a: Zoroark|150/222","|-enditem|p1a: Zoroark|Expert Belt|[from] move: Knock Off|[of] p2a: Throh","|","|turn|7","|","|move|p1a: Zoroark|Flamethrower|p2a: Throh","|-damage|p2a: Throh|96/331","|move|p2a: Throh|Circle Throw|p1a: Zoroark","|-supereffective|p1a: Zoroark","|-damage|p1a: Zoroark|0 fnt","|faint|p1a: Zoroark","|","|","|switch|p1a: Blaziken|Blaziken, L74, F|240/240","|turn|8","|","|detailschange|p1a: Blaziken|Blaziken-Mega, L74, F","|-mega|p1a: Blaziken|Blaziken|Blazikenite","|move|p1a: Blaziken|Flare Blitz|p2a: Throh","|-damage|p2a: Throh|0 fnt","|-damage|p1a: Blaziken|208/240|[from] recoil|[of] p2a: Throh","|faint|p2a: Throh","|","|-boost|p1a: Blaziken|spe|1|[from] ability: Speed Boost","|","|switch|p2a: Carracosta|Carracosta, L83, F|259/259","|turn|9","|","|move|p1a: Blaziken|High Jump Kick|p2a: Carracosta","|-supereffective|p2a: Carracosta","|-damage|p2a: Carracosta|17/259","|move|p2a: Carracosta|Shell Smash|p2a: Carracosta","|-unboost|p2a: Carracosta|def|1","|-unboost|p2a: Carracosta|spd|1","|-boost|p2a: Carracosta|atk|2","|-boost|p2a: Carracosta|spa|2","|-boost|p2a: Carracosta|spe|2","|","|-boost|p1a: Blaziken|spe|1|[from] ability: Speed Boost","|turn|10","|","|move|p2a: Carracosta|Aqua Jet|p1a: Blaziken","|-supereffective|p1a: Blaziken","|-damage|p1a: Blaziken|0 fnt","|faint|p1a: Blaziken","|","|","|switch|p1a: Cobalion|Cobalion, L77|267/267","|-item|p1a: Cobalion|Air Balloon","|turn|11","|","|move|p1a: Cobalion|Close Combat|p2a: Carracosta","|-supereffective|p2a: Carracosta","|-damage|p2a: Carracosta|0 fnt","|-unboost|p1a: Cobalion|def|1","|-unboost|p1a: Cobalion|spd|1","|faint|p2a: Carracosta","|","|","|switch|p2a: Scyther|Scyther, L81, F|245/245","|turn|12","|","|move|p2a: Scyther|Aerial Ace|p1a: Cobalion","|-damage|p1a: Cobalion|143/267","|-enditem|p1a: Cobalion|Air Balloon","|move|p1a: Cobalion|Stone Edge|p2a: Scyther","|-supereffective|p2a: Scyther","|-damage|p2a: Scyther|61/245","|","|turn|13","|","|move|p2a: Scyther|Aerial Ace|p1a: Cobalion","|-damage|p1a: Cobalion|19/267","|move|p1a: Cobalion|Stone Edge|p2a: Scyther","|-supereffective|p2a: Scyther","|-damage|p2a: Scyther|0 fnt","|faint|p2a: Scyther","|","|","|switch|p2a: Glalie|Glalie, L79, M|255/255","|turn|14","|","|detailschange|p2a: Glalie|Glalie-Mega, L79, M","|-mega|p2a: Glalie|Glalie|Glalitite","|move|p2a: Glalie|Ice Shard|p1a: Cobalion","|-resisted|p1a: Cobalion","|-damage|p1a: Cobalion|0 fnt","|faint|p1a: Cobalion","|","|","|switch|p1a: Regice|Regice, L83|268/268","|turn|15","|","|move|p2a: Glalie|Earthquake|p1a: Regice","|-damage|p1a: Regice|206/268","|move|p1a: Regice|Focus Blast|p2a: Glalie|[miss]","|-miss|p1a: Regice|p2a: Glalie","|","|turn|16","|","|move|p2a: Glalie|Earthquake|p1a: Regice","|-damage|p1a: Regice|136/268","|move|p1a: Regice|Focus Blast|p2a: Glalie|[miss]","|-miss|p1a: Regice|p2a: Glalie","|","|turn|17","|","|move|p2a: Glalie|Earthquake|p1a: Regice","|-damage|p1a: Regice|69/268","|move|p1a: Regice|Focus Blast|p2a: Glalie","|-supereffective|p2a: Glalie","|-damage|p2a: Glalie|69/255","|","|turn|18","|","|move|p2a: Glalie|Earthquake|p1a: Regice","|-damage|p1a: Regice|7/268","|move|p1a: Regice|Focus Blast|p2a: Glalie","|-supereffective|p2a: Glalie","|-damage|p2a: Glalie|0 fnt","|faint|p2a: Glalie","|","|","|switch|p2a: Linoone|Linoone, L83, F|264/264","|turn|19","|","|move|p2a: Linoone|Shadow Claw|p1a: Regice","|-damage|p1a: Regice|0 fnt","|faint|p1a: Regice","|","|","|switch|p1a: Weezing|Weezing, L81, M|238/238","|turn|20","|","|move|p2a: Linoone|Belly Drum|p2a: Linoone","|-damage|p2a: Linoone|132/264","|-setboost|p2a: Linoone|atk|6|[from] move: Belly Drum","|-enditem|p2a: Linoone|Sitrus Berry|[eat]","|-heal|p2a: Linoone|198/264|[from] item: Sitrus Berry","|move|p1a: Weezing|Fire Blast|p2a: Linoone","|-damage|p2a: Linoone|115/264","|","|turn|21","|","|move|p2a: Linoone|Extreme Speed|p1a: Weezing","|-damage|p1a: Weezing|30/238","|move|p1a: Weezing|Fire Blast|p2a: Linoone","|-damage|p2a: Linoone|31/264","|","|-heal|p1a: Weezing|44/238|[from] item: Black Sludge","|turn|22","|","|move|p2a: Linoone|Extreme Speed|p1a: Weezing","|-damage|p1a: Weezing|0 fnt","|faint|p1a: Weezing","|","|win|AlexanderMann"],"p1rating":{"entryid":7465738,"formatid":"randombattle","userid":"schuabinha01","username":"Schuabinha01","r":1500,"rd":130,"sigma":0,"rpr":1459.8393856612,"rprd":122.8583080769,"rpsigma":0,"rptime":1438938000,"w":0,"l":1,"t":0,"gxe":45,"acre":1000,"lacre":1000,"oldacre":1000},"p2rating":{"entryid":7465739,"formatid":"randombattle","userid":"alexandermann","username":"AlexanderMann","r":1500,"rd":130,"sigma":0,"rpr":1540.1606143388,"rprd":122.8583080769,"rpsigma":0,"rptime":1438938000,"w":1,"l":0,"t":0,"gxe":55,"acre":1040,"lacre":1040,"oldacre":1000},"endType":"normal"}