{"seed":[56851,43091,2654,11917],"turns":20,"p1":"WeepAngel","p2":"mortal jordean","p1team":[{"name":"Mewtwo","moves":["earthquake","bulkup","zenheadbutt","taunt"],"ability":"Unnerve","evs":{"hp":85,"atk":85,"def":85,"spa":85,"spd":85,"spe":85},"ivs":{"hp":31,"atk":31,"def":31,"spa":31,"spd":31,"spe":31},"item":"Mewtwonite X","level":73,"shiny":false},{"name":"Genesect-Chill","moves":["ironhead","shiftgear","extremespeed","technoblast"],"ability":"Download","evs":{"hp":85,"atk":85,"def":85,"spa":85,"spd":85,"spe":85},"ivs":{"hp":31,"atk":31,"def":31,"spa":31,"spd":31,"spe":31},"item":"Chill Drive","level":74,"shiny":false},{"name":"Salamence","moves":["dracometeor","outrage","dragondance","earthquake"],"ability":"Moxie","evs":{"hp":85,"atk":85,"def":85,"spa":85,"spd":85,"spe":85},"ivs":{"hp":31,"atk":31,"def":31,"spa":31,"spd":31,"spe":31},"item":"Lum Berry","level":77,"shiny":false},{"name":"Venusaur","moves":["hiddenpowerfire","substitute","leechseed","gigadrain"],"ability":"Overgrow","evs":{"hp":85,"atk":85,"def":85,"spa":85,"spd":85,"spe":85},"ivs":{"hp":31,"atk":30,"def":31,"spa":30,"spd":31,"spe":30},"item":"Black Sludge","level":79,"shiny":false},{"name":"Yanmega","moves":["gigadrain","protect","uturn","bugbuzz"],"ability":"Speed Boost","evs":{"hp":81,"atk":85,"def":85,"spa":89,"spd":85,"spe":85},"ivs":{"hp":31,"atk":31,"def":31,"spa":31,"spd":31,"spe":31},"item":"Life Orb","level":78,"shiny":false},{"name":"Liepard","moves":["knockoff","uturn","thunderwave","copycat"],"ability":"Prankster","evs":{"hp":85,"atk":85,"def":85,"spa":85,"spd":85,"spe":85},"ivs":{"hp":31,"atk":31,"def":31,"spa":31,"spd":31,"spe":31},"item":"Leftovers","level":81,"shiny":false}],"p2team":[{"name":"Jynx","moves":["psyshock","trick","icebeam","lovelykiss"],"ability":"Dry Skin","evs":{"hp":85,"atk":85,"def":85,"spa":85,"spd":85,"spe":85},"ivs":{"hp":31,"atk":31,"def":31,"spa":31,"spd":31,"spe":31},"item":"Choice Scarf","level":81,"shiny":false},{"name":"Ursaring","moves":["swordsdance","closecombat","facade","crunch"],"ability":"Quick Feet","evs":{"hp":85,"atk":85,"def":85,"spa":85,"spd":85,"spe":85},"ivs":{"hp":31,"atk":31,"def":31,"spa":31,"spd":31,"spe":31},"item":"Toxic Orb","level":83,"shiny":false},{"name":"Musharna","moves":["psychic","healbell","thunderwave","signalbeam"],"ability":"Synchronize","evs":{"hp":85,"atk":85,"def":85,"spa":85,"spd":85,"spe":85},"ivs":{"hp":31,"atk":31,"def":31,"spa":31,"spd":31,"spe":31},"item":"Leftovers","level":81,"shiny":false},{"name":"Kyurem-White","moves":["focusblast","roost","icebeam","fusionflare"],"ability":"Turboblaze","evs":{"hp":85,"atk":85,"def":85,"spa":85,"spd":85,"spe":85},"ivs":{"hp":31,"atk":31,"def":31,"spa":31,"spd":31,"spe":31},"item":"Leftovers","level":73,"shiny":false},{"name":"Mawile","moves":["ironhead","suckerpunch","playrough","knockoff"],"ability":"Intimidate","evs":{"hp":85,"atk":85,"def":85,"spa":85,"spd":85,"spe":85},"ivs":{"hp":31,"atk":31,"def":31,"spa":31,"spd":31,"spe":31},"item":"Mawilite","level":74,"shiny":false},{"name":"Scyther","moves":["bugbite","swordsdance","roost","batonpass"],"ability":"Technician","evs":{"hp":81,"atk":89,"def":85,"spa":85,"spd":85,"spe":85},"ivs":{"hp":31,"atk":31,"def":31,"spa":31,"spd":31,"spe":31},"item":"Eviolite","level":81,"shiny":false}],"log":["|player|p1|WeepAngel|53","|player|p2|mortal jordean|229","|gametype|singles","|gen|6","|tier|Random Battle","|rated","|rule|Sleep Clause Mod: Limit one foe put to sleep","|rule|HP Percentage Mod: HP is shown in percentages","|","|start","|switch|p1a: Mewtwo|Mewtwo, L73|275/275","|switch|p2a: Jynx|Jynx, L81, F|238/238","|-ability|p1a: Mewtwo|Unnerve|p2: mortal jordean","|turn|1","|","|detailschange|p1a: Mewtwo|Mewtwo-Mega-X, L73","|-mega|p1a: Mewtwo|Mewtwo|Mewtwonite X","|move|p2a: Jynx|Ice Beam|p1a: Mewtwo","|-damage|p1a: Mewtwo|170/275","|move|p1a: Mewtwo|Bulk Up|p1a: Mewtwo","|-boost|p1a: Mewtwo|atk|1","|-boost|p1a: Mewtwo|def|1","|","|turn|2","|","|move|p2a: Jynx|Ice Beam|p1a: Mewtwo","|-damage|p1a: Mewtwo|65/275","|move|p1a: Mewtwo|Earthquake|p2a: Jynx","|-damage|p2a: Jynx|0 fnt","|faint|p2a: Jynx","|","|","|switch|p2a: Musharna|Musharna, L81, M|321/321","|turn|3","|","|move|p1a: Mewtwo|Earthquake|p2a: Musharna","|-damage|p2a: Musharna|168/321","|move|p2a: Musharna|Thunder Wave|p1a: Mewtwo","|-status|p1a: Mewtwo|par","|","|-heal|p2a: Musharna|188/321|[from] item: Leftovers","|turn|4","|","|move|p2a: Musharna|Signal Beam|p1a: Mewtwo","|-damage|p1a: Mewtwo|13/275 par","|move|p1a: Mewtwo|Bulk Up|p1a: Mewtwo","|-boost|p1a: Mewtwo|atk|1","|-boost|p1a: Mewtwo|def|1","|","|-heal|p2a: Musharna|208/321|[from] item: Leftovers","|turn|5","|","|move|p2a: Musharna|Signal Beam|p1a: Mewtwo","|-crit|p1a: Mewtwo","|-damage|p1a: Mewtwo|0 fnt","|faint|p1a: Mewtwo","|","|-heal|p2a: Musharna|228/321|[from] item: Leftovers","|","|switch|p1a: Liepard|Liepard, L81, F|236/236","|turn|6","|","|move|p1a: Liepard|Knock Off|p2a: Musharna","|-supereffective|p2a: Musharna","|-damage|p2a: Musharna|30/321","|-enditem|p2a: Musharna|Leftovers|[from] move: Knock Off|[of] p1a: Liepard","|move|p2a: Musharna|Thunder Wave|p1a: Liepard","|-status|p1a: Liepard|par","|","|turn|7","|","|move|p2a: Musharna|Signal Beam|p1a: Liepard","|-supereffective|p1a: Liepard","|-damage|p1a: Liepard|72/236 par","|cant|p1a: Liepard|par","|","|-heal|p1a: Liepard|86/236 par|[from] item: Leftovers","|turn|8","|","|move|p2a: Musharna|Signal Beam|p1a: Liepard","|-supereffective|p1a: Liepard","|-damage|p1a: Liepard|0 fnt","|faint|p1a: Liepard","|","|","|switch|p1a: Yanmega|Yanmega, L78, F|261/261","|turn|9","|","|move|p1a: Yanmega|Bug Buzz|p2a: Musharna","|-supereffective|p2a: Musharna","|-damage|p2a: Musharna|0 fnt","|-damage|p1a: Yanmega|235/261|[from] item: Life Orb","|faint|p2a: Musharna","|","|-boost|p1a: Yanmega|spe|1|[from] ability: Speed Boost","|","|switch|p2a: Mawile|Mawile, L74, M|196/196","|-ability|p2a: Mawile|Intimidate","|-unboost|p1a: Yanmega|atk|1","|turn|10","|","|detailschange|p2a: Mawile|Mawile-Mega, L74, M","|-mega|p2a: Mawile|Mawile|Mawilite","|move|p1a: Yanmega|U-turn|p2a: Mawile","|-resisted|p2a: Mawile","|-damage|p2a: Mawile|186/196","|-damage|p1a: Yanmega|209/261|[from] item: Life Orb","|","|switch|p1a: Venusaur|Venusaur, L79, F|256/256","|move|p2a: Mawile|Knock Off|p1a: Venusaur","|-damage|p1a: Venusaur|140/256","|-enditem|p1a: Venusaur|Black Sludge|[from] move: Knock Off|[of] p2a: Mawile","|","|turn|11","|","|move|p1a: Venusaur|Hidden Power|p2a: Mawile","|-supereffective|p2a: Mawile","|-damage|p2a: Mawile|96/196","|move|p2a: Mawile|Knock Off|p1a: Venusaur","|-damage|p1a: Venusaur|48/256","|","|turn|12","|","|move|p1a: Venusaur|Hidden Power|p2a: Mawile","|-supereffective|p2a: Mawile","|-damage|p2a: Mawile|16/196","|move|p2a: Mawile|Knock Off|p1a: Venusaur","|-damage|p1a: Venusaur|0 fnt","|faint|p1a: Venusaur","|","|","|switch|p1a: Yanmega|Yanmega, L78, F|209/261","|turn|13","|","|move|p1a: Yanmega|Bug Buzz|p2a: Mawile","|-resisted|p2a: Mawile","|-damage|p2a: Mawile|0 fnt","|-damage|p1a: Yanmega|183/261|[from] item: Life Orb","|faint|p2a: Mawile","|","|-boost|p1a: Yanmega|spe|1|[from] ability: Speed Boost","|","|switch|p2a: Ursaring|Ursaring, L83, M|285/285","|turn|14","|","|move|p1a: Yanmega|Protect|p1a: Yanmega","|-singleturn|p1a: Yanmega|Protect","|move|p2a: Ursaring|Crunch|p1a: Yanmega","|-activate|p1a: Yanmega|Protect","|","|-boost|p1a: Yanmega|spe|1|[from] ability: Speed Boost","|-status|p2a: Ursaring|tox|[from] item: Toxic Orb","|turn|15","|","|move|p1a: Yanmega|Bug Buzz|p2a: Ursaring","|-damage|p2a: Ursaring|139/285 tox","|-unboost|p2a: Ursaring|spd|1","|-damage|p1a: Yanmega|157/261|[from] item: Life Orb","|move|p2a: Ursaring|Close Combat|p1a: Yanmega","|-resisted|p1a: Yanmega","|-damage|p1a: Yanmega|130/261","|-unboost|p2a: Ursaring|def|1","|-unboost|p2a: Ursaring|spd|1","|","|-damage|p2a: Ursaring|122/285 tox|[from] psn","|-boost|p1a: Yanmega|spe|1|[from] ability: Speed Boost","|turn|16","|","|move|p1a: Yanmega|Bug Buzz|p2a: Ursaring","|-damage|p2a: Ursaring|0 fnt","|-damage|p1a: Yanmega|104/261|[from] item: Life Orb","|faint|p2a: Ursaring","|","|-boost|p1a: Yanmega|spe|1|[from] ability: Speed Boost","|","|switch|p2a: Scyther|Scyther, L81, F|245/245","|turn|17","|","|move|p1a: Yanmega|Protect|p1a: Yanmega","|-singleturn|p1a: Yanmega|Protect","|move|p2a: Scyther|Bug Bite|p1a: Yanmega","|-activate|p1a: Yanmega|Protect","|","|-boost|p1a: Yanmega|spe|1|[from] ability: Speed Boost","|turn|18","|","|move|p1a: Yanmega|Bug Buzz|p2a: Scyther","|-resisted|p2a: Scyther","|-damage|p2a: Scyther|196/245","|-damage|p1a: Yanmega|78/261|[from] item: Life Orb","|move|p2a: Scyther|Baton Pass|p2a: Scyther","|","|switch|p2a: Kyurem-White|Kyurem-White, L73|303/303","|-ability|p2a: Kyurem-White|Turboblaze","|","|-boost|p1a: Yanmega|spe|1|[from] ability: Speed Boost","|turn|19","|","|move|p1a: Yanmega|Bug Buzz|p2a: Kyurem-White","|-damage|p2a: Kyurem-White|177/303","|-damage|p1a: Yanmega|52/261|[from] item: Life Orb","|move|p2a: Kyurem-White|Focus Blast|p1a: Yanmega","|-resisted|p1a: Yanmega","|-damage|p1a: Yanmega|17/261","|-unboost|p1a: Yanmega|spd|1","|","|-heal|p2a: Kyurem-White|195/303|[from] item: Leftovers","|turn|20","|","|move|p1a: Yanmega|Bug Buzz|p2a: Kyurem-White","|-damage|p2a: Kyurem-White|70/303","|-damage|p1a: Yanmega|0 fnt|[from] item: Life Orb","|faint|p1a: Yanmega","|move|p2a: Kyurem-White|Focus Blast|p1: Yanmega|[notarget]","|-notarget","|","|-heal|p2a: Kyurem-White|88/303|[from] item: Leftovers","|","|win|mortal jordean"],"p1rating":{"entryid":"7471456","serverid":"eos","formatid":"randombattle","userid":"weepangel","username":"WeepAngel","w":"0","l":2,"t":"0","gxe":39.5,"r":"1500","rd":"130","sigma":"0","rptime":"1438938000","rpr":1415.2417287448,"rprd":116.81254152192,"rpsigma":"0","acre":1000,"lacre":1000,"oldacre":"1000"},"p2rating":{"entryid":"6786940","serverid":"eos","formatid":"randombattle","userid":"mortaljordean","username":"mortal jordean","w":4,"l":"8","t":"0","gxe":40,"r":"1394.5287321633","rd":"90.630034040369","sigma":"0","rptime":"1438938000","rpr":1420.9389105451,"rprd":88.286330435165,"rpsigma":"0","acre":1096.5519450244,"lacre":1096.5519450244,"oldacre":"1073.6456820867"},"endType":"forfeit"}