{"seed":[12683,29950,54286,23532],"turns":25,"p1":"Guard Darkrai","p2":"MikeBoom","p1team":[{"name":"Rhyperior","moves":["stoneedge","stealthrock","dragontail","megahorn"],"ability":"Solid Rock","evs":{"hp":85,"atk":85,"def":85,"spa":85,"spd":85,"spe":85},"ivs":{"hp":31,"atk":31,"def":31,"spa":31,"spd":31,"spe":31},"item":"Leftovers","level":79,"shiny":false},{"name":"Tentacruel","moves":["toxicspikes","knockoff","protect","sludgebomb"],"ability":"Clear Body","evs":{"hp":85,"atk":85,"def":85,"spa":85,"spd":85,"spe":85},"ivs":{"hp":31,"atk":31,"def":31,"spa":31,"spd":31,"spe":31},"item":"Black Sludge","level":77,"shiny":false},{"name":"Shaymin","moves":["substitute","leechseed","rest","seedflare"],"ability":"Natural Cure","evs":{"hp":85,"atk":85,"def":85,"spa":85,"spd":85,"spe":85},"ivs":{"hp":31,"atk":31,"def":31,"spa":31,"spd":31,"spe":31},"item":"Leftovers","level":77,"shiny":false},{"name":"Grumpig","moves":["psychic","lightscreen","focusblast","toxic"],"ability":"Thick Fat","evs":{"hp":85,"atk":85,"def":85,"spa":85,"spd":85,"spe":85},"ivs":{"hp":31,"atk":31,"def":31,"spa":31,"spd":31,"spe":31},"item":"Light Clay","level":83,"shiny":false},{"name":"Avalugg","moves":["roar","rapidspin","toxic","avalanche"],"ability":"Sturdy","evs":{"hp":85,"atk":85,"def":85,"spa":85,"spd":85,"spe":85},"ivs":{"hp":31,"atk":31,"def":31,"spa":31,"spd":31,"spe":31},"item":"Leftovers","level":83,"shiny":false},{"name":"Talonflame","moves":["swordsdance","flareblitz","willowisp","bravebird"],"ability":"Gale Wings","evs":{"hp":85,"atk":85,"def":85,"spa":85,"spd":85,"spe":85},"ivs":{"hp":31,"atk":31,"def":31,"spa":31,"spd":31,"spe":31},"item":"Leftovers","level":75,"shiny":false}],"p2team":[{"name":"Minun","moves":["encore","substitute","batonpass","thunderbolt"],"ability":"Volt Absorb","evs":{"hp":85,"atk":85,"def":85,"spa":85,"spd":85,"spe":85},"ivs":{"hp":31,"atk":31,"def":31,"spa":31,"spd":31,"spe":31},"item":"Leftovers","level":83,"shiny":false},{"name":"Rotom-Mow","moves":["leafstorm","hiddenpowerfire","willowisp","trick"],"ability":"Levitate","evs":{"hp":85,"atk":85,"def":85,"spa":85,"spd":85,"spe":85},"ivs":{"hp":31,"atk":30,"def":31,"spa":30,"spd":31,"spe":30},"item":"Choice Scarf","level":79,"shiny":false},{"name":"Fearow","moves":["pursuit","uturn","doubleedge","drillpeck"],"ability":"Sniper","evs":{"hp":81,"atk":89,"def":85,"spa":85,"spd":85,"spe":85},"ivs":{"hp":31,"atk":31,"def":31,"spa":31,"spd":31,"spe":31},"item":"Choice Scarf","level":83,"shiny":false},{"name":"Skarmory","moves":["roost","defog","bravebird","stealthrock"],"ability":"Sturdy","evs":{"hp":85,"atk":85,"def":85,"spa":85,"spd":85,"spe":85},"ivs":{"hp":31,"atk":31,"def":31,"spa":31,"spd":31,"spe":31},"item":"Leftovers","level":75,"shiny":false},{"name":"Uxie","moves":["yawn","knockoff","psychic","uturn"],"ability":"Levitate","evs":{"hp":85,"atk":85,"def":85,"spa":85,"spd":85,"spe":85},"ivs":{"hp":31,"atk":31,"def":31,"spa":31,"spd":31,"spe":31},"item":"Leftovers","level":79,"shiny":false},{"name":"Steelix","moves":["heavyslam","roar","earthquake","stealthrock"],"ability":"Sturdy","evs":{"hp":85,"atk":85,"def":85,"spa":85,"spd":85,"spe":85},"ivs":{"hp":31,"atk":31,"def":31,"spa":31,"spd":31,"spe":31},"item":"Steelixite","level":79,"shiny":false}],"log":["|player|p1|Guard Darkrai|guarddarkrai.png","|player|p2|MikeBoom|290","|gametype|singles","|gen|6","|tier|Random Battle","|rated","|rule|Sleep Clause Mod: Limit one foe put to sleep","|rule|HP Percentage Mod: HP is shown in percentages","|","|start","|switch|p1a: Rhyperior|Rhyperior, L79, F|311/311","|switch|p2a: Minun|Minun, L83, M|235/235","|turn|1","|","|move|p2a: Minun|Substitute|p2a: Minun","|-start|p2a: Minun|Substitute","|-damage|p2a: Minun|177/235","|move|p1a: Rhyperior|Stone Edge|p2a: Minun","|-end|p2a: Minun|Substitute","|","|-heal|p2a: Minun|191/235|[from] item: Leftovers","|turn|2","|","|switch|p2a: Steelix|Steelix, L79, M|248/248","|move|p1a: Rhyperior|Dragon Tail|p2a: Steelix","|-resisted|p2a: Steelix","|-damage|p2a: Steelix|233/248","|drag|p2a: Rotom-Mow|Rotom-Mow, L79|209/209","|","|turn|3","|","|move|p2a: Rotom-Mow|Leaf Storm|p1a: Rhyperior","|-supereffective|p1a: Rhyperior","|-damage|p1a: Rhyperior|0 fnt","|-unboost|p2a: Rotom-Mow|spa|2","|faint|p1a: Rhyperior","|","|","|switch|p1a: Talonflame|Talonflame, L75, F|241/241","|turn|4","|","|switch|p2a: Uxie|Uxie, L79|248/248","|move|p1a: Talonflame|Swords Dance|p1a: Talonflame","|-boost|p1a: Talonflame|atk|2","|","|turn|5","|","|move|p1a: Talonflame|Flare Blitz|p2a: Uxie","|-damage|p2a: Uxie|115/248","|-damage|p1a: Talonflame|197/241|[from] recoil|[of] p2a: Uxie","|move|p2a: Uxie|Knock Off|p1a: Talonflame","|-damage|p1a: Talonflame|135/241","|-enditem|p1a: Talonflame|Leftovers|[from] move: Knock Off|[of] p2a: Uxie","|","|-heal|p2a: Uxie|130/248|[from] item: Leftovers","|turn|6","|","|move|p1a: Talonflame|Flare Blitz|p2a: Uxie","|-damage|p2a: Uxie|0 fnt","|-damage|p1a: Talonflame|92/241|[from] recoil|[of] p2a: Uxie","|faint|p2a: Uxie","|","|","|switch|p2a: Minun|Minun, L83, M|191/235","|turn|7","|","|move|p1a: Talonflame|Flare Blitz|p2a: Minun","|-damage|p2a: Minun|0 fnt","|-damage|p1a: Talonflame|29/241|[from] recoil|[of] p2a: Minun","|faint|p2a: Minun","|","|","|switch|p2a: Fearow|Fearow, L83, M|243/243","|turn|8","|","|move|p1a: Talonflame|Brave Bird|p2a: Fearow","|-damage|p2a: Fearow|18/243","|-damage|p1a: Talonflame|0 fnt|[from] recoil|[of] p2a: Fearow","|faint|p1a: Talonflame","|move|p2a: Fearow|Pursuit|p1: Talonflame|[notarget]","|-notarget","|","|","|switch|p1a: Tentacruel|Tentacruel, L77, F|250/250","|turn|9","|","|move|p2a: Fearow|Pursuit|p1a: Tentacruel","|-damage|p1a: Tentacruel|211/250","|move|p1a: Tentacruel|Sludge Bomb|p2a: Fearow","|-damage|p2a: Fearow|0 fnt","|faint|p2a: Fearow","|","|-heal|p1a: Tentacruel|226/250|[from] item: Black Sludge","|","|switch|p2a: Rotom-Mow|Rotom-Mow, L79|209/209","|turn|10","|","|move|p1a: Tentacruel|Protect|p1a: Tentacruel","|-singleturn|p1a: Tentacruel|Protect","|move|p2a: Rotom-Mow|Leaf Storm|p1a: Tentacruel","|-activate|p1a: Tentacruel|Protect","|","|-heal|p1a: Tentacruel|241/250|[from] item: Black Sludge","|turn|11","|","|move|p2a: Rotom-Mow|Leaf Storm|p1a: Tentacruel","|-damage|p1a: Tentacruel|129/250","|-unboost|p2a: Rotom-Mow|spa|2","|move|p1a: Tentacruel|Sludge Bomb|p2a: Rotom-Mow","|-supereffective|p2a: Rotom-Mow","|-damage|p2a: Rotom-Mow|81/209","|","|-heal|p1a: Tentacruel|144/250|[from] item: Black Sludge","|turn|12","|","|move|p2a: Rotom-Mow|Leaf Storm|p1a: Tentacruel","|-damage|p1a: Tentacruel|87/250","|-unboost|p2a: Rotom-Mow|spa|2","|move|p1a: Tentacruel|Sludge Bomb|p2a: Rotom-Mow","|-supereffective|p2a: Rotom-Mow","|-damage|p2a: Rotom-Mow|0 fnt","|faint|p2a: Rotom-Mow","|","|-heal|p1a: Tentacruel|102/250|[from] item: Black Sludge","|","|switch|p2a: Skarmory|Skarmory, L75, F|221/221","|turn|13","|","|move|p1a: Tentacruel|Knock Off|p2a: Skarmory","|-damage|p2a: Skarmory|186/221","|-enditem|p2a: Skarmory|Leftovers|[from] move: Knock Off|[of] p1a: Tentacruel","|move|p2a: Skarmory|Stealth Rock|p1a: Tentacruel","|-sidestart|p1: Guard Darkrai|move: Stealth Rock","|","|-heal|p1a: Tentacruel|117/250|[from] item: Black Sludge","|turn|14","|","|switch|p1a: Shaymin|Shaymin, L77|281/281","|-damage|p1a: Shaymin|246/281|[from] Stealth Rock","|move|p2a: Skarmory|Brave Bird|p1a: Shaymin","|-supereffective|p1a: Shaymin","|-damage|p1a: Shaymin|60/281","|-damage|p2a: Skarmory|125/221|[from] recoil|[of] p1a: Shaymin","|","|-heal|p1a: Shaymin|77/281|[from] item: Leftovers","|turn|15","|","|move|p1a: Shaymin|Leech Seed|p2a: Skarmory","|-start|p2a: Skarmory|move: Leech Seed","|move|p2a: Skarmory|Brave Bird|p1a: Shaymin","|-crit|p1a: Shaymin","|-supereffective|p1a: Shaymin","|-damage|p1a: Shaymin|0 fnt","|-damage|p2a: Skarmory|100/221|[from] recoil|[of] p1a: Shaymin","|faint|p1a: Shaymin","|","|","|switch|p1a: Tentacruel|Tentacruel, L77, F|117/250","|-damage|p1a: Tentacruel|86/250|[from] Stealth Rock","|turn|16","|","|move|p1a: Tentacruel|Protect|p1a: Tentacruel","|-singleturn|p1a: Tentacruel|Protect","|move|p2a: Skarmory|Defog|p1a: Tentacruel","|-activate|p1a: Tentacruel|Protect","|","|-heal|p1a: Tentacruel|101/250|[from] item: Black Sludge","|-damage|p2a: Skarmory|73/221|[from] Leech Seed|[of] p1a: Tentacruel","|-heal|p1a: Tentacruel|128/250|[silent]","|turn|17","|","|move|p1a: Tentacruel|Protect|p1a: Tentacruel","|-fail|p1a: Tentacruel","|move|p2a: Skarmory|Roost|p2a: Skarmory","|-heal|p2a: Skarmory|184/221","|","|-heal|p1a: Tentacruel|143/250|[from] item: Black Sludge","|-damage|p2a: Skarmory|157/221|[from] Leech Seed|[of] p1a: Tentacruel","|-heal|p1a: Tentacruel|170/250|[silent]","|turn|18","|","|switch|p1a: Grumpig|Grumpig, L83, M|268/268","|-damage|p1a: Grumpig|235/268|[from] Stealth Rock","|move|p2a: Skarmory|Roost|p2a: Skarmory","|-heal|p2a: Skarmory|221/221","|","|-damage|p2a: Skarmory|194/221|[from] Leech Seed|[of] p1a: Grumpig","|-heal|p1a: Grumpig|262/268|[silent]","|turn|19","|","|move|p1a: Grumpig|Psychic|p2a: Skarmory","|-resisted|p2a: Skarmory","|-damage|p2a: Skarmory|140/221","|-unboost|p2a: Skarmory|spd|1","|move|p2a: Skarmory|Defog|p1a: Grumpig","|-unboost|p1a: Grumpig|evasion|1","|-sideend|p1: Guard Darkrai|Stealth Rock|[from] move: Defog|[of] p1a: Grumpig","|","|-damage|p2a: Skarmory|113/221|[from] Leech Seed|[of] p1a: Grumpig","|-heal|p1a: Grumpig|268/268|[silent]","|turn|20","|","|move|p1a: Grumpig|Psychic|p2a: Skarmory","|-resisted|p2a: Skarmory","|-damage|p2a: Skarmory|27/221","|move|p2a: Skarmory|Roost|p2a: Skarmory","|-heal|p2a: Skarmory|138/221","|","|-damage|p2a: Skarmory|111/221|[from] Leech Seed|[of] p1a: Grumpig","|turn|21","|","|switch|p2a: Steelix|Steelix, L79, M|233/248","|move|p1a: Grumpig|Psychic|p2a: Steelix","|-resisted|p2a: Steelix","|-damage|p2a: Steelix|174/248","|","|turn|22","|","|move|p1a: Grumpig|Focus Blast|p2a: Steelix|[miss]","|-miss|p1a: Grumpig|p2a: Steelix","|move|p2a: Steelix|Earthquake|p1a: Grumpig","|-damage|p1a: Grumpig|166/268","|","|turn|23","|","|move|p1a: Grumpig|Focus Blast|p2a: Steelix|[miss]","|-miss|p1a: Grumpig|p2a: Steelix","|move|p2a: Steelix|Heavy Slam|p1a: Grumpig","|-damage|p1a: Grumpig|28/268","|","|turn|24","|","|switch|p2a: Skarmory|Skarmory, L75, F|111/221","|move|p1a: Grumpig|Focus Blast|p2a: Skarmory","|-damage|p2a: Skarmory|0 fnt","|faint|p2a: Skarmory","|","|","|switch|p2a: Steelix|Steelix, L79, M|174/248","|turn|25","|","|move|p1a: Grumpig|Focus Blast|p2a: Steelix","|-supereffective|p2a: Steelix","|-damage|p2a: Steelix|0 fnt","|faint|p2a: Steelix","|","|win|Guard Darkrai"],"p1rating":{"entryid":"6894768","serverid":"eos","formatid":"randombattle","userid":"guarddarkrai","username":"Guard Darkrai","w":7,"l":"4","t":"0","gxe":58.2,"r":"1556.03146782","rd":"95.916261515125","sigma":"0","rptime":"1438938000","rpr":1564.1819239576,"rprd":88.012187827436,"rpsigma":"0","acre":1114.0619455866,"lacre":1114.0619455866,"oldacre":"1095.2221423263"},"p2rating":{"entryid":7474317,"formatid":"randombattle","userid":"mikeboom","username":"MikeBoom","r":1500,"rd":130,"sigma":0,"rpr":1464.972033069,"rprd":122.55820725958,"rpsigma":0,"rptime":1438938000,"w":0,"l":1,"t":0,"gxe":45.6,"acre":1000,"lacre":1000,"oldacre":1000},"endType":"normal"}