{"seed":[46854,17522,49210,65295],"turns":23,"p1":"vitorpvp 1227","p2":"GTX♅bookman","p1team":[{"name":"Heatmor","moves":["focusblast","knockoff","gigadrain","fireblast"],"ability":"Flash Fire","evs":{"hp":85,"atk":85,"def":85,"spa":85,"spd":85,"spe":85},"ivs":{"hp":31,"atk":31,"def":31,"spa":31,"spd":31,"spe":31},"item":"Expert Belt","level":83,"shiny":false},{"name":"Girafarig","moves":["psyshock","substitute","hypervoice","batonpass"],"ability":"Sap Sipper","evs":{"hp":85,"atk":85,"def":85,"spa":85,"spd":85,"spe":85},"ivs":{"hp":31,"atk":31,"def":31,"spa":31,"spd":31,"spe":31},"item":"Leftovers","level":83,"shiny":false},{"name":"Mandibuzz","moves":["bravebird","whirlwind","defog","toxic"],"ability":"Overcoat","evs":{"hp":81,"atk":89,"def":85,"spa":85,"spd":85,"spe":85},"ivs":{"hp":31,"atk":31,"def":31,"spa":31,"spd":31,"spe":31},"item":"Leftovers","level":77,"shiny":false},{"name":"Escavalier","moves":["drillrun","swordsdance","knockoff","megahorn"],"ability":"Swarm","evs":{"hp":85,"atk":85,"def":85,"spa":85,"spd":85,"spe":85},"ivs":{"hp":31,"atk":31,"def":31,"spa":31,"spd":31,"spe":31},"item":"Life Orb","level":79,"shiny":false},{"name":"Cobalion","moves":["swordsdance","substitute","ironhead","closecombat"],"ability":"Justified","evs":{"hp":85,"atk":85,"def":85,"spa":85,"spd":85,"spe":85},"ivs":{"hp":31,"atk":31,"def":31,"spa":31,"spd":31,"spe":31},"item":"Leftovers","level":77,"shiny":false},{"name":"Scolipede","moves":["megahorn","swordsdance","earthquake","rockslide"],"ability":"Speed Boost","evs":{"hp":81,"atk":89,"def":85,"spa":85,"spd":85,"spe":85},"ivs":{"hp":31,"atk":31,"def":31,"spa":31,"spd":31,"spe":31},"item":"Life Orb","level":76,"shiny":false}],"p2team":[{"name":"Mamoswine","moves":["iceshard","superpower","earthquake","endeavor"],"ability":"Thick Fat","evs":{"hp":85,"atk":85,"def":85,"spa":85,"spd":85,"spe":85},"ivs":{"hp":31,"atk":31,"def":31,"spa":31,"spd":31,"spe":31},"item":"Focus Sash","level":77,"shiny":false},{"name":"Cacturne","moves":["spikes","substitute","suckerpunch","seedbomb"],"ability":"Water Absorb","evs":{"hp":85,"atk":85,"def":85,"spa":85,"spd":85,"spe":85},"ivs":{"hp":31,"atk":31,"def":31,"spa":31,"spd":31,"spe":31},"item":"Leftovers","level":81,"shiny":false},{"name":"Golduck","moves":["scald","calmmind","substitute","signalbeam"],"ability":"Cloud Nine","evs":{"hp":85,"atk":85,"def":85,"spa":85,"spd":85,"spe":85},"ivs":{"hp":31,"atk":31,"def":31,"spa":31,"spd":31,"spe":31},"item":"Leftovers","level":83,"shiny":false},{"name":"Wobbuffet","moves":["destinybond","encore","mirrorcoat","counter"],"ability":"Shadow Tag","evs":{"hp":85,"atk":85,"def":85,"spa":85,"spd":85,"spe":85},"ivs":{"hp":31,"atk":31,"def":31,"spa":31,"spd":31,"spe":31},"item":"Leftovers","level":79,"shiny":false},{"name":"Gligar","moves":["knockoff","earthquake","stealthrock","uturn"],"ability":"Sand Veil","evs":{"hp":85,"atk":85,"def":85,"spa":85,"spd":85,"spe":85},"ivs":{"hp":31,"atk":31,"def":31,"spa":31,"spd":31,"spe":31},"item":"Eviolite","level":77,"shiny":false},{"name":"Delphox","moves":["calmmind","fireblast","psyshock","grassknot"],"ability":"Magician","evs":{"hp":81,"atk":85,"def":85,"spa":89,"spd":85,"spe":85},"ivs":{"hp":31,"atk":31,"def":31,"spa":31,"spd":31,"spe":31},"item":"Life Orb","level":79,"shiny":false}],"log":["|player|p1|vitorpvp 1227|153","|player|p2|GTX♅bookman|238","|gametype|singles","|gen|6","|tier|Random Battle","|rated","|rule|Sleep Clause Mod: Limit one foe put to sleep","|rule|HP Percentage Mod: HP is shown in percentages","|","|start","|switch|p1a: Heatmor|Heatmor, L83, M|277/277","|switch|p2a: Mamoswine|Mamoswine, L77, F|296/296","|turn|1","|","|move|p2a: Mamoswine|Ice Shard|p1a: Heatmor","|-resisted|p1a: Heatmor","|-damage|p1a: Heatmor|250/277","|move|p1a: Heatmor|Fire Blast|p2a: Mamoswine","|-supereffective|p2a: Mamoswine","|-damage|p2a: Mamoswine|94/296","|","|turn|2","|","|move|p2a: Mamoswine|Superpower|p1a: Heatmor","|-damage|p1a: Heatmor|145/277","|-unboost|p2a: Mamoswine|atk|1","|-unboost|p2a: Mamoswine|def|1","|move|p1a: Heatmor|Fire Blast|p2a: Mamoswine","|-supereffective|p2a: Mamoswine","|-damage|p2a: Mamoswine|0 fnt","|faint|p2a: Mamoswine","|","|","|switch|p2a: Golduck|Golduck, L83, M|268/268","|-ability|p2a: Golduck|Cloud Nine","|turn|3","|","|move|p2a: Golduck|Scald|p1a: Heatmor","|-supereffective|p1a: Heatmor","|-damage|p1a: Heatmor|0 fnt","|faint|p1a: Heatmor","|","|","|switch|p1a: Mandibuzz|Mandibuzz, L77, F|295/295","|turn|4","|","|move|p2a: Golduck|Calm Mind|p2a: Golduck","|-boost|p2a: Golduck|spa|1","|-boost|p2a: Golduck|spd|1","|move|p1a: Mandibuzz|Brave Bird|p2a: Golduck","|-damage|p2a: Golduck|178/268","|-damage|p1a: Mandibuzz|265/295|[from] recoil|[of] p2a: Golduck","|","|-heal|p2a: Golduck|194/268|[from] item: Leftovers","|-heal|p1a: Mandibuzz|283/295|[from] item: Leftovers","|turn|5","|","|move|p2a: Golduck|Signal Beam|p1a: Mandibuzz","|-damage|p1a: Mandibuzz|198/295","|move|p1a: Mandibuzz|Toxic|p2a: Golduck","|-status|p2a: Golduck|tox","|","|-heal|p2a: Golduck|210/268 tox|[from] item: Leftovers","|-heal|p1a: Mandibuzz|216/295|[from] item: Leftovers","|-damage|p2a: Golduck|194/268 tox|[from] psn","|turn|6","|","|move|p2a: Golduck|Calm Mind|p2a: Golduck","|-boost|p2a: Golduck|spa|1","|-boost|p2a: Golduck|spd|1","|move|p1a: Mandibuzz|Whirlwind|p2a: Golduck","|drag|p2a: Gligar|Gligar, L77, F|227/227","|","|-heal|p1a: Mandibuzz|234/295|[from] item: Leftovers","|turn|7","|","|move|p2a: Gligar|Stealth Rock|p1a: Mandibuzz","|-sidestart|p1: vitorpvp 1227|move: Stealth Rock","|move|p1a: Mandibuzz|Toxic|p2a: Gligar","|-status|p2a: Gligar|tox","|","|-heal|p1a: Mandibuzz|252/295|[from] item: Leftovers","|-damage|p2a: Gligar|213/227 tox|[from] psn","|turn|8","|","|move|p2a: Gligar|U-turn|p1a: Mandibuzz","|-damage|p1a: Mandibuzz|219/295","|","|switch|p2a: Golduck|Golduck, L83, M|194/268 tox","|-ability|p2a: Golduck|Cloud Nine","|move|p1a: Mandibuzz|Defog|p2a: Golduck","|-unboost|p2a: Golduck|evasion|1","|-sideend|p1: vitorpvp 1227|Stealth Rock|[from] move: Defog|[of] p1a: Mandibuzz","|","|-heal|p2a: Golduck|210/268 tox|[from] item: Leftovers","|-heal|p1a: Mandibuzz|237/295|[from] item: Leftovers","|-damage|p2a: Golduck|194/268 tox|[from] psn","|turn|9","|","|move|p2a: Golduck|Signal Beam|p1a: Mandibuzz","|-damage|p1a: Mandibuzz|186/295","|move|p1a: Mandibuzz|Whirlwind|p2a: Golduck","|drag|p2a: Wobbuffet|Wobbuffet, L79, F|430/430","|","|-heal|p1a: Mandibuzz|204/295|[from] item: Leftovers","|turn|10","|","|move|p1a: Mandibuzz|Toxic|p2a: Wobbuffet","|-status|p2a: Wobbuffet|tox","|move|p2a: Wobbuffet|Mirror Coat|p1a: Mandibuzz","|-immune|p1a: Mandibuzz|[msg]","|","|-heal|p1a: Mandibuzz|222/295|[from] item: Leftovers","|-damage|p2a: Wobbuffet|404/430 tox|[from] psn","|turn|11","|","|move|p1a: Mandibuzz|Defog|p2a: Wobbuffet","|-unboost|p2a: Wobbuffet|evasion|1","|move|p2a: Wobbuffet|Counter|p1a: Mandibuzz","|-fail|p1a: Mandibuzz","|","|-heal|p1a: Mandibuzz|240/295|[from] item: Leftovers","|-heal|p2a: Wobbuffet|430/430 tox|[from] item: Leftovers","|-damage|p2a: Wobbuffet|378/430 tox|[from] psn","|turn|12","|","|move|p1a: Mandibuzz|Toxic|p2a: Wobbuffet","|-fail|p2a: Wobbuffet|tox","|move|p2a: Wobbuffet|Destiny Bond|p2a: Wobbuffet","|-singlemove|p2a: Wobbuffet|Destiny Bond","|","|-heal|p1a: Mandibuzz|258/295|[from] item: Leftovers","|-heal|p2a: Wobbuffet|404/430 tox|[from] item: Leftovers","|-damage|p2a: Wobbuffet|326/430 tox|[from] psn","|turn|13","|","|move|p1a: Mandibuzz|Brave Bird|p2a: Wobbuffet","|-damage|p2a: Wobbuffet|203/430 tox","|-damage|p1a: Mandibuzz|217/295|[from] recoil|[of] p2a: Wobbuffet","|move|p2a: Wobbuffet|Counter|p1a: Mandibuzz","|-damage|p1a: Mandibuzz|0 fnt","|faint|p1a: Mandibuzz","|","|-heal|p2a: Wobbuffet|229/430 tox|[from] item: Leftovers","|-damage|p2a: Wobbuffet|125/430 tox|[from] psn","|","|switch|p1a: Scolipede|Scolipede, L76, F|215/215","|turn|14","|","|move|p1a: Scolipede|Swords Dance|p1a: Scolipede","|-boost|p1a: Scolipede|atk|2","|move|p2a: Wobbuffet|Counter|p1a: Scolipede","|-fail|p1a: Scolipede","|","|-heal|p2a: Wobbuffet|151/430 tox|[from] item: Leftovers","|-damage|p2a: Wobbuffet|21/430 tox|[from] psn","|-boost|p1a: Scolipede|spe|1|[from] ability: Speed Boost","|turn|15","|","|move|p1a: Scolipede|Megahorn|p2a: Wobbuffet","|-supereffective|p2a: Wobbuffet","|-damage|p2a: Wobbuffet|0 fnt","|-damage|p1a: Scolipede|194/215|[from] item: Life Orb","|faint|p2a: Wobbuffet","|","|-boost|p1a: Scolipede|spe|1|[from] ability: Speed Boost","|","|switch|p2a: Delphox|Delphox, L79, F|247/247","|turn|16","|","|move|p1a: Scolipede|Rock Slide|p2a: Delphox","|-supereffective|p2a: Delphox","|-damage|p2a: Delphox|0 fnt","|-damage|p1a: Scolipede|173/215|[from] item: Life Orb","|faint|p2a: Delphox","|","|-boost|p1a: Scolipede|spe|1|[from] ability: Speed Boost","|","|switch|p2a: Cacturne|Cacturne, L81, F|246/246","|turn|17","|","|move|p2a: Cacturne|Sucker Punch|p1a: Scolipede","|-fail|p2a: Cacturne","|move|p1a: Scolipede|Swords Dance|p1a: Scolipede","|-boost|p1a: Scolipede|atk|2","|","|-boost|p1a: Scolipede|spe|1|[from] ability: Speed Boost","|turn|18","|","|move|p2a: Cacturne|Sucker Punch|p1a: Scolipede","|-damage|p1a: Scolipede|76/215","|move|p1a: Scolipede|Megahorn|p2a: Cacturne","|-supereffective|p2a: Cacturne","|-damage|p2a: Cacturne|0 fnt","|-damage|p1a: Scolipede|55/215|[from] item: Life Orb","|faint|p2a: Cacturne","|","|-boost|p1a: Scolipede|spe|1|[from] ability: Speed Boost","|","|switch|p2a: Gligar|Gligar, L77, F|213/227 tox","|turn|19","|","|move|p1a: Scolipede|Rock Slide|p2a: Gligar","|-damage|p2a: Gligar|97/227 tox","|-damage|p1a: Scolipede|34/215|[from] item: Life Orb","|move|p2a: Gligar|Earthquake|p1a: Scolipede","|-crit|p1a: Scolipede","|-damage|p1a: Scolipede|0 fnt","|faint|p1a: Scolipede","|","|-damage|p2a: Gligar|83/227 tox|[from] psn","|","|switch|p1a: Cobalion|Cobalion, L77|267/267","|turn|20","|","|move|p1a: Cobalion|Iron Head|p2a: Gligar","|-damage|p2a: Gligar|38/227 tox","|move|p2a: Gligar|Knock Off|p1a: Cobalion","|-resisted|p1a: Cobalion","|-damage|p1a: Cobalion|250/267","|-boost|p1a: Cobalion|atk|1|[from] ability: Justified","|-enditem|p1a: Cobalion|Leftovers|[from] move: Knock Off|[of] p2a: Gligar","|","|-damage|p2a: Gligar|10/227 tox|[from] psn","|turn|21","|","|move|p1a: Cobalion|Iron Head|p2a: Gligar","|-damage|p2a: Gligar|0 fnt","|faint|p2a: Gligar","|","|","|switch|p2a: Golduck|Golduck, L83, M|194/268 tox","|-ability|p2a: Golduck|Cloud Nine","|turn|22","|","|move|p1a: Cobalion|Close Combat|p2a: Golduck","|-damage|p2a: Golduck|35/268 tox","|-unboost|p1a: Cobalion|def|1","|-unboost|p1a: Cobalion|spd|1","|move|p2a: Golduck|Scald|p1a: Cobalion","|-damage|p1a: Cobalion|87/267","|","|-heal|p2a: Golduck|51/268 tox|[from] item: Leftovers","|-damage|p2a: Golduck|35/268 tox|[from] psn","|turn|23","|","|move|p1a: Cobalion|Iron Head|p2a: Golduck","|-resisted|p2a: Golduck","|-damage|p2a: Golduck|0 fnt","|faint|p2a: Golduck","|","|win|vitorpvp 1227"],"p1rating":{"entryid":"7448720","serverid":"eos","formatid":"randombattle","userid":"vitorpvp1227","username":"vitorpvp 1227","w":1,"l":"2","t":"0","gxe":45.6,"r":1433.7322450172,"rd":116.1812687354,"sigma":"0","rptime":1438938000,"rpr":1465.4323720249,"rprd":110.44293940665,"rpsigma":"0","acre":1045.209933625,"lacre":1045.209933625,"oldacre":"1000"},"p2rating":{"entryid":"6888133","serverid":"eos","formatid":"randombattle","userid":"gtxbookman","username":"Gtx Bookman","w":"10","l":21,"t":"0","gxe":36.9,"r":"1405.9719113268","rd":"64.910906386595","sigma":"0","rptime":"1438938000","rpr":1397.7397114476,"rprd":64.019684448802,"rpsigma":"0","acre":1026.4930761818,"lacre":1026.4930761818,"oldacre":"1045.5114448395"},"endType":"normal"}