{"seed":[28189,57336,50091,53053],"turns":26,"p1":"FoshoSL","p2":"Guard Darkrai","p1team":[{"name":"Ninjask","moves":["xscissor","substitute","protect","batonpass"],"ability":"Speed Boost","evs":{"hp":85,"atk":85,"def":85,"spa":85,"spd":85,"spe":85},"ivs":{"hp":31,"atk":31,"def":31,"spa":31,"spd":31,"spe":31},"item":"Leftovers","level":83,"shiny":false},{"name":"Pidgeot","moves":["roost","heatwave","hurricane","defog"],"ability":"Tangled Feet","evs":{"hp":85,"atk":85,"def":85,"spa":85,"spd":85,"spe":85},"ivs":{"hp":31,"atk":31,"def":31,"spa":31,"spd":31,"spe":31},"item":"Pidgeotite","level":76,"shiny":false},{"name":"Meloetta","moves":["return","knockoff","closecombat","relicsong"],"ability":"Serene Grace","evs":{"hp":85,"atk":85,"def":85,"spa":85,"spd":85,"spe":85},"ivs":{"hp":31,"atk":31,"def":31,"spa":31,"spd":31,"spe":31},"item":"Life Orb","level":79,"shiny":false},{"name":"Camerupt","moves":["hiddenpowergrass","roar","stealthrock","fireblast"],"ability":"Solid Rock","evs":{"hp":85,"atk":85,"def":85,"spa":85,"spd":85,"spe":85},"ivs":{"hp":31,"atk":30,"def":31,"spa":30,"spd":31,"spe":31},"item":"Leftovers","level":79,"shiny":false},{"name":"Venomoth","moves":["bugbuzz","sleeppowder","sludgebomb","quiverdance"],"ability":"Tinted Lens","evs":{"hp":81,"atk":85,"def":85,"spa":89,"spd":85,"spe":85},"ivs":{"hp":31,"atk":31,"def":31,"spa":31,"spd":31,"spe":31},"item":"Black Sludge","level":79,"shiny":false},{"name":"Primeape","moves":["uturn","encore","closecombat","icepunch"],"ability":"Vital Spirit","evs":{"hp":85,"atk":85,"def":85,"spa":85,"spd":85,"spe":85},"ivs":{"hp":31,"atk":31,"def":31,"spa":31,"spd":31,"spe":31},"item":"Life Orb","level":81,"shiny":false}],"p2team":[{"name":"Xatu","moves":["thunderwave","reflect","lightscreen","nightshade"],"ability":"Magic Bounce","evs":{"hp":85,"atk":85,"def":85,"spa":85,"spd":85,"spe":85},"ivs":{"hp":31,"atk":31,"def":31,"spa":31,"spd":31,"spe":31},"item":"Light Clay","level":81,"shiny":false},{"name":"Crustle","moves":["shellsmash","stoneedge","earthquake","xscissor"],"ability":"Sturdy","evs":{"hp":85,"atk":85,"def":85,"spa":85,"spd":85,"spe":85},"ivs":{"hp":31,"atk":31,"def":31,"spa":31,"spd":31,"spe":31},"item":"White Herb","level":81,"shiny":false},{"name":"Jynx","moves":["lovelykiss","psyshock","icebeam","trick"],"ability":"Dry Skin","evs":{"hp":85,"atk":85,"def":85,"spa":85,"spd":85,"spe":85},"ivs":{"hp":31,"atk":31,"def":31,"spa":31,"spd":31,"spe":31},"item":"Choice Scarf","level":81,"shiny":false},{"name":"Rotom-Heat","moves":["willowisp","voltswitch","painsplit","hiddenpowerice"],"ability":"Levitate","evs":{"hp":81,"atk":85,"def":85,"spa":89,"spd":85,"spe":85},"ivs":{"hp":31,"atk":30,"def":30,"spa":31,"spd":31,"spe":31},"item":"Leftovers","level":77,"shiny":false},{"name":"Starmie","moves":["thunderbolt","rapidspin","recover","icebeam"],"ability":"Natural Cure","evs":{"hp":85,"atk":85,"def":85,"spa":85,"spd":85,"spe":85},"ivs":{"hp":31,"atk":31,"def":31,"spa":31,"spd":31,"spe":31},"item":"Life Orb","level":75,"shiny":false},{"name":"Furret","moves":["aquatail","uturn","firepunch","doubleedge"],"ability":"Keen Eye","evs":{"hp":85,"atk":85,"def":85,"spa":85,"spd":85,"spe":85},"ivs":{"hp":31,"atk":31,"def":31,"spa":31,"spd":31,"spe":31},"item":"Choice Scarf","level":83,"shiny":false}],"log":["|player|p1|FoshoSL|214","|player|p2|Guard Darkrai|guarddarkrai.png","|gametype|singles","|gen|6","|tier|Random Battle","|rated","|rule|Sleep Clause Mod: Limit one foe put to sleep","|rule|HP Percentage Mod: HP is shown in percentages","|","|start","|switch|p1a: Ninjask|Ninjask, L83, F|237/237","|switch|p2a: Xatu|Xatu, L81, M|238/238","|turn|1","|","|move|p1a: Ninjask|Substitute|p1a: Ninjask","|-start|p1a: Ninjask|Substitute","|-damage|p1a: Ninjask|178/237","|move|p2a: Xatu|Thunder Wave|p1a: Ninjask","|-fail|p1a: Ninjask","|","|-heal|p1a: Ninjask|192/237|[from] item: Leftovers","|-boost|p1a: Ninjask|spe|1|[from] ability: Speed Boost","|turn|2","|","|move|p1a: Ninjask|Protect|p1a: Ninjask","|-singleturn|p1a: Ninjask|Protect","|move|p2a: Xatu|Night Shade|p1a: Ninjask","|-activate|p1a: Ninjask|Protect","|","|-heal|p1a: Ninjask|206/237|[from] item: Leftovers","|-boost|p1a: Ninjask|spe|1|[from] ability: Speed Boost","|turn|3","|","|move|p1a: Ninjask|Baton Pass|p1a: Ninjask","|","|switch|p1a: Meloetta|Meloetta, L79|288/288","|move|p2a: Xatu|Night Shade|p1a: Meloetta","|-immune|p1a: Meloetta|[msg]","|","|turn|4","|","|move|p1a: Meloetta|Relic Song|p2a: Xatu","|-damage|p2a: Xatu|94/238","|-damage|p1a: Meloetta|260/288|[from] item: Life Orb","|-formechange|p1a: Meloetta|Meloetta-Pirouette|[msg]","|move|p2a: Xatu|Light Screen|p2a: Xatu","|-sidestart|p2: Guard Darkrai|move: Light Screen","|","|turn|5","|","|move|p1a: Meloetta|Knock Off|p2a: Xatu","|-supereffective|p2a: Xatu","|-damage|p2a: Xatu|0 fnt","|-enditem|p2a: Xatu|Light Clay|[from] move: Knock Off|[of] p1a: Meloetta","|-damage|p1a: Meloetta|232/288|[from] item: Life Orb","|faint|p2a: Xatu","|","|","|switch|p2a: Furret|Furret, L83, F|277/277","|turn|6","|","|move|p1a: Meloetta|Close Combat|p2a: Furret","|-supereffective|p2a: Furret","|-damage|p2a: Furret|0 fnt","|-unboost|p1a: Meloetta|def|1","|-unboost|p1a: Meloetta|spd|1","|-damage|p1a: Meloetta|204/288|[from] item: Life Orb","|faint|p2a: Furret","|","|","|switch|p2a: Crustle|Crustle, L81, F|246/246","|turn|7","|","|move|p1a: Meloetta|Knock Off|p2a: Crustle","|-damage|p2a: Crustle|164/246","|-enditem|p2a: Crustle|White Herb|[from] move: Knock Off|[of] p1a: Meloetta","|-damage|p1a: Meloetta|176/288|[from] item: Life Orb","|move|p2a: Crustle|Earthquake|p1a: Meloetta","|-end|p1a: Meloetta|Substitute","|","|turn|8","|","|move|p1a: Meloetta|Close Combat|p2a: Crustle","|-damage|p2a: Crustle|31/246","|-unboost|p1a: Meloetta|def|1","|-unboost|p1a: Meloetta|spd|1","|-damage|p1a: Meloetta|148/288|[from] item: Life Orb","|move|p2a: Crustle|Earthquake|p1a: Meloetta","|-damage|p1a: Meloetta|24/288","|","|turn|9","|","|move|p1a: Meloetta|Close Combat|p2a: Crustle","|-damage|p2a: Crustle|0 fnt","|-unboost|p1a: Meloetta|def|1","|-unboost|p1a: Meloetta|spd|1","|-damage|p1a: Meloetta|0 fnt|[from] item: Life Orb","|faint|p2a: Crustle","|faint|p1a: Meloetta","|","|","|switch|p1a: Pidgeot|Pidgeot, L76, M|251/251","|switch|p2a: Rotom-Heat|Rotom-Heat, L77|203/203","|turn|10","|","|switch|p1a: Camerupt|Camerupt, L79, F|240/240","|move|p2a: Rotom-Heat|Volt Switch|p1a: Camerupt","|-immune|p1a: Camerupt|[msg]","|","|turn|11","|","|switch|p2a: Starmie|Starmie, L75|214/214","|move|p1a: Camerupt|Stealth Rock|p2a: Starmie","|-sidestart|p2: Guard Darkrai|move: Stealth Rock","|","|-sideend|p2: Guard Darkrai|move: Light Screen","|turn|12","|","|switch|p1a: Ninjask|Ninjask, L83, F|206/237","|move|p2a: Starmie|Ice Beam|p1a: Ninjask","|-supereffective|p1a: Ninjask","|-damage|p1a: Ninjask|0 fnt","|-damage|p2a: Starmie|193/214|[from] item: Life Orb","|faint|p1a: Ninjask","|","|","|switch|p1a: Venomoth|Venomoth, L79, M|239/239","|turn|13","|","|move|p2a: Starmie|Ice Beam|p1a: Venomoth","|-damage|p1a: Venomoth|161/239","|-damage|p2a: Starmie|172/214|[from] item: Life Orb","|move|p1a: Venomoth|Sleep Powder|p2a: Starmie","|-status|p2a: Starmie|slp","|","|-heal|p1a: Venomoth|175/239|[from] item: Black Sludge","|turn|14","|","|switch|p2a: Jynx|Jynx, L81, F|238/238","|-damage|p2a: Jynx|179/238|[from] Stealth Rock","|move|p1a: Venomoth|Quiver Dance|p1a: Venomoth","|-boost|p1a: Venomoth|spa|1","|-boost|p1a: Venomoth|spd|1","|-boost|p1a: Venomoth|spe|1","|","|-heal|p1a: Venomoth|189/239|[from] item: Black Sludge","|turn|15","|","|move|p2a: Jynx|Psyshock|p1a: Venomoth","|-supereffective|p1a: Venomoth","|-damage|p1a: Venomoth|0 fnt","|faint|p1a: Venomoth","|","|","|switch|p1a: Camerupt|Camerupt, L79, F|240/240","|turn|16","|","|move|p2a: Jynx|Psyshock|p1a: Camerupt","|-damage|p1a: Camerupt|131/240","|move|p1a: Camerupt|Fire Blast|p2a: Jynx","|-supereffective|p2a: Jynx","|-damage|p2a: Jynx|0 fnt","|faint|p2a: Jynx","|","|-heal|p1a: Camerupt|146/240|[from] item: Leftovers","|","|switch|p2a: Starmie|Starmie, L75|172/214","|-damage|p2a: Starmie|146/214|[from] Stealth Rock","|turn|17","|","|move|p2a: Starmie|Ice Beam|p1a: Camerupt","|-damage|p1a: Camerupt|67/240","|-damage|p2a: Starmie|125/214|[from] item: Life Orb","|move|p1a: Camerupt|Fire Blast|p2a: Starmie","|-resisted|p2a: Starmie","|-damage|p2a: Starmie|63/214","|","|-heal|p1a: Camerupt|82/240|[from] item: Leftovers","|turn|18","|","|move|p2a: Starmie|Recover|p2a: Starmie","|-heal|p2a: Starmie|170/214","|move|p1a: Camerupt|Hidden Power|p2a: Starmie","|-supereffective|p2a: Starmie","|-damage|p2a: Starmie|86/214","|","|-heal|p1a: Camerupt|97/240|[from] item: Leftovers","|turn|19","|","|move|p2a: Starmie|Recover|p2a: Starmie","|-heal|p2a: Starmie|193/214","|move|p1a: Camerupt|Roar|p2a: Starmie","|drag|p2a: Rotom-Heat|Rotom-Heat, L77|203/203","|-damage|p2a: Rotom-Heat|153/203|[from] Stealth Rock","|","|-heal|p2a: Rotom-Heat|165/203|[from] item: Leftovers","|-heal|p1a: Camerupt|112/240|[from] item: Leftovers","|turn|20","|","|move|p2a: Rotom-Heat|Hidden Power|p1a: Camerupt","|-damage|p1a: Camerupt|66/240","|move|p1a: Camerupt|Fire Blast|p2a: Rotom-Heat","|-crit|p2a: Rotom-Heat","|-resisted|p2a: Rotom-Heat","|-damage|p2a: Rotom-Heat|91/203","|","|-heal|p2a: Rotom-Heat|103/203|[from] item: Leftovers","|-heal|p1a: Camerupt|81/240|[from] item: Leftovers","|turn|21","|","|move|p2a: Rotom-Heat|Hidden Power|p1a: Camerupt","|-damage|p1a: Camerupt|37/240","|move|p1a: Camerupt|Fire Blast|p2a: Rotom-Heat","|-resisted|p2a: Rotom-Heat","|-damage|p2a: Rotom-Heat|54/203","|","|-heal|p2a: Rotom-Heat|66/203|[from] item: Leftovers","|-heal|p1a: Camerupt|52/240|[from] item: Leftovers","|turn|22","|","|move|p2a: Rotom-Heat|Hidden Power|p1a: Camerupt","|-damage|p1a: Camerupt|5/240","|move|p1a: Camerupt|Fire Blast|p2a: Rotom-Heat","|-resisted|p2a: Rotom-Heat","|-damage|p2a: Rotom-Heat|18/203","|","|-heal|p2a: Rotom-Heat|30/203|[from] item: Leftovers","|-heal|p1a: Camerupt|20/240|[from] item: Leftovers","|turn|23","|","|move|p2a: Rotom-Heat|Hidden Power|p1a: Camerupt","|-damage|p1a: Camerupt|0 fnt","|faint|p1a: Camerupt","|","|-heal|p2a: Rotom-Heat|42/203|[from] item: Leftovers","|","|switch|p1a: Primeape|Primeape, L81, M|238/238","|turn|24","|","|move|p1a: Primeape|Close Combat|p2a: Rotom-Heat","|-damage|p2a: Rotom-Heat|0 fnt","|-unboost|p1a: Primeape|def|1","|-unboost|p1a: Primeape|spd|1","|-damage|p1a: Primeape|215/238|[from] item: Life Orb","|faint|p2a: Rotom-Heat","|","|","|switch|p2a: Starmie|Starmie, L75|193/214","|-damage|p2a: Starmie|167/214|[from] Stealth Rock","|turn|25","|","|move|p2a: Starmie|Recover|p2a: Starmie","|-heal|p2a: Starmie|214/214","|move|p1a: Primeape|U-turn|p2a: Starmie","|-supereffective|p2a: Starmie","|-damage|p2a: Starmie|76/214","|-damage|p1a: Primeape|192/238|[from] item: Life Orb","|","|switch|p1a: Pidgeot|Pidgeot, L76, M|251/251","|","|turn|26","|","|detailschange|p1a: Pidgeot|Pidgeot-Mega, L76, M","|-mega|p1a: Pidgeot|Pidgeot|Pidgeotite","|move|p2a: Starmie|Ice Beam|p1a: Pidgeot","|-supereffective|p1a: Pidgeot","|-damage|p1a: Pidgeot|85/251","|-damage|p2a: Starmie|55/214|[from] item: Life Orb","|move|p1a: Pidgeot|Hurricane|p2a: Starmie","|-damage|p2a: Starmie|0 fnt","|faint|p2a: Starmie","|","|win|FoshoSL"],"p1rating":{"entryid":7471804,"formatid":"randombattle","userid":"foshosl","username":"FoshoSL","r":1500,"rd":130,"sigma":0,"rpr":1547.6894397203,"rprd":122.55820725958,"rpsigma":0,"rptime":1438938000,"w":1,"l":0,"t":0,"gxe":55.9,"acre":1051.0899506332,"lacre":1051.0899506332,"oldacre":1000},"p2rating":{"entryid":"6894768","serverid":"eos","formatid":"randombattle","userid":"guarddarkrai","username":"Guard Darkrai","w":"5","l":4,"t":"0","gxe":53.8,"r":"1556.03146782","rd":"95.916261515125","sigma":"0","rptime":"1438938000","rpr":1529.6139026529,"rprd":92.999869258058,"rpsigma":"0","acre":1067.191378154,"lacre":1067.191378154,"oldacre":"1098.9146599053"},"endType":"normal"}