{"seed":[54037,56488,28290,10952],"turns":16,"p1":"icedwarrior","p2":"samuelwade223","p1team":[{"name":"Simisage","moves":["knockoff","hiddenpowerice","leafstorm","focusblast"],"ability":"Overgrow","evs":{"hp":85,"atk":85,"def":85,"spa":85,"spd":85,"spe":85},"ivs":{"hp":31,"atk":30,"def":30,"spa":31,"spd":31,"spe":31},"item":"Expert Belt","level":83,"shiny":false},{"name":"Alakazam","moves":["focusblast","substitute","encore","psyshock"],"ability":"Magic Guard","evs":{"hp":85,"atk":85,"def":85,"spa":85,"spd":85,"spe":85},"ivs":{"hp":31,"atk":31,"def":31,"spa":31,"spd":31,"spe":31},"item":"Alakazite","level":75,"shiny":false},{"name":"Parasect","moves":["xscissor","knockoff","spore","seedbomb"],"ability":"Dry Skin","evs":{"hp":85,"atk":85,"def":85,"spa":85,"spd":85,"spe":85},"ivs":{"hp":31,"atk":31,"def":31,"spa":31,"spd":31,"spe":31},"item":"Life Orb","level":83,"shiny":false},{"name":"Gligar","moves":["defog","toxic","earthquake","uturn"],"ability":"Immunity","evs":{"hp":85,"atk":85,"def":85,"spa":85,"spd":85,"spe":85},"ivs":{"hp":31,"atk":31,"def":31,"spa":31,"spd":31,"spe":31},"item":"Eviolite","level":77,"shiny":false},{"name":"Dugtrio","moves":["substitute","stealthrock","suckerpunch","earthquake"],"ability":"Arena Trap","evs":{"hp":85,"atk":85,"def":85,"spa":85,"spd":85,"spe":85},"ivs":{"hp":31,"atk":31,"def":31,"spa":31,"spd":31,"spe":31},"item":"Leftovers","level":79,"shiny":false},{"name":"Kabutops","moves":["swordsdance","waterfall","aquajet","knockoff"],"ability":"Swift Swim","evs":{"hp":85,"atk":85,"def":85,"spa":85,"spd":85,"spe":85},"ivs":{"hp":31,"atk":31,"def":31,"spa":31,"spd":31,"spe":31},"item":"Life Orb","level":81,"shiny":false}],"p2team":[{"name":"Aerodactyl","moves":["aquatail","firefang","stoneedge","defog"],"ability":"Unnerve","evs":{"hp":85,"atk":85,"def":85,"spa":85,"spd":85,"spe":85},"ivs":{"hp":31,"atk":31,"def":31,"spa":31,"spd":31,"spe":31},"item":"Aerodactylite","level":77,"shiny":false},{"name":"Kyurem-White","moves":["toxic","roost","substitute","icebeam"],"ability":"Turboblaze","evs":{"hp":85,"atk":85,"def":85,"spa":85,"spd":85,"spe":85},"ivs":{"hp":31,"atk":31,"def":31,"spa":31,"spd":31,"spe":31},"item":"Leftovers","level":73,"shiny":false},{"name":"Porygon2","moves":["thunderbolt","icebeam","thunderwave","triattack"],"ability":"Download","evs":{"hp":85,"atk":85,"def":85,"spa":85,"spd":85,"spe":85},"ivs":{"hp":31,"atk":31,"def":31,"spa":31,"spd":31,"spe":31},"item":"Eviolite","level":77,"shiny":false},{"name":"Steelix","moves":["toxic","earthquake","stealthrock","rockslide"],"ability":"Sheer Force","evs":{"hp":85,"atk":85,"def":85,"spa":85,"spd":85,"spe":85},"ivs":{"hp":31,"atk":31,"def":31,"spa":31,"spd":31,"spe":31},"item":"Life Orb","level":79,"shiny":false},{"name":"Registeel","moves":["rest","stealthrock","ironhead","thunderwave"],"ability":"Clear Body","evs":{"hp":85,"atk":85,"def":85,"spa":85,"spd":85,"spe":85},"ivs":{"hp":31,"atk":31,"def":31,"spa":31,"spd":31,"spe":31},"item":"Chesto Berry","level":79,"shiny":false},{"name":"Deoxys-Attack","moves":["icebeam","stealthrock","knockoff","psychoboost"],"ability":"Pressure","evs":{"hp":85,"atk":85,"def":85,"spa":85,"spd":85,"spe":85},"ivs":{"hp":31,"atk":31,"def":31,"spa":31,"spd":31,"spe":31},"item":"Life Orb","level":73,"shiny":false}],"log":["|player|p1|icedwarrior|25","|player|p2|samuelwade223|290","|gametype|singles","|gen|6","|tier|Random Battle","|rated","|rule|Sleep Clause Mod: Limit one foe put to sleep","|rule|HP Percentage Mod: HP is shown in percentages","|","|start","|switch|p1a: Simisage|Simisage, L83, F|260/260","|switch|p2a: Aerodactyl|Aerodactyl, L77, M|250/250","|-ability|p2a: Aerodactyl|Unnerve|p1: icedwarrior","|turn|1","|","|switch|p2a: Steelix|Steelix, L79, F|248/248","|move|p1a: Simisage|Hidden Power|p2a: Steelix","|-damage|p2a: Steelix|191/248","|","|turn|2","|","|move|p1a: Simisage|Focus Blast|p2a: Steelix|[miss]","|-miss|p1a: Simisage|p2a: Steelix","|move|p2a: Steelix|Stealth Rock|p1a: Simisage","|-sidestart|p1: icedwarrior|move: Stealth Rock","|","|turn|3","|","|move|p1a: Simisage|Focus Blast|p2a: Steelix","|-supereffective|p2a: Steelix","|-damage|p2a: Steelix|0 fnt","|faint|p2a: Steelix","|","|","|switch|p2a: Deoxys-Attack|Deoxys-Attack, L73|193/193","|-ability|p2a: Deoxys-Attack|Pressure","|turn|4","|","|move|p2a: Deoxys-Attack|Ice Beam|p1a: Simisage","|-supereffective|p1a: Simisage","|-damage|p1a: Simisage|0 fnt","|-damage|p2a: Deoxys-Attack|174/193|[from] item: Life Orb","|faint|p1a: Simisage","|","|","|switch|p1a: Kabutops|Kabutops, L81, F|230/230","|-damage|p1a: Kabutops|202/230|[from] Stealth Rock","|turn|5","|","|move|p1a: Kabutops|Aqua Jet|p2a: Deoxys-Attack","|-damage|p2a: Deoxys-Attack|2/193","|-damage|p1a: Kabutops|179/230|[from] item: Life Orb","|move|p2a: Deoxys-Attack|Psycho Boost|p1a: Kabutops|[miss]","|-miss|p2a: Deoxys-Attack|p1a: Kabutops","|","|turn|6","|","|move|p1a: Kabutops|Aqua Jet|p2a: Deoxys-Attack","|-damage|p2a: Deoxys-Attack|0 fnt","|-damage|p1a: Kabutops|156/230|[from] item: Life Orb","|faint|p2a: Deoxys-Attack","|","|","|switch|p2a: Registeel|Registeel, L79|256/256","|turn|7","|","|move|p1a: Kabutops|Knock Off|p2a: Registeel","|-damage|p2a: Registeel|194/256","|-enditem|p2a: Registeel|Chesto Berry|[from] move: Knock Off|[of] p1a: Kabutops","|-damage|p1a: Kabutops|133/230|[from] item: Life Orb","|move|p2a: Registeel|Iron Head|p1a: Kabutops","|-damage|p1a: Kabutops|73/230","|","|turn|8","|","|move|p1a: Kabutops|Waterfall|p2a: Registeel","|-damage|p2a: Registeel|119/256","|-damage|p1a: Kabutops|50/230|[from] item: Life Orb","|move|p2a: Registeel|Iron Head|p1a: Kabutops","|-damage|p1a: Kabutops|0 fnt","|faint|p1a: Kabutops","|","|","|switch|p1a: Dugtrio|Dugtrio, L79, M|185/185","|-damage|p1a: Dugtrio|174/185|[from] Stealth Rock","|turn|9","|","|move|p1a: Dugtrio|Earthquake|p2a: Registeel","|-supereffective|p2a: Registeel","|-damage|p2a: Registeel|3/256","|move|p2a: Registeel|Iron Head|p1a: Dugtrio","|-damage|p1a: Dugtrio|69/185","|","|-heal|p1a: Dugtrio|80/185|[from] item: Leftovers","|turn|10","|","|move|p1a: Dugtrio|Earthquake|p2a: Registeel","|-supereffective|p2a: Registeel","|-damage|p2a: Registeel|0 fnt","|faint|p2a: Registeel","|","|-heal|p1a: Dugtrio|91/185|[from] item: Leftovers","|","|switch|p2a: Porygon2|Porygon2, L77|257/257","|-boost|p2a: Porygon2|atk|1|[from] ability: Download","|turn|11","|","|move|p1a: Dugtrio|Earthquake|p2a: Porygon2","|-damage|p2a: Porygon2|194/257","|move|p2a: Porygon2|Tri Attack|p1a: Dugtrio","|-crit|p1a: Dugtrio","|-damage|p1a: Dugtrio|0 fnt","|faint|p1a: Dugtrio","|","|","|switch|p1a: Gligar|Gligar, L77, M|227/227","|-damage|p1a: Gligar|199/227|[from] Stealth Rock","|turn|12","|","|move|p1a: Gligar|Toxic|p2a: Porygon2","|-status|p2a: Porygon2|tox","|move|p2a: Porygon2|Ice Beam|p1a: Gligar","|-supereffective|p1a: Gligar","|-damage|p1a: Gligar|0 fnt","|faint|p1a: Gligar","|","|-damage|p2a: Porygon2|178/257 tox|[from] psn","|","|switch|p1a: Alakazam|Alakazam, L75, F|206/206","|turn|13","|","|detailschange|p1a: Alakazam|Alakazam-Mega, L75, F","|-mega|p1a: Alakazam|Alakazam|Alakazite","|-ability|p1a: Alakazam|Download|[from] ability: Trace|[of] p2a: Porygon2","|-boost|p1a: Alakazam|atk|1|[from] ability: Download","|move|p1a: Alakazam|Substitute|p1a: Alakazam","|-start|p1a: Alakazam|Substitute","|-damage|p1a: Alakazam|155/206","|move|p2a: Porygon2|Tri Attack|p1a: Alakazam","|-end|p1a: Alakazam|Substitute","|","|-damage|p2a: Porygon2|146/257 tox|[from] psn","|turn|14","|","|move|p1a: Alakazam|Focus Blast|p2a: Porygon2","|-supereffective|p2a: Porygon2","|-damage|p2a: Porygon2|2/257 tox","|move|p2a: Porygon2|Tri Attack|p1a: Alakazam","|-damage|p1a: Alakazam|68/206","|-status|p1a: Alakazam|frz","|","|-damage|p2a: Porygon2|0 fnt|[from] psn","|faint|p2a: Porygon2","|","|switch|p2a: Aerodactyl|Aerodactyl, L77, M|250/250","|-ability|p2a: Aerodactyl|Unnerve|p1: icedwarrior","|turn|15","|","|detailschange|p2a: Aerodactyl|Aerodactyl-Mega, L77, M","|-mega|p2a: Aerodactyl|Aerodactyl|Aerodactylite","|cant|p1a: Alakazam|frz","|move|p2a: Aerodactyl|Stone Edge|p1a: Alakazam","|-damage|p1a: Alakazam|0 fnt","|faint|p1a: Alakazam","|","|","|switch|p1a: Parasect|Parasect, L83, M|235/235","|-damage|p1a: Parasect|177/235|[from] Stealth Rock","|turn|16","|","|move|p2a: Aerodactyl|Fire Fang|p1a: Parasect","|-supereffective|p1a: Parasect","|-damage|p1a: Parasect|0 fnt","|faint|p1a: Parasect","|","|win|samuelwade223"],"p1rating":{"entryid":7469314,"formatid":"randombattle","userid":"icedwarrior","username":"icedwarrior","r":1500,"rd":130,"sigma":0,"rpr":1455.5281011821,"rprd":122.64529126379,"rpsigma":0,"rptime":1438938000,"w":0,"l":1,"t":0,"gxe":44.5,"acre":1000,"lacre":1000,"oldacre":1000},"p2rating":{"entryid":"7419911","serverid":"eos","formatid":"randombattle","userid":"samuelwade223","username":"samuelwade223","w":2,"l":"2","t":"0","gxe":50,"r":"1467.0531313308","rd":"111.10246371253","sigma":"0","rptime":"1438938000","rpr":1499.917619643,"rprd":106.57755463582,"rpsigma":"0","acre":1074.8840957452,"lacre":1074.8840957452,"oldacre":"1046.1817321441"},"endType":"normal"}