{"seed":[1448,55782,23481,19674],"turns":24,"p1":"Alliance - Mxy","p2":"LTIL-Tahit","p1team":[{"name":"Sharpedo","species":"Sharpedo","item":"sharpedonite","ability":"Speed Boost","moves":["crunch","scald","icefang","protect"],"nature":"Naive","evs":{"hp":0,"atk":252,"def":0,"spa":4,"spd":0,"spe":252},"ivs":{"hp":31,"atk":31,"def":31,"spa":31,"spd":31,"spe":31}},{"name":"Sableye","species":"Sableye","item":"leftovers","ability":"Prankster","moves":["recover","willowisp","taunt","foulplay"],"nature":"Calm","evs":{"hp":252,"atk":0,"def":120,"spa":0,"spd":136,"spe":0},"ivs":{"hp":31,"atk":31,"def":31,"spa":31,"spd":31,"spe":31}},{"name":"Bisharp","species":"Bisharp","item":"lumberry","ability":"Defiant","moves":["ironhead","knockoff","suckerpunch","swordsdance"],"nature":"Adamant","evs":{"hp":0,"atk":252,"def":0,"spa":0,"spd":4,"spe":252},"ivs":{"hp":31,"atk":31,"def":31,"spa":31,"spd":31,"spe":31}},{"name":"Honchkrow","species":"Honchkrow","item":"lifeorb","ability":"Moxie","moves":["bravebird","suckerpunch","heatwave","roost"],"nature":"Naive","evs":{"hp":0,"atk":216,"def":0,"spa":40,"spd":0,"spe":252},"ivs":{"hp":31,"atk":31,"def":31,"spa":31,"spd":31,"spe":31}},{"name":"Tyranitar","species":"Tyranitar","item":"sitrusberry","ability":"Sand Stream","moves":["stealthrock","crunch","stoneedge","thunderwave"],"nature":"Careful","evs":{"hp":120,"atk":0,"def":0,"spa":0,"spd":252,"spe":136},"ivs":{"hp":31,"atk":31,"def":31,"spa":31,"spd":31,"spe":31}},{"name":"Hoopa-Unbound","species":"Hoopa-Unbound","item":"choicescarf","ability":"Magician","moves":["psyshock","darkpulse","focusblast","gunkshot"],"nature":"Naive","evs":{"hp":0,"atk":4,"def":0,"spa":252,"spd":0,"spe":252},"ivs":{"hp":31,"atk":31,"def":31,"spa":31,"spd":31,"spe":31}}],"p2team":[{"name":"Terrakion","species":"Terrakion","item":"choicescarf","ability":"Justified","moves":["closecombat","stoneedge","ironhead","xscissor"],"nature":"Jolly","evs":{"hp":4,"atk":252,"def":0,"spa":0,"spd":0,"spe":252},"ivs":{"hp":31,"atk":31,"def":31,"spa":31,"spd":31,"spe":31}},{"name":"Medicham","species":"Medicham","item":"medichamite","ability":"Pure Power","moves":["highjumpkick","zenheadbutt","fakeout","bulletpunch"],"nature":"Jolly","evs":{"hp":0,"atk":252,"def":4,"spa":0,"spd":0,"spe":252},"ivs":{"hp":31,"atk":31,"def":31,"spa":31,"spd":31,"spe":31}},{"name":"Conkeldurr","species":"Conkeldurr","item":"leftovers","ability":"Guts","moves":["drainpunch","bulkup","machpunch","icepunch"],"nature":"Adamant","evs":{"hp":252,"atk":252,"def":0,"spa":0,"spd":4,"spe":0},"ivs":{"hp":31,"atk":31,"def":31,"spa":31,"spd":31,"spe":31}},{"name":"Chesnaught","species":"Chesnaught","item":"leftovers","ability":"Bulletproof","moves":["spikes","leechseed","spikyshield","drainpunch"],"nature":"Careful","evs":{"hp":252,"atk":0,"def":4,"spa":0,"spd":252,"spe":0},"ivs":{"hp":31,"atk":31,"def":31,"spa":31,"spd":31,"spe":31}},{"name":"Hawlucha","species":"Hawlucha","item":"sitrusberry","ability":"Unburden","moves":["substitute","swordsdance","highjumpkick","acrobatics"],"nature":"Jolly","evs":{"hp":12,"atk":252,"def":0,"spa":0,"spd":0,"spe":244},"ivs":{"hp":31,"atk":31,"def":31,"spa":31,"spd":31,"spe":31}},{"name":"Hitmonlee","species":"Hitmonlee","item":"whiteherb","ability":"Unburden","moves":["closecombat","bulkup","fakeout","bulletpunch"],"nature":"Adamant","evs":{"hp":4,"atk":252,"def":0,"spa":0,"spd":0,"spe":252},"ivs":{"hp":31,"atk":31,"def":31,"spa":31,"spd":31,"spe":31}}],"log":["|player|p1|Alliance - Mxy|270","|player|p2|LTIL-Tahit|169","|gametype|singles","|gen|6","|tier|Monotype","|rated","|rule|Baton Pass Clause: Limit one Baton Passer, can't pass Spe and other stats simultaneously","|rule|Swagger Clause: Swagger is banned","|rule|Same Type Clause: Pokémon in a team must share a type","|clearpoke","|poke|p1|Sharpedo, F","|poke|p1|Sableye, F","|poke|p1|Bisharp, M","|poke|p1|Honchkrow, F","|poke|p1|Tyranitar, F","|poke|p1|Hoopa-Unbound","|poke|p2|Terrakion","|poke|p2|Medicham, F","|poke|p2|Conkeldurr, F","|poke|p2|Chesnaught, F","|poke|p2|Hawlucha, M","|poke|p2|Hitmonlee, M","|rule|Sleep Clause Mod: Limit one foe put to sleep","|rule|Species Clause: Limit one of each Pokémon","|rule|OHKO Clause: OHKO moves are banned","|rule|Moody Clause: Moody is banned","|rule|Evasion Moves Clause: Evasion moves are banned","|rule|Endless Battle Clause: Forcing endless battles is banned","|rule|HP Percentage Mod: HP is shown in percentages","|teampreview","|","|start","|switch|p1a: Hoopa-Unbound|Hoopa-Unbound|301/301","|switch|p2a: Chesnaught|Chesnaught, F|380/380","|turn|1","|","|switch|p1a: Honchkrow|Honchkrow, F|341/341","|move|p2a: Chesnaught|Spiky Shield|p2a: Chesnaught","|-fail|p2a: Chesnaught","|","|turn|2","|","|move|p1a: Honchkrow|Brave Bird|p2a: Chesnaught","|-supereffective|p2a: Chesnaught","|-damage|p2a: Chesnaught|0 fnt","|-damage|p1a: Honchkrow|216/341|[from] recoil|[of] p2a: Chesnaught","|-damage|p1a: Honchkrow|182/341|[from] item: Life Orb","|faint|p2a: Chesnaught","|-boost|p1a: Honchkrow|atk|1|[from] ability: Moxie","|","|","|switch|p2a: Terrakion|Terrakion|324/324","|turn|3","|","|move|p2a: Terrakion|X-Scissor|p1a: Honchkrow","|-damage|p1a: Honchkrow|22/341","|move|p1a: Honchkrow|Roost|p1a: Honchkrow","|-heal|p1a: Honchkrow|193/341","|","|turn|4","|","|switch|p1a: Bisharp|Bisharp, M|271/271","|move|p2a: Terrakion|X-Scissor|p1a: Bisharp","|-damage|p1a: Bisharp|174/271","|","|turn|5","|","|move|p2a: Terrakion|X-Scissor|p1a: Bisharp","|-damage|p1a: Bisharp|78/271","|move|p1a: Bisharp|Iron Head|p2a: Terrakion","|-supereffective|p2a: Terrakion","|-damage|p2a: Terrakion|4/324","|","|turn|6","|","|move|p1a: Bisharp|Sucker Punch|p2a: Terrakion","|-resisted|p2a: Terrakion","|-damage|p2a: Terrakion|0 fnt","|faint|p2a: Terrakion","|","|","|switch|p2a: Hawlucha|Hawlucha, M|300/300","|turn|7","|","|move|p2a: Hawlucha|Substitute|p2a: Hawlucha","|-start|p2a: Hawlucha|Substitute","|-damage|p2a: Hawlucha|225/300","|move|p1a: Bisharp|Swords Dance|p1a: Bisharp","|-boost|p1a: Bisharp|atk|2","|","|turn|8","|","|move|p2a: Hawlucha|Swords Dance|p2a: Hawlucha","|-boost|p2a: Hawlucha|atk|2","|move|p1a: Bisharp|Iron Head|p2a: Hawlucha","|-crit|p2a: Hawlucha","|-end|p2a: Hawlucha|Substitute","|","|turn|9","|","|move|p2a: Hawlucha|Substitute|p2a: Hawlucha","|-start|p2a: Hawlucha|Substitute","|-damage|p2a: Hawlucha|150/300","|-enditem|p2a: Hawlucha|Sitrus Berry|[eat]","|-heal|p2a: Hawlucha|225/300|[from] item: Sitrus Berry","|move|p1a: Bisharp|Iron Head|p2a: Hawlucha","|-end|p2a: Hawlucha|Substitute","|","|turn|10","|","|move|p2a: Hawlucha|Substitute|p2a: Hawlucha","|-start|p2a: Hawlucha|Substitute","|-damage|p2a: Hawlucha|150/300","|move|p1a: Bisharp|Iron Head|p2a: Hawlucha","|-end|p2a: Hawlucha|Substitute","|","|turn|11","|","|move|p2a: Hawlucha|Acrobatics|p1a: Bisharp","|-resisted|p1a: Bisharp","|-damage|p1a: Bisharp|0 fnt","|faint|p1a: Bisharp","|","|","|switch|p1a: Tyranitar|Tyranitar, F|371/371","|-weather|Sandstorm","|turn|12","|","|move|p2a: Hawlucha|High Jump Kick|p1a: Tyranitar|[miss]","|-miss|p2a: Hawlucha|p1a: Tyranitar","|-damage|p2a: Hawlucha|0 fnt|[from] highjumpkick","|faint|p2a: Hawlucha","|move|p1a: Tyranitar|Stealth Rock|p2: Hawlucha","|-sidestart|p2: LTIL-Tahit|move: Stealth Rock","|","|-weather|Sandstorm|[upkeep]","|","|switch|p2a: Hitmonlee|Hitmonlee, M|242/242","|-damage|p2a: Hitmonlee|227/242|[from] Stealth Rock","|turn|13","|","|move|p2a: Hitmonlee|Fake Out|p1a: Tyranitar","|-resisted|p1a: Tyranitar","|-damage|p1a: Tyranitar|349/371","|cant|p1a: Tyranitar|flinch","|","|-weather|Sandstorm|[upkeep]","|-damage|p2a: Hitmonlee|212/242|[from] sandstorm","|turn|14","|","|move|p2a: Hitmonlee|Bulk Up|p2a: Hitmonlee","|-boost|p2a: Hitmonlee|atk|1","|-boost|p2a: Hitmonlee|def|1","|move|p1a: Tyranitar|Stone Edge|p2a: Hitmonlee|[miss]","|-miss|p1a: Tyranitar|p2a: Hitmonlee","|","|-weather|Sandstorm|[upkeep]","|-damage|p2a: Hitmonlee|197/242|[from] sandstorm","|turn|15","|","|move|p2a: Hitmonlee|Close Combat|p1a: Tyranitar","|-supereffective|p1a: Tyranitar","|-damage|p1a: Tyranitar|0 fnt","|-unboost|p2a: Hitmonlee|def|1","|-unboost|p2a: Hitmonlee|spd|1","|faint|p1a: Tyranitar","|-enditem|p2a: Hitmonlee|White Herb","|-restoreboost|p2a: Hitmonlee|[silent]","|","|-weather|Sandstorm|[upkeep]","|-damage|p2a: Hitmonlee|182/242|[from] sandstorm","|","|switch|p1a: Sableye|Sableye, F|304/304","|turn|16","|","|move|p2a: Hitmonlee|Bulk Up|p2a: Hitmonlee","|-boost|p2a: Hitmonlee|atk|1","|-boost|p2a: Hitmonlee|def|1","|move|p1a: Sableye|Foul Play|p2a: Hitmonlee","|-resisted|p2a: Hitmonlee","|-damage|p2a: Hitmonlee|0 fnt","|faint|p2a: Hitmonlee","|","|-weather|none","|","|switch|p2a: Conkeldurr|Conkeldurr, F|414/414","|-damage|p2a: Conkeldurr|389/414|[from] Stealth Rock","|turn|17","|","|move|p1a: Sableye|Foul Play|p2a: Conkeldurr","|-resisted|p2a: Conkeldurr","|-damage|p2a: Conkeldurr|284/414","|move|p2a: Conkeldurr|Bulk Up|p2a: Conkeldurr","|-boost|p2a: Conkeldurr|atk|1","|-boost|p2a: Conkeldurr|def|1","|","|-heal|p2a: Conkeldurr|309/414|[from] item: Leftovers","|turn|18","|","|move|p1a: Sableye|Foul Play|p2a: Conkeldurr","|-resisted|p2a: Conkeldurr","|-damage|p2a: Conkeldurr|204/414","|move|p2a: Conkeldurr|Bulk Up|p2a: Conkeldurr","|-boost|p2a: Conkeldurr|atk|1","|-boost|p2a: Conkeldurr|def|1","|","|-heal|p2a: Conkeldurr|229/414|[from] item: Leftovers","|turn|19","|","|switch|p1a: Hoopa-Unbound|Hoopa-Unbound|301/301","|move|p2a: Conkeldurr|Ice Punch|p1a: Hoopa-Unbound","|-damage|p1a: Hoopa-Unbound|0 fnt","|faint|p1a: Hoopa-Unbound","|","|-heal|p2a: Conkeldurr|254/414|[from] item: Leftovers","|","|switch|p1a: Honchkrow|Honchkrow, F|193/341","|turn|20","|","|move|p2a: Conkeldurr|Mach Punch|p1a: Honchkrow","|-damage|p1a: Honchkrow|0 fnt","|faint|p1a: Honchkrow","|","|-heal|p2a: Conkeldurr|279/414|[from] item: Leftovers","|","|switch|p1a: Sableye|Sableye, F|304/304","|turn|21","|","|move|p1a: Sableye|Will-O-Wisp|p2a: Conkeldurr|[miss]","|-miss|p1a: Sableye|p2a: Conkeldurr","|move|p2a: Conkeldurr|Ice Punch|p1a: Sableye","|-damage|p1a: Sableye|80/304","|","|-heal|p1a: Sableye|99/304|[from] item: Leftovers","|-heal|p2a: Conkeldurr|304/414|[from] item: Leftovers","|turn|22","|","|move|p1a: Sableye|Will-O-Wisp|p2a: Conkeldurr","|-status|p2a: Conkeldurr|brn","|move|p2a: Conkeldurr|Ice Punch|p1a: Sableye","|-damage|p1a: Sableye|0 fnt","|faint|p1a: Sableye","|","|-heal|p2a: Conkeldurr|329/414 brn|[from] item: Leftovers","|-damage|p2a: Conkeldurr|278/414 brn|[from] brn","|","|switch|p1a: Sharpedo|Sharpedo, F|281/281","|turn|23","|","|move|p1a: Sharpedo|Protect|p1a: Sharpedo","|-singleturn|p1a: Sharpedo|Protect","|move|p2a: Conkeldurr|Mach Punch|p1a: Sharpedo","|-activate|p1a: Sharpedo|Protect","|","|-heal|p2a: Conkeldurr|303/414 brn|[from] item: Leftovers","|-damage|p2a: Conkeldurr|252/414 brn|[from] brn","|-boost|p1a: Sharpedo|spe|1|[from] ability: Speed Boost","|turn|24","|","|detailschange|p1a: Sharpedo|Sharpedo-Mega, F","|-mega|p1a: Sharpedo|Sharpedo|Sharpedonite","|move|p2a: Conkeldurr|Mach Punch|p1a: Sharpedo","|-supereffective|p1a: Sharpedo","|-damage|p1a: Sharpedo|0 fnt","|faint|p1a: Sharpedo","|","|win|LTIL-Tahit"],"p1rating":{"entryid":"6690851","serverid":"eos","formatid":"monotype","userid":"alliancemxy","username":"Alliance - Mxy","w":"65","l":34,"t":"0","gxe":64.3,"r":"1618.9608920016","rd":"40.891370654892","sigma":"0","rptime":"1438678800","rpr":1611.0547523621,"rprd":38.416411132004,"rpsigma":"0","acre":1167.9737288264,"lacre":1167.9737288264,"oldacre":"1191.3526683673"},"p2rating":{"entryid":"6925118","serverid":"eos","formatid":"monotype","userid":"ltiltahit","username":"LTIL-Tahit","w":40,"l":"40","t":"0","gxe":51.1,"r":"1487.0572827682","rd":"50.373019293434","sigma":"0","rptime":"1438678800","rpr":1508.5226434724,"rprd":44.876157212114,"rpsigma":"0","acre":1237.2918254689,"lacre":1237.2918254689,"oldacre":"1213.912885928"},"endType":"normal"}