{"seed":[57404,52987,18592,7766],"turns":32,"p1":"Alliance ♋ akaFila","p2":"Alliance - Healer","p1team":[{"name":"Hoopa-Unbound","species":"Hoopa-Unbound","item":"choiceband","ability":"Magician","moves":["hyperspacefury","facade","icepunch","drainpunch"],"nature":"Adamant","evs":{"hp":248,"atk":252,"def":0,"spa":0,"spd":8,"spe":0},"ivs":{"hp":31,"atk":31,"def":31,"spa":31,"spd":31,"spe":31}},{"name":"Sharpedo","species":"Sharpedo","item":"lifeorb","ability":"Speed Boost","moves":["hydropump","darkpulse","destinybond","protect"],"nature":"Modest","evs":{"hp":0,"atk":0,"def":0,"spa":252,"spd":4,"spe":252},"ivs":{"hp":31,"atk":31,"def":31,"spa":31,"spd":31,"spe":31}},{"name":"Pangoro","species":"Pangoro","item":"choicescarf","ability":"Iron Fist","moves":["drainpunch","knockoff","earthquake","partingshot"],"nature":"Jolly","evs":{"hp":0,"atk":252,"def":0,"spa":0,"spd":4,"spe":252},"ivs":{"hp":31,"atk":31,"def":31,"spa":31,"spd":31,"spe":31}},{"name":"Mandibuzz","species":"Mandibuzz","item":"rockyhelmet","ability":"Overcoat","moves":["foulplay","toxic","roost","defog"],"nature":"Bold","evs":{"hp":248,"atk":0,"def":252,"spa":0,"spd":8,"spe":0},"ivs":{"hp":31,"atk":31,"def":31,"spa":31,"spd":31,"spe":31}},{"name":"Tyranitar","species":"Tyranitar","item":"assaultvest","ability":"Sand Stream","moves":["crunch","earthquake","stoneedge","fireblast"],"nature":"Sassy","evs":{"hp":252,"atk":0,"def":6,"spa":0,"spd":252,"spe":0},"ivs":{"hp":31,"atk":31,"def":31,"spa":31,"spd":31,"spe":31}},{"name":"Bisharp","species":"Bisharp","item":"focussash","ability":"Defiant","moves":["swordsdance","knockoff","ironhead","suckerpunch"],"nature":"Adamant","evs":{"hp":248,"atk":252,"def":0,"spa":0,"spd":8,"spe":0},"ivs":{"hp":31,"atk":31,"def":31,"spa":31,"spd":31,"spe":31}}],"p2team":[{"name":"Ice elemental","species":"mamoswine","item":"lifeorb","ability":"Thick Fat","moves":["earthquake","iciclecrash","knockoff","iceshard"],"nature":"Jolly","evs":{"hp":4,"atk":252,"def":0,"spa":0,"spd":0,"spe":252},"gender":"F","ivs":{"hp":31,"atk":31,"def":31,"spa":31,"spd":31,"spe":31}},{"name":"Water elemental","species":"seismitoad","item":"assaultvest","ability":"Water Absorb","moves":["earthquake","drainpunch","knockoff","poisonjab"],"nature":"Careful","evs":{"hp":4,"atk":252,"def":0,"spa":0,"spd":252,"spe":0},"gender":"F","ivs":{"hp":31,"atk":31,"def":31,"spa":31,"spd":31,"spe":31}},{"name":"Fire elemental","species":"nidoking","item":"choicescarf","ability":"Sheer Force","moves":["sludgewave","flamethrower","thunderbolt","icebeam"],"nature":"Timid","evs":{"hp":4,"atk":0,"def":0,"spa":252,"spd":0,"spe":252},"ivs":{"hp":31,"atk":0,"def":31,"spa":31,"spd":31,"spe":31}},{"name":"Earth elemental","species":"hippowdon","item":"leftovers","ability":"Sand Stream","moves":["earthquake","stealthrock","slackoff","whirlwind"],"nature":"Impish","evs":{"hp":252,"atk":0,"def":252,"spa":0,"spd":4,"spe":0},"gender":"F","ivs":{"hp":31,"atk":31,"def":31,"spa":31,"spd":31,"spe":31}},{"name":"Thunder elemental","species":"excadrill","item":"choiceband","ability":"Sand Rush","moves":["ironhead","earthquake","rockslide","rapidspin"],"nature":"Adamant","evs":{"hp":4,"atk":252,"def":0,"spa":0,"spd":0,"spe":252},"gender":"F","ivs":{"hp":31,"atk":31,"def":31,"spa":31,"spd":31,"spe":31}},{"name":"Air elemental","species":"landorus","item":"lifeorb","ability":"Sheer Force","moves":["earthpower","sludgewave","rockslide","gravity"],"nature":"Naive","evs":{"hp":4,"atk":0,"def":0,"spa":252,"spd":0,"spe":252},"ivs":{"hp":31,"atk":0,"def":31,"spa":31,"spd":31,"spe":31}}],"log":["|player|p1|Alliance ♋ akaFila|allianceakafila.gif","|player|p2|Alliance - Healer|144","|gametype|singles","|gen|6","|tier|Monotype","|rated","|rule|Baton Pass Clause: Limit one Baton Passer, can't pass Spe and other stats simultaneously","|rule|Swagger Clause: Swagger is banned","|rule|Same Type Clause: Pokémon in a team must share a type","|clearpoke","|poke|p1|Hoopa-Unbound","|poke|p1|Sharpedo, M","|poke|p1|Pangoro, F","|poke|p1|Mandibuzz, F","|poke|p1|Tyranitar, M","|poke|p1|Bisharp, F","|poke|p2|Mamoswine, F","|poke|p2|Seismitoad, F","|poke|p2|Nidoking, M","|poke|p2|Hippowdon, F","|poke|p2|Excadrill, F","|poke|p2|Landorus, M","|rule|Sleep Clause Mod: Limit one foe put to sleep","|rule|Species Clause: Limit one of each Pokémon","|rule|OHKO Clause: OHKO moves are banned","|rule|Moody Clause: Moody is banned","|rule|Evasion Moves Clause: Evasion moves are banned","|rule|Endless Battle Clause: Forcing endless battles is banned","|rule|HP Percentage Mod: HP is shown in percentages","|teampreview","|","|start","|switch|p1a: Hoopa-Unbound|Hoopa-Unbound|363/363","|switch|p2a: Air elemental|Landorus, M|320/320","|turn|1","|","|switch|p2a: Earth elemental|Hippowdon, F|420/420","|-weather|Sandstorm","|move|p1a: Hoopa-Unbound|Ice Punch|p2a: Earth elemental","|-supereffective|p2a: Earth elemental","|-damage|p2a: Earth elemental|184/420","|","|-weather|Sandstorm|[upkeep]","|-damage|p1a: Hoopa-Unbound|341/363|[from] sandstorm","|-heal|p2a: Earth elemental|210/420|[from] item: Leftovers","|turn|2","|","|switch|p2a: Ice elemental|Mamoswine, F|362/362","|move|p1a: Hoopa-Unbound|Ice Punch|p2a: Ice elemental","|-damage|p2a: Ice elemental|261/362","|","|-weather|Sandstorm|[upkeep]","|-damage|p1a: Hoopa-Unbound|319/363|[from] sandstorm","|turn|3","|","|switch|p1a: Mandibuzz|Mandibuzz, F|423/423","|move|p2a: Ice elemental|Icicle Crash|p1a: Mandibuzz|[miss]","|-miss|p2a: Ice elemental|p1a: Mandibuzz","|","|-weather|Sandstorm|[upkeep]","|turn|4","|","|move|p2a: Ice elemental|Icicle Crash|p1a: Mandibuzz","|-supereffective|p1a: Mandibuzz","|-damage|p1a: Mandibuzz|166/423","|-damage|p2a: Ice elemental|225/362|[from] item: Life Orb","|move|p1a: Mandibuzz|Foul Play|p2a: Ice elemental","|-damage|p2a: Ice elemental|8/362","|","|-weather|Sandstorm|[upkeep]","|turn|5","|","|move|p2a: Ice elemental|Earthquake|p1a: Mandibuzz","|-immune|p1a: Mandibuzz|[msg]","|move|p1a: Mandibuzz|Roost|p1a: Mandibuzz","|-heal|p1a: Mandibuzz|378/423","|","|-weather|none","|turn|6","|","|move|p2a: Ice elemental|Icicle Crash|p1a: Mandibuzz","|-supereffective|p1a: Mandibuzz","|-damage|p1a: Mandibuzz|89/423","|-damage|p2a: Ice elemental|0 fnt|[from] item: Life Orb","|faint|p2a: Ice elemental","|move|p1a: Mandibuzz|Roost|p1a: Mandibuzz","|-heal|p1a: Mandibuzz|301/423","|","|","|switch|p2a: Fire elemental|Nidoking, M|304/304","|turn|7","|","|switch|p1a: Tyranitar|Tyranitar, M|404/404","|-weather|Sandstorm","|move|p2a: Fire elemental|Ice Beam|p1a: Tyranitar","|-damage|p1a: Tyranitar|369/404","|","|-weather|Sandstorm|[upkeep]","|turn|8","|","|switch|p2a: Earth elemental|Hippowdon, F|210/420","|move|p1a: Tyranitar|Crunch|p2a: Earth elemental","|-damage|p2a: Earth elemental|138/420","|","|-weather|Sandstorm|[upkeep]","|-heal|p2a: Earth elemental|164/420|[from] item: Leftovers","|turn|9","|","|switch|p1a: Hoopa-Unbound|Hoopa-Unbound|319/363","|move|p2a: Earth elemental|Whirlwind|p1a: Hoopa-Unbound","|drag|p1a: Tyranitar|Tyranitar, M|369/404","|","|-weather|Sandstorm|[upkeep]","|-heal|p2a: Earth elemental|190/420|[from] item: Leftovers","|turn|10","|","|switch|p1a: Hoopa-Unbound|Hoopa-Unbound|319/363","|move|p2a: Earth elemental|Slack Off|p2a: Earth elemental","|-heal|p2a: Earth elemental|400/420","|","|-weather|Sandstorm|[upkeep]","|-damage|p1a: Hoopa-Unbound|297/363|[from] sandstorm","|-heal|p2a: Earth elemental|420/420|[from] item: Leftovers","|turn|11","|","|move|p1a: Hoopa-Unbound|Hyperspace Fury|p2a: Earth elemental","|-damage|p2a: Earth elemental|197/420","|-unboost|p1a: Hoopa-Unbound|def|1","|move|p2a: Earth elemental|Stealth Rock|p1a: Hoopa-Unbound","|-sidestart|p1: Alliance ♋ akaFila|move: Stealth Rock","|","|-weather|none","|-heal|p2a: Earth elemental|223/420|[from] item: Leftovers","|turn|12","|","|move|p1a: Hoopa-Unbound|Hyperspace Fury|p2a: Earth elemental","|-damage|p2a: Earth elemental|21/420","|-unboost|p1a: Hoopa-Unbound|def|1","|move|p2a: Earth elemental|Slack Off|p2a: Earth elemental","|-heal|p2a: Earth elemental|231/420","|","|-heal|p2a: Earth elemental|257/420|[from] item: Leftovers","|turn|13","|","|move|p1a: Hoopa-Unbound|Hyperspace Fury|p2a: Earth elemental","|-damage|p2a: Earth elemental|31/420","|-unboost|p1a: Hoopa-Unbound|def|1","|move|p2a: Earth elemental|Whirlwind|p1a: Hoopa-Unbound","|drag|p1a: Bisharp|Bisharp, F|333/333","|-damage|p1a: Bisharp|313/333|[from] Stealth Rock","|","|-heal|p2a: Earth elemental|57/420|[from] item: Leftovers","|turn|14","|","|switch|p2a: Fire elemental|Nidoking, M|304/304","|move|p1a: Bisharp|Knock Off|p2a: Fire elemental","|-damage|p2a: Fire elemental|81/304","|-enditem|p2a: Fire elemental|Choice Scarf|[from] move: Knock Off|[of] p1a: Bisharp","|","|turn|15","|","|move|p1a: Bisharp|Sucker Punch|p2a: Fire elemental","|-damage|p2a: Fire elemental|0 fnt","|faint|p2a: Fire elemental","|","|","|switch|p2a: Air elemental|Landorus, M|320/320","|turn|16","|","|move|p1a: Bisharp|Sucker Punch|p2a: Air elemental","|-fail|p1a: Bisharp","|move|p2a: Air elemental|Gravity|p2a: Air elemental","|-fieldstart|move: Gravity","|","|turn|17","|","|move|p1a: Bisharp|Sucker Punch|p2a: Air elemental","|-damage|p2a: Air elemental|163/320","|move|p2a: Air elemental|Earth Power|p1a: Bisharp","|-supereffective|p1a: Bisharp","|-damage|p1a: Bisharp|0 fnt","|faint|p1a: Bisharp","|","|","|switch|p1a: Sharpedo|Sharpedo, M|281/281","|-damage|p1a: Sharpedo|246/281|[from] Stealth Rock","|turn|18","|","|switch|p2a: Water elemental|Seismitoad, F|352/352","|move|p1a: Sharpedo|Protect|p1a: Sharpedo","|-fail|p1a: Sharpedo","|","|-boost|p1a: Sharpedo|spe|1|[from] ability: Speed Boost","|turn|19","|","|move|p1a: Sharpedo|Dark Pulse|p2a: Water elemental","|-damage|p2a: Water elemental|255/352","|-damage|p1a: Sharpedo|218/281|[from] item: Life Orb","|move|p2a: Water elemental|Drain Punch|p1a: Sharpedo","|-supereffective|p1a: Sharpedo","|-damage|p1a: Sharpedo|0 fnt","|-heal|p2a: Water elemental|352/352|[from] drain|[of] p1a: Sharpedo","|faint|p1a: Sharpedo","|","|","|switch|p1a: Mandibuzz|Mandibuzz, F|301/423","|-damage|p1a: Mandibuzz|196/423|[from] Stealth Rock","|turn|20","|","|switch|p2a: Air elemental|Landorus, M|163/320","|move|p1a: Mandibuzz|Toxic|p2a: Air elemental","|-status|p2a: Air elemental|tox","|","|-damage|p2a: Air elemental|143/320 tox|[from] psn","|-fieldend|move: Gravity","|turn|21","|","|move|p2a: Air elemental|Rock Slide|p1a: Mandibuzz","|-supereffective|p1a: Mandibuzz","|-damage|p1a: Mandibuzz|32/423","|move|p1a: Mandibuzz|Roost|p1a: Mandibuzz","|-heal|p1a: Mandibuzz|244/423","|","|-damage|p2a: Air elemental|103/320 tox|[from] psn","|turn|22","|","|move|p2a: Air elemental|Rock Slide|p1a: Mandibuzz","|-supereffective|p1a: Mandibuzz","|-damage|p1a: Mandibuzz|96/423","|move|p1a: Mandibuzz|Roost|p1a: Mandibuzz","|-heal|p1a: Mandibuzz|308/423","|","|-damage|p2a: Air elemental|43/320 tox|[from] psn","|turn|23","|","|move|p2a: Air elemental|Rock Slide|p1a: Mandibuzz","|-crit|p1a: Mandibuzz","|-supereffective|p1a: Mandibuzz","|-damage|p1a: Mandibuzz|92/423","|move|p1a: Mandibuzz|Roost|p1a: Mandibuzz","|-heal|p1a: Mandibuzz|304/423","|","|-damage|p2a: Air elemental|0 fnt|[from] psn","|faint|p2a: Air elemental","|","|switch|p2a: Thunder elemental|Excadrill, F|362/362","|turn|24","|","|move|p2a: Thunder elemental|Iron Head|p1a: Mandibuzz","|-damage|p1a: Mandibuzz|142/423","|-damage|p2a: Thunder elemental|302/362|[from] item: Rocky Helmet|[of] p1a: Mandibuzz","|move|p1a: Mandibuzz|Roost|p1a: Mandibuzz","|-heal|p1a: Mandibuzz|354/423","|","|turn|25","|","|move|p2a: Thunder elemental|Iron Head|p1a: Mandibuzz","|-crit|p1a: Mandibuzz","|-damage|p1a: Mandibuzz|83/423","|-damage|p2a: Thunder elemental|242/362|[from] item: Rocky Helmet|[of] p1a: Mandibuzz","|move|p1a: Mandibuzz|Toxic|p2a: Thunder elemental","|-immune|p2a: Thunder elemental|[msg]","|","|turn|26","|","|move|p2a: Thunder elemental|Iron Head|p1a: Mandibuzz","|-damage|p1a: Mandibuzz|0 fnt","|-damage|p2a: Thunder elemental|182/362|[from] item: Rocky Helmet|[of] p1a: Mandibuzz","|faint|p1a: Mandibuzz","|","|","|switch|p1a: Pangoro|Pangoro, F|331/331","|-damage|p1a: Pangoro|311/331|[from] Stealth Rock","|turn|27","|","|switch|p2a: Earth elemental|Hippowdon, F|57/420","|-weather|Sandstorm","|move|p1a: Pangoro|Drain Punch|p2a: Earth elemental","|-damage|p2a: Earth elemental|0 fnt","|-heal|p1a: Pangoro|331/331|[from] drain|[of] p2a: Earth elemental","|faint|p2a: Earth elemental","|","|-weather|Sandstorm|[upkeep]","|-damage|p1a: Pangoro|311/331|[from] sandstorm","|","|switch|p2a: Water elemental|Seismitoad, F|352/352","|turn|28","|","|move|p1a: Pangoro|Drain Punch|p2a: Water elemental","|-damage|p2a: Water elemental|145/352","|-heal|p1a: Pangoro|331/331|[from] drain|[of] p2a: Water elemental","|move|p2a: Water elemental|Drain Punch|p1a: Pangoro","|-supereffective|p1a: Pangoro","|-damage|p1a: Pangoro|155/331","|-heal|p2a: Water elemental|233/352|[from] drain|[of] p1a: Pangoro","|","|-weather|Sandstorm|[upkeep]","|-damage|p1a: Pangoro|135/331|[from] sandstorm","|turn|29","|","|move|p1a: Pangoro|Drain Punch|p2a: Water elemental","|-damage|p2a: Water elemental|19/352","|-heal|p1a: Pangoro|242/331|[from] drain|[of] p2a: Water elemental","|move|p2a: Water elemental|Drain Punch|p1a: Pangoro","|-supereffective|p1a: Pangoro","|-damage|p1a: Pangoro|56/331","|-heal|p2a: Water elemental|112/352|[from] drain|[of] p1a: Pangoro","|","|-weather|Sandstorm|[upkeep]","|-damage|p1a: Pangoro|36/331|[from] sandstorm","|turn|30","|","|move|p1a: Pangoro|Drain Punch|p2a: Water elemental","|-damage|p2a: Water elemental|0 fnt","|-heal|p1a: Pangoro|92/331|[from] drain|[of] p2a: Water elemental","|faint|p2a: Water elemental","|","|-weather|Sandstorm|[upkeep]","|-damage|p1a: Pangoro|72/331|[from] sandstorm","|","|switch|p2a: Thunder elemental|Excadrill, F|182/362","|turn|31","|","|switch|p1a: Hoopa-Unbound|Hoopa-Unbound|297/363","|-damage|p1a: Hoopa-Unbound|252/363|[from] Stealth Rock","|move|p2a: Thunder elemental|Earthquake|p1a: Hoopa-Unbound","|-damage|p1a: Hoopa-Unbound|0 fnt","|faint|p1a: Hoopa-Unbound","|","|-weather|none","|","|switch|p1a: Pangoro|Pangoro, F|72/331","|-damage|p1a: Pangoro|52/331|[from] Stealth Rock","|turn|32","|","|move|p1a: Pangoro|Drain Punch|p2a: Thunder elemental","|-supereffective|p2a: Thunder elemental","|-damage|p2a: Thunder elemental|0 fnt","|-heal|p1a: Pangoro|143/331|[from] drain|[of] p2a: Thunder elemental","|faint|p2a: Thunder elemental","|","|win|Alliance ♋ akaFila"],"p1rating":{"entryid":"6670496","serverid":"eos","formatid":"monotype","userid":"allianceakafila","username":"Alliance ♋ akaFila","w":20,"l":"20","t":"0","gxe":47.1,"r":"1457.2462947896","rd":"58.22234136208","sigma":"0","rptime":"1438678800","rpr":1477.8717265827,"rprd":57.151722065941,"rpsigma":"0","acre":1225.2980380716,"lacre":1225.2980380716,"oldacre":"1186.9221084897"},"p2rating":{"entryid":"5885761","serverid":"eos","formatid":"monotype","userid":"alliancehealer","username":"Alliance - Healer","w":"59","l":17,"t":"0","gxe":75.8,"r":"1727.5366000913","rd":"50.058948738977","sigma":"0","rptime":"1438678800","rpr":1717.235898477,"rprd":49.620321630246,"rpsigma":"0","acre":1363.7016353493,"lacre":1363.7016353493,"oldacre":"1394.4023790148"},"endType":"normal"}