{"seed":[3311,27528,31267,6718],"turns":34,"p1":"Seven Swell","p2":"MrNyanNyanz","p1team":[{"name":"Mew","species":"Mew","item":"leftovers","ability":"Synchronize","moves":["roost","toxic","healbell","aurasphere"],"nature":"Calm","evs":{"hp":252,"atk":0,"def":0,"spa":4,"spd":252,"spe":0},"ivs":{"hp":31,"atk":31,"def":31,"spa":31,"spd":31,"spe":31}},{"name":"Slowbro","species":"Slowbro","item":"rockyhelmet","ability":"Regenerator","moves":["scald","yawn","flamethrower","slackoff"],"nature":"Bold","evs":{"hp":252,"atk":0,"def":252,"spa":4,"spd":0,"spe":0},"ivs":{"hp":31,"atk":31,"def":31,"spa":31,"spd":31,"spe":31}},{"name":"Deoxys-Speed","species":"Deoxys-Speed","item":"focussash","ability":"Pressure","moves":["stealthrock","thunderbolt","thunderwave","icebeam"],"nature":"Timid","evs":{"hp":252,"atk":0,"def":44,"spa":0,"spd":0,"spe":212},"ivs":{"hp":31,"atk":31,"def":31,"spa":31,"spd":31,"spe":31}},{"name":"Gardevoir","species":"Gardevoir","item":"gardevoirite","ability":"Trace","moves":["hypervoice","psyshock","destinybond","thunderbolt"],"nature":"Timid","evs":{"hp":0,"atk":0,"def":4,"spa":252,"spd":0,"spe":252},"ivs":{"hp":31,"atk":0,"def":31,"spa":31,"spd":31,"spe":31}},{"name":"Latias","species":"Latias","item":"leftovers","ability":"Levitate","moves":["dracometeor","psyshock","roost","defog"],"nature":"Timid","evs":{"hp":252,"atk":0,"def":0,"spa":4,"spd":0,"spe":252},"ivs":{"hp":31,"atk":31,"def":31,"spa":31,"spd":31,"spe":31}},{"name":"Hoopa-Unbound","species":"Hoopa-Unbound","item":"focussash","ability":"Magician","moves":["hyperspacefury","drainpunch","firepunch","gunkshot"],"nature":"Adamant","evs":{"hp":0,"atk":252,"def":0,"spa":0,"spd":4,"spe":252},"ivs":{"hp":31,"atk":31,"def":31,"spa":31,"spd":31,"spe":31}}],"p2team":[{"name":"Nyxia","species":"liepard","item":"ironball","ability":"Prankster","moves":["thunderwave","taunt","trick","assist"],"nature":"Naive","evs":{"hp":0,"atk":128,"def":0,"spa":128,"spd":0,"spe":252},"ivs":{"hp":31,"atk":31,"def":31,"spa":31,"spd":31,"spe":31}},{"name":"Devillion","species":"houndoom","item":"houndoominite","ability":"Flash Fire","moves":["nastyplot","protect","darkpulse","flamethrower"],"nature":"Timid","evs":{"hp":0,"atk":0,"def":0,"spa":252,"spd":4,"spe":252},"ivs":{"hp":31,"atk":31,"def":31,"spa":31,"spd":31,"spe":31}},{"name":"2Sharp","species":"bisharp","item":"choicescarf","ability":"Defiant","moves":["suckerpunch","ironhead","knockoff","stoneedge"],"nature":"Jolly","evs":{"hp":0,"atk":252,"def":0,"spa":0,"spd":4,"spe":252},"shiny":true,"ivs":{"hp":31,"atk":31,"def":31,"spa":31,"spd":31,"spe":31}},{"name":"Stall","species":"sableye","item":"leftovers","ability":"Prankster","moves":["recover","willowisp","toxic","shadowball"],"nature":"Calm","evs":{"hp":252,"atk":0,"def":0,"spa":4,"spd":252,"spe":0},"shiny":true,"ivs":{"hp":31,"atk":31,"def":31,"spa":31,"spd":31,"spe":31}},{"name":"Drago","species":"hydreigon","item":"choicescarf","ability":"Levitate","moves":["earthpower","darkpulse","dracometeor","flashcannon"],"nature":"Timid","evs":{"hp":0,"atk":0,"def":0,"spa":252,"spd":4,"spe":252},"shiny":true,"ivs":{"hp":31,"atk":31,"def":31,"spa":31,"spd":31,"spe":31}},{"name":"Emma","species":"mandibuzz","item":"rockyhelmet","ability":"Overcoat","moves":["bravebird","roost","defog","knockoff"],"nature":"Impish","evs":{"hp":248,"atk":8,"def":252,"spa":0,"spd":0,"spe":0},"ivs":{"hp":31,"atk":31,"def":31,"spa":31,"spd":31,"spe":31}}],"log":["|player|p1|Seven Swell|sevenswell.png","|player|p2|MrNyanNyanz|mrnyannyanz.png","|gametype|singles","|gen|6","|tier|Monotype","|rated","|rule|Baton Pass Clause: Limit one Baton Passer, can't pass Spe and other stats simultaneously","|rule|Swagger Clause: Swagger is banned","|rule|Same Type Clause: Pokémon in a team must share a type","|clearpoke","|poke|p1|Mew","|poke|p1|Slowbro, M","|poke|p1|Deoxys-Speed","|poke|p1|Gardevoir, M","|poke|p1|Latias, F","|poke|p1|Hoopa-Unbound","|poke|p2|Liepard, M","|poke|p2|Houndoom, M","|poke|p2|Bisharp, M, shiny","|poke|p2|Sableye, F, shiny","|poke|p2|Hydreigon, M, shiny","|poke|p2|Mandibuzz, F","|rule|Sleep Clause Mod: Limit one foe put to sleep","|rule|Species Clause: Limit one of each Pokémon","|rule|OHKO Clause: OHKO moves are banned","|rule|Moody Clause: Moody is banned","|rule|Evasion Moves Clause: Evasion moves are banned","|rule|Endless Battle Clause: Forcing endless battles is banned","|rule|HP Percentage Mod: HP is shown in percentages","|teampreview","|","|start","|switch|p1a: Mew|Mew|404/404","|switch|p2a: Nyxia|Liepard, M|269/269","|turn|1","|","|move|p2a: Nyxia|Taunt|p1a: Mew","|-start|p1a: Mew|move: Taunt","|move|p1a: Mew|Aura Sphere|p2a: Nyxia","|-supereffective|p2a: Nyxia","|-damage|p2a: Nyxia|25/269","|","|turn|2","|","|switch|p1a: Deoxys-Speed|Deoxys-Speed|304/304","|-ability|p1a: Deoxys-Speed|Pressure","|move|p2a: Nyxia|Assist|p2a: Nyxia","|move|p2a: Nyxia|Roost|p2a: Nyxia|[from]Assist","|-heal|p2a: Nyxia|160/269","|","|turn|3","|","|move|p2a: Nyxia|Thunder Wave|p1a: Deoxys-Speed","|-status|p1a: Deoxys-Speed|par","|move|p1a: Deoxys-Speed|Stealth Rock|p2a: Nyxia","|-sidestart|p2: MrNyanNyanz|move: Stealth Rock","|","|turn|4","|","|switch|p1a: Slowbro|Slowbro, M|394/394","|move|p2a: Nyxia|Assist|p2a: Nyxia","|move|p2a: Nyxia|Earth Power|p1a: Slowbro|[from]Assist","|-crit|p1a: Slowbro","|-damage|p1a: Slowbro|258/394","|","|turn|5","|","|move|p2a: Nyxia|Taunt|p1a: Slowbro","|-start|p1a: Slowbro|move: Taunt","|cant|p1a: Slowbro|move: Taunt|Slack Off","|","|turn|6","|","|move|p2a: Nyxia|Assist|p2a: Nyxia","|move|p2a: Nyxia|Nasty Plot|p2a: Nyxia|[from]Assist","|-boost|p2a: Nyxia|spa|2","|move|p1a: Slowbro|Scald|p2a: Nyxia","|-damage|p2a: Nyxia|0 fnt","|faint|p2a: Nyxia","|","|","|switch|p2a: Devillion|Houndoom, M|291/291","|-damage|p2a: Devillion|219/291|[from] Stealth Rock","|turn|7","|","|switch|p1a: Deoxys-Speed|Deoxys-Speed|304/304 par","|-ability|p1a: Deoxys-Speed|Pressure","|detailschange|p2a: Devillion|Houndoom-Mega, M","|-mega|p2a: Devillion|Houndoom|Houndoominite","|move|p2a: Devillion|Dark Pulse|p1a: Deoxys-Speed","|-supereffective|p1a: Deoxys-Speed","|-enditem|p1a: Deoxys-Speed|Focus Sash","|-damage|p1a: Deoxys-Speed|1/304 par","|","|turn|8","|","|move|p2a: Devillion|Protect|p2a: Devillion","|-singleturn|p2a: Devillion|Protect","|move|p1a: Deoxys-Speed|Thunder Wave|p2a: Devillion","|-activate|p2a: Devillion|Protect","|","|turn|9","|","|move|p2a: Devillion|Dark Pulse|p1a: Deoxys-Speed","|-supereffective|p1a: Deoxys-Speed","|-damage|p1a: Deoxys-Speed|0 fnt","|faint|p1a: Deoxys-Speed","|","|","|switch|p1a: Hoopa-Unbound|Hoopa-Unbound|301/301","|turn|10","|","|switch|p2a: Stall|Sableye, F, shiny|304/304","|-damage|p2a: Stall|266/304|[from] Stealth Rock","|move|p1a: Hoopa-Unbound|Drain Punch|p2a: Stall","|-immune|p2a: Stall|[msg]","|","|-heal|p2a: Stall|285/304|[from] item: Leftovers","|turn|11","|","|switch|p1a: Gardevoir|Gardevoir, M|277/277","|-ability|p1a: Gardevoir|Prankster|[from] ability: Trace|[of] p2a: Stall","|move|p2a: Stall|Shadow Ball|p1a: Gardevoir","|-supereffective|p1a: Gardevoir","|-damage|p1a: Gardevoir|149/277","|","|-heal|p2a: Stall|304/304|[from] item: Leftovers","|turn|12","|","|switch|p2a: 2Sharp|Bisharp, M, shiny|271/271","|-damage|p2a: 2Sharp|255/271|[from] Stealth Rock","|detailschange|p1a: Gardevoir|Gardevoir-Mega, M","|-mega|p1a: Gardevoir|Gardevoir|Gardevoirite","|move|p1a: Gardevoir|Hyper Voice|p2a: 2Sharp","|-damage|p2a: 2Sharp|0 fnt","|faint|p2a: 2Sharp","|","|","|switch|p2a: Drago|Hydreigon, M, shiny|325/325","|-damage|p2a: Drago|285/325|[from] Stealth Rock","|turn|13","|","|switch|p1a: Latias|Latias, F|364/364","|move|p2a: Drago|Dark Pulse|p1a: Latias","|-supereffective|p1a: Latias","|-damage|p1a: Latias|134/364","|","|-heal|p1a: Latias|156/364|[from] item: Leftovers","|turn|14","|","|move|p2a: Drago|Dark Pulse|p1a: Latias","|-supereffective|p1a: Latias","|-damage|p1a: Latias|0 fnt","|faint|p1a: Latias","|","|","|switch|p1a: Gardevoir|Gardevoir-Mega, M|149/277","|turn|15","|","|switch|p2a: Devillion|Houndoom-Mega, M|219/291","|-damage|p2a: Devillion|147/291|[from] Stealth Rock","|move|p1a: Gardevoir|Hyper Voice|p2a: Devillion","|-crit|p2a: Devillion","|-damage|p2a: Devillion|0 fnt","|faint|p2a: Devillion","|","|","|switch|p2a: Drago|Hydreigon, M, shiny|285/325","|-damage|p2a: Drago|245/325|[from] Stealth Rock","|turn|16","|","|switch|p1a: Mew|Mew|404/404","|move|p2a: Drago|Flash Cannon|p1a: Mew","|-damage|p1a: Mew|333/404","|","|-heal|p1a: Mew|358/404|[from] item: Leftovers","|turn|17","|","|switch|p2a: Stall|Sableye, F, shiny|304/304","|-damage|p2a: Stall|266/304|[from] Stealth Rock","|move|p1a: Mew|Toxic|p2a: Stall","|-status|p2a: Stall|tox","|","|-heal|p1a: Mew|383/404|[from] item: Leftovers","|-heal|p2a: Stall|285/304 tox|[from] item: Leftovers","|-damage|p2a: Stall|266/304 tox|[from] psn","|turn|18","|","|move|p2a: Stall|Toxic|p1a: Mew","|-status|p1a: Mew|tox","|move|p1a: Mew|Heal Bell|p1a: Mew","|-cureteam|p1a: Mew|[from] move: HealBell","|","|-heal|p1a: Mew|404/404|[from] item: Leftovers","|-heal|p2a: Stall|285/304 tox|[from] item: Leftovers","|-damage|p2a: Stall|247/304 tox|[from] psn","|turn|19","|","|switch|p2a: Emma|Mandibuzz, F|423/423","|-damage|p2a: Emma|318/423|[from] Stealth Rock","|move|p1a: Mew|Aura Sphere|p2a: Emma","|-damage|p2a: Emma|257/423","|","|turn|20","|","|move|p1a: Mew|Toxic|p2a: Emma","|-status|p2a: Emma|tox","|move|p2a: Emma|Defog|p1a: Mew","|-unboost|p1a: Mew|evasion|1","|-sideend|p2: MrNyanNyanz|Stealth Rock|[from] move: Defog|[of] p2a: Emma","|","|-damage|p2a: Emma|231/423 tox|[from] psn","|turn|21","|","|move|p1a: Mew|Aura Sphere|p2a: Emma","|-damage|p2a: Emma|170/423 tox","|move|p2a: Emma|Knock Off|p1a: Mew","|-supereffective|p1a: Mew","|-damage|p1a: Mew|252/404","|-enditem|p1a: Mew|Leftovers|[from] move: Knock Off|[of] p2a: Emma","|","|-damage|p2a: Emma|118/423 tox|[from] psn","|turn|22","|","|switch|p2a: Drago|Hydreigon, M, shiny|245/325","|move|p1a: Mew|Roost|p1a: Mew","|-heal|p1a: Mew|404/404","|","|turn|23","|","|switch|p1a: Slowbro|Slowbro, M|389/394","|move|p2a: Drago|Dark Pulse|p1a: Slowbro","|-supereffective|p1a: Slowbro","|-damage|p1a: Slowbro|33/394","|","|turn|24","|","|move|p2a: Drago|Dark Pulse|p1a: Slowbro","|-crit|p1a: Slowbro","|-supereffective|p1a: Slowbro","|-damage|p1a: Slowbro|0 fnt","|faint|p1a: Slowbro","|","|","|switch|p1a: Hoopa-Unbound|Hoopa-Unbound|301/301","|turn|25","|","|switch|p2a: Stall|Sableye, F, shiny|247/304 tox","|move|p1a: Hoopa-Unbound|Hyperspace Fury|p2a: Stall","|-damage|p2a: Stall|0 fnt","|-unboost|p1a: Hoopa-Unbound|def|1","|faint|p2a: Stall","|","|","|switch|p2a: Emma|Mandibuzz, F|118/423 tox","|turn|26","|","|switch|p1a: Mew|Mew|404/404","|move|p2a: Emma|Roost|p2a: Emma","|-heal|p2a: Emma|330/423 tox","|","|-damage|p2a: Emma|304/423 tox|[from] psn","|turn|27","|","|move|p1a: Mew|Aura Sphere|p2a: Emma","|-damage|p2a: Emma|243/423 tox","|move|p2a: Emma|Knock Off|p1a: Mew","|-supereffective|p1a: Mew","|-damage|p1a: Mew|290/404","|","|-damage|p2a: Emma|191/423 tox|[from] psn","|turn|28","|","|move|p1a: Mew|Aura Sphere|p2a: Emma","|-damage|p2a: Emma|127/423 tox","|move|p2a: Emma|Roost|p2a: Emma","|-heal|p2a: Emma|339/423 tox","|","|-damage|p2a: Emma|261/423 tox|[from] psn","|turn|29","|","|switch|p2a: Drago|Hydreigon, M, shiny|245/325","|move|p1a: Mew|Aura Sphere|p2a: Drago","|-supereffective|p2a: Drago","|-damage|p2a: Drago|119/325","|","|turn|30","|","|move|p2a: Drago|Dark Pulse|p1a: Mew","|-supereffective|p1a: Mew","|-damage|p1a: Mew|104/404","|move|p1a: Mew|Aura Sphere|p2a: Drago","|-supereffective|p2a: Drago","|-damage|p2a: Drago|0 fnt","|faint|p2a: Drago","|","|","|switch|p2a: Emma|Mandibuzz, F|261/423 tox","|turn|31","|","|move|p1a: Mew|Roost|p1a: Mew","|-heal|p1a: Mew|306/404","|move|p2a: Emma|Knock Off|p1a: Mew","|-crit|p1a: Mew","|-supereffective|p1a: Mew","|-damage|p1a: Mew|148/404","|","|-damage|p2a: Emma|235/423 tox|[from] psn","|turn|32","|","|move|p1a: Mew|Roost|p1a: Mew","|-heal|p1a: Mew|350/404","|move|p2a: Emma|Knock Off|p1a: Mew","|-supereffective|p1a: Mew","|-damage|p1a: Mew|240/404","|","|-damage|p2a: Emma|183/423 tox|[from] psn","|turn|33","|","|move|p1a: Mew|Aura Sphere|p2a: Emma","|-damage|p2a: Emma|119/423 tox","|move|p2a: Emma|Knock Off|p1a: Mew","|-supereffective|p1a: Mew","|-damage|p1a: Mew|132/404","|","|-damage|p2a: Emma|41/423 tox|[from] psn","|turn|34","|","|move|p1a: Mew|Aura Sphere|p2a: Emma","|-damage|p2a: Emma|0 fnt","|faint|p2a: Emma","|","|win|Seven Swell"],"p1rating":{"entryid":"7267988","serverid":"eos","formatid":"monotype","userid":"sevenswell","username":"Seven Swell","w":36,"l":"21","t":"0","gxe":64.5,"r":"1581.1770835154","rd":"48.801543514469","sigma":"0","rptime":"1438678800","rpr":1613.4374367152,"rprd":46.392161283563,"rpsigma":"0","acre":1291.9464870293,"lacre":1291.9464870293,"oldacre":"1275.2818098501"},"p2rating":{"entryid":"6703862","serverid":"eos","formatid":"monotype","userid":"mrnyannyanz","username":"MrNyanNyanz","w":"46","l":37,"t":"0","gxe":54.2,"r":"1537.4006844982","rd":"40.879362621391","sigma":"0","rptime":"1438678800","rpr":1532.0911511093,"rprd":39.69673675908,"rpsigma":"0","acre":1138.1740286341,"lacre":1138.1740286341,"oldacre":"1154.8387058133"},"endType":"normal"}