{"seed":[52742,48883,63620,64321],"turns":28,"p1":"DJMadness","p2":"GTX♅Bzumzum","p1team":[{"name":"The Hero","species":"accelgor","item":"choicescarf","ability":"Sticky Hold","moves":["bugbuzz","finalgambit","sludgebomb","energyball"],"nature":"Timid","evs":{"hp":252,"atk":0,"def":0,"spa":4,"spd":0,"spe":252},"gender":"M","shiny":true,"ivs":{"hp":31,"atk":31,"def":31,"spa":31,"spd":31,"spe":31}},{"name":"A Monster","species":"volcarona","item":"sitrusberry","ability":"Flame Body","moves":["bugbuzz","fierydance","quiverdance","gigadrain"],"nature":"Timid","evs":{"hp":252,"atk":0,"def":0,"spa":0,"spd":4,"spe":252},"gender":"F","shiny":true,"ivs":{"hp":31,"atk":31,"def":31,"spa":31,"spd":31,"spe":31}},{"name":"What Am I?","species":"armaldo","item":"leftovers","ability":"Battle Armor","moves":["stealthrock","rapidspin","toxic","rockslide"],"nature":"Impish","evs":{"hp":252,"atk":4,"def":252,"spa":0,"spd":0,"spe":0},"gender":"M","shiny":true,"ivs":{"hp":31,"atk":31,"def":31,"spa":31,"spd":31,"spe":31}},{"name":"Beedrill","species":"Beedrill","item":"beedrillite","ability":"Swarm","moves":["poisonjab","drillrun","protect","uturn"],"nature":"","gender":"M","shiny":true,"evs":{"hp":0,"atk":0,"def":0,"spa":0,"spd":0,"spe":0},"ivs":{"hp":31,"atk":31,"def":31,"spa":31,"spd":31,"spe":31}},{"name":"Dual Blade","species":"scyther","item":"eviolite","ability":"Technician","moves":["aerialace","swordsdance","roost","quickattack"],"nature":"Jolly","evs":{"hp":252,"atk":4,"def":0,"spa":0,"spd":0,"spe":252},"gender":"M","shiny":true,"ivs":{"hp":31,"atk":31,"def":31,"spa":31,"spd":31,"spe":31}},{"name":"Soo Kawaii :3","species":"vivillon","item":"focussash","ability":"Compound Eyes","moves":["hurricane","sleeppowder","hiddenpowerground","quiverdance"],"nature":"Timid","evs":{"hp":0,"atk":0,"def":0,"spa":252,"spd":0,"spe":252},"gender":"F","ivs":{"hp":31,"atk":31,"def":31,"spa":30,"spd":30,"spe":31},"shiny":true}],"p2team":[{"name":"Elec","species":"manectric","item":"manectite","ability":"Lightning Rod","moves":["thunderbolt","hiddenpowerice","voltswitch","overheat"],"nature":"Timid","evs":{"hp":0,"atk":0,"def":0,"spa":252,"spd":4,"spe":252},"gender":"M","ivs":{"hp":31,"atk":30,"def":30,"spa":31,"spd":31,"spe":31}},{"name":"Water-Safe","species":"rotomwash","item":"chestoberry","ability":"Levitate","moves":["hydropump","toxic","willowisp","rest"],"nature":"Calm","evs":{"hp":248,"atk":0,"def":0,"spa":8,"spd":252,"spe":0},"shiny":true,"ivs":{"hp":31,"atk":31,"def":31,"spa":31,"spd":31,"spe":31}},{"name":"MY ZONE!!!","species":"magnezone","item":"choicespecs","ability":"Sturdy","moves":["hiddenpowerice","flashcannon","triattack","signalbeam"],"nature":"Modest","evs":{"hp":248,"atk":0,"def":0,"spa":252,"spd":8,"spe":0},"ivs":{"hp":31,"atk":30,"def":30,"spa":31,"spd":31,"spe":31},"shiny":true},{"name":"Thundernor","species":"eelektross","item":"leftovers","ability":"Levitate","moves":["coil","drainpunch","knockoff","uturn"],"nature":"Adamant","evs":{"hp":252,"atk":252,"def":0,"spa":0,"spd":0,"spe":4},"gender":"M","shiny":true,"ivs":{"hp":31,"atk":31,"def":31,"spa":31,"spd":31,"spe":31}},{"name":"Zapz","species":"zapdos","item":"leftovers","ability":"Pressure","moves":["heatwave","roost","extrasensory","defog"],"nature":"Modest","evs":{"hp":252,"atk":0,"def":0,"spa":252,"spd":4,"spe":0},"shiny":true,"ivs":{"hp":31,"atk":31,"def":31,"spa":31,"spd":31,"spe":31}},{"name":"Plugg-in Failure","species":"electivire","item":"choicescarf","ability":"Vital Spirit","moves":["crosschop","earthquake","icepunch","rockslide"],"nature":"Adamant","evs":{"hp":0,"atk":252,"def":0,"spa":0,"spd":4,"spe":252},"gender":"M","shiny":true,"ivs":{"hp":31,"atk":31,"def":31,"spa":31,"spd":31,"spe":31}}],"log":["|player|p1|DJMadness|92","|player|p2|GTX♅Bzumzum|225","|gametype|singles","|gen|6","|tier|Monotype","|rated","|rule|Baton Pass Clause: Limit one Baton Passer, can't pass Spe and other stats simultaneously","|rule|Swagger Clause: Swagger is banned","|rule|Same Type Clause: Pokémon in a team must share a type","|clearpoke","|poke|p1|Accelgor, M, shiny","|poke|p1|Volcarona, F, shiny","|poke|p1|Armaldo, M, shiny","|poke|p1|Beedrill, M, shiny","|poke|p1|Scyther, M, shiny","|poke|p1|Vivillon, F, shiny","|poke|p2|Manectric, M","|poke|p2|Rotom-Wash, shiny","|poke|p2|Magnezone, shiny","|poke|p2|Eelektross, M, shiny","|poke|p2|Zapdos, shiny","|poke|p2|Electivire, M, shiny","|rule|Sleep Clause Mod: Limit one foe put to sleep","|rule|Species Clause: Limit one of each Pokémon","|rule|OHKO Clause: OHKO moves are banned","|rule|Moody Clause: Moody is banned","|rule|Evasion Moves Clause: Evasion moves are banned","|rule|Endless Battle Clause: Forcing endless battles is banned","|rule|HP Percentage Mod: HP is shown in percentages","|teampreview","|","|start","|switch|p1a: Beedrill|Beedrill, M, shiny|271/271","|switch|p2a: Water-Safe|Rotom-Wash, shiny|303/303","|turn|1","|","|detailschange|p1a: Beedrill|Beedrill-Mega, M, shiny","|-mega|p1a: Beedrill|Beedrill|Beedrillite","|move|p1a: Beedrill|Protect|p1a: Beedrill","|-singleturn|p1a: Beedrill|Protect","|move|p2a: Water-Safe|Will-O-Wisp|p1a: Beedrill","|-activate|p1a: Beedrill|Protect","|","|turn|2","|","|move|p1a: Beedrill|U-turn|p2a: Water-Safe","|-damage|p2a: Water-Safe|163/303","|","|switch|p1a: A Monster|Volcarona, F, shiny|374/374","|move|p2a: Water-Safe|Will-O-Wisp|p1a: A Monster","|-immune|p1a: A Monster|[msg]","|","|turn|3","|","|move|p1a: A Monster|Quiver Dance|p1a: A Monster","|-boost|p1a: A Monster|spa|1","|-boost|p1a: A Monster|spd|1","|-boost|p1a: A Monster|spe|1","|move|p2a: Water-Safe|Hydro Pump|p1a: A Monster","|-supereffective|p1a: A Monster","|-damage|p1a: A Monster|200/374","|","|turn|4","|","|move|p1a: A Monster|Quiver Dance|p1a: A Monster","|-boost|p1a: A Monster|spa|1","|-boost|p1a: A Monster|spd|1","|-boost|p1a: A Monster|spe|1","|move|p2a: Water-Safe|Toxic|p1a: A Monster","|-status|p1a: A Monster|tox","|","|-damage|p1a: A Monster|177/374 tox|[from] psn","|-enditem|p1a: A Monster|Sitrus Berry|[eat]","|-heal|p1a: A Monster|270/374 tox|[from] item: Sitrus Berry","|turn|5","|","|move|p1a: A Monster|Giga Drain|p2a: Water-Safe","|-supereffective|p2a: Water-Safe","|-damage|p2a: Water-Safe|0 fnt","|-heal|p1a: A Monster|352/374 tox|[from] drain|[of] p2a: Water-Safe","|faint|p2a: Water-Safe","|","|-damage|p1a: A Monster|306/374 tox|[from] psn","|","|switch|p2a: Zapz|Zapdos, shiny|384/384","|-ability|p2a: Zapz|Pressure","|turn|6","|","|move|p1a: A Monster|Fiery Dance|p2a: Zapz","|-damage|p2a: Zapz|122/384","|-boost|p1a: A Monster|spa|1","|move|p2a: Zapz|Extrasensory|p1a: A Monster","|-damage|p1a: A Monster|259/374 tox","|","|-heal|p2a: Zapz|146/384|[from] item: Leftovers","|-damage|p1a: A Monster|190/374 tox|[from] psn","|turn|7","|","|switch|p2a: Thundernor|Eelektross, M, shiny|374/374","|move|p1a: A Monster|Fiery Dance|p2a: Thundernor","|-damage|p2a: Thundernor|7/374","|-boost|p1a: A Monster|spa|1","|","|-heal|p2a: Thundernor|30/374|[from] item: Leftovers","|-damage|p1a: A Monster|98/374 tox|[from] psn","|turn|8","|","|move|p1a: A Monster|Fiery Dance|p2a: Thundernor","|-damage|p2a: Thundernor|0 fnt","|faint|p2a: Thundernor","|","|-damage|p1a: A Monster|0 fnt|[from] psn","|faint|p1a: A Monster","|","|switch|p2a: Plugg-in Failure|Electivire, M, shiny|291/291","|switch|p1a: What Am I?|Armaldo, M, shiny|354/354","|turn|9","|","|move|p2a: Plugg-in Failure|Ice Punch|p1a: What Am I?","|-damage|p1a: What Am I?|285/354","|move|p1a: What Am I?|Stealth Rock|p2a: Plugg-in Failure","|-sidestart|p2: GTX♅Bzumzum|move: Stealth Rock","|","|-heal|p1a: What Am I?|307/354|[from] item: Leftovers","|turn|10","|","|move|p2a: Plugg-in Failure|Ice Punch|p1a: What Am I?","|-damage|p1a: What Am I?|233/354","|-status|p1a: What Am I?|frz","|cant|p1a: What Am I?|frz","|","|-heal|p1a: What Am I?|255/354 frz|[from] item: Leftovers","|turn|11","|","|switch|p2a: Zapz|Zapdos, shiny|146/384","|-damage|p2a: Zapz|50/384|[from] Stealth Rock","|-ability|p2a: Zapz|Pressure","|cant|p1a: What Am I?|frz","|","|-heal|p2a: Zapz|74/384|[from] item: Leftovers","|-heal|p1a: What Am I?|277/354 frz|[from] item: Leftovers","|turn|12","|","|move|p2a: Zapz|Roost|p2a: Zapz","|-heal|p2a: Zapz|266/384","|-curestatus|p1a: What Am I?|frz","|move|p1a: What Am I?|Rock Slide|p2a: Zapz","|-damage|p2a: Zapz|149/384","|","|-heal|p2a: Zapz|173/384|[from] item: Leftovers","|-heal|p1a: What Am I?|299/354|[from] item: Leftovers","|turn|13","|","|move|p2a: Zapz|Roost|p2a: Zapz","|-heal|p2a: Zapz|365/384","|move|p1a: What Am I?|Rock Slide|p2a: Zapz","|-damage|p2a: Zapz|236/384","|","|-heal|p2a: Zapz|260/384|[from] item: Leftovers","|-heal|p1a: What Am I?|321/354|[from] item: Leftovers","|turn|14","|","|move|p2a: Zapz|Defog|p1a: What Am I?","|-unboost|p1a: What Am I?|evasion|1","|-sideend|p2: GTX♅Bzumzum|Stealth Rock|[from] move: Defog|[of] p2a: Zapz","|move|p1a: What Am I?|Rock Slide|p2a: Zapz","|-supereffective|p2a: Zapz","|-damage|p2a: Zapz|18/384","|","|-heal|p2a: Zapz|42/384|[from] item: Leftovers","|-heal|p1a: What Am I?|343/354|[from] item: Leftovers","|turn|15","|","|move|p2a: Zapz|Roost|p2a: Zapz","|-heal|p2a: Zapz|234/384","|move|p1a: What Am I?|Stealth Rock|p2a: Zapz","|-sidestart|p2: GTX♅Bzumzum|move: Stealth Rock","|","|-heal|p2a: Zapz|258/384|[from] item: Leftovers","|-heal|p1a: What Am I?|354/354|[from] item: Leftovers","|turn|16","|","|move|p2a: Zapz|Defog|p1a: What Am I?","|-unboost|p1a: What Am I?|evasion|1","|-sideend|p2: GTX♅Bzumzum|Stealth Rock|[from] move: Defog|[of] p2a: Zapz","|move|p1a: What Am I?|Rock Slide|p2a: Zapz","|-supereffective|p2a: Zapz","|-damage|p2a: Zapz|0 fnt","|faint|p2a: Zapz","|","|","|switch|p2a: MY ZONE!!!|Magnezone, shiny|343/343","|turn|17","|","|move|p2a: MY ZONE!!!|Flash Cannon|p1a: What Am I?","|-supereffective|p1a: What Am I?","|-damage|p1a: What Am I?|0 fnt","|faint|p1a: What Am I?","|","|","|switch|p1a: Soo Kawaii :3|Vivillon, F, shiny|301/301","|turn|18","|","|move|p1a: Soo Kawaii :3|Sleep Powder|p2a: MY ZONE!!!|[miss]","|-miss|p1a: Soo Kawaii :3|p2a: MY ZONE!!!","|move|p2a: MY ZONE!!!|Flash Cannon|p1a: Soo Kawaii :3","|-enditem|p1a: Soo Kawaii :3|Focus Sash","|-damage|p1a: Soo Kawaii :3|1/301","|","|turn|19","|","|switch|p2a: Plugg-in Failure|Electivire, M, shiny|291/291","|move|p1a: Soo Kawaii :3|Sleep Powder|p2a: Plugg-in Failure","|-immune|p2a: Plugg-in Failure|[msg]","|","|turn|20","|","|move|p2a: Plugg-in Failure|Ice Punch|p1a: Soo Kawaii :3","|-supereffective|p1a: Soo Kawaii :3","|-damage|p1a: Soo Kawaii :3|0 fnt","|faint|p1a: Soo Kawaii :3","|","|","|switch|p1a: Beedrill|Beedrill-Mega, M, shiny|271/271","|turn|21","|","|move|p2a: Plugg-in Failure|Ice Punch|p1a: Beedrill","|-damage|p1a: Beedrill|89/271","|move|p1a: Beedrill|U-turn|p2a: Plugg-in Failure","|-damage|p2a: Plugg-in Failure|71/291","|","|switch|p1a: Dual Blade|Scyther, M, shiny|344/344","|","|turn|22","|","|move|p1a: Dual Blade|Quick Attack|p2a: Plugg-in Failure","|-damage|p2a: Plugg-in Failure|4/291","|move|p2a: Plugg-in Failure|Ice Punch|p1a: Dual Blade","|-supereffective|p1a: Dual Blade","|-damage|p1a: Dual Blade|188/344","|-status|p1a: Dual Blade|frz","|","|turn|23","|","|switch|p2a: MY ZONE!!!|Magnezone, shiny|343/343","|cant|p1a: Dual Blade|frz","|","|turn|24","|","|cant|p1a: Dual Blade|frz","|move|p2a: MY ZONE!!!|Hidden Power|p1a: Dual Blade","|-supereffective|p1a: Dual Blade","|-damage|p1a: Dual Blade|4/344 frz","|","|turn|25","|","|cant|p1a: Dual Blade|frz","|move|p2a: MY ZONE!!!|Hidden Power|p1a: Dual Blade","|-supereffective|p1a: Dual Blade","|-damage|p1a: Dual Blade|0 fnt","|faint|p1a: Dual Blade","|","|","|switch|p1a: The Hero|Accelgor, M, shiny|364/364","|turn|26","|","|move|p1a: The Hero|Final Gambit|p2a: MY ZONE!!!","|-ability|p2a: MY ZONE!!!|Sturdy","|-damage|p2a: MY ZONE!!!|1/343","|faint|p1a: The Hero","|move|p2a: MY ZONE!!!|Hidden Power|p1: The Hero|[notarget]","|-notarget","|","|","|switch|p1a: Beedrill|Beedrill-Mega, M, shiny|89/271","|turn|27","|","|move|p1a: Beedrill|U-turn|p2a: MY ZONE!!!","|-resisted|p2a: MY ZONE!!!","|-damage|p2a: MY ZONE!!!|0 fnt","|faint|p2a: MY ZONE!!!","|","|","|switch|p2a: Plugg-in Failure|Electivire, M, shiny|4/291","|turn|28","|","|move|p2a: Plugg-in Failure|Rock Slide|p1a: Beedrill","|-supereffective|p1a: Beedrill","|-damage|p1a: Beedrill|0 fnt","|faint|p1a: Beedrill","|","|win|GTX♅Bzumzum"],"p1rating":{"entryid":"7355209","serverid":"eos","formatid":"monotype","userid":"djmadness","username":"DJMadness","w":"18","l":20,"t":"0","gxe":47.5,"r":"1344.0194674362","rd":"88.375044745558","sigma":"0","rptime":"1438678800","rpr":1480.8136696443,"rprd":57.69838270053,"rpsigma":"0","acre":1115.7002669931,"lacre":1115.7002669931,"oldacre":"1149.3780889962"},"p2rating":{"entryid":"6857825","serverid":"eos","formatid":"monotype","userid":"gtxbzumzum","username":"GTX♅Bzumzum","w":22,"l":"82","t":"0","gxe":22.6,"r":"1265.6603548168","rd":"39.48717987662","sigma":"0","rptime":"1438678800","rpr":1266.9718456916,"rprd":38.943326704569,"rpsigma":"0","acre":1072.6772225318,"lacre":1072.6772225318,"oldacre":"1023.5517339499"},"endType":"normal"}