{"seed":[49338,50390,9426,26740],"turns":32,"p1":"Sage.13","p2":"DJ Biggie","p1team":[{"name":"King Ludi","species":"ludicolo","item":"leftovers","ability":"Swift Swim","moves":["teeterdance","scald","icebeam","gigadrain"],"nature":"Modest","evs":{"hp":0,"atk":0,"def":0,"spa":252,"spd":4,"spe":252},"shiny":true,"ivs":{"hp":31,"atk":31,"def":31,"spa":31,"spd":31,"spe":31}},{"name":"Azul","species":"azumarill","item":"sitrusberry","ability":"Huge Power","moves":["aquajet","playrough","bellydrum","knockoff"],"nature":"Adamant","evs":{"hp":252,"atk":252,"def":0,"spa":0,"spd":4,"spe":0},"shiny":true,"ivs":{"hp":31,"atk":31,"def":31,"spa":31,"spd":31,"spe":31}},{"name":"Swampert","species":"Swampert","item":"swampertite","ability":"Damp","moves":["superpower","waterfall","earthquake","icepunch"],"nature":"Adamant","evs":{"hp":248,"atk":252,"def":0,"spa":0,"spd":8,"spe":0},"ivs":{"hp":31,"atk":31,"def":31,"spa":31,"spd":31,"spe":31}},{"name":"Milo","species":"milotic","item":"leftovers","ability":"Competitive","moves":["scald","icebeam","raindance","toxic"],"nature":"Bold","evs":{"hp":252,"atk":0,"def":252,"spa":4,"spd":0,"spe":0},"shiny":true,"ivs":{"hp":31,"atk":31,"def":31,"spa":31,"spd":31,"spe":31}},{"name":"Politoed","species":"Politoed","item":"widelens","ability":"Drizzle","moves":["icebeam","surf","hypnosis","perishsong"],"nature":"Modest","evs":{"hp":248,"atk":0,"def":0,"spa":252,"spd":8,"spe":0},"shiny":true,"ivs":{"hp":31,"atk":31,"def":31,"spa":31,"spd":31,"spe":31}},{"name":"Slowking","species":"Slowking","item":"assaultvest","ability":"Regenerator","moves":["futuresight","surf","flamethrower","icebeam"],"nature":"Modest","evs":{"hp":248,"atk":0,"def":0,"spa":252,"spd":8,"spe":0},"shiny":true,"ivs":{"hp":31,"atk":31,"def":31,"spa":31,"spd":31,"spe":31}}],"p2team":[{"name":"Faildra","species":"kingdra","item":"scopelens","ability":"Sniper","moves":["focusenergy","dracometeor","surf","agility"],"nature":"Modest","evs":{"hp":0,"atk":0,"def":4,"spa":252,"spd":0,"spe":252},"ivs":{"hp":31,"atk":31,"def":31,"spa":31,"spd":31,"spe":31}},{"name":"Hen + Tie","species":"tentacruel","item":"blacksludge","ability":"Liquid Ooze","moves":["scald","rapidspin","acidspray","knockoff"],"nature":"Timid","evs":{"hp":248,"atk":0,"def":216,"spa":0,"spd":28,"spe":16},"ivs":{"hp":31,"atk":31,"def":31,"spa":31,"spd":31,"spe":31}},{"name":"Kenny (The Bae)","species":"azumarill","item":"assaultvest","ability":"Sap Sipper","moves":["playrough","waterfall","aquajet","knockoff"],"nature":"Adamant","evs":{"hp":240,"atk":252,"def":0,"spa":0,"spd":16,"spe":0},"gender":"F","ivs":{"hp":31,"atk":31,"def":31,"spa":31,"spd":31,"spe":31}},{"name":"Slippy","species":"politoed","item":"choicespecs","ability":"Drizzle","moves":["scald","hydropump","hiddenpowergrass","mudbomb"],"nature":"Modest","evs":{"hp":248,"atk":0,"def":0,"spa":252,"spd":8,"spe":0},"ivs":{"hp":31,"atk":30,"def":31,"spa":30,"spd":31,"spe":31}},{"name":"Samba de Amigo","species":"ludicolo","item":"lifeorb","ability":"Swift Swim","moves":["hydropump","gigadrain","icebeam","focusblast"],"nature":"Modest","evs":{"hp":0,"atk":0,"def":0,"spa":252,"spd":4,"spe":252},"ivs":{"hp":31,"atk":31,"def":31,"spa":31,"spd":31,"spe":31}},{"name":"JUST DO IT!","species":"swampert","item":"swampertite","ability":"Damp","moves":["waterfall","earthquake","icepunch","poweruppunch"],"nature":"Adamant","evs":{"hp":0,"atk":252,"def":4,"spa":0,"spd":0,"spe":252},"ivs":{"hp":31,"atk":31,"def":31,"spa":31,"spd":31,"spe":31}}],"log":["|player|p1|Sage.13|154","|player|p2|DJ Biggie|djbiggie.png","|gametype|singles","|gen|6","|tier|Monotype","|rated","|rule|Baton Pass Clause: Limit one Baton Passer, can't pass Spe and other stats simultaneously","|rule|Swagger Clause: Swagger is banned","|rule|Same Type Clause: Pokémon in a team must share a type","|clearpoke","|poke|p1|Ludicolo, F, shiny","|poke|p1|Azumarill, M, shiny","|poke|p1|Swampert, M","|poke|p1|Milotic, M, shiny","|poke|p1|Politoed, M, shiny","|poke|p1|Slowking, F, shiny","|poke|p2|Kingdra, M","|poke|p2|Tentacruel, M","|poke|p2|Azumarill, F","|poke|p2|Politoed, F","|poke|p2|Ludicolo, F","|poke|p2|Swampert, F","|rule|Sleep Clause Mod: Limit one foe put to sleep","|rule|Species Clause: Limit one of each Pokémon","|rule|OHKO Clause: OHKO moves are banned","|rule|Moody Clause: Moody is banned","|rule|Evasion Moves Clause: Evasion moves are banned","|rule|Endless Battle Clause: Forcing endless battles is banned","|rule|HP Percentage Mod: HP is shown in percentages","|teampreview","|","|start","|switch|p1a: Politoed|Politoed, M, shiny|383/383","|switch|p2a: Hen + Tie|Tentacruel, M|363/363","|-weather|RainDance","|turn|1","|","|move|p2a: Hen + Tie|Knock Off|p1a: Politoed","|-damage|p1a: Politoed|314/383","|-enditem|p1a: Politoed|Wide Lens|[from] move: Knock Off|[of] p2a: Hen + Tie","|move|p1a: Politoed|Hypnosis|p2a: Hen + Tie","|-status|p2a: Hen + Tie|slp","|","|-weather|RainDance|[upkeep]","|turn|2","|","|switch|p1a: Slowking|Slowking, F, shiny|393/393","|cant|p2a: Hen + Tie|slp","|","|-weather|RainDance|[upkeep]","|turn|3","|","|switch|p2a: Slippy|Politoed, F|383/383","|move|p1a: Slowking|Future Sight|p2a: Slippy","|-start|p1a: Slowking|move: Future Sight","|","|-weather|RainDance|[upkeep]","|turn|4","|","|switch|p1a: King Ludi|Ludicolo, F, shiny|301/301","|move|p2a: Slippy|Hidden Power|p1a: King Ludi","|-damage|p1a: King Ludi|204/301","|","|-weather|RainDance|[upkeep]","|-heal|p1a: King Ludi|222/301|[from] item: Leftovers","|turn|5","|","|switch|p2a: Hen + Tie|Tentacruel, M|363/363 slp","|move|p1a: King Ludi|Teeter Dance|p2a: Hen + Tie","|-start|p2a: Hen + Tie|confusion","|","|-weather|none","|-end|p2a: Hen + Tie|move: Future Sight","|-supereffective|p2a: Hen + Tie","|-damage|p2a: Hen + Tie|39/363 slp","|-heal|p1a: King Ludi|240/301|[from] item: Leftovers","|-heal|p2a: Hen + Tie|61/363 slp|[from] item: Black Sludge","|turn|6","|","|cant|p2a: Hen + Tie|slp","|move|p1a: King Ludi|Scald|p2a: Hen + Tie","|-resisted|p2a: Hen + Tie","|-damage|p2a: Hen + Tie|10/363 slp","|","|-heal|p2a: Hen + Tie|32/363 slp|[from] item: Black Sludge","|-heal|p1a: King Ludi|258/301|[from] item: Leftovers","|turn|7","|","|cant|p2a: Hen + Tie|slp","|move|p1a: King Ludi|Scald|p2a: Hen + Tie","|-resisted|p2a: Hen + Tie","|-damage|p2a: Hen + Tie|0 fnt","|faint|p2a: Hen + Tie","|","|-heal|p1a: King Ludi|276/301|[from] item: Leftovers","|","|switch|p2a: Samba de Amigo|Ludicolo, F|301/301","|turn|8","|","|move|p2a: Samba de Amigo|Ice Beam|p1a: King Ludi","|-damage|p1a: King Ludi|156/301","|-damage|p2a: Samba de Amigo|271/301|[from] item: Life Orb","|move|p1a: King Ludi|Teeter Dance|p2a: Samba de Amigo","|-start|p2a: Samba de Amigo|confusion","|","|-heal|p1a: King Ludi|174/301|[from] item: Leftovers","|turn|9","|","|-activate|p2a: Samba de Amigo|confusion","|-damage|p2a: Samba de Amigo|236/301|[from] confusion","|move|p1a: King Ludi|Giga Drain|p2a: Samba de Amigo","|-damage|p2a: Samba de Amigo|122/301","|-heal|p1a: King Ludi|231/301|[from] drain|[of] p2a: Samba de Amigo","|","|-heal|p1a: King Ludi|249/301|[from] item: Leftovers","|turn|10","|","|switch|p2a: Kenny (The Bae)|Azumarill, F|401/401","|move|p1a: King Ludi|Giga Drain|p2a: Kenny (The Bae)","|-boost|p2a: Kenny (The Bae)|atk|1|[from] ability: Sap Sipper","|","|-heal|p1a: King Ludi|267/301|[from] item: Leftovers","|turn|11","|","|move|p1a: King Ludi|Teeter Dance|p2a: Kenny (The Bae)","|-start|p2a: Kenny (The Bae)|confusion","|-activate|p2a: Kenny (The Bae)|confusion","|move|p2a: Kenny (The Bae)|Knock Off|p1a: King Ludi","|-damage|p1a: King Ludi|114/301","|-enditem|p1a: King Ludi|Leftovers|[from] move: Knock Off|[of] p2a: Kenny (The Bae)","|","|turn|12","|","|switch|p1a: Swampert|Swampert, M|403/403","|-activate|p2a: Kenny (The Bae)|confusion","|-damage|p2a: Kenny (The Bae)|348/401|[from] confusion","|","|turn|13","|","|detailschange|p1a: Swampert|Swampert-Mega, M","|-mega|p1a: Swampert|Swampert|Swampertite","|move|p1a: Swampert|Earthquake|p2a: Kenny (The Bae)","|-damage|p2a: Kenny (The Bae)|71/401","|-activate|p2a: Kenny (The Bae)|confusion","|-damage|p2a: Kenny (The Bae)|21/401|[from] confusion","|","|turn|14","|","|-end|p2a: Kenny (The Bae)|confusion","|move|p2a: Kenny (The Bae)|Aqua Jet|p1a: Swampert","|-crit|p1a: Swampert","|-damage|p1a: Swampert|309/403","|move|p1a: Swampert|Superpower|p2a: Kenny (The Bae)","|-resisted|p2a: Kenny (The Bae)","|-damage|p2a: Kenny (The Bae)|0 fnt","|-unboost|p1a: Swampert|atk|1","|-unboost|p1a: Swampert|def|1","|faint|p2a: Kenny (The Bae)","|","|","|switch|p2a: Slippy|Politoed, F|383/383","|-weather|RainDance","|turn|15","|","|switch|p1a: Milo|Milotic, M, shiny|394/394","|move|p2a: Slippy|Hidden Power|p1a: Milo","|-supereffective|p1a: Milo","|-damage|p1a: Milo|234/394","|","|-weather|RainDance|[upkeep]","|-heal|p1a: Milo|258/394|[from] item: Leftovers","|turn|16","|","|switch|p2a: Faildra|Kingdra, M|291/291","|move|p1a: Milo|Toxic|p2a: Faildra","|-status|p2a: Faildra|tox","|","|-weather|RainDance|[upkeep]","|-heal|p1a: Milo|282/394|[from] item: Leftovers","|-damage|p2a: Faildra|273/291 tox|[from] psn","|turn|17","|","|switch|p1a: Azul|Azumarill, M, shiny|404/404","|move|p2a: Faildra|Draco Meteor|p1a: Azul","|-immune|p1a: Azul|[msg]","|","|-weather|RainDance|[upkeep]","|-damage|p2a: Faildra|237/291 tox|[from] psn","|turn|18","|","|move|p2a: Faildra|Surf|p1a: Azul","|-resisted|p1a: Azul","|-damage|p1a: Azul|272/404","|move|p1a: Azul|Belly Drum|p1a: Azul","|-damage|p1a: Azul|70/404","|-setboost|p1a: Azul|atk|6|[from] move: Belly Drum","|-enditem|p1a: Azul|Sitrus Berry|[eat]","|-heal|p1a: Azul|171/404|[from] item: Sitrus Berry","|","|-weather|RainDance|[upkeep]","|-damage|p2a: Faildra|183/291 tox|[from] psn","|turn|19","|","|move|p2a: Faildra|Surf|p1a: Azul","|-crit|p1a: Azul","|-resisted|p1a: Azul","|-damage|p1a: Azul|0 fnt","|faint|p1a: Azul","|","|-weather|none","|-damage|p2a: Faildra|111/291 tox|[from] psn","|","|switch|p1a: King Ludi|Ludicolo, F, shiny|114/301","|turn|20","|","|switch|p1a: Politoed|Politoed, M, shiny|314/383","|-weather|RainDance","|move|p2a: Faildra|Draco Meteor|p1a: Politoed","|-crit|p1a: Politoed","|-damage|p1a: Politoed|0 fnt","|-unboost|p2a: Faildra|spa|2","|faint|p1a: Politoed","|","|-weather|RainDance|[upkeep]","|-damage|p2a: Faildra|21/291 tox|[from] psn","|","|switch|p1a: King Ludi|Ludicolo, F, shiny|114/301","|turn|21","|","|move|p1a: King Ludi|Giga Drain|p2a: Faildra","|-damage|p2a: Faildra|0 fnt","|-heal|p1a: King Ludi|125/301|[from] drain|[of] p2a: Faildra","|faint|p2a: Faildra","|","|-weather|RainDance|[upkeep]","|","|switch|p2a: Samba de Amigo|Ludicolo, F|122/301","|turn|22","|","|move|p2a: Samba de Amigo|Giga Drain|p1a: King Ludi","|-damage|p1a: King Ludi|0 fnt","|-heal|p2a: Samba de Amigo|185/301|[from] drain|[of] p1a: King Ludi","|-damage|p2a: Samba de Amigo|155/301|[from] item: Life Orb","|faint|p1a: King Ludi","|","|-weather|RainDance|[upkeep]","|","|switch|p1a: Slowking|Slowking, F, shiny|393/393","|turn|23","|","|switch|p1a: Milo|Milotic, M, shiny|282/394","|move|p2a: Samba de Amigo|Giga Drain|p1a: Milo","|-supereffective|p1a: Milo","|-damage|p1a: Milo|22/394","|-heal|p2a: Samba de Amigo|285/301|[from] drain|[of] p1a: Milo","|-damage|p2a: Samba de Amigo|255/301|[from] item: Life Orb","|","|-weather|RainDance|[upkeep]","|-heal|p1a: Milo|46/394|[from] item: Leftovers","|turn|24","|","|move|p2a: Samba de Amigo|Giga Drain|p1a: Milo","|-supereffective|p1a: Milo","|-damage|p1a: Milo|0 fnt","|-heal|p2a: Samba de Amigo|278/301|[from] drain|[of] p1a: Milo","|-damage|p2a: Samba de Amigo|248/301|[from] item: Life Orb","|faint|p1a: Milo","|","|-weather|none","|","|switch|p1a: Slowking|Slowking, F, shiny|393/393","|turn|25","|","|switch|p2a: Slippy|Politoed, F|383/383","|-weather|RainDance","|move|p1a: Slowking|Flamethrower|p2a: Slippy","|-resisted|p2a: Slippy","|-damage|p2a: Slippy|359/383","|","|-weather|RainDance|[upkeep]","|turn|26","|","|move|p2a: Slippy|Hidden Power|p1a: Slowking","|-supereffective|p1a: Slowking","|-damage|p1a: Slowking|279/393","|move|p1a: Slowking|Future Sight|p2a: Slippy","|-start|p1a: Slowking|move: Future Sight","|","|-weather|RainDance|[upkeep]","|turn|27","|","|move|p2a: Slippy|Hidden Power|p1a: Slowking","|-supereffective|p1a: Slowking","|-damage|p1a: Slowking|177/393","|move|p1a: Slowking|Surf|p2a: Slippy","|-resisted|p2a: Slippy","|-damage|p2a: Slippy|248/383","|","|-weather|RainDance|[upkeep]","|turn|28","|","|switch|p2a: Samba de Amigo|Ludicolo, F|248/301","|move|p1a: Slowking|Surf|p2a: Samba de Amigo","|-crit|p2a: Samba de Amigo","|-resisted|p2a: Samba de Amigo","|-damage|p2a: Samba de Amigo|161/301","|","|-weather|RainDance|[upkeep]","|-end|p2a: Samba de Amigo|move: Future Sight","|-damage|p2a: Samba de Amigo|0 fnt","|faint|p2a: Samba de Amigo","|","|switch|p2a: JUST DO IT!|Swampert, F|341/341","|turn|29","|","|switch|p1a: Swampert|Swampert-Mega, M|309/403","|detailschange|p2a: JUST DO IT!|Swampert-Mega, F","|-mega|p2a: JUST DO IT!|Swampert|Swampertite","|move|p2a: JUST DO IT!|Earthquake|p1a: Swampert","|-damage|p1a: Swampert|119/403","|","|-weather|none","|turn|30","|","|move|p2a: JUST DO IT!|Earthquake|p1a: Swampert","|-damage|p1a: Swampert|0 fnt","|faint|p1a: Swampert","|","|","|switch|p1a: Slowking|Slowking, F, shiny|308/393","|turn|31","|","|move|p2a: JUST DO IT!|Earthquake|p1a: Slowking","|-damage|p1a: Slowking|49/393","|move|p1a: Slowking|Surf|p2a: JUST DO IT!","|-damage|p2a: JUST DO IT!|206/341","|","|turn|32","|","|move|p2a: JUST DO IT!|Earthquake|p1a: Slowking","|-damage|p1a: Slowking|0 fnt","|faint|p1a: Slowking","|","|win|DJ Biggie"],"p1rating":{"entryid":"7365108","serverid":"eos","formatid":"monotype","userid":"sage13","username":"Sage.13","w":"11","l":11,"t":"0","gxe":49.5,"r":"1520.4726778603","rd":"71.770328402829","sigma":"0","rptime":"1438678800","rpr":1495.8361387781,"rprd":66.684772158759,"rpsigma":"0","acre":1072.2117426101,"lacre":1072.2117426101,"oldacre":"1091.382370924"},"p2rating":{"entryid":"7236327","serverid":"eos","formatid":"monotype","userid":"djbiggie","username":"DJ Biggie","w":15,"l":"9","t":"0","gxe":57.5,"r":"1524.1693725529","rd":"71.603359091834","sigma":"0","rptime":"1438678800","rpr":1557.4618747149,"rprd":65.532285152155,"rpsigma":"0","acre":1178.9147309791,"lacre":1178.9147309791,"oldacre":"1158.6988235134"},"endType":"normal"}