{"seed":[27803,11749,1293,37305],"turns":28,"p1":"DJ Biggie","p2":"Emg UnownMaN","p1team":[{"name":"Faildra","species":"kingdra","item":"scopelens","ability":"Sniper","moves":["focusenergy","dracometeor","surf","agility"],"nature":"Modest","evs":{"hp":0,"atk":0,"def":4,"spa":252,"spd":0,"spe":252},"ivs":{"hp":31,"atk":31,"def":31,"spa":31,"spd":31,"spe":31}},{"name":"Hen + Tie","species":"tentacruel","item":"blacksludge","ability":"Liquid Ooze","moves":["scald","rapidspin","acidspray","knockoff"],"nature":"Timid","evs":{"hp":248,"atk":0,"def":216,"spa":0,"spd":28,"spe":16},"ivs":{"hp":31,"atk":31,"def":31,"spa":31,"spd":31,"spe":31}},{"name":"Kenny (The Bae)","species":"azumarill","item":"assaultvest","ability":"Sap Sipper","moves":["playrough","waterfall","aquajet","knockoff"],"nature":"Adamant","evs":{"hp":240,"atk":252,"def":0,"spa":0,"spd":16,"spe":0},"gender":"F","ivs":{"hp":31,"atk":31,"def":31,"spa":31,"spd":31,"spe":31}},{"name":"Slippy","species":"politoed","item":"choicespecs","ability":"Drizzle","moves":["scald","hydropump","hiddenpowergrass","mudbomb"],"nature":"Modest","evs":{"hp":248,"atk":0,"def":0,"spa":252,"spd":8,"spe":0},"ivs":{"hp":31,"atk":30,"def":31,"spa":30,"spd":31,"spe":31}},{"name":"Samba de Amigo","species":"ludicolo","item":"lifeorb","ability":"Swift Swim","moves":["hydropump","gigadrain","icebeam","focusblast"],"nature":"Modest","evs":{"hp":0,"atk":0,"def":0,"spa":252,"spd":4,"spe":252},"ivs":{"hp":31,"atk":31,"def":31,"spa":31,"spd":31,"spe":31}},{"name":"JUST DO IT!","species":"swampert","item":"swampertite","ability":"Damp","moves":["waterfall","earthquake","icepunch","poweruppunch"],"nature":"Adamant","evs":{"hp":0,"atk":252,"def":4,"spa":0,"spd":0,"spe":252},"ivs":{"hp":31,"atk":31,"def":31,"spa":31,"spd":31,"spe":31}}],"p2team":[{"name":"Azumarill","species":"Azumarill","item":"assaultvest","ability":"Sap Sipper","moves":["scald","knockoff","playrough","aquajet"],"nature":"Adamant","evs":{"hp":0,"atk":252,"def":0,"spa":0,"spd":96,"spe":160},"gender":"F","shiny":true,"ivs":{"hp":31,"atk":31,"def":31,"spa":31,"spd":31,"spe":31}},{"name":"Politoed","species":"Politoed","item":"choicespecs","ability":"Drizzle","moves":["scald","icebeam","focusblast","hiddenpowerelectric"],"nature":"Modest","evs":{"hp":48,"atk":0,"def":196,"spa":252,"spd":12,"spe":0},"gender":"M","ivs":{"hp":31,"atk":31,"def":31,"spa":30,"spd":31,"spe":31},"shiny":true},{"name":"Swampert","species":"Swampert","item":"swampertite","ability":"Damp","moves":["waterfall","earthquake","icepunch","rockslide"],"nature":"Adamant","evs":{"hp":0,"atk":252,"def":24,"spa":0,"spd":0,"spe":232},"gender":"M","shiny":true,"ivs":{"hp":31,"atk":31,"def":31,"spa":31,"spd":31,"spe":31}},{"name":"Starmie","species":"Starmie","item":"leftovers","ability":"Natural Cure","moves":["scald","icebeam","psyshock","rapidspin"],"nature":"Timid","evs":{"hp":0,"atk":0,"def":36,"spa":220,"spd":0,"spe":252},"shiny":true,"ivs":{"hp":31,"atk":31,"def":31,"spa":31,"spd":31,"spe":31}},{"name":"Sharpedo","species":"Sharpedo","item":"focussash","ability":"Speed Boost","moves":["waterfall","crunch","protect","earthquake"],"nature":"Adamant","evs":{"hp":0,"atk":252,"def":4,"spa":0,"spd":0,"spe":252},"gender":"M","shiny":true,"ivs":{"hp":31,"atk":31,"def":31,"spa":31,"spd":31,"spe":31}},{"name":"Empoleon","species":"Empoleon","item":"wacanberry","ability":"Torrent","moves":["stealthrock","scald","defog","icebeam"],"nature":"Calm","evs":{"hp":188,"atk":0,"def":16,"spa":52,"spd":252,"spe":0},"gender":"M","shiny":true,"ivs":{"hp":31,"atk":31,"def":31,"spa":31,"spd":31,"spe":31}}],"log":["|player|p1|DJ Biggie|djbiggie.png","|player|p2|Emg UnownMaN|168","|gametype|singles","|gen|6","|tier|Monotype","|rated","|rule|Baton Pass Clause: Limit one Baton Passer, can't pass Spe and other stats simultaneously","|rule|Swagger Clause: Swagger is banned","|rule|Same Type Clause: Pokémon in a team must share a type","|clearpoke","|poke|p1|Kingdra, F","|poke|p1|Tentacruel, M","|poke|p1|Azumarill, F","|poke|p1|Politoed, M","|poke|p1|Ludicolo, F","|poke|p1|Swampert, F","|poke|p2|Azumarill, F, shiny","|poke|p2|Politoed, M, shiny","|poke|p2|Swampert, M, shiny","|poke|p2|Starmie, shiny","|poke|p2|Sharpedo, M, shiny","|poke|p2|Empoleon, M, shiny","|rule|Sleep Clause Mod: Limit one foe put to sleep","|rule|Species Clause: Limit one of each Pokémon","|rule|OHKO Clause: OHKO moves are banned","|rule|Moody Clause: Moody is banned","|rule|Evasion Moves Clause: Evasion moves are banned","|rule|Endless Battle Clause: Forcing endless battles is banned","|rule|HP Percentage Mod: HP is shown in percentages","|teampreview","|","|start","|switch|p1a: Samba de Amigo|Ludicolo, F|301/301","|switch|p2a: Empoleon|Empoleon, M, shiny|356/356","|turn|1","|","|move|p1a: Samba de Amigo|Focus Blast|p2a: Empoleon","|-supereffective|p2a: Empoleon","|-damage|p2a: Empoleon|145/356","|-damage|p1a: Samba de Amigo|271/301|[from] item: Life Orb","|move|p2a: Empoleon|Stealth Rock|p1a: Samba de Amigo","|-sidestart|p1: DJ Biggie|move: Stealth Rock","|","|turn|2","|","|switch|p2a: Azumarill|Azumarill, F, shiny|341/341","|move|p1a: Samba de Amigo|Giga Drain|p2a: Azumarill","|-boost|p2a: Azumarill|atk|1|[from] ability: Sap Sipper","|","|turn|3","|","|switch|p1a: Hen + Tie|Tentacruel, M|363/363","|-damage|p1a: Hen + Tie|318/363|[from] Stealth Rock","|move|p2a: Azumarill|Knock Off|p1a: Hen + Tie","|-damage|p1a: Hen + Tie|197/363","|-enditem|p1a: Hen + Tie|Black Sludge|[from] move: Knock Off|[of] p2a: Azumarill","|","|turn|4","|","|switch|p2a: Empoleon|Empoleon, M, shiny|145/356","|move|p1a: Hen + Tie|Acid Spray|p2a: Empoleon","|-immune|p2a: Empoleon|[msg]","|","|turn|5","|","|move|p1a: Hen + Tie|Rapid Spin|p2a: Empoleon","|-crit|p2a: Empoleon","|-resisted|p2a: Empoleon","|-damage|p2a: Empoleon|136/356","|-sideend|p1: DJ Biggie|Stealth Rock|[from] move: Rapid Spin|[of] p1a: Hen + Tie","|move|p2a: Empoleon|Stealth Rock|p1a: Hen + Tie","|-sidestart|p1: DJ Biggie|move: Stealth Rock","|","|turn|6","|","|move|p1a: Hen + Tie|Rapid Spin|p2a: Empoleon","|-resisted|p2a: Empoleon","|-damage|p2a: Empoleon|130/356","|-sideend|p1: DJ Biggie|Stealth Rock|[from] move: Rapid Spin|[of] p1a: Hen + Tie","|move|p2a: Empoleon|Scald|p1a: Hen + Tie","|-resisted|p1a: Hen + Tie","|-damage|p1a: Hen + Tie|155/363","|","|turn|7","|","|switch|p2a: Sharpedo|Sharpedo, M, shiny|281/281","|move|p1a: Hen + Tie|Knock Off|p2a: Sharpedo","|-resisted|p2a: Sharpedo","|-damage|p2a: Sharpedo|228/281","|-enditem|p2a: Sharpedo|Focus Sash|[from] move: Knock Off|[of] p1a: Hen + Tie","|","|turn|8","|","|switch|p1a: Kenny (The Bae)|Azumarill, F|401/401","|move|p2a: Sharpedo|Earthquake|p1a: Kenny (The Bae)","|-damage|p1a: Kenny (The Bae)|249/401","|","|-boost|p2a: Sharpedo|spe|1|[from] ability: Speed Boost","|turn|9","|","|move|p2a: Sharpedo|Earthquake|p1a: Kenny (The Bae)","|-damage|p1a: Kenny (The Bae)|92/401","|move|p1a: Kenny (The Bae)|Play Rough|p2a: Sharpedo","|-supereffective|p2a: Sharpedo","|-damage|p2a: Sharpedo|0 fnt","|faint|p2a: Sharpedo","|","|","|switch|p2a: Starmie|Starmie, shiny|261/261","|turn|10","|","|move|p2a: Starmie|Psyshock|p1a: Kenny (The Bae)","|-damage|p1a: Kenny (The Bae)|0 fnt","|faint|p1a: Kenny (The Bae)","|","|","|switch|p1a: Slippy|Politoed, M|383/383","|-weather|RainDance","|turn|11","|","|move|p2a: Starmie|Psyshock|p1a: Slippy","|-crit|p1a: Slippy","|-damage|p1a: Slippy|166/383","|move|p1a: Slippy|Hidden Power|p2a: Starmie","|-supereffective|p2a: Starmie","|-damage|p2a: Starmie|49/261","|","|-weather|RainDance|[upkeep]","|-heal|p2a: Starmie|65/261|[from] item: Leftovers","|turn|12","|","|switch|p2a: Azumarill|Azumarill, F, shiny|341/341","|switch|p1a: Hen + Tie|Tentacruel, M|155/363","|","|-weather|RainDance|[upkeep]","|turn|13","|","|switch|p2a: Swampert|Swampert, M, shiny|341/341","|move|p1a: Hen + Tie|Knock Off|p2a: Swampert","|-damage|p2a: Swampert|307/341","|","|-weather|RainDance|[upkeep]","|turn|14","|","|detailschange|p2a: Swampert|Swampert-Mega, M, shiny","|-mega|p2a: Swampert|Swampert|Swampertite","|move|p1a: Hen + Tie|Scald|p2a: Swampert","|-damage|p2a: Swampert|199/341","|move|p2a: Swampert|Earthquake|p1a: Hen + Tie","|-supereffective|p1a: Hen + Tie","|-damage|p1a: Hen + Tie|0 fnt","|faint|p1a: Hen + Tie","|","|-weather|RainDance|[upkeep]","|","|switch|p1a: Samba de Amigo|Ludicolo, F|271/301","|turn|15","|","|switch|p2a: Azumarill|Azumarill, F, shiny|341/341","|move|p1a: Samba de Amigo|Hydro Pump|p2a: Azumarill|[miss]","|-miss|p1a: Samba de Amigo|p2a: Azumarill","|","|-weather|none","|turn|16","|","|move|p1a: Samba de Amigo|Hydro Pump|p2a: Azumarill|[miss]","|-miss|p1a: Samba de Amigo|p2a: Azumarill","|move|p2a: Azumarill|Knock Off|p1a: Samba de Amigo","|-crit|p1a: Samba de Amigo","|-damage|p1a: Samba de Amigo|138/301","|-enditem|p1a: Samba de Amigo|Life Orb|[from] move: Knock Off|[of] p2a: Azumarill","|","|turn|17","|","|move|p1a: Samba de Amigo|Hydro Pump|p2a: Azumarill","|-resisted|p2a: Azumarill","|-damage|p2a: Azumarill|284/341","|move|p2a: Azumarill|Play Rough|p1a: Samba de Amigo","|-damage|p1a: Samba de Amigo|3/301","|","|turn|18","|","|switch|p1a: Faildra|Kingdra, F|291/291","|move|p2a: Azumarill|Aqua Jet|p1a: Faildra","|-resisted|p1a: Faildra","|-damage|p1a: Faildra|280/291","|","|turn|19","|","|switch|p1a: Slippy|Politoed, M|166/383","|-weather|RainDance","|move|p2a: Azumarill|Play Rough|p1a: Slippy","|-damage|p1a: Slippy|48/383","|","|-weather|RainDance|[upkeep]","|turn|20","|","|move|p2a: Azumarill|Aqua Jet|p1a: Slippy","|-resisted|p1a: Slippy","|-damage|p1a: Slippy|6/383","|move|p1a: Slippy|Scald|p2a: Azumarill","|-resisted|p2a: Azumarill","|-damage|p2a: Azumarill|193/341","|","|-weather|RainDance|[upkeep]","|turn|21","|","|switch|p1a: Faildra|Kingdra, F|280/291","|move|p2a: Azumarill|Aqua Jet|p1a: Faildra","|-resisted|p1a: Faildra","|-damage|p1a: Faildra|263/291","|","|-weather|RainDance|[upkeep]","|turn|22","|","|move|p1a: Faildra|Surf|p2a: Azumarill","|-resisted|p2a: Azumarill","|-damage|p2a: Azumarill|118/341","|move|p2a: Azumarill|Play Rough|p1a: Faildra|[miss]","|-miss|p2a: Azumarill|p1a: Faildra","|","|-weather|RainDance|[upkeep]","|turn|23","|","|move|p1a: Faildra|Surf|p2a: Azumarill","|-resisted|p2a: Azumarill","|-damage|p2a: Azumarill|42/341","|move|p2a: Azumarill|Play Rough|p1a: Faildra","|-crit|p1a: Faildra","|-supereffective|p1a: Faildra","|-damage|p1a: Faildra|0 fnt","|faint|p1a: Faildra","|","|-weather|none","|","|switch|p1a: Slippy|Politoed, M|6/383","|-weather|RainDance","|turn|24","|","|switch|p1a: Samba de Amigo|Ludicolo, F|3/301","|move|p2a: Azumarill|Aqua Jet|p1a: Samba de Amigo","|-resisted|p1a: Samba de Amigo","|-damage|p1a: Samba de Amigo|0 fnt","|faint|p1a: Samba de Amigo","|","|-weather|RainDance|[upkeep]","|","|switch|p1a: JUST DO IT!|Swampert, F|341/341","|turn|25","|","|detailschange|p1a: JUST DO IT!|Swampert-Mega, F","|-mega|p1a: JUST DO IT!|Swampert|Swampertite","|move|p2a: Azumarill|Aqua Jet|p1a: JUST DO IT!","|-damage|p1a: JUST DO IT!|281/341","|move|p1a: JUST DO IT!|Earthquake|p2a: Azumarill","|-damage|p2a: Azumarill|0 fnt","|faint|p2a: Azumarill","|","|-weather|RainDance|[upkeep]","|","|switch|p2a: Politoed|Politoed, M, shiny|333/333","|turn|26","|","|move|p1a: JUST DO IT!|Earthquake|p2a: Politoed","|-crit|p2a: Politoed","|-damage|p2a: Politoed|32/333","|move|p2a: Politoed|Scald|p1a: JUST DO IT!","|-damage|p1a: JUST DO IT!|43/341","|-status|p1a: JUST DO IT!|brn","|","|-weather|RainDance|[upkeep]","|-damage|p1a: JUST DO IT!|1/341 brn|[from] brn","|turn|27","|","|move|p1a: JUST DO IT!|Ice Punch|p2a: Politoed","|-resisted|p2a: Politoed","|-damage|p2a: Politoed|5/333","|-status|p2a: Politoed|frz","|-curestatus|p2a: Politoed|frz|[from] move: Scald","|move|p2a: Politoed|Scald|p1a: JUST DO IT!","|-damage|p1a: JUST DO IT!|0 fnt","|faint|p1a: JUST DO IT!","|","|-weather|RainDance|[upkeep]","|","|switch|p1a: Slippy|Politoed, M|6/383","|turn|28","|","|move|p2a: Politoed|Scald|p1a: Slippy","|-resisted|p1a: Slippy","|-damage|p1a: Slippy|0 fnt","|faint|p1a: Slippy","|","|win|Emg UnownMaN"],"p1rating":{"entryid":"7236327","serverid":"eos","formatid":"monotype","userid":"djbiggie","username":"DJ Biggie","w":"13","l":9,"t":"0","gxe":54.7,"r":"1524.1693725529","rd":"71.603359091834","sigma":"0","rptime":"1438678800","rpr":1536.2943986999,"rprd":67.875318650402,"rpsigma":"0","acre":1138.6123308154,"lacre":1138.6123308154,"oldacre":"1155.0929648277"},"p2rating":{"entryid":"7117043","serverid":"eos","formatid":"monotype","userid":"emgunownman","username":"Emg UnownMaN","w":26,"l":"13","t":"0","gxe":64.3,"r":"1604.5160633154","rd":"56.958773649548","sigma":"0","rptime":"1438678800","rpr":1612.2501467443,"rprd":54.622449944145,"rpsigma":"0","acre":1294.9023509958,"lacre":1294.9023509958,"oldacre":"1278.4217169835"},"endType":"normal"}