{"seed":[4295,46370,5263,42416],"turns":22,"p1":"Alliance - Mxy","p2":"Shining Yin","p1team":[{"name":"Gengar","species":"Gengar","item":"focussash","ability":"Levitate","moves":["shadowball","sludgewave","dazzlinggleam","destinybond"],"nature":"Timid","evs":{"hp":0,"atk":0,"def":0,"spa":252,"spd":4,"spe":252},"ivs":{"hp":31,"atk":31,"def":31,"spa":31,"spd":31,"spe":31}},{"name":"Beedrill","species":"Beedrill","item":"beedrillite","ability":"Swarm","moves":["uturn","poisonjab","drillrun","protect"],"nature":"Jolly","evs":{"hp":0,"atk":252,"def":0,"spa":0,"spd":4,"spe":252},"ivs":{"hp":31,"atk":31,"def":31,"spa":31,"spd":31,"spe":31}},{"name":"Venusaur","species":"Venusaur","item":"venusaurite","ability":"Chlorophyll","moves":["gigadrain","sludgebomb","synthesis","hiddenpowerfire"],"nature":"Bold","evs":{"hp":248,"atk":0,"def":96,"spa":0,"spd":144,"spe":20},"ivs":{"hp":31,"atk":30,"def":31,"spa":30,"spd":31,"spe":30}},{"name":"Nidoqueen","species":"Nidoqueen","item":"airballoon","ability":"Sheer Force","moves":["stealthrock","flamethrower","earthpower","icebeam"],"nature":"Modest","evs":{"hp":248,"atk":0,"def":80,"spa":180,"spd":0,"spe":0},"ivs":{"hp":31,"atk":31,"def":31,"spa":31,"spd":31,"spe":31}},{"name":"Drapion","species":"Drapion","item":"blacksludge","ability":"Battle Armor","moves":["knockoff","taunt","toxicspikes","earthquake"],"nature":"Jolly","evs":{"hp":200,"atk":56,"def":0,"spa":0,"spd":0,"spe":252},"ivs":{"hp":31,"atk":31,"def":31,"spa":31,"spd":31,"spe":31}},{"name":"Scolipede","species":"Scolipede","item":"lifeorb","ability":"Speed Boost","moves":["megahorn","superpower","rockslide","protect"],"nature":"Jolly","evs":{"hp":0,"atk":252,"def":0,"spa":0,"spd":4,"spe":252},"shiny":true,"ivs":{"hp":31,"atk":31,"def":31,"spa":31,"spd":31,"spe":31}}],"p2team":[{"name":"Mamoswine","species":"Mamoswine","item":"lifeorb","ability":"Thick Fat","moves":["earthquake","iceshard","knockoff","iciclecrash"],"nature":"Naive","evs":{"hp":0,"atk":252,"def":4,"spa":0,"spd":0,"spe":252},"ivs":{"hp":31,"atk":31,"def":31,"spa":31,"spd":31,"spe":31}},{"name":"Kyurem-Black","species":"Kyurem-Black","item":"choicescarf","ability":"Teravolt","moves":["outrage","fusionbolt","ironhead","earthpower"],"nature":"Naughty","evs":{"hp":0,"atk":216,"def":0,"spa":40,"spd":0,"spe":252},"ivs":{"hp":31,"atk":31,"def":31,"spa":31,"spd":31,"spe":31}},{"name":"Avalugg","species":"Avalugg","item":"rockyhelmet","ability":"Sturdy","moves":["rapidspin","recover","avalanche","mirrorcoat"],"nature":"Impish","evs":{"hp":248,"atk":8,"def":252,"spa":0,"spd":0,"spe":0},"ivs":{"hp":31,"atk":31,"def":31,"spa":31,"spd":31,"spe":31}},{"name":"Cloyster","species":"Cloyster","item":"lumberry","ability":"Skill Link","moves":["shellsmash","iciclespear","rockblast","iceshard"],"nature":"Adamant","evs":{"hp":0,"atk":252,"def":0,"spa":0,"spd":4,"spe":252},"ivs":{"hp":31,"atk":31,"def":31,"spa":31,"spd":31,"spe":31}},{"name":"Abomasnow","species":"Abomasnow","item":"abomasite","ability":"Snow Warning","moves":["blizzard","gigadrain","iceshard","earthquake"],"nature":"Quiet","evs":{"hp":8,"atk":88,"def":80,"spa":252,"spd":80,"spe":0},"ivs":{"hp":31,"atk":31,"def":31,"spa":31,"spd":31,"spe":31}},{"name":"Jynx","species":"Jynx","item":"focussash","ability":"Dry Skin","moves":["trickroom","icebeam","lovelykiss","psyshock"],"nature":"Timid","evs":{"hp":0,"atk":0,"def":0,"spa":252,"spd":4,"spe":252},"ivs":{"hp":31,"atk":31,"def":31,"spa":31,"spd":31,"spe":31}}],"log":["|player|p1|Alliance - Mxy|270","|player|p2|Shining Yin|167","|gametype|singles","|gen|6","|tier|Monotype","|rated","|rule|Baton Pass Clause: Limit one Baton Passer, can't pass Spe and other stats simultaneously","|rule|Swagger Clause: Swagger is banned","|rule|Same Type Clause: Pokémon in a team must share a type","|clearpoke","|poke|p1|Gengar, F","|poke|p1|Beedrill, F","|poke|p1|Venusaur, M","|poke|p1|Nidoqueen, F","|poke|p1|Drapion, F","|poke|p1|Scolipede, M, shiny","|poke|p2|Mamoswine, M","|poke|p2|Kyurem-Black","|poke|p2|Avalugg, F","|poke|p2|Cloyster, F","|poke|p2|Abomasnow, M","|poke|p2|Jynx, F","|rule|Sleep Clause Mod: Limit one foe put to sleep","|rule|Species Clause: Limit one of each Pokémon","|rule|OHKO Clause: OHKO moves are banned","|rule|Moody Clause: Moody is banned","|rule|Evasion Moves Clause: Evasion moves are banned","|rule|Endless Battle Clause: Forcing endless battles is banned","|rule|HP Percentage Mod: HP is shown in percentages","|teampreview","|","|start","|switch|p1a: Drapion|Drapion, F|331/331","|switch|p2a: Jynx|Jynx, F|271/271","|turn|1","|","|switch|p2a: Avalugg|Avalugg, F|393/393","|move|p1a: Drapion|Toxic Spikes|p2a: Avalugg","|-sidestart|p2: Shining Yin|move: Toxic Spikes","|","|turn|2","|","|move|p1a: Drapion|Knock Off|p2a: Avalugg","|-damage|p2a: Avalugg|339/393","|-damage|p1a: Drapion|276/331|[from] item: Rocky Helmet|[of] p2a: Avalugg","|-enditem|p2a: Avalugg|Rocky Helmet|[from] move: Knock Off|[of] p1a: Drapion","|move|p2a: Avalugg|Rapid Spin|p1a: Drapion","|-damage|p1a: Drapion|258/331","|-sideend|p2: Shining Yin|Toxic Spikes|[from] move: Rapid Spin|[of] p2a: Avalugg","|","|-heal|p1a: Drapion|278/331|[from] item: Black Sludge","|turn|3","|","|move|p1a: Drapion|Toxic Spikes|p2a: Avalugg","|-sidestart|p2: Shining Yin|move: Toxic Spikes","|move|p2a: Avalugg|Avalanche|p1a: Drapion","|-damage|p1a: Drapion|205/331","|","|-heal|p1a: Drapion|225/331|[from] item: Black Sludge","|turn|4","|","|switch|p1a: Gengar|Gengar, F|261/261","|move|p2a: Avalugg|Rapid Spin|p1a: Gengar","|-immune|p1a: Gengar|[msg]","|","|turn|5","|","|switch|p2a: Mamoswine|Mamoswine, M|361/361","|-status|p2a: Mamoswine|psn","|move|p1a: Gengar|Shadow Ball|p2a: Mamoswine","|-damage|p2a: Mamoswine|103/361 psn","|","|-damage|p2a: Mamoswine|58/361 psn|[from] psn","|turn|6","|","|switch|p1a: Drapion|Drapion, F|225/331","|move|p2a: Mamoswine|Ice Shard|p1a: Drapion","|-damage|p1a: Drapion|134/331","|-damage|p2a: Mamoswine|22/361 psn|[from] item: Life Orb","|","|-heal|p1a: Drapion|154/331|[from] item: Black Sludge","|-damage|p2a: Mamoswine|0 fnt|[from] psn","|faint|p2a: Mamoswine","|","|switch|p2a: Cloyster|Cloyster, F|241/241","|-status|p2a: Cloyster|psn","|-enditem|p2a: Cloyster|Lum Berry|[eat]","|-curestatus|p2a: Cloyster|psn","|turn|7","|","|move|p1a: Drapion|Taunt|p2a: Cloyster","|-start|p2a: Cloyster|move: Taunt","|cant|p2a: Cloyster|move: Taunt|Shell Smash","|","|-heal|p1a: Drapion|174/331|[from] item: Black Sludge","|turn|8","|","|move|p1a: Drapion|Toxic Spikes|p2a: Cloyster","|-sidestart|p2: Shining Yin|move: Toxic Spikes","|move|p2a: Cloyster|Icicle Spear|p1a: Drapion","|-damage|p1a: Drapion|137/331","|-damage|p1a: Drapion|97/331","|-damage|p1a: Drapion|61/331","|-damage|p1a: Drapion|21/331","|-damage|p1a: Drapion|0 fnt","|-hitcount|p1a: Drapion|5","|faint|p1a: Drapion","|","|","|switch|p1a: Venusaur|Venusaur, M|363/363","|turn|9","|","|switch|p2a: Kyurem-Black|Kyurem-Black|391/391","|-status|p2a: Kyurem-Black|tox","|-ability|p2a: Kyurem-Black|Teravolt","|detailschange|p1a: Venusaur|Venusaur-Mega, M","|-mega|p1a: Venusaur|Venusaur|Venusaurite","|move|p1a: Venusaur|Giga Drain|p2a: Kyurem-Black","|-resisted|p2a: Kyurem-Black","|-damage|p2a: Kyurem-Black|327/391 tox","|","|-damage|p2a: Kyurem-Black|303/391 tox|[from] psn","|turn|10","|","|switch|p1a: Nidoqueen|Nidoqueen, F|383/383","|-item|p1a: Nidoqueen|Air Balloon","|move|p2a: Kyurem-Black|Outrage|p1a: Nidoqueen","|-damage|p1a: Nidoqueen|83/383","|-enditem|p1a: Nidoqueen|Air Balloon","|","|-damage|p2a: Kyurem-Black|255/391 tox|[from] psn","|turn|11","|","|move|p2a: Kyurem-Black|Outrage|p1a: Nidoqueen|[from]lockedmove","|-damage|p1a: Nidoqueen|0 fnt","|faint|p1a: Nidoqueen","|","|-damage|p2a: Kyurem-Black|183/391 tox|[from] psn","|","|switch|p1a: Scolipede|Scolipede, M, shiny|261/261","|turn|12","|","|move|p1a: Scolipede|Protect|p1a: Scolipede","|-singleturn|p1a: Scolipede|Protect","|move|p2a: Kyurem-Black|Outrage|p1a: Scolipede|[from]lockedmove","|-activate|p1a: Scolipede|Protect","|-start|p2a: Kyurem-Black|confusion|[fatigue]","|","|-damage|p2a: Kyurem-Black|87/391 tox|[from] psn","|-boost|p1a: Scolipede|spe|1|[from] ability: Speed Boost","|turn|13","|","|switch|p2a: Cloyster|Cloyster, F|241/241","|-status|p2a: Cloyster|tox","|move|p1a: Scolipede|Rock Slide|p2a: Cloyster","|-supereffective|p2a: Cloyster","|-damage|p2a: Cloyster|116/241 tox","|-damage|p1a: Scolipede|235/261|[from] item: Life Orb","|","|-damage|p2a: Cloyster|101/241 tox|[from] psn","|-boost|p1a: Scolipede|spe|1|[from] ability: Speed Boost","|turn|14","|","|switch|p2a: Kyurem-Black|Kyurem-Black|87/391 tox","|-ability|p2a: Kyurem-Black|Teravolt","|move|p1a: Scolipede|Rock Slide|p2a: Kyurem-Black","|-supereffective|p2a: Kyurem-Black","|-damage|p2a: Kyurem-Black|0 fnt","|-damage|p1a: Scolipede|209/261|[from] item: Life Orb","|faint|p2a: Kyurem-Black","|","|-boost|p1a: Scolipede|spe|1|[from] ability: Speed Boost","|","|switch|p2a: Jynx|Jynx, F|271/271","|-status|p2a: Jynx|tox","|turn|15","|","|move|p1a: Scolipede|Megahorn|p2a: Jynx","|-supereffective|p2a: Jynx","|-enditem|p2a: Jynx|Focus Sash","|-damage|p2a: Jynx|1/271 tox","|-damage|p1a: Scolipede|183/261|[from] item: Life Orb","|move|p2a: Jynx|Trick Room|p2a: Jynx","|-fieldstart|move: Trick Room|[of] p2a: Jynx","|","|-damage|p2a: Jynx|0 fnt|[from] psn","|-boost|p1a: Scolipede|spe|1|[from] ability: Speed Boost","|faint|p2a: Jynx","|","|switch|p2a: Cloyster|Cloyster, F|101/241 tox","|turn|16","|","|move|p2a: Cloyster|Rock Blast|p1a: Scolipede","|-supereffective|p1a: Scolipede","|-damage|p1a: Scolipede|121/261","|-supereffective|p1a: Scolipede","|-damage|p1a: Scolipede|61/261","|-supereffective|p1a: Scolipede","|-damage|p1a: Scolipede|3/261","|-supereffective|p1a: Scolipede","|-damage|p1a: Scolipede|0 fnt","|-hitcount|p1a: Scolipede|4","|faint|p1a: Scolipede","|","|-damage|p2a: Cloyster|86/241 tox|[from] psn","|","|switch|p1a: Venusaur|Venusaur-Mega, M|363/363","|turn|17","|","|move|p1a: Venusaur|Sludge Bomb|p2a: Cloyster","|-damage|p2a: Cloyster|0 fnt","|faint|p2a: Cloyster","|","|","|switch|p2a: Abomasnow|Abomasnow, M|323/323","|-status|p2a: Abomasnow|tox","|-weather|Hail","|turn|18","|","|detailschange|p2a: Abomasnow|Abomasnow-Mega, M","|-mega|p2a: Abomasnow|Abomasnow|Abomasite","|move|p2a: Abomasnow|Blizzard|p1a: Venusaur","|-supereffective|p1a: Venusaur","|-damage|p1a: Venusaur|187/363","|move|p1a: Venusaur|Sludge Bomb|p2a: Abomasnow","|-supereffective|p2a: Abomasnow","|-damage|p2a: Abomasnow|87/323 tox","|","|-weather|Hail|[upkeep]","|-damage|p1a: Venusaur|165/363|[from] hail","|-damage|p2a: Abomasnow|67/323 tox|[from] psn","|turn|19","|","|move|p2a: Abomasnow|Blizzard|p1a: Venusaur","|-supereffective|p1a: Venusaur","|-damage|p1a: Venusaur|0 fnt","|faint|p1a: Venusaur","|","|-weather|Hail|[upkeep]","|-damage|p2a: Abomasnow|27/323 tox|[from] psn","|-fieldend|move: Trick Room","|","|switch|p1a: Gengar|Gengar, F|261/261","|turn|20","|","|move|p2a: Abomasnow|Ice Shard|p1a: Gengar","|-damage|p1a: Gengar|156/261","|move|p1a: Gengar|Sludge Wave|p2a: Abomasnow","|-supereffective|p2a: Abomasnow","|-damage|p2a: Abomasnow|0 fnt","|faint|p2a: Abomasnow","|","|-weather|Hail|[upkeep]","|-damage|p1a: Gengar|140/261|[from] hail","|","|switch|p2a: Avalugg|Avalugg, F|339/393","|-status|p2a: Avalugg|tox","|turn|21","|","|move|p1a: Gengar|Sludge Wave|p2a: Avalugg","|-damage|p2a: Avalugg|26/393 tox","|move|p2a: Avalugg|Mirror Coat|p1a: Gengar","|-damage|p1a: Gengar|0 fnt","|faint|p1a: Gengar","|","|-weather|Hail|[upkeep]","|-damage|p2a: Avalugg|2/393 tox|[from] psn","|","|switch|p1a: Beedrill|Beedrill, F|271/271","|turn|22","|","|move|p1a: Beedrill|Poison Jab|p2a: Avalugg","|-damage|p2a: Avalugg|0 fnt","|faint|p2a: Avalugg","|","|win|Alliance - Mxy"],"p1rating":{"entryid":"6690851","serverid":"eos","formatid":"monotype","userid":"alliancemxy","username":"Alliance - Mxy","w":63,"l":"30","t":"0","gxe":66.5,"r":"1618.9608920016","rd":"40.891370654892","sigma":"0","rptime":"1438678800","rpr":1629.2927189276,"rprd":39.565026568887,"rpsigma":"0","acre":1251.1182828157,"lacre":1251.1182828157,"oldacre":"1220.0590204425"},"p2rating":{"entryid":"7208708","serverid":"eos","formatid":"monotype","userid":"shiningyin","username":"Shining Yin","w":"26","l":12,"t":"0","gxe":65.8,"r":"1643.1491220581","rd":"56.673090184006","sigma":"0","rptime":"1438678800","rpr":1624.6828407222,"rprd":55.258617776438,"rpsigma":"0","acre":1281.1293102721,"lacre":1281.1293102721,"oldacre":"1305.9767201707"},"endType":"normal"}