{"seed":[61428,56553,38448,30152],"turns":20,"p1":"Union Wevrm","p2":"Alliance - Mxy","p1team":[{"name":"Azumarill","species":"Azumarill","item":"sitrusberry","ability":"Huge Power","moves":["playrough","bellydrum","aquajet","knockoff"],"nature":"Adamant","evs":{"hp":56,"atk":252,"def":0,"spa":0,"spd":0,"spe":200},"gender":"F","shiny":true,"ivs":{"hp":31,"atk":31,"def":31,"spa":31,"spd":31,"spe":31}},{"name":"Manaphy","species":"Manaphy","item":"leftovers","ability":"Hydration","moves":["icebeam","scald","tailglow","shadowball"],"nature":"Modest","evs":{"hp":0,"atk":0,"def":0,"spa":252,"spd":0,"spe":252},"shiny":true,"ivs":{"hp":31,"atk":31,"def":31,"spa":31,"spd":31,"spe":31}},{"name":"Rotom-Wash","species":"Rotom-Wash","item":"lifeorb","ability":"Levitate","moves":["voltswitch","hydropump","hiddenpowergrass","shadowball"],"nature":"Timid","evs":{"hp":0,"atk":0,"def":0,"spa":252,"spd":4,"spe":252},"ivs":{"hp":31,"atk":30,"def":31,"spa":30,"spd":31,"spe":31},"shiny":true},{"name":"Gyarados","species":"Gyarados","item":"gyaradosite","ability":"Intimidate","moves":["dragondance","crunch","waterfall","earthquake"],"nature":"Adamant","evs":{"hp":0,"atk":252,"def":0,"spa":0,"spd":4,"spe":252},"gender":"M","shiny":true,"ivs":{"hp":31,"atk":31,"def":31,"spa":31,"spd":31,"spe":31}},{"name":"Starmie","species":"Starmie","item":"assaultvest","ability":"Natural Cure","moves":["scald","thunderbolt","psyshock","icebeam"],"nature":"Timid","evs":{"hp":0,"atk":0,"def":0,"spa":252,"spd":4,"spe":252},"shiny":true,"ivs":{"hp":31,"atk":31,"def":31,"spa":31,"spd":31,"spe":31}},{"name":"Politoed","species":"Politoed","item":"sitrusberry","ability":"Drizzle","moves":["hypnosis","mist","icywind","toxic"],"nature":"Modest","evs":{"hp":248,"atk":0,"def":0,"spa":4,"spd":4,"spe":0},"gender":"F","shiny":true,"ivs":{"hp":31,"atk":31,"def":31,"spa":31,"spd":31,"spe":31}}],"p2team":[{"name":"Gengar","species":"Gengar","item":"focussash","ability":"Levitate","moves":["shadowball","sludgewave","dazzlinggleam","destinybond"],"nature":"Timid","evs":{"hp":0,"atk":0,"def":0,"spa":252,"spd":4,"spe":252},"ivs":{"hp":31,"atk":31,"def":31,"spa":31,"spd":31,"spe":31}},{"name":"Beedrill","species":"Beedrill","item":"beedrillite","ability":"Swarm","moves":["uturn","poisonjab","drillrun","protect"],"nature":"Jolly","evs":{"hp":0,"atk":252,"def":0,"spa":0,"spd":4,"spe":252},"ivs":{"hp":31,"atk":31,"def":31,"spa":31,"spd":31,"spe":31}},{"name":"Venusaur","species":"Venusaur","item":"venusaurite","ability":"Chlorophyll","moves":["gigadrain","sludgebomb","synthesis","hiddenpowerfire"],"nature":"Bold","evs":{"hp":248,"atk":0,"def":96,"spa":0,"spd":144,"spe":20},"ivs":{"hp":31,"atk":30,"def":31,"spa":30,"spd":31,"spe":30}},{"name":"Nidoqueen","species":"Nidoqueen","item":"airballoon","ability":"Sheer Force","moves":["stealthrock","flamethrower","earthpower","icebeam"],"nature":"Modest","evs":{"hp":248,"atk":0,"def":80,"spa":180,"spd":0,"spe":0},"ivs":{"hp":31,"atk":31,"def":31,"spa":31,"spd":31,"spe":31}},{"name":"Drapion","species":"Drapion","item":"blacksludge","ability":"Battle Armor","moves":["knockoff","taunt","toxicspikes","earthquake"],"nature":"Jolly","evs":{"hp":200,"atk":56,"def":0,"spa":0,"spd":0,"spe":252},"ivs":{"hp":31,"atk":31,"def":31,"spa":31,"spd":31,"spe":31}},{"name":"Scolipede","species":"Scolipede","item":"lifeorb","ability":"Speed Boost","moves":["megahorn","superpower","rockslide","protect"],"nature":"Jolly","evs":{"hp":0,"atk":252,"def":0,"spa":0,"spd":4,"spe":252},"shiny":true,"ivs":{"hp":31,"atk":31,"def":31,"spa":31,"spd":31,"spe":31}}],"log":["|player|p1|Union Wevrm|unionwevrm.png","|player|p2|Alliance - Mxy|270","|gametype|singles","|gen|6","|tier|Monotype","|rated","|rule|Baton Pass Clause: Limit one Baton Passer, can't pass Spe and other stats simultaneously","|rule|Swagger Clause: Swagger is banned","|rule|Same Type Clause: Pokémon in a team must share a type","|clearpoke","|poke|p1|Azumarill, F, shiny","|poke|p1|Manaphy, shiny","|poke|p1|Rotom-Wash, shiny","|poke|p1|Gyarados, M, shiny","|poke|p1|Starmie, shiny","|poke|p1|Politoed, F, shiny","|poke|p2|Gengar, M","|poke|p2|Beedrill, F","|poke|p2|Venusaur, M","|poke|p2|Nidoqueen, F","|poke|p2|Drapion, F","|poke|p2|Scolipede, M, shiny","|rule|Sleep Clause Mod: Limit one foe put to sleep","|rule|Species Clause: Limit one of each Pokémon","|rule|OHKO Clause: OHKO moves are banned","|rule|Moody Clause: Moody is banned","|rule|Evasion Moves Clause: Evasion moves are banned","|rule|Endless Battle Clause: Forcing endless battles is banned","|rule|HP Percentage Mod: HP is shown in percentages","|teampreview","|","|start","|switch|p1a: Politoed|Politoed, F, shiny|383/383","|switch|p2a: Drapion|Drapion, F|331/331","|-weather|RainDance","|turn|1","|","|move|p2a: Drapion|Toxic Spikes|p1a: Politoed","|-sidestart|p1: Union Wevrm|move: Toxic Spikes","|move|p1a: Politoed|Hypnosis|p2a: Drapion","|-status|p2a: Drapion|slp","|","|-weather|RainDance|[upkeep]","|turn|2","|","|switch|p1a: Azumarill|Azumarill, F, shiny|355/355","|-status|p1a: Azumarill|psn","|cant|p2a: Drapion|slp","|","|-weather|RainDance|[upkeep]","|-damage|p1a: Azumarill|311/355 psn|[from] psn","|turn|3","|","|-curestatus|p2a: Drapion|slp","|move|p2a: Drapion|Taunt|p1a: Azumarill","|-start|p1a: Azumarill|move: Taunt","|cant|p1a: Azumarill|move: Taunt|Belly Drum","|","|-weather|RainDance|[upkeep]","|-damage|p1a: Azumarill|267/355 psn|[from] psn","|turn|4","|","|move|p2a: Drapion|Toxic Spikes|p1a: Azumarill","|-sidestart|p1: Union Wevrm|move: Toxic Spikes","|move|p1a: Azumarill|Play Rough|p2a: Drapion","|-damage|p2a: Drapion|160/331","|","|-weather|RainDance|[upkeep]","|-heal|p2a: Drapion|180/331|[from] item: Black Sludge","|-damage|p1a: Azumarill|223/355 psn|[from] psn","|turn|5","|","|switch|p1a: Politoed|Politoed, F, shiny|383/383","|-status|p1a: Politoed|tox","|move|p2a: Drapion|Knock Off|p1a: Politoed","|-damage|p1a: Politoed|230/383 tox","|-enditem|p1a: Politoed|Sitrus Berry|[from] move: Knock Off|[of] p2a: Drapion","|","|-weather|none","|-heal|p2a: Drapion|200/331|[from] item: Black Sludge","|-damage|p1a: Politoed|207/383 tox|[from] psn","|turn|6","|","|move|p2a: Drapion|Taunt|p1a: Politoed","|-start|p1a: Politoed|move: Taunt","|move|p1a: Politoed|Icy Wind|p2a: Drapion","|-damage|p2a: Drapion|149/331","|-unboost|p2a: Drapion|spe|1","|","|-heal|p2a: Drapion|169/331|[from] item: Black Sludge","|-damage|p1a: Politoed|161/383 tox|[from] psn","|turn|7","|","|move|p2a: Drapion|Knock Off|p1a: Politoed","|-crit|p1a: Politoed","|-damage|p1a: Politoed|16/383 tox","|move|p1a: Politoed|Icy Wind|p2a: Drapion","|-damage|p2a: Drapion|109/331","|-unboost|p2a: Drapion|spe|1","|","|-heal|p2a: Drapion|129/331|[from] item: Black Sludge","|-damage|p1a: Politoed|0 fnt|[from] psn","|faint|p1a: Politoed","|","|switch|p1a: Gyarados|Gyarados, M, shiny|331/331","|-ability|p1a: Gyarados|Intimidate","|-unboost|p2a: Drapion|atk|1","|turn|8","|","|move|p1a: Gyarados|Dragon Dance|p1a: Gyarados","|-boost|p1a: Gyarados|atk|1","|-boost|p1a: Gyarados|spe|1","|move|p2a: Drapion|Taunt|p1a: Gyarados","|-start|p1a: Gyarados|move: Taunt","|","|-heal|p2a: Drapion|149/331|[from] item: Black Sludge","|turn|9","|","|move|p1a: Gyarados|Earthquake|p2a: Drapion","|-supereffective|p2a: Drapion","|-damage|p2a: Drapion|0 fnt","|faint|p2a: Drapion","|","|","|switch|p2a: Venusaur|Venusaur, M|363/363","|turn|10","|","|detailschange|p2a: Venusaur|Venusaur-Mega, M","|-mega|p2a: Venusaur|Venusaur|Venusaurite","|move|p1a: Gyarados|Crunch|p2a: Venusaur","|-crit|p2a: Venusaur","|-damage|p2a: Venusaur|193/363","|move|p2a: Venusaur|Sludge Bomb|p1a: Gyarados","|-damage|p1a: Gyarados|205/331","|","|turn|11","|","|move|p1a: Gyarados|Crunch|p2a: Venusaur","|-damage|p2a: Venusaur|79/363","|move|p2a: Venusaur|Synthesis|p2a: Venusaur","|-heal|p2a: Venusaur|260/363","|","|-end|p1a: Gyarados|move: Taunt","|turn|12","|","|move|p1a: Gyarados|Dragon Dance|p1a: Gyarados","|-boost|p1a: Gyarados|atk|1","|-boost|p1a: Gyarados|spe|1","|move|p2a: Venusaur|Sludge Bomb|p1a: Gyarados","|-damage|p1a: Gyarados|84/331","|-status|p1a: Gyarados|psn","|","|-damage|p1a: Gyarados|43/331 psn|[from] psn","|turn|13","|","|switch|p2a: Beedrill|Beedrill, F|271/271","|detailschange|p1a: Gyarados|Gyarados-Mega, M, shiny","|-mega|p1a: Gyarados|Gyarados|Gyaradosite","|-ability|p1a: Gyarados|Mold Breaker","|move|p1a: Gyarados|Crunch|p2a: Beedrill","|-damage|p2a: Beedrill|0 fnt","|faint|p2a: Beedrill","|","|-damage|p1a: Gyarados|2/331 psn|[from] psn","|","|switch|p2a: Scolipede|Scolipede, M, shiny|261/261","|turn|14","|","|move|p2a: Scolipede|Protect|p2a: Scolipede","|-singleturn|p2a: Scolipede|Protect","|move|p1a: Gyarados|Waterfall|p2a: Scolipede","|-activate|p2a: Scolipede|Protect","|","|-damage|p1a: Gyarados|0 fnt|[from] psn","|-boost|p2a: Scolipede|spe|1|[from] ability: Speed Boost","|faint|p1a: Gyarados","|","|switch|p1a: Starmie|Starmie, shiny|261/261","|-status|p1a: Starmie|tox","|turn|15","|","|move|p2a: Scolipede|Megahorn|p1a: Starmie","|-supereffective|p1a: Starmie","|-damage|p1a: Starmie|0 fnt","|-damage|p2a: Scolipede|235/261|[from] item: Life Orb","|faint|p1a: Starmie","|","|-boost|p2a: Scolipede|spe|1|[from] ability: Speed Boost","|","|switch|p1a: Rotom-Wash|Rotom-Wash, shiny|241/241","|turn|16","|","|move|p2a: Scolipede|Megahorn|p1a: Rotom-Wash|[miss]","|-miss|p2a: Scolipede|p1a: Rotom-Wash","|move|p1a: Rotom-Wash|Hydro Pump|p2a: Scolipede","|-damage|p2a: Scolipede|0 fnt","|-damage|p1a: Rotom-Wash|217/241|[from] item: Life Orb","|faint|p2a: Scolipede","|","|","|switch|p2a: Venusaur|Venusaur-Mega, M|260/363","|turn|17","|","|move|p1a: Rotom-Wash|Volt Switch|p2a: Venusaur","|-resisted|p2a: Venusaur","|-damage|p2a: Venusaur|211/363","|-damage|p1a: Rotom-Wash|193/241|[from] item: Life Orb","|","|switch|p1a: Azumarill|Azumarill, F, shiny|223/355 psn","|move|p2a: Venusaur|Giga Drain|p1a: Azumarill","|-supereffective|p1a: Azumarill","|-damage|p1a: Azumarill|0 fnt","|-heal|p2a: Venusaur|323/363|[from] drain|[of] p1a: Azumarill","|faint|p1a: Azumarill","|","|","|switch|p1a: Manaphy|Manaphy, shiny|341/341","|-status|p1a: Manaphy|tox","|turn|18","|","|move|p1a: Manaphy|Tail Glow|p1a: Manaphy","|-boost|p1a: Manaphy|spa|3","|move|p2a: Venusaur|Giga Drain|p1a: Manaphy","|-supereffective|p1a: Manaphy","|-damage|p1a: Manaphy|135/341 tox","|-heal|p2a: Venusaur|363/363|[from] drain|[of] p1a: Manaphy","|","|-heal|p1a: Manaphy|156/341 tox|[from] item: Leftovers","|-damage|p1a: Manaphy|135/341 tox|[from] psn","|turn|19","|","|move|p1a: Manaphy|Ice Beam|p2a: Venusaur","|-supereffective|p2a: Venusaur","|-damage|p2a: Venusaur|191/363","|move|p2a: Venusaur|Giga Drain|p1a: Manaphy","|-supereffective|p1a: Manaphy","|-damage|p1a: Manaphy|0 fnt","|-heal|p2a: Venusaur|259/363|[from] drain|[of] p1a: Manaphy","|faint|p1a: Manaphy","|","|","|switch|p1a: Rotom-Wash|Rotom-Wash, shiny|193/241","|turn|20","|","|move|p1a: Rotom-Wash|Shadow Ball|p2a: Venusaur","|-damage|p2a: Venusaur|181/363","|-damage|p1a: Rotom-Wash|169/241|[from] item: Life Orb","|move|p2a: Venusaur|Giga Drain|p1a: Rotom-Wash","|-supereffective|p1a: Rotom-Wash","|-damage|p1a: Rotom-Wash|0 fnt","|-heal|p2a: Venusaur|266/363|[from] drain|[of] p1a: Rotom-Wash","|faint|p1a: Rotom-Wash","|","|win|Alliance - Mxy"],"p1rating":{"entryid":"7313146","serverid":"eos","formatid":"monotype","userid":"unionwevrm","username":"Union Wevrm","w":"2","l":11,"t":"0","gxe":28.1,"r":1324.6660812542,"rd":82.454998635901,"sigma":"0","rptime":1438678800,"rpr":1318.7427592193,"rprd":81.27144370217,"rpsigma":"0","acre":1000,"lacre":1000,"oldacre":"1000"},"p2rating":{"entryid":"6690851","serverid":"eos","formatid":"monotype","userid":"alliancemxy","username":"Alliance - Mxy","w":62,"l":"30","t":"0","gxe":65.9,"r":"1618.9608920016","rd":"40.891370654892","sigma":"0","rptime":"1438678800","rpr":1624.6257756923,"rprd":39.814708438113,"rpsigma":"0","acre":1220.0590204425,"lacre":1220.0590204425,"oldacre":"1208.4865497826"},"endType":"normal"}