{"seed":[17226,15553,40676,33108],"turns":26,"p1":"DJMadness","p2":"im mad right now","p1team":[{"name":"The Drill","species":"beedrill","item":"beedrillite","ability":"Swarm","moves":["uturn","protect","poisonjab","aerialace"],"nature":"Jolly","evs":{"hp":0,"atk":252,"def":0,"spa":0,"spd":4,"spe":252},"gender":"M","shiny":true,"ivs":{"hp":31,"atk":31,"def":31,"spa":31,"spd":31,"spe":31}},{"name":"A Monster","species":"volcarona","item":"sitrusberry","ability":"Flame Body","moves":["bugbuzz","fierydance","quiverdance","gigadrain"],"nature":"Timid","evs":{"hp":252,"atk":0,"def":0,"spa":0,"spd":4,"spe":252},"gender":"F","shiny":true,"ivs":{"hp":31,"atk":31,"def":31,"spa":31,"spd":31,"spe":31}},{"name":"What Am I?","species":"armaldo","item":"leftovers","ability":"Battle Armor","moves":["stealthrock","rapidspin","toxic","xscissor"],"nature":"Impish","evs":{"hp":252,"atk":4,"def":252,"spa":0,"spd":0,"spe":0},"gender":"M","shiny":true,"ivs":{"hp":31,"atk":31,"def":31,"spa":31,"spd":31,"spe":31}},{"name":"SpiderQueen","species":"galvantula","item":"focussash","ability":"Compound Eyes","moves":["stickyweb","thunder","energyball","bugbuzz"],"nature":"Timid","evs":{"hp":0,"atk":0,"def":0,"spa":252,"spd":4,"spe":252},"gender":"F","shiny":true,"ivs":{"hp":31,"atk":31,"def":31,"spa":31,"spd":31,"spe":31}},{"name":"Dual Blade","species":"scyther","item":"eviolite","ability":"Technician","moves":["aerialace","swordsdance","roost","quickattack"],"nature":"Jolly","evs":{"hp":252,"atk":4,"def":0,"spa":0,"spd":0,"spe":252},"gender":"M","shiny":true,"ivs":{"hp":31,"atk":31,"def":31,"spa":31,"spd":31,"spe":31}},{"name":"Soo Kawaii :3","species":"vivillon","item":"lifeorb","ability":"Compound Eyes","moves":["hurricane","sleeppowder","drainingkiss","quiverdance"],"nature":"Timid","evs":{"hp":0,"atk":0,"def":0,"spa":252,"spd":0,"spe":252},"gender":"F","shiny":true,"ivs":{"hp":31,"atk":31,"def":31,"spa":31,"spd":31,"spe":31}}],"p2team":[{"name":"Mienshao","species":"Mienshao","item":"choicespecs","ability":"Regenerator","moves":["aurasphere","grassknot","hiddenpowerrock","focusblast"],"nature":"Timid","evs":{"hp":4,"atk":0,"def":0,"spa":252,"spd":0,"spe":252},"ivs":{"hp":31,"atk":31,"def":30,"spa":31,"spd":30,"spe":30}},{"name":"Machamp","species":"Machamp","item":"assaultvest","ability":"No Guard","moves":["dynamicpunch","bulletpunch","knockoff","stoneedge"],"nature":"Adamant","evs":{"hp":252,"atk":252,"def":0,"spa":0,"spd":4,"spe":0},"ivs":{"hp":31,"atk":31,"def":31,"spa":31,"spd":31,"spe":31}},{"name":"Breloom","species":"Breloom","item":"focussash","ability":"Technician","moves":["spore","machpunch","rocktomb","bulletseed"],"nature":"Adamant","evs":{"hp":4,"atk":252,"def":0,"spa":0,"spd":0,"spe":252},"ivs":{"hp":31,"atk":31,"def":31,"spa":31,"spd":31,"spe":31}},{"name":"Cobalion","species":"Cobalion","item":"leftovers","ability":"Justified","moves":["stealthrock","flashcannon","thunderwave","hiddenpowerdark"],"nature":"Bold","evs":{"hp":0,"atk":0,"def":252,"spa":252,"spd":4,"spe":0},"ivs":{"hp":31,"atk":31,"def":31,"spe":31,"spa":31,"spd":31}},{"name":"Toxicroak","species":"Toxicroak","item":"blacksludge","ability":"Dry Skin","moves":["swordsdance","gunkshot","drainpunch","suckerpunch"],"nature":"Jolly","evs":{"hp":0,"atk":252,"def":0,"spa":0,"spd":4,"spe":252},"ivs":{"hp":31,"atk":31,"def":31,"spa":31,"spd":31,"spe":31}},{"name":"Medicham","species":"Medicham","item":"medichamite","ability":"Pure Power","moves":["bulletpunch","fakeout","thunderpunch","highjumpkick"],"nature":"Jolly","evs":{"hp":0,"atk":252,"def":0,"spa":0,"spd":4,"spe":252},"ivs":{"hp":31,"atk":31,"def":31,"spa":31,"spd":31,"spe":31}}],"log":["|player|p1|DJMadness|92","|player|p2|im mad right now|10","|gametype|singles","|gen|6","|tier|Monotype","|rated","|rule|Baton Pass Clause: Limit one Baton Passer, can't pass Spe and other stats simultaneously","|rule|Swagger Clause: Swagger is banned","|rule|Same Type Clause: Pokémon in a team must share a type","|clearpoke","|poke|p1|Beedrill, M, shiny","|poke|p1|Volcarona, F, shiny","|poke|p1|Armaldo, M, shiny","|poke|p1|Galvantula, F, shiny","|poke|p1|Scyther, M, shiny","|poke|p1|Vivillon, F, shiny","|poke|p2|Mienshao, M","|poke|p2|Machamp, M","|poke|p2|Breloom, M","|poke|p2|Cobalion","|poke|p2|Toxicroak, F","|poke|p2|Medicham, F","|rule|Sleep Clause Mod: Limit one foe put to sleep","|rule|Species Clause: Limit one of each Pokémon","|rule|OHKO Clause: OHKO moves are banned","|rule|Moody Clause: Moody is banned","|rule|Evasion Moves Clause: Evasion moves are banned","|rule|Endless Battle Clause: Forcing endless battles is banned","|rule|HP Percentage Mod: HP is shown in percentages","|teampreview","|","|start","|switch|p1a: The Drill|Beedrill, M, shiny|271/271","|switch|p2a: Breloom|Breloom, M|262/262","|turn|1","|","|detailschange|p1a: The Drill|Beedrill-Mega, M, shiny","|-mega|p1a: The Drill|Beedrill|Beedrillite","|move|p1a: The Drill|Protect|p1a: The Drill","|-singleturn|p1a: The Drill|Protect","|move|p2a: Breloom|Spore|p1a: The Drill","|-activate|p1a: The Drill|Protect","|","|turn|2","|","|move|p1a: The Drill|U-turn|p2a: Breloom","|-damage|p2a: Breloom|40/262","|","|switch|p1a: What Am I?|Armaldo, M, shiny|354/354","|move|p2a: Breloom|Spore|p1a: What Am I?","|-status|p1a: What Am I?|slp","|","|turn|3","|","|move|p2a: Breloom|Rock Tomb|p1a: What Am I?|[miss]","|-miss|p2a: Breloom|p1a: What Am I?","|cant|p1a: What Am I?|slp","|","|turn|4","|","|move|p2a: Breloom|Rock Tomb|p1a: What Am I?","|-supereffective|p1a: What Am I?","|-damage|p1a: What Am I?|180/354 slp","|-unboost|p1a: What Am I?|spe|1","|cant|p1a: What Am I?|slp","|","|-heal|p1a: What Am I?|202/354 slp|[from] item: Leftovers","|turn|5","|","|move|p2a: Breloom|Bullet Seed|p1a: What Am I?","|-damage|p1a: What Am I?|145/354 slp","|-damage|p1a: What Am I?|94/354 slp","|-damage|p1a: What Am I?|37/354 slp","|-hitcount|p1a: What Am I?|3","|cant|p1a: What Am I?|slp","|","|-heal|p1a: What Am I?|59/354 slp|[from] item: Leftovers","|turn|6","|","|move|p2a: Breloom|Bullet Seed|p1a: What Am I?","|-damage|p1a: What Am I?|10/354 slp","|-damage|p1a: What Am I?|0 fnt","|-hitcount|p1a: What Am I?|2","|faint|p1a: What Am I?","|","|","|switch|p1a: The Drill|Beedrill-Mega, M, shiny|271/271","|turn|7","|","|move|p2a: Breloom|Mach Punch|p1a: The Drill","|-resisted|p1a: The Drill","|-damage|p1a: The Drill|214/271","|move|p1a: The Drill|U-turn|p2a: Breloom","|-damage|p2a: Breloom|0 fnt","|faint|p2a: Breloom","|","|switch|p1a: SpiderQueen|Galvantula, F, shiny|281/281","|","|","|switch|p2a: Cobalion|Cobalion|323/323","|turn|8","|","|move|p1a: SpiderQueen|Sticky Web|p2a: Cobalion","|-sidestart|p2: im mad right now|move: Sticky Web","|move|p2a: Cobalion|Stealth Rock|p1a: SpiderQueen","|-sidestart|p1: DJMadness|move: Stealth Rock","|","|turn|9","|","|move|p1a: SpiderQueen|Thunder|p2a: Cobalion|[miss]","|-miss|p1a: SpiderQueen|p2a: Cobalion","|move|p2a: Cobalion|Flash Cannon|p1a: SpiderQueen","|-resisted|p1a: SpiderQueen","|-damage|p1a: SpiderQueen|200/281","|","|turn|10","|","|move|p1a: SpiderQueen|Thunder|p2a: Cobalion","|-damage|p2a: Cobalion|127/323","|move|p2a: Cobalion|Hidden Power|p1a: SpiderQueen","|-damage|p1a: SpiderQueen|121/281","|","|-heal|p2a: Cobalion|147/323|[from] item: Leftovers","|turn|11","|","|move|p1a: SpiderQueen|Thunder|p2a: Cobalion","|-damage|p2a: Cobalion|0 fnt","|faint|p2a: Cobalion","|","|","|switch|p2a: Medicham|Medicham, F|261/261","|-activate|p2a: Medicham|move: Sticky Web","|-unboost|p2a: Medicham|spe|1","|turn|12","|","|detailschange|p2a: Medicham|Medicham-Mega, F","|-mega|p2a: Medicham|Medicham|Medichamite","|move|p2a: Medicham|Fake Out|p1a: SpiderQueen","|-damage|p1a: SpiderQueen|7/281","|cant|p1a: SpiderQueen|flinch","|","|turn|13","|","|move|p2a: Medicham|Bullet Punch|p1a: SpiderQueen","|-resisted|p1a: SpiderQueen","|-damage|p1a: SpiderQueen|0 fnt","|faint|p1a: SpiderQueen","|","|","|switch|p1a: A Monster|Volcarona, F, shiny|374/374","|-damage|p1a: A Monster|187/374|[from] Stealth Rock","|-enditem|p1a: A Monster|Sitrus Berry|[eat]","|-heal|p1a: A Monster|280/374|[from] item: Sitrus Berry","|turn|14","|","|move|p1a: A Monster|Fiery Dance|p2a: Medicham","|-damage|p2a: Medicham|113/261","|move|p2a: Medicham|High Jump Kick|p1a: A Monster","|-resisted|p1a: A Monster","|-damage|p1a: A Monster|29/374","|-status|p2a: Medicham|brn","|","|-damage|p2a: Medicham|81/261 brn|[from] brn","|turn|15","|","|move|p2a: Medicham|Bullet Punch|p1a: A Monster","|-resisted|p1a: A Monster","|-damage|p1a: A Monster|0 fnt","|faint|p1a: A Monster","|","|-damage|p2a: Medicham|49/261 brn|[from] brn","|","|switch|p1a: The Drill|Beedrill-Mega, M, shiny|214/271","|-damage|p1a: The Drill|147/271|[from] Stealth Rock","|turn|16","|","|move|p2a: Medicham|Bullet Punch|p1a: The Drill","|-damage|p1a: The Drill|68/271","|move|p1a: The Drill|Poison Jab|p2a: Medicham","|-crit|p2a: Medicham","|-damage|p2a: Medicham|0 fnt","|faint|p2a: Medicham","|","|","|switch|p2a: Toxicroak|Toxicroak, F|307/307","|-activate|p2a: Toxicroak|move: Sticky Web","|-unboost|p2a: Toxicroak|spe|1","|turn|17","|","|move|p1a: The Drill|Protect|p1a: The Drill","|-singleturn|p1a: The Drill|Protect","|move|p2a: Toxicroak|Sucker Punch|p1a: The Drill","|-fail|p2a: Toxicroak","|","|turn|18","|","|move|p1a: The Drill|Aerial Ace|p2a: Toxicroak","|-supereffective|p2a: Toxicroak","|-damage|p2a: Toxicroak|79/307","|move|p2a: Toxicroak|Swords Dance|p2a: Toxicroak","|-boost|p2a: Toxicroak|atk|2","|","|-heal|p2a: Toxicroak|98/307|[from] item: Black Sludge","|turn|19","|","|move|p2a: Toxicroak|Sucker Punch|p1a: The Drill","|-damage|p1a: The Drill|0 fnt","|faint|p1a: The Drill","|","|-heal|p2a: Toxicroak|117/307|[from] item: Black Sludge","|","|switch|p1a: Soo Kawaii :3|Vivillon, F, shiny|301/301","|-damage|p1a: Soo Kawaii :3|151/301|[from] Stealth Rock","|turn|20","|","|move|p1a: Soo Kawaii :3|Sleep Powder|p2a: Toxicroak","|-status|p2a: Toxicroak|slp","|cant|p2a: Toxicroak|slp","|","|-heal|p2a: Toxicroak|136/307 slp|[from] item: Black Sludge","|turn|21","|","|switch|p2a: Machamp|Machamp, M|384/384","|-activate|p2a: Machamp|move: Sticky Web","|-unboost|p2a: Machamp|spe|1","|move|p1a: Soo Kawaii :3|Hurricane|p2a: Machamp","|-supereffective|p2a: Machamp","|-damage|p2a: Machamp|101/384","|-damage|p1a: Soo Kawaii :3|121/301|[from] item: Life Orb","|","|turn|22","|","|move|p2a: Machamp|Bullet Punch|p1a: Soo Kawaii :3","|-damage|p1a: Soo Kawaii :3|28/301","|move|p1a: Soo Kawaii :3|Draining Kiss|p2a: Machamp","|-supereffective|p2a: Machamp","|-damage|p2a: Machamp|13/384","|-heal|p1a: Soo Kawaii :3|94/301|[from] drain|[of] p2a: Machamp","|-damage|p1a: Soo Kawaii :3|64/301|[from] item: Life Orb","|","|turn|23","|","|move|p2a: Machamp|Bullet Punch|p1a: Soo Kawaii :3","|-damage|p1a: Soo Kawaii :3|0 fnt","|faint|p1a: Soo Kawaii :3","|","|","|switch|p1a: Dual Blade|Scyther, M, shiny|344/344","|-damage|p1a: Dual Blade|172/344|[from] Stealth Rock","|turn|24","|","|move|p2a: Machamp|Bullet Punch|p1a: Dual Blade","|-damage|p1a: Dual Blade|129/344","|move|p1a: Dual Blade|Roost|p1a: Dual Blade","|-heal|p1a: Dual Blade|301/344","|","|turn|25","|","|move|p1a: Dual Blade|Swords Dance|p1a: Dual Blade","|-boost|p1a: Dual Blade|atk|2","|move|p2a: Machamp|Dynamic Punch|p1a: Dual Blade","|-resisted|p1a: Dual Blade","|-damage|p1a: Dual Blade|260/344","|-start|p1a: Dual Blade|confusion","|","|turn|26","|","|-activate|p1a: Dual Blade|confusion","|move|p1a: Dual Blade|Swords Dance|p1a: Dual Blade","|-boost|p1a: Dual Blade|atk|2","|move|p2a: Machamp|Stone Edge|p1a: Dual Blade","|-supereffective|p1a: Dual Blade","|-damage|p1a: Dual Blade|0 fnt","|faint|p1a: Dual Blade","|","|win|im mad right now"],"p1rating":{"entryid":"7355209","serverid":"eos","formatid":"monotype","userid":"djmadness","username":"DJMadness","w":"7","l":12,"t":"0","gxe":40.4,"r":"1344.0194674362","rd":"88.375044745558","sigma":"0","rptime":"1438678800","rpr":1425.3201471667,"rprd":75.049758760818,"rpsigma":"0","acre":1118.8830567509,"lacre":1118.8830567509,"oldacre":"1154.3097971311"},"p2rating":{"entryid":7391082,"formatid":"monotype","userid":"immadrightnow","username":"im mad right now","r":1500,"rd":130,"sigma":0,"rpr":1525.0507500383,"rprd":123.48680048536,"rpsigma":0,"rptime":1438678800,"w":1,"l":0,"t":0,"gxe":53.1,"acre":1056.6827846084,"lacre":1056.6827846084,"oldacre":1000},"endType":"normal"}