{"seed":[24377,7989,41122,54293],"turns":35,"p1":"IV Pokepat","p2":"Doctor Emboar11","p1team":[{"name":"Sableye 2.0","species":"gardevoir","item":"leftovers","ability":"Synchronize","moves":["wish","confuseray","willowisp","moonblast"],"nature":"Calm","evs":{"hp":252,"atk":0,"def":0,"spa":4,"spd":252,"spe":0},"ivs":{"hp":31,"atk":31,"def":31,"spa":31,"spd":31,"spe":31}},{"name":"Swizzle","species":"togekiss","item":"choicescarf","ability":"Serene Grace","moves":["airslash","flamethrower","triattack","dazzlinggleam"],"nature":"Timid","evs":{"hp":0,"atk":0,"def":0,"spa":252,"spd":4,"spe":252},"ivs":{"hp":31,"atk":31,"def":31,"spa":31,"spd":31,"spe":31}},{"name":"Bunny Rabbit","species":"azumarill","item":"sitrusberry","ability":"Huge Power","moves":["bellydrum","aquajet","knockoff","playrough"],"nature":"Adamant","evs":{"hp":252,"atk":252,"def":0,"spa":0,"spd":0,"spe":4},"ivs":{"hp":31,"atk":31,"def":31,"spa":31,"spd":31,"spe":31}},{"name":"Which Key Was It?","species":"klefki","item":"lightclay","ability":"Prankster","moves":["flashcannon","lightscreen","reflect","thunderwave"],"nature":"Bold","evs":{"hp":248,"atk":0,"def":252,"spa":8,"spd":0,"spe":0},"ivs":{"hp":31,"atk":31,"def":31,"spa":31,"spd":31,"spe":31}},{"name":"The Rock Fairy","species":"diancie","item":"diancite","ability":"Clear Body","moves":["diamondstorm","earthpower","protect","moonblast"],"nature":"Mild","evs":{"hp":0,"atk":4,"def":0,"spa":252,"spd":0,"spe":252},"ivs":{"hp":31,"atk":31,"def":31,"spa":31,"spd":31,"spe":31}},{"name":"Trolling","species":"clefable","item":"leftovers","ability":"Unaware","moves":["fireblast","calmmind","moonlight","moonblast"],"nature":"Modest","evs":{"hp":252,"atk":0,"def":0,"spa":252,"spd":4,"spe":0},"ivs":{"hp":31,"atk":31,"def":31,"spa":31,"spd":31,"spe":31}}],"p2team":[{"name":"Emboar","species":"Emboar","item":"choiceband","ability":"Reckless","moves":["flareblitz","superpower","wildcharge","suckerpunch"],"nature":"Adamant","evs":{"hp":248,"atk":252,"def":0,"spa":0,"spd":8,"spe":0},"ivs":{"hp":31,"atk":31,"def":31,"spa":31,"spd":31,"spe":31}},{"name":"Charizard","species":"Charizard","item":"charizarditex","ability":"Blaze","moves":["dragondance","dragonclaw","firepunch","roost"],"nature":"Jolly","evs":{"hp":72,"atk":252,"def":0,"spa":0,"spd":0,"spe":184},"ivs":{"hp":31,"atk":31,"def":31,"spa":31,"spd":31,"spe":31}},{"name":"Heatran","species":"Heatran","item":"airballoon","ability":"Flash Fire","moves":["lavaplume","toxic","roar","stealthrock"],"nature":"Calm","evs":{"hp":248,"atk":0,"def":0,"spa":0,"spd":192,"spe":68},"ivs":{"hp":31,"atk":31,"def":31,"spa":31,"spd":31,"spe":31}},{"name":"Torkoal","species":"Torkoal","item":"leftovers","ability":"Shell Armor","moves":["stealthrock","lavaplume","toxic","rapidspin"],"nature":"Bold","evs":{"hp":248,"atk":0,"def":232,"spa":0,"spd":28,"spe":0},"ivs":{"hp":31,"atk":31,"def":31,"spa":31,"spd":31,"spe":31}},{"name":"Volcarona","species":"Volcarona","item":"leftovers","ability":"Flame Body","moves":["fierydance","bugbuzz","gigadrain","quiverdance"],"nature":"Modest","evs":{"hp":0,"atk":0,"def":0,"spa":252,"spd":52,"spe":200},"ivs":{"hp":31,"atk":31,"def":31,"spa":31,"spd":31,"spe":31}},{"name":"Rotom-Heat","species":"Rotom-Heat","item":"choicespecs","ability":"Levitate","moves":["voltswitch","overheat","hiddenpowergrass","trick"],"nature":"Timid","evs":{"hp":0,"atk":0,"def":0,"spa":252,"spd":4,"spe":252},"ivs":{"atk":30,"spa":30,"hp":31,"def":31,"spe":31,"spd":31}}],"log":["|player|p1|IV Pokepat|2","|player|p2|Doctor Emboar11|doctoremboar11.png","|gametype|singles","|gen|6","|tier|Monotype","|rated","|rule|Baton Pass Clause: Limit one Baton Passer, can't pass Spe and other stats simultaneously","|rule|Swagger Clause: Swagger is banned","|rule|Same Type Clause: Pokémon in a team must share a type","|clearpoke","|poke|p1|Gardevoir, M","|poke|p1|Togekiss, F","|poke|p1|Azumarill, F","|poke|p1|Klefki, F","|poke|p1|Diancie","|poke|p1|Clefable, M","|poke|p2|Emboar, F","|poke|p2|Charizard, F","|poke|p2|Heatran, F","|poke|p2|Torkoal, F","|poke|p2|Volcarona, F","|poke|p2|Rotom-Heat","|rule|Sleep Clause Mod: Limit one foe put to sleep","|rule|Species Clause: Limit one of each Pokémon","|rule|OHKO Clause: OHKO moves are banned","|rule|Moody Clause: Moody is banned","|rule|Evasion Moves Clause: Evasion moves are banned","|rule|Endless Battle Clause: Forcing endless battles is banned","|rule|HP Percentage Mod: HP is shown in percentages","|teampreview","|","|start","|switch|p1a: The Rock Fairy|Diancie|241/241","|switch|p2a: Rotom-Heat|Rotom-Heat|241/241","|turn|1","|","|detailschange|p1a: The Rock Fairy|Diancie-Mega","|-mega|p1a: The Rock Fairy|Diancie|Diancite","|move|p1a: The Rock Fairy|Protect|p1a: The Rock Fairy","|-singleturn|p1a: The Rock Fairy|Protect","|move|p2a: Rotom-Heat|Volt Switch|p1a: The Rock Fairy","|-activate|p1a: The Rock Fairy|Protect","|","|turn|2","|","|switch|p1a: Trolling|Clefable, M|394/394","|move|p2a: Rotom-Heat|Volt Switch|p1a: Trolling","|-damage|p1a: Trolling|217/394","|","|switch|p2a: Volcarona|Volcarona, F|311/311","|","|-heal|p1a: Trolling|241/394|[from] item: Leftovers","|turn|3","|","|move|p2a: Volcarona|Quiver Dance|p2a: Volcarona","|-boost|p2a: Volcarona|spa|1","|-boost|p2a: Volcarona|spd|1","|-boost|p2a: Volcarona|spe|1","|move|p1a: Trolling|Calm Mind|p1a: Trolling","|-boost|p1a: Trolling|spa|1","|-boost|p1a: Trolling|spd|1","|","|-heal|p1a: Trolling|265/394|[from] item: Leftovers","|turn|4","|","|move|p2a: Volcarona|Quiver Dance|p2a: Volcarona","|-boost|p2a: Volcarona|spa|1","|-boost|p2a: Volcarona|spd|1","|-boost|p2a: Volcarona|spe|1","|move|p1a: Trolling|Moonlight|p1a: Trolling","|-heal|p1a: Trolling|394/394","|","|turn|5","|","|move|p2a: Volcarona|Quiver Dance|p2a: Volcarona","|-boost|p2a: Volcarona|spa|1","|-boost|p2a: Volcarona|spd|1","|-boost|p2a: Volcarona|spe|1","|move|p1a: Trolling|Calm Mind|p1a: Trolling","|-boost|p1a: Trolling|spa|1","|-boost|p1a: Trolling|spd|1","|","|turn|6","|","|move|p2a: Volcarona|Quiver Dance|p2a: Volcarona","|-boost|p2a: Volcarona|spa|1","|-boost|p2a: Volcarona|spd|1","|-boost|p2a: Volcarona|spe|1","|move|p1a: Trolling|Moonblast|p2a: Volcarona","|-resisted|p2a: Volcarona","|-damage|p2a: Volcarona|179/311","|","|-heal|p2a: Volcarona|198/311|[from] item: Leftovers","|turn|7","|","|move|p2a: Volcarona|Quiver Dance|p2a: Volcarona","|-boost|p2a: Volcarona|spa|1","|-boost|p2a: Volcarona|spd|1","|-boost|p2a: Volcarona|spe|1","|move|p1a: Trolling|Moonblast|p2a: Volcarona","|-resisted|p2a: Volcarona","|-damage|p2a: Volcarona|69/311","|-unboost|p2a: Volcarona|spa|1","|","|-heal|p2a: Volcarona|88/311|[from] item: Leftovers","|turn|8","|","|move|p2a: Volcarona|Giga Drain|p1a: Trolling","|-damage|p1a: Trolling|340/394","|-heal|p2a: Volcarona|115/311|[from] drain|[of] p1a: Trolling","|move|p1a: Trolling|Moonblast|p2a: Volcarona","|-resisted|p2a: Volcarona","|-damage|p2a: Volcarona|0 fnt","|faint|p2a: Volcarona","|","|-heal|p1a: Trolling|364/394|[from] item: Leftovers","|","|switch|p2a: Heatran|Heatran, F|385/385","|-item|p2a: Heatran|Air Balloon","|turn|9","|","|move|p2a: Heatran|Toxic|p1a: Trolling","|-status|p1a: Trolling|tox","|move|p1a: Trolling|Calm Mind|p1a: Trolling","|-boost|p1a: Trolling|spa|1","|-boost|p1a: Trolling|spd|1","|","|-heal|p1a: Trolling|388/394 tox|[from] item: Leftovers","|-damage|p1a: Trolling|364/394 tox|[from] psn","|turn|10","|","|move|p1a: Trolling|Moonblast|p2a: Heatran","|-resisted|p2a: Heatran","|-damage|p2a: Heatran|316/385","|-enditem|p2a: Heatran|Air Balloon","|move|p2a: Heatran|Roar|p1a: Trolling","|drag|p1a: Which Key Was It?|Klefki, F|317/317","|","|turn|11","|","|switch|p2a: Rotom-Heat|Rotom-Heat|241/241","|move|p1a: Which Key Was It?|Thunder Wave|p2a: Rotom-Heat","|-immune|p2a: Rotom-Heat|[msg]","|","|turn|12","|","|switch|p1a: Sableye 2.0|Gardevoir, M|340/340","|move|p2a: Rotom-Heat|Trick|p1a: Sableye 2.0","|-activate|p2a: Rotom-Heat|move: Trick|[of] p1a: Sableye 2.0","|-item|p1a: Sableye 2.0|Choice Specs|[from] move: Trick","|-item|p2a: Rotom-Heat|Leftovers|[from] move: Trick","|","|turn|13","|","|move|p2a: Rotom-Heat|Volt Switch|p1a: Sableye 2.0","|-crit|p1a: Sableye 2.0","|-damage|p1a: Sableye 2.0|226/340","|","|switch|p2a: Heatran|Heatran, F|316/385","|move|p1a: Sableye 2.0|Moonblast|p2a: Heatran","|-resisted|p2a: Heatran","|-damage|p2a: Heatran|280/385","|","|turn|14","|","|switch|p1a: Bunny Rabbit|Azumarill, F|404/404","|move|p2a: Heatran|Stealth Rock|p1a: Bunny Rabbit","|-sidestart|p1: IV Pokepat|move: Stealth Rock","|","|turn|15","|","|move|p1a: Bunny Rabbit|Belly Drum|p1a: Bunny Rabbit","|-damage|p1a: Bunny Rabbit|202/404","|-setboost|p1a: Bunny Rabbit|atk|6|[from] move: Belly Drum","|-enditem|p1a: Bunny Rabbit|Sitrus Berry|[eat]","|-heal|p1a: Bunny Rabbit|303/404|[from] item: Sitrus Berry","|move|p2a: Heatran|Roar|p1a: Bunny Rabbit","|drag|p1a: Trolling|Clefable, M|364/394 tox","|-damage|p1a: Trolling|315/394 tox|[from] Stealth Rock","|","|-heal|p1a: Trolling|339/394 tox|[from] item: Leftovers","|-damage|p1a: Trolling|315/394 tox|[from] psn","|turn|16","|","|switch|p1a: The Rock Fairy|Diancie-Mega|241/241","|-damage|p1a: The Rock Fairy|211/241|[from] Stealth Rock","|move|p2a: Heatran|Lava Plume|p1a: The Rock Fairy","|-resisted|p1a: The Rock Fairy","|-damage|p1a: The Rock Fairy|154/241","|","|turn|17","|","|move|p1a: The Rock Fairy|Earth Power|p2a: Heatran","|-supereffective|p2a: Heatran","|-damage|p2a: Heatran|0 fnt","|faint|p2a: Heatran","|","|","|switch|p2a: Emboar|Emboar, F|423/423","|turn|18","|","|move|p1a: The Rock Fairy|Earth Power|p2a: Emboar","|-supereffective|p2a: Emboar","|-damage|p2a: Emboar|5/423","|move|p2a: Emboar|Superpower|p1a: The Rock Fairy","|-damage|p1a: The Rock Fairy|0 fnt","|-unboost|p2a: Emboar|atk|1","|-unboost|p2a: Emboar|def|1","|faint|p1a: The Rock Fairy","|","|","|switch|p1a: Bunny Rabbit|Azumarill, F|303/404","|-damage|p1a: Bunny Rabbit|253/404|[from] Stealth Rock","|turn|19","|","|switch|p2a: Rotom-Heat|Rotom-Heat|241/241","|move|p1a: Bunny Rabbit|Aqua Jet|p2a: Rotom-Heat","|-supereffective|p2a: Rotom-Heat","|-damage|p2a: Rotom-Heat|85/241","|","|-heal|p2a: Rotom-Heat|100/241|[from] item: Leftovers","|turn|20","|","|move|p1a: Bunny Rabbit|Aqua Jet|p2a: Rotom-Heat","|-crit|p2a: Rotom-Heat","|-supereffective|p2a: Rotom-Heat","|-damage|p2a: Rotom-Heat|0 fnt","|faint|p2a: Rotom-Heat","|","|","|switch|p2a: Emboar|Emboar, F|5/423","|turn|21","|","|move|p2a: Emboar|Sucker Punch|p1a: Bunny Rabbit","|-resisted|p1a: Bunny Rabbit","|-damage|p1a: Bunny Rabbit|158/404","|move|p1a: Bunny Rabbit|Aqua Jet|p2a: Emboar","|-supereffective|p2a: Emboar","|-damage|p2a: Emboar|0 fnt","|faint|p2a: Emboar","|","|","|switch|p2a: Torkoal|Torkoal, F|343/343","|turn|22","|","|switch|p1a: Trolling|Clefable, M|315/394 tox","|-damage|p1a: Trolling|266/394 tox|[from] Stealth Rock","|move|p2a: Torkoal|Toxic|p1a: Trolling","|-fail|p1a: Trolling|tox","|","|-heal|p1a: Trolling|290/394 tox|[from] item: Leftovers","|-damage|p1a: Trolling|266/394 tox|[from] psn","|turn|23","|","|move|p1a: Trolling|Calm Mind|p1a: Trolling","|-boost|p1a: Trolling|spa|1","|-boost|p1a: Trolling|spd|1","|move|p2a: Torkoal|Lava Plume|p1a: Trolling","|-damage|p1a: Trolling|211/394 tox","|","|-heal|p1a: Trolling|235/394 tox|[from] item: Leftovers","|-damage|p1a: Trolling|187/394 tox|[from] psn","|turn|24","|","|move|p1a: Trolling|Moonlight|p1a: Trolling","|-heal|p1a: Trolling|384/394 tox","|move|p2a: Torkoal|Lava Plume|p1a: Trolling","|-damage|p1a: Trolling|318/394 tox","|","|-heal|p1a: Trolling|342/394 tox|[from] item: Leftovers","|-damage|p1a: Trolling|270/394 tox|[from] psn","|turn|25","|","|move|p1a: Trolling|Moonblast|p2a: Torkoal","|-resisted|p2a: Torkoal","|-damage|p2a: Torkoal|190/343","|move|p2a: Torkoal|Lava Plume|p1a: Trolling","|-damage|p1a: Trolling|210/394 tox","|","|-heal|p1a: Trolling|234/394 tox|[from] item: Leftovers","|-heal|p2a: Torkoal|211/343|[from] item: Leftovers","|-damage|p1a: Trolling|138/394 tox|[from] psn","|turn|26","|","|move|p1a: Trolling|Moonlight|p1a: Trolling","|-heal|p1a: Trolling|335/394 tox","|move|p2a: Torkoal|Lava Plume|p1a: Trolling","|-crit|p1a: Trolling","|-damage|p1a: Trolling|199/394 tox","|","|-heal|p1a: Trolling|223/394 tox|[from] item: Leftovers","|-heal|p2a: Torkoal|232/343|[from] item: Leftovers","|-damage|p1a: Trolling|103/394 tox|[from] psn","|turn|27","|","|move|p1a: Trolling|Moonblast|p2a: Torkoal","|-resisted|p2a: Torkoal","|-damage|p2a: Torkoal|98/343","|move|p2a: Torkoal|Lava Plume|p1a: Trolling","|-damage|p1a: Trolling|42/394 tox","|","|-heal|p1a: Trolling|66/394 tox|[from] item: Leftovers","|-heal|p2a: Torkoal|119/343|[from] item: Leftovers","|-damage|p1a: Trolling|0 fnt|[from] psn","|faint|p1a: Trolling","|","|switch|p1a: Sableye 2.0|Gardevoir, M|226/340","|-damage|p1a: Sableye 2.0|184/340|[from] Stealth Rock","|turn|28","|","|move|p1a: Sableye 2.0|Moonblast|p2a: Torkoal","|-resisted|p2a: Torkoal","|-damage|p2a: Torkoal|0 fnt","|faint|p2a: Torkoal","|","|","|switch|p2a: Charizard|Charizard, F|315/315","|turn|29","|","|move|p2a: Charizard|Dragon Dance|p2a: Charizard","|-boost|p2a: Charizard|atk|1","|-boost|p2a: Charizard|spe|1","|move|p1a: Sableye 2.0|Moonblast|p2a: Charizard","|-resisted|p2a: Charizard","|-damage|p2a: Charizard|198/315","|","|turn|30","|","|move|p2a: Charizard|Dragon Dance|p2a: Charizard","|-boost|p2a: Charizard|atk|1","|-boost|p2a: Charizard|spe|1","|move|p1a: Sableye 2.0|Moonblast|p2a: Charizard","|-resisted|p2a: Charizard","|-damage|p2a: Charizard|72/315","|-unboost|p2a: Charizard|spa|1","|","|turn|31","|","|move|p2a: Charizard|Roost|p2a: Charizard","|-heal|p2a: Charizard|230/315","|move|p1a: Sableye 2.0|Moonblast|p2a: Charizard","|-resisted|p2a: Charizard","|-damage|p2a: Charizard|111/315","|","|turn|32","|","|move|p2a: Charizard|Roost|p2a: Charizard","|-heal|p2a: Charizard|269/315","|move|p1a: Sableye 2.0|Moonblast|p2a: Charizard","|-resisted|p2a: Charizard","|-damage|p2a: Charizard|158/315","|-unboost|p2a: Charizard|spa|1","|","|turn|33","|","|move|p2a: Charizard|Fire Punch|p1a: Sableye 2.0","|-damage|p1a: Sableye 2.0|0 fnt","|faint|p1a: Sableye 2.0","|","|","|switch|p1a: Which Key Was It?|Klefki, F|317/317","|-damage|p1a: Which Key Was It?|298/317|[from] Stealth Rock","|turn|34","|","|move|p1a: Which Key Was It?|Thunder Wave|p2a: Charizard","|-status|p2a: Charizard|par","|move|p2a: Charizard|Fire Punch|p1a: Which Key Was It?","|-supereffective|p1a: Which Key Was It?","|-damage|p1a: Which Key Was It?|0 fnt","|faint|p1a: Which Key Was It?","|","|","|switch|p1a: Bunny Rabbit|Azumarill, F|158/404","|-damage|p1a: Bunny Rabbit|108/404|[from] Stealth Rock","|turn|35","|","|detailschange|p2a: Charizard|Charizard-Mega-X, F","|-mega|p2a: Charizard|Charizard|Charizardite X","|cant|p2a: Charizard|par","|move|p1a: Bunny Rabbit|Play Rough|p2a: Charizard","|-damage|p2a: Charizard|0 fnt","|faint|p2a: Charizard","|","|win|IV Pokepat"],"p1rating":{"entryid":7392434,"formatid":"monotype","userid":"ivpokepat","username":"IV Pokepat","r":1500,"rd":130,"sigma":0,"rpr":1540.1606143388,"rprd":122.8583080769,"rpsigma":0,"rptime":1438678800,"w":1,"l":0,"t":0,"gxe":55,"acre":1040,"lacre":1040,"oldacre":1000},"p2rating":{"entryid":"7323708","serverid":"eos","formatid":"monotype","userid":"doctoremboar11","username":"Doctor Emboar11","w":"0","l":2,"t":"0","gxe":40.9,"r":1459.8393856612,"rd":123.22070420879,"sigma":"0","rptime":1438678800,"rpr":1427.2093424124,"rprd":117.15305015553,"rpsigma":"0","acre":1000,"lacre":1000,"oldacre":"1000"},"endType":"normal"}