{"seed":[6122,6310,26513,31696],"turns":31,"p1":"Alliance ♋ akaFila","p2":"KGBeast","p1team":[{"name":"Hoopa-Unbound","species":"Hoopa-Unbound","item":"choiceband","ability":"Magician","moves":["hyperspacefury","facade","icepunch","drainpunch"],"nature":"Adamant","evs":{"hp":248,"atk":252,"def":0,"spa":0,"spd":8,"spe":0},"ivs":{"hp":31,"atk":31,"def":31,"spa":31,"spd":31,"spe":31}},{"name":"Sharpedo","species":"Sharpedo","item":"lifeorb","ability":"Speed Boost","moves":["hydropump","darkpulse","destinybond","protect"],"nature":"Modest","evs":{"hp":0,"atk":0,"def":0,"spa":252,"spd":4,"spe":252},"ivs":{"hp":31,"atk":31,"def":31,"spa":31,"spd":31,"spe":31}},{"name":"Pangoro","species":"Pangoro","item":"choicescarf","ability":"Iron Fist","moves":["drainpunch","knockoff","earthquake","partingshot"],"nature":"Jolly","evs":{"hp":0,"atk":252,"def":0,"spa":0,"spd":4,"spe":252},"ivs":{"hp":31,"atk":31,"def":31,"spa":31,"spd":31,"spe":31}},{"name":"Mandibuzz","species":"Mandibuzz","item":"rockyhelmet","ability":"Overcoat","moves":["foulplay","toxic","roost","defog"],"nature":"Bold","evs":{"hp":248,"atk":0,"def":252,"spa":0,"spd":8,"spe":0},"ivs":{"hp":31,"atk":31,"def":31,"spa":31,"spd":31,"spe":31}},{"name":"Tyranitar","species":"Tyranitar","item":"assaultvest","ability":"Sand Stream","moves":["crunch","earthquake","stoneedge","fireblast"],"nature":"Sassy","evs":{"hp":252,"atk":0,"def":6,"spa":0,"spd":252,"spe":0},"ivs":{"hp":31,"atk":31,"def":31,"spa":31,"spd":31,"spe":31}},{"name":"Bisharp","species":"Bisharp","item":"focussash","ability":"Defiant","moves":["swordsdance","knockoff","ironhead","suckerpunch"],"nature":"Adamant","evs":{"hp":248,"atk":252,"def":0,"spa":0,"spd":8,"spe":0},"ivs":{"hp":31,"atk":31,"def":31,"spa":31,"spd":31,"spe":31}}],"p2team":[{"name":"Infernape","species":"Infernape","item":"focussash","ability":"Blaze","moves":["willowisp","stealthrock","encore","taunt"],"nature":"Timid","evs":{"hp":248,"atk":0,"def":8,"spa":0,"spd":0,"spe":252},"ivs":{"hp":31,"atk":0,"def":31,"spa":31,"spd":31,"spe":31}},{"name":"Heatran","species":"Heatran","item":"leftovers","ability":"Flash Fire","moves":["earthpower","toxic","flashcannon","roar"],"nature":"Calm","evs":{"hp":248,"atk":0,"def":0,"spa":0,"spd":252,"spe":8},"ivs":{"hp":31,"atk":0,"def":31,"spa":31,"spd":31,"spe":31}},{"name":"Charizard","species":"Charizard","item":"charizarditey","ability":"Blaze","moves":["defog","fireblast","solarbeam","roost"],"nature":"Calm","evs":{"hp":252,"atk":0,"def":0,"spa":0,"spd":252,"spe":4},"ivs":{"hp":31,"atk":0,"def":31,"spa":31,"spd":31,"spe":31}},{"name":"Torkoal","species":"Torkoal","item":"leftovers","ability":"White Smoke","moves":["stealthrock","rapidspin","lavaplume","yawn"],"nature":"Bold","evs":{"hp":248,"atk":0,"def":252,"spa":8,"spd":0,"spe":0},"ivs":{"hp":31,"atk":31,"def":31,"spa":31,"spd":31,"spe":31}},{"name":"Arcanine","species":"Arcanine","item":"leftovers","ability":"Intimidate","moves":["willowisp","flareblitz","toxic","morningsun"],"nature":"Impish","evs":{"hp":248,"atk":0,"def":252,"spa":0,"spd":0,"spe":8},"ivs":{"hp":31,"atk":31,"def":31,"spa":31,"spd":31,"spe":31}},{"name":"Rotom-Heat","species":"Rotom-Heat","item":"leftovers","ability":"Levitate","moves":["willowisp","lightscreen","reflect","voltswitch"],"nature":"Timid","evs":{"hp":248,"atk":0,"def":0,"spa":8,"spd":0,"spe":252},"ivs":{"hp":31,"atk":0,"def":31,"spa":31,"spd":31,"spe":31}}],"log":["|player|p1|Alliance ♋ akaFila|allianceakafila.gif","|player|p2|KGBeast|kgbeast.png","|gametype|singles","|gen|6","|tier|Monotype","|rated","|rule|Baton Pass Clause: Limit one Baton Passer, can't pass Spe and other stats simultaneously","|rule|Swagger Clause: Swagger is banned","|rule|Same Type Clause: Pokémon in a team must share a type","|clearpoke","|poke|p1|Hoopa-Unbound","|poke|p1|Sharpedo, F","|poke|p1|Pangoro, M","|poke|p1|Mandibuzz, F","|poke|p1|Tyranitar, M","|poke|p1|Bisharp, F","|poke|p2|Infernape, F","|poke|p2|Heatran, F","|poke|p2|Charizard, M","|poke|p2|Torkoal, F","|poke|p2|Arcanine, M","|poke|p2|Rotom-Heat","|rule|Sleep Clause Mod: Limit one foe put to sleep","|rule|Species Clause: Limit one of each Pokémon","|rule|OHKO Clause: OHKO moves are banned","|rule|Moody Clause: Moody is banned","|rule|Evasion Moves Clause: Evasion moves are banned","|rule|Endless Battle Clause: Forcing endless battles is banned","|rule|HP Percentage Mod: HP is shown in percentages","|teampreview","|","|start","|switch|p1a: Mandibuzz|Mandibuzz, F|423/423","|switch|p2a: Infernape|Infernape, F|355/355","|turn|1","|","|move|p2a: Infernape|Taunt|p1a: Mandibuzz","|-start|p1a: Mandibuzz|move: Taunt","|move|p1a: Mandibuzz|Foul Play|p2a: Infernape","|-resisted|p2a: Infernape","|-damage|p2a: Infernape|300/355","|","|turn|2","|","|move|p2a: Infernape|Stealth Rock|p1a: Mandibuzz","|-sidestart|p1: Alliance ♋ akaFila|move: Stealth Rock","|move|p1a: Mandibuzz|Foul Play|p2a: Infernape","|-resisted|p2a: Infernape","|-damage|p2a: Infernape|237/355","|","|turn|3","|","|move|p2a: Infernape|Will-O-Wisp|p1a: Mandibuzz","|-status|p1a: Mandibuzz|brn","|move|p1a: Mandibuzz|Foul Play|p2a: Infernape","|-resisted|p2a: Infernape","|-damage|p2a: Infernape|205/355","|","|-damage|p1a: Mandibuzz|371/423 brn|[from] brn","|-end|p1a: Mandibuzz|move: Taunt","|turn|4","|","|move|p2a: Infernape|Taunt|p1a: Mandibuzz","|-start|p1a: Mandibuzz|move: Taunt","|move|p1a: Mandibuzz|Foul Play|p2a: Infernape","|-resisted|p2a: Infernape","|-damage|p2a: Infernape|177/355","|","|-damage|p1a: Mandibuzz|319/423 brn|[from] brn","|turn|5","|","|switch|p2a: Rotom-Heat|Rotom-Heat|303/303","|move|p1a: Mandibuzz|Foul Play|p2a: Rotom-Heat","|-damage|p2a: Rotom-Heat|274/303","|","|-heal|p2a: Rotom-Heat|292/303|[from] item: Leftovers","|-damage|p1a: Mandibuzz|267/423 brn|[from] brn","|turn|6","|","|move|p2a: Rotom-Heat|Reflect|p2a: Rotom-Heat","|-sidestart|p2: KGBeast|Reflect","|move|p1a: Mandibuzz|Foul Play|p2a: Rotom-Heat","|-damage|p2a: Rotom-Heat|279/303","|","|-heal|p2a: Rotom-Heat|297/303|[from] item: Leftovers","|-damage|p1a: Mandibuzz|215/423 brn|[from] brn","|-end|p1a: Mandibuzz|move: Taunt","|turn|7","|","|switch|p1a: Tyranitar|Tyranitar, M|404/404","|-damage|p1a: Tyranitar|354/404|[from] Stealth Rock","|-weather|Sandstorm","|move|p2a: Rotom-Heat|Volt Switch|p1a: Tyranitar","|-damage|p1a: Tyranitar|327/404","|","|switch|p2a: Arcanine|Arcanine, M|383/383","|-ability|p2a: Arcanine|Intimidate","|-unboost|p1a: Tyranitar|atk|1","|","|-weather|Sandstorm|[upkeep]","|-damage|p2a: Arcanine|360/383|[from] sandstorm","|-heal|p2a: Arcanine|383/383|[from] item: Leftovers","|turn|8","|","|switch|p1a: Mandibuzz|Mandibuzz, F|215/423 brn","|-damage|p1a: Mandibuzz|110/423 brn|[from] Stealth Rock","|move|p2a: Arcanine|Toxic|p1a: Mandibuzz|[miss]","|-miss|p2a: Arcanine|p1a: Mandibuzz","|","|-weather|Sandstorm|[upkeep]","|-damage|p2a: Arcanine|360/383|[from] sandstorm","|-heal|p2a: Arcanine|383/383|[from] item: Leftovers","|-damage|p1a: Mandibuzz|58/423 brn|[from] brn","|turn|9","|","|move|p2a: Arcanine|Flare Blitz|p1a: Mandibuzz","|-damage|p1a: Mandibuzz|0 fnt","|-damage|p2a: Arcanine|320/383|[from] item: Rocky Helmet|[of] p1a: Mandibuzz","|-damage|p2a: Arcanine|301/383|[from] recoil|[of] p1a: Mandibuzz","|faint|p1a: Mandibuzz","|","|-weather|Sandstorm|[upkeep]","|-damage|p2a: Arcanine|278/383|[from] sandstorm","|-heal|p2a: Arcanine|301/383|[from] item: Leftovers","|","|switch|p1a: Pangoro|Pangoro, M|331/331","|-damage|p1a: Pangoro|311/331|[from] Stealth Rock","|turn|10","|","|move|p1a: Pangoro|Parting Shot|p2a: Arcanine","|-unboost|p2a: Arcanine|atk|1","|-unboost|p2a: Arcanine|spa|1","|","|switch|p1a: Tyranitar|Tyranitar, M|327/404","|-damage|p1a: Tyranitar|277/404|[from] Stealth Rock","|move|p2a: Arcanine|Will-O-Wisp|p1a: Tyranitar","|-status|p1a: Tyranitar|brn","|","|-weather|Sandstorm|[upkeep]","|-damage|p2a: Arcanine|278/383|[from] sandstorm","|-heal|p2a: Arcanine|301/383|[from] item: Leftovers","|-damage|p1a: Tyranitar|227/404 brn|[from] brn","|-sideend|p2: KGBeast|Reflect","|turn|11","|","|move|p2a: Arcanine|Flare Blitz|p1a: Tyranitar","|-resisted|p1a: Tyranitar","|-damage|p1a: Tyranitar|184/404 brn","|-damage|p2a: Arcanine|287/383|[from] recoil|[of] p1a: Tyranitar","|move|p1a: Tyranitar|Stone Edge|p2a: Arcanine","|-supereffective|p2a: Arcanine","|-damage|p2a: Arcanine|167/383","|","|-weather|none","|-heal|p2a: Arcanine|190/383|[from] item: Leftovers","|-damage|p1a: Tyranitar|134/404 brn|[from] brn","|turn|12","|","|move|p2a: Arcanine|Morning Sun|p2a: Arcanine","|-heal|p2a: Arcanine|381/383","|move|p1a: Tyranitar|Stone Edge|p2a: Arcanine","|-supereffective|p2a: Arcanine","|-damage|p2a: Arcanine|249/383","|","|-heal|p2a: Arcanine|272/383|[from] item: Leftovers","|-damage|p1a: Tyranitar|84/404 brn|[from] brn","|turn|13","|","|move|p2a: Arcanine|Will-O-Wisp|p1a: Tyranitar","|-fail|p1a: Tyranitar|brn","|move|p1a: Tyranitar|Earthquake|p2a: Arcanine","|-crit|p2a: Arcanine","|-supereffective|p2a: Arcanine","|-damage|p2a: Arcanine|147/383","|","|-heal|p2a: Arcanine|170/383|[from] item: Leftovers","|-damage|p1a: Tyranitar|34/404 brn|[from] brn","|turn|14","|","|move|p2a: Arcanine|Morning Sun|p2a: Arcanine","|-heal|p2a: Arcanine|361/383","|move|p1a: Tyranitar|Stone Edge|p2a: Arcanine","|-supereffective|p2a: Arcanine","|-damage|p2a: Arcanine|238/383","|","|-heal|p2a: Arcanine|261/383|[from] item: Leftovers","|-damage|p1a: Tyranitar|0 fnt|[from] brn","|faint|p1a: Tyranitar","|","|switch|p1a: Sharpedo|Sharpedo, F|281/281","|-damage|p1a: Sharpedo|246/281|[from] Stealth Rock","|turn|15","|","|switch|p2a: Rotom-Heat|Rotom-Heat|297/303","|move|p1a: Sharpedo|Protect|p1a: Sharpedo","|-fail|p1a: Sharpedo","|","|-heal|p2a: Rotom-Heat|303/303|[from] item: Leftovers","|-boost|p1a: Sharpedo|spe|1|[from] ability: Speed Boost","|turn|16","|","|move|p1a: Sharpedo|Hydro Pump|p2a: Rotom-Heat","|-supereffective|p2a: Rotom-Heat","|-damage|p2a: Rotom-Heat|0 fnt","|-damage|p1a: Sharpedo|218/281|[from] item: Life Orb","|faint|p2a: Rotom-Heat","|","|-boost|p1a: Sharpedo|spe|1|[from] ability: Speed Boost","|","|switch|p2a: Charizard|Charizard, M|360/360","|turn|17","|","|detailschange|p2a: Charizard|Charizard-Mega-Y, M","|-mega|p2a: Charizard|Charizard|Charizardite Y","|-weather|SunnyDay","|move|p1a: Sharpedo|Protect|p1a: Sharpedo","|-singleturn|p1a: Sharpedo|Protect","|move|p2a: Charizard|Fire Blast|p1a: Sharpedo","|-activate|p1a: Sharpedo|Protect","|","|-weather|SunnyDay|[upkeep]","|-boost|p1a: Sharpedo|spe|1|[from] ability: Speed Boost","|turn|18","|","|move|p1a: Sharpedo|Destiny Bond|p1a: Sharpedo","|-singlemove|p1a: Sharpedo|Destiny Bond","|move|p2a: Charizard|Fire Blast|p1a: Sharpedo","|-resisted|p1a: Sharpedo","|-damage|p1a: Sharpedo|0 fnt","|faint|p1a: Sharpedo","|-activate|p1a: Sharpedo|Destiny Bond","|faint|p2a: Charizard","|","|-weather|SunnyDay|[upkeep]","|","|switch|p1a: Pangoro|Pangoro, M|311/331","|switch|p2a: Torkoal|Torkoal, F|343/343","|-damage|p1a: Pangoro|291/331|[from] Stealth Rock","|turn|19","|","|move|p1a: Pangoro|Earthquake|p2a: Torkoal","|-supereffective|p2a: Torkoal","|-damage|p2a: Torkoal|215/343","|move|p2a: Torkoal|Lava Plume|p1a: Pangoro","|-crit|p1a: Pangoro","|-damage|p1a: Pangoro|60/331","|","|-weather|SunnyDay|[upkeep]","|-heal|p2a: Torkoal|236/343|[from] item: Leftovers","|turn|20","|","|switch|p1a: Hoopa-Unbound|Hoopa-Unbound|363/363","|-damage|p1a: Hoopa-Unbound|318/363|[from] Stealth Rock","|move|p2a: Torkoal|Lava Plume|p1a: Hoopa-Unbound","|-damage|p1a: Hoopa-Unbound|212/363","|-status|p1a: Hoopa-Unbound|brn","|","|-weather|SunnyDay|[upkeep]","|-heal|p2a: Torkoal|257/343|[from] item: Leftovers","|-damage|p1a: Hoopa-Unbound|167/363 brn|[from] brn","|turn|21","|","|move|p1a: Hoopa-Unbound|Facade|p2a: Torkoal","|-damage|p2a: Torkoal|60/343","|move|p2a: Torkoal|Lava Plume|p1a: Hoopa-Unbound","|-damage|p1a: Hoopa-Unbound|73/363 brn","|","|-weather|none","|-heal|p2a: Torkoal|81/343|[from] item: Leftovers","|-damage|p1a: Hoopa-Unbound|28/363 brn|[from] brn","|turn|22","|","|move|p1a: Hoopa-Unbound|Facade|p2a: Torkoal","|-damage|p2a: Torkoal|0 fnt","|faint|p2a: Torkoal","|","|-damage|p1a: Hoopa-Unbound|0 fnt|[from] brn","|faint|p1a: Hoopa-Unbound","|","|switch|p2a: Infernape|Infernape, F|177/355","|switch|p1a: Pangoro|Pangoro, M|60/331","|-damage|p1a: Pangoro|40/331|[from] Stealth Rock","|turn|23","|","|move|p1a: Pangoro|Drain Punch|p2a: Infernape","|-damage|p2a: Infernape|0 fnt","|-heal|p1a: Pangoro|129/331|[from] drain|[of] p2a: Infernape","|faint|p2a: Infernape","|","|","|switch|p2a: Arcanine|Arcanine, M|261/383","|-ability|p2a: Arcanine|Intimidate","|-unboost|p1a: Pangoro|atk|1","|turn|24","|","|move|p1a: Pangoro|Drain Punch|p2a: Arcanine","|-damage|p2a: Arcanine|177/383","|-heal|p1a: Pangoro|171/331|[from] drain|[of] p2a: Arcanine","|move|p2a: Arcanine|Will-O-Wisp|p1a: Pangoro","|-status|p1a: Pangoro|brn","|","|-heal|p2a: Arcanine|200/383|[from] item: Leftovers","|-damage|p1a: Pangoro|130/331 brn|[from] brn","|turn|25","|","|move|p1a: Pangoro|Drain Punch|p2a: Arcanine","|-damage|p2a: Arcanine|153/383","|-heal|p1a: Pangoro|154/331 brn|[from] drain|[of] p2a: Arcanine","|move|p2a: Arcanine|Morning Sun|p2a: Arcanine","|-heal|p2a: Arcanine|344/383","|","|-heal|p2a: Arcanine|367/383|[from] item: Leftovers","|-damage|p1a: Pangoro|113/331 brn|[from] brn","|turn|26","|","|move|p1a: Pangoro|Drain Punch|p2a: Arcanine","|-damage|p2a: Arcanine|320/383","|-heal|p1a: Pangoro|137/331 brn|[from] drain|[of] p2a: Arcanine","|move|p2a: Arcanine|Flare Blitz|p1a: Pangoro","|-damage|p1a: Pangoro|0 fnt","|-damage|p2a: Arcanine|275/383|[from] recoil|[of] p1a: Pangoro","|faint|p1a: Pangoro","|","|-heal|p2a: Arcanine|298/383|[from] item: Leftovers","|","|switch|p1a: Bisharp|Bisharp, F|333/333","|-damage|p1a: Bisharp|313/333|[from] Stealth Rock","|turn|27","|","|move|p2a: Arcanine|Flare Blitz|p1a: Bisharp","|-supereffective|p1a: Bisharp","|-damage|p1a: Bisharp|31/333","|-damage|p2a: Arcanine|205/383|[from] recoil|[of] p1a: Bisharp","|move|p1a: Bisharp|Knock Off|p2a: Arcanine","|-damage|p2a: Arcanine|64/383","|-enditem|p2a: Arcanine|Leftovers|[from] move: Knock Off|[of] p1a: Bisharp","|","|turn|28","|","|move|p2a: Arcanine|Morning Sun|p2a: Arcanine","|-heal|p2a: Arcanine|255/383","|move|p1a: Bisharp|Swords Dance|p1a: Bisharp","|-boost|p1a: Bisharp|atk|2","|","|turn|29","|","|move|p2a: Arcanine|Morning Sun|p2a: Arcanine","|-heal|p2a: Arcanine|383/383","|move|p1a: Bisharp|Knock Off|p2a: Arcanine","|-damage|p2a: Arcanine|185/383","|","|turn|30","|","|move|p1a: Bisharp|Sucker Punch|p2a: Arcanine","|-damage|p2a: Arcanine|0 fnt","|faint|p2a: Arcanine","|","|","|switch|p2a: Heatran|Heatran, F|385/385","|turn|31","|","|move|p1a: Bisharp|Sucker Punch|p2a: Heatran","|-damage|p2a: Heatran|76/385","|move|p2a: Heatran|Earth Power|p1a: Bisharp","|-supereffective|p1a: Bisharp","|-damage|p1a: Bisharp|0 fnt","|faint|p1a: Bisharp","|","|win|KGBeast"],"p1rating":{"entryid":"6670496","serverid":"eos","formatid":"monotype","userid":"allianceakafila","username":"Alliance ♋ akaFila","w":"21","l":21,"t":"0","gxe":47.5,"r":"1457.2462947896","rd":"58.22234136208","sigma":"0","rptime":"1438678800","rpr":1480.8294337399,"rprd":55.903833421824,"rpsigma":"0","acre":1208.0416696141,"lacre":1208.0416696141,"oldacre":"1236.0322317086"},"p2rating":{"entryid":"6349485","serverid":"eos","formatid":"monotype","userid":"kgbeast","username":"KGBeast","w":42,"l":"20","t":"0","gxe":64.5,"r":"1602.4834527501","rd":"52.388991108415","sigma":"0","rptime":"1438678800","rpr":1613.5217798021,"rprd":50.056209245683,"rpsigma":"0","acre":1222.2617263905,"lacre":1222.2617263905,"oldacre":"1194.271164296"},"endType":"normal"}