{"seed":[35437,48894,63190,5718],"turns":24,"p1":"DJ Biggie","p2":"DownSyndromeDMOC","p1team":[{"name":"Faildra","species":"kingdra","item":"scopelens","ability":"Sniper","moves":["focusenergy","dracometeor","surf","agility"],"nature":"Modest","evs":{"hp":0,"atk":0,"def":4,"spa":252,"spd":0,"spe":252},"ivs":{"hp":31,"atk":31,"def":31,"spa":31,"spd":31,"spe":31}},{"name":"Hen + Tie","species":"tentacruel","item":"blacksludge","ability":"Liquid Ooze","moves":["scald","rapidspin","acidspray","knockoff"],"nature":"Timid","evs":{"hp":248,"atk":0,"def":216,"spa":0,"spd":28,"spe":16},"ivs":{"hp":31,"atk":31,"def":31,"spa":31,"spd":31,"spe":31}},{"name":"Kenny (The Bae)","species":"azumarill","item":"assaultvest","ability":"Sap Sipper","moves":["playrough","waterfall","aquajet","knockoff"],"nature":"Adamant","evs":{"hp":240,"atk":252,"def":0,"spa":0,"spd":16,"spe":0},"gender":"F","ivs":{"hp":31,"atk":31,"def":31,"spa":31,"spd":31,"spe":31}},{"name":"Slippy","species":"politoed","item":"choicespecs","ability":"Drizzle","moves":["scald","hydropump","hiddenpowergrass","mudbomb"],"nature":"Modest","evs":{"hp":248,"atk":0,"def":0,"spa":252,"spd":8,"spe":0},"ivs":{"hp":31,"atk":30,"def":31,"spa":30,"spd":31,"spe":31}},{"name":"Samba de Amigo","species":"ludicolo","item":"lifeorb","ability":"Swift Swim","moves":["hydropump","gigadrain","icebeam","focusblast"],"nature":"Modest","evs":{"hp":0,"atk":0,"def":0,"spa":252,"spd":4,"spe":252},"ivs":{"hp":31,"atk":31,"def":31,"spa":31,"spd":31,"spe":31}},{"name":"JUST DO IT!","species":"swampert","item":"swampertite","ability":"Damp","moves":["waterfall","earthquake","icepunch","poweruppunch"],"nature":"Adamant","evs":{"hp":0,"atk":252,"def":4,"spa":0,"spd":0,"spe":252},"ivs":{"hp":31,"atk":31,"def":31,"spa":31,"spd":31,"spe":31}}],"p2team":[{"name":"Kiwi","species":"gardevoir","item":"gardevoirite","ability":"Trace","moves":["hypervoice","psyshock","focusblast","calmmind"],"nature":"Timid","evs":{"hp":0,"atk":4,"def":0,"spa":252,"spd":0,"spe":252},"shiny":true,"ivs":{"hp":31,"atk":31,"def":31,"spa":31,"spd":31,"spe":31}},{"name":"Victini","species":"Victini","item":"choicescarf","ability":"Victory Star","moves":["vcreate","uturn","boltstrike","trick"],"nature":"Jolly","evs":{"hp":0,"atk":252,"def":0,"spa":0,"spd":4,"spe":252},"ivs":{"hp":31,"atk":31,"def":31,"spa":31,"spd":31,"spe":31}},{"name":"Soul Train","species":"latias","item":"lifeorb","ability":"Levitate","moves":["dracometeor","psyshock","defog","healingwish"],"nature":"Timid","evs":{"hp":0,"atk":0,"def":0,"spa":252,"spd":4,"spe":252},"ivs":{"hp":31,"atk":31,"def":31,"spa":31,"spd":31,"spe":31}},{"name":"First Class","species":"metagross","item":"assaultvest","ability":"Clear Body","moves":["meteormash","bulletpunch","zenheadbutt","earthquake"],"nature":"Adamant","evs":{"hp":248,"atk":252,"def":0,"spa":0,"spd":8,"spe":0},"shiny":true,"ivs":{"hp":31,"atk":31,"def":31,"spa":31,"spd":31,"spe":31}},{"name":"BigPapaLongDong","species":"slowbro","item":"rockyhelmet","ability":"Regenerator","moves":["scald","thunderwave","icebeam","slackoff"],"nature":"Bold","evs":{"hp":248,"atk":0,"def":252,"spa":8,"spd":0,"spe":0},"ivs":{"hp":31,"atk":31,"def":31,"spa":31,"spd":31,"spe":31}},{"name":"McBiggleDiggles","species":"meloetta","item":"choicespecs","ability":"Serene Grace","moves":["shadowball","hypervoice","dazzlinggleam","psyshock"],"nature":"Modest","evs":{"hp":248,"atk":0,"def":0,"spa":252,"spd":8,"spe":0},"ivs":{"hp":31,"atk":31,"def":31,"spa":31,"spd":31,"spe":31}}],"log":["|player|p1|DJ Biggie|djbiggie.png","|player|p2|DownSyndromeDMOC|1","|gametype|singles","|gen|6","|tier|Monotype","|rated","|rule|Baton Pass Clause: Limit one Baton Passer, can't pass Spe and other stats simultaneously","|rule|Swagger Clause: Swagger is banned","|rule|Same Type Clause: Pokémon in a team must share a type","|clearpoke","|poke|p1|Kingdra, F","|poke|p1|Tentacruel, F","|poke|p1|Azumarill, F","|poke|p1|Politoed, F","|poke|p1|Ludicolo, F","|poke|p1|Swampert, M","|poke|p2|Gardevoir, F, shiny","|poke|p2|Victini","|poke|p2|Latias, F","|poke|p2|Metagross, shiny","|poke|p2|Slowbro, F","|poke|p2|Meloetta","|rule|Sleep Clause Mod: Limit one foe put to sleep","|rule|Species Clause: Limit one of each Pokémon","|rule|OHKO Clause: OHKO moves are banned","|rule|Moody Clause: Moody is banned","|rule|Evasion Moves Clause: Evasion moves are banned","|rule|Endless Battle Clause: Forcing endless battles is banned","|rule|HP Percentage Mod: HP is shown in percentages","|teampreview","|","|start","|switch|p1a: Slippy|Politoed, F|383/383","|switch|p2a: Kiwi|Gardevoir, F, shiny|277/277","|-ability|p2a: Kiwi|Drizzle|[from] ability: Trace|[of] p1a: Slippy","|-weather|RainDance","|turn|1","|","|detailschange|p2a: Kiwi|Gardevoir-Mega, F, shiny","|-mega|p2a: Kiwi|Gardevoir|Gardevoirite","|move|p2a: Kiwi|Hyper Voice|p1a: Slippy","|-damage|p1a: Slippy|118/383","|move|p1a: Slippy|Scald|p2a: Kiwi","|-damage|p2a: Kiwi|70/277","|","|-weather|RainDance|[upkeep]","|turn|2","|","|switch|p1a: Hen + Tie|Tentacruel, F|363/363","|move|p2a: Kiwi|Hyper Voice|p1a: Hen + Tie","|-resisted|p1a: Hen + Tie","|-damage|p1a: Hen + Tie|261/363","|","|-weather|RainDance|[upkeep]","|-heal|p1a: Hen + Tie|283/363|[from] item: Black Sludge","|turn|3","|","|move|p2a: Kiwi|Psyshock|p1a: Hen + Tie","|-supereffective|p1a: Hen + Tie","|-damage|p1a: Hen + Tie|0 fnt","|faint|p1a: Hen + Tie","|","|-weather|RainDance|[upkeep]","|","|switch|p1a: Faildra|Kingdra, F|291/291","|turn|4","|","|switch|p2a: Soul Train|Latias, F|301/301","|move|p1a: Faildra|Surf|p2a: Soul Train","|-resisted|p2a: Soul Train","|-damage|p2a: Soul Train|223/301","|","|-weather|RainDance|[upkeep]","|turn|5","|","|switch|p2a: Kiwi|Gardevoir-Mega, F, shiny|70/277","|switch|p1a: Kenny (The Bae)|Azumarill, F|401/401","|","|-weather|none","|turn|6","|","|switch|p2a: BigPapaLongDong|Slowbro, F|393/393","|move|p1a: Kenny (The Bae)|Aqua Jet|p2a: BigPapaLongDong","|-resisted|p2a: BigPapaLongDong","|-damage|p2a: BigPapaLongDong|378/393","|-damage|p1a: Kenny (The Bae)|335/401|[from] item: Rocky Helmet|[of] p2a: BigPapaLongDong","|","|turn|7","|","|move|p1a: Kenny (The Bae)|Knock Off|p2a: BigPapaLongDong","|-supereffective|p2a: BigPapaLongDong","|-damage|p2a: BigPapaLongDong|286/393","|-damage|p1a: Kenny (The Bae)|269/401|[from] item: Rocky Helmet|[of] p2a: BigPapaLongDong","|-enditem|p2a: BigPapaLongDong|Rocky Helmet|[from] move: Knock Off|[of] p1a: Kenny (The Bae)","|move|p2a: BigPapaLongDong|Thunder Wave|p1a: Kenny (The Bae)","|-status|p1a: Kenny (The Bae)|par","|","|turn|8","|","|switch|p1a: Samba de Amigo|Ludicolo, F|301/301","|move|p2a: BigPapaLongDong|Scald|p1a: Samba de Amigo","|-resisted|p1a: Samba de Amigo","|-damage|p1a: Samba de Amigo|276/301","|-status|p1a: Samba de Amigo|brn","|","|-damage|p1a: Samba de Amigo|239/301 brn|[from] brn","|turn|9","|","|switch|p2a: First Class|Metagross, shiny|363/363","|move|p1a: Samba de Amigo|Giga Drain|p2a: First Class","|-resisted|p2a: First Class","|-damage|p2a: First Class|311/363","|-heal|p1a: Samba de Amigo|265/301 brn|[from] drain|[of] p2a: First Class","|-damage|p1a: Samba de Amigo|235/301 brn|[from] item: Life Orb","|","|-damage|p1a: Samba de Amigo|198/301 brn|[from] brn","|turn|10","|","|move|p1a: Samba de Amigo|Hydro Pump|p2a: First Class","|-damage|p2a: First Class|151/363","|-damage|p1a: Samba de Amigo|168/301 brn|[from] item: Life Orb","|move|p2a: First Class|Zen Headbutt|p1a: Samba de Amigo","|-damage|p1a: Samba de Amigo|0 fnt","|faint|p1a: Samba de Amigo","|","|","|switch|p1a: Kenny (The Bae)|Azumarill, F|269/401 par","|turn|11","|","|move|p2a: First Class|Meteor Mash|p1a: Kenny (The Bae)","|-damage|p1a: Kenny (The Bae)|52/401 par","|-boost|p2a: First Class|atk|1","|move|p1a: Kenny (The Bae)|Knock Off|p2a: First Class","|-supereffective|p2a: First Class","|-damage|p2a: First Class|31/363","|-enditem|p2a: First Class|Assault Vest|[from] move: Knock Off|[of] p1a: Kenny (The Bae)","|","|turn|12","|","|move|p2a: First Class|Bullet Punch|p1a: Kenny (The Bae)","|-damage|p1a: Kenny (The Bae)|0 fnt","|faint|p1a: Kenny (The Bae)","|","|","|switch|p1a: Slippy|Politoed, F|118/383","|-weather|RainDance","|turn|13","|","|move|p1a: Slippy|Scald|p2a: First Class","|-damage|p2a: First Class|0 fnt","|faint|p2a: First Class","|","|-weather|RainDance|[upkeep]","|","|switch|p2a: Victini|Victini|341/341","|turn|14","|","|switch|p1a: Faildra|Kingdra, F|291/291","|move|p2a: Victini|U-turn|p1a: Faildra","|-damage|p1a: Faildra|223/291","|","|switch|p2a: McBiggleDiggles|Meloetta|403/403","|","|-weather|RainDance|[upkeep]","|turn|15","|","|move|p1a: Faildra|Focus Energy|p1a: Faildra","|-start|p1a: Faildra|move: Focus Energy","|move|p2a: McBiggleDiggles|Hyper Voice|p1a: Faildra","|-damage|p1a: Faildra|0 fnt","|faint|p1a: Faildra","|","|-weather|RainDance|[upkeep]","|","|switch|p1a: JUST DO IT!|Swampert, M|341/341","|turn|16","|","|detailschange|p1a: JUST DO IT!|Swampert-Mega, M","|-mega|p1a: JUST DO IT!|Swampert|Swampertite","|move|p1a: JUST DO IT!|Waterfall|p2a: McBiggleDiggles","|-damage|p2a: McBiggleDiggles|57/403","|cant|p2a: McBiggleDiggles|flinch","|","|-weather|RainDance|[upkeep]","|turn|17","|","|move|p1a: JUST DO IT!|Waterfall|p2a: McBiggleDiggles","|-damage|p2a: McBiggleDiggles|0 fnt","|faint|p2a: McBiggleDiggles","|","|-weather|none","|","|switch|p2a: BigPapaLongDong|Slowbro, F|393/393","|turn|18","|","|switch|p1a: Slippy|Politoed, F|118/383","|-weather|RainDance","|move|p2a: BigPapaLongDong|Scald|p1a: Slippy","|-resisted|p1a: Slippy","|-damage|p1a: Slippy|49/383","|","|-weather|RainDance|[upkeep]","|turn|19","|","|move|p1a: Slippy|Scald|p2a: BigPapaLongDong","|-resisted|p2a: BigPapaLongDong","|-damage|p2a: BigPapaLongDong|225/393","|move|p2a: BigPapaLongDong|Scald|p1a: Slippy","|-resisted|p1a: Slippy","|-damage|p1a: Slippy|0 fnt","|faint|p1a: Slippy","|","|-weather|RainDance|[upkeep]","|","|switch|p1a: JUST DO IT!|Swampert-Mega, M|341/341","|turn|20","|","|switch|p2a: Soul Train|Latias, F|223/301","|move|p1a: JUST DO IT!|Waterfall|p2a: Soul Train","|-resisted|p2a: Soul Train","|-damage|p2a: Soul Train|83/301","|","|-weather|RainDance|[upkeep]","|turn|21","|","|move|p1a: JUST DO IT!|Waterfall|p2a: Soul Train","|-resisted|p2a: Soul Train","|-damage|p2a: Soul Train|0 fnt","|faint|p2a: Soul Train","|","|-weather|RainDance|[upkeep]","|","|switch|p2a: BigPapaLongDong|Slowbro, F|356/393","|turn|22","|","|move|p1a: JUST DO IT!|Earthquake|p2a: BigPapaLongDong","|-damage|p2a: BigPapaLongDong|199/393","|move|p2a: BigPapaLongDong|Scald|p1a: JUST DO IT!","|-damage|p1a: JUST DO IT!|199/341","|","|-weather|none","|turn|23","|","|move|p1a: JUST DO IT!|Earthquake|p2a: BigPapaLongDong","|-crit|p2a: BigPapaLongDong","|-damage|p2a: BigPapaLongDong|0 fnt","|faint|p2a: BigPapaLongDong","|","|","|switch|p2a: Kiwi|Gardevoir-Mega, F, shiny|70/277","|turn|24","|","|move|p2a: Kiwi|Hyper Voice|p1a: JUST DO IT!","|-damage|p1a: JUST DO IT!|0 fnt","|faint|p1a: JUST DO IT!","|","|win|DownSyndromeDMOC"],"p1rating":{"entryid":"7236327","serverid":"eos","formatid":"monotype","userid":"djbiggie","username":"DJ Biggie","w":"16","l":12,"t":"0","gxe":53.8,"r":"1524.1693725529","rd":"71.603359091834","sigma":"0","rptime":"1438678800","rpr":1529.3140999125,"rprd":61.843829186995,"rpsigma":"0","acre":1125.1254029372,"lacre":1125.1254029372,"oldacre":"1139.9209004689"},"p2rating":{"entryid":"7212085","serverid":"eos","formatid":"monotype","userid":"downsyndromedmoc","username":"DownSyndromeDMOC","w":18,"l":"3","t":"0","gxe":73.1,"r":"1570.8388632309","rd":"118.42084550315","sigma":"0","rptime":"1438678800","rpr":1691.8885435975,"rprd":69.623795867711,"rpsigma":"0","acre":1305.3038528472,"lacre":1305.3038528472,"oldacre":"1290.5083553155"},"endType":"normal"}