{"seed":[47213,16023,52131,28470],"turns":28,"p1":"Alliance - Mxy","p2":"DJMadness","p1team":[{"name":"Sharpedo","species":"Sharpedo","item":"sharpedonite","ability":"Speed Boost","moves":["crunch","scald","icefang","protect"],"nature":"Naive","evs":{"hp":0,"atk":252,"def":0,"spa":4,"spd":0,"spe":252},"ivs":{"hp":31,"atk":31,"def":31,"spa":31,"spd":31,"spe":31}},{"name":"Sableye","species":"Sableye","item":"leftovers","ability":"Prankster","moves":["recover","willowisp","taunt","foulplay"],"nature":"Calm","evs":{"hp":252,"atk":0,"def":120,"spa":0,"spd":136,"spe":0},"ivs":{"hp":31,"atk":31,"def":31,"spa":31,"spd":31,"spe":31}},{"name":"Bisharp","species":"Bisharp","item":"lumberry","ability":"Defiant","moves":["ironhead","knockoff","suckerpunch","swordsdance"],"nature":"Adamant","evs":{"hp":0,"atk":252,"def":0,"spa":0,"spd":4,"spe":252},"ivs":{"hp":31,"atk":31,"def":31,"spa":31,"spd":31,"spe":31}},{"name":"Honchkrow","species":"Honchkrow","item":"lifeorb","ability":"Moxie","moves":["bravebird","suckerpunch","heatwave","roost"],"nature":"Naive","evs":{"hp":0,"atk":216,"def":0,"spa":40,"spd":0,"spe":252},"ivs":{"hp":31,"atk":31,"def":31,"spa":31,"spd":31,"spe":31}},{"name":"Tyranitar","species":"Tyranitar","item":"redcard","ability":"Sand Stream","moves":["stealthrock","crunch","stoneedge","thunderwave"],"nature":"Careful","evs":{"hp":120,"atk":0,"def":0,"spa":0,"spd":252,"spe":136},"ivs":{"hp":31,"atk":31,"def":31,"spa":31,"spd":31,"spe":31}},{"name":"Hoopa-Unbound","species":"Hoopa-Unbound","item":"choicescarf","ability":"Magician","moves":["psyshock","darkpulse","focusblast","gunkshot"],"nature":"Naive","evs":{"hp":0,"atk":4,"def":0,"spa":252,"spd":0,"spe":252},"ivs":{"hp":31,"atk":31,"def":31,"spa":31,"spd":31,"spe":31}}],"p2team":[{"name":"Beedrill","species":"Beedrill","item":"beedrillite","ability":"Swarm","moves":["uturn","protect","poisonjab","aerialace"],"nature":"Jolly","evs":{"hp":0,"atk":252,"def":0,"spa":0,"spd":4,"spe":252},"gender":"M","shiny":true,"ivs":{"hp":31,"atk":31,"def":31,"spa":31,"spd":31,"spe":31}},{"name":"Volcarona","species":"Volcarona","item":"sitrusberry","ability":"Flame Body","moves":["bugbuzz","fierydance","quiverdance","gigadrain"],"nature":"Timid","evs":{"hp":252,"atk":0,"def":0,"spa":0,"spd":4,"spe":252},"gender":"F","shiny":true,"ivs":{"hp":31,"atk":31,"def":31,"spa":31,"spd":31,"spe":31}},{"name":"Armaldo","species":"Armaldo","item":"leftovers","ability":"Battle Armor","moves":["stealthrock","rapidspin","toxic","xscissor"],"nature":"Impish","evs":{"hp":252,"atk":4,"def":252,"spa":0,"spd":0,"spe":0},"gender":"M","shiny":true,"ivs":{"hp":31,"atk":31,"def":31,"spa":31,"spd":31,"spe":31}},{"name":"Galvantula","species":"Galvantula","item":"focussash","ability":"Compound Eyes","moves":["stickyweb","thunder","energyball","bugbuzz"],"nature":"Timid","evs":{"hp":0,"atk":0,"def":0,"spa":252,"spd":4,"spe":252},"gender":"F","shiny":true,"ivs":{"hp":31,"atk":31,"def":31,"spa":31,"spd":31,"spe":31}},{"name":"Scyther","species":"Scyther","item":"eviolite","ability":"Technician","moves":["aerialace","swordsdance","roost","quickattack"],"nature":"Jolly","evs":{"hp":252,"atk":4,"def":0,"spa":0,"spd":0,"spe":252},"gender":"M","shiny":true,"ivs":{"hp":31,"atk":31,"def":31,"spa":31,"spd":31,"spe":31}},{"name":"Vivillon","species":"Vivillon","item":"lifeorb","ability":"Compound Eyes","moves":["hurricane","sleeppowder","drainingkiss","quiverdance"],"nature":"Timid","evs":{"hp":0,"atk":0,"def":0,"spa":252,"spd":0,"spe":252},"gender":"F","shiny":true,"ivs":{"hp":31,"atk":31,"def":31,"spa":31,"spd":31,"spe":31}}],"log":["|player|p1|Alliance - Mxy|270","|player|p2|DJMadness|92","|gametype|singles","|gen|6","|tier|Monotype","|rated","|rule|Baton Pass Clause: Limit one Baton Passer, can't pass Spe and other stats simultaneously","|rule|Swagger Clause: Swagger is banned","|rule|Same Type Clause: Pokémon in a team must share a type","|clearpoke","|poke|p1|Sharpedo, M","|poke|p1|Sableye, F","|poke|p1|Bisharp, M","|poke|p1|Honchkrow, F","|poke|p1|Tyranitar, M","|poke|p1|Hoopa-Unbound","|poke|p2|Beedrill, M, shiny","|poke|p2|Volcarona, F, shiny","|poke|p2|Armaldo, M, shiny","|poke|p2|Galvantula, F, shiny","|poke|p2|Scyther, M, shiny","|poke|p2|Vivillon, F, shiny","|rule|Sleep Clause Mod: Limit one foe put to sleep","|rule|Species Clause: Limit one of each Pokémon","|rule|OHKO Clause: OHKO moves are banned","|rule|Moody Clause: Moody is banned","|rule|Evasion Moves Clause: Evasion moves are banned","|rule|Endless Battle Clause: Forcing endless battles is banned","|rule|HP Percentage Mod: HP is shown in percentages","|teampreview","|","|start","|switch|p1a: Sableye|Sableye, F|304/304","|switch|p2a: Beedrill|Beedrill, M, shiny|271/271","|turn|1","|","|detailschange|p2a: Beedrill|Beedrill-Mega, M, shiny","|-mega|p2a: Beedrill|Beedrill|Beedrillite","|move|p2a: Beedrill|Protect|p2a: Beedrill","|-singleturn|p2a: Beedrill|Protect","|move|p1a: Sableye|Will-O-Wisp|p2a: Beedrill","|-activate|p2a: Beedrill|Protect","|","|turn|2","|","|switch|p2a: Volcarona|Volcarona, F, shiny|374/374","|switch|p1a: Sharpedo|Sharpedo, M|281/281","|","|turn|3","|","|move|p2a: Volcarona|Quiver Dance|p2a: Volcarona","|-boost|p2a: Volcarona|spa|1","|-boost|p2a: Volcarona|spd|1","|-boost|p2a: Volcarona|spe|1","|move|p1a: Sharpedo|Scald|p2a: Volcarona","|-supereffective|p2a: Volcarona","|-damage|p2a: Volcarona|260/374","|","|-boost|p1a: Sharpedo|spe|1|[from] ability: Speed Boost","|turn|4","|","|move|p1a: Sharpedo|Protect|p1a: Sharpedo","|-singleturn|p1a: Sharpedo|Protect","|move|p2a: Volcarona|Quiver Dance|p2a: Volcarona","|-boost|p2a: Volcarona|spa|1","|-boost|p2a: Volcarona|spd|1","|-boost|p2a: Volcarona|spe|1","|","|-boost|p1a: Sharpedo|spe|1|[from] ability: Speed Boost","|turn|5","|","|switch|p1a: Tyranitar|Tyranitar, M|371/371","|-weather|Sandstorm","|move|p2a: Volcarona|Bug Buzz|p1a: Tyranitar","|-supereffective|p1a: Tyranitar","|-damage|p1a: Tyranitar|123/371","|-enditem|p1a: Tyranitar|Red Card|[of] p2a: Volcarona","|drag|p2a: Armaldo|Armaldo, M, shiny|354/354","|","|-weather|Sandstorm|[upkeep]","|turn|6","|","|move|p1a: Tyranitar|Stealth Rock|p2a: Armaldo","|-sidestart|p2: DJMadness|move: Stealth Rock","|move|p2a: Armaldo|Stealth Rock|p1a: Tyranitar","|-sidestart|p1: Alliance - Mxy|move: Stealth Rock","|","|-weather|Sandstorm|[upkeep]","|turn|7","|","|move|p1a: Tyranitar|Stone Edge|p2a: Armaldo|[miss]","|-miss|p1a: Tyranitar|p2a: Armaldo","|move|p2a: Armaldo|X-Scissor|p1a: Tyranitar","|-supereffective|p1a: Tyranitar","|-damage|p1a: Tyranitar|0 fnt","|faint|p1a: Tyranitar","|","|-weather|Sandstorm|[upkeep]","|","|switch|p1a: Bisharp|Bisharp, M|271/271","|-damage|p1a: Bisharp|255/271|[from] Stealth Rock","|turn|8","|","|move|p1a: Bisharp|Swords Dance|p1a: Bisharp","|-boost|p1a: Bisharp|atk|2","|move|p2a: Armaldo|Rapid Spin|p1a: Bisharp","|-resisted|p1a: Bisharp","|-damage|p1a: Bisharp|245/271","|-sideend|p2: DJMadness|Stealth Rock|[from] move: Rapid Spin|[of] p2a: Armaldo","|","|-weather|Sandstorm|[upkeep]","|turn|9","|","|move|p1a: Bisharp|Iron Head|p2a: Armaldo","|-supereffective|p2a: Armaldo","|-damage|p2a: Armaldo|0 fnt","|faint|p2a: Armaldo","|","|-weather|none","|","|switch|p2a: Vivillon|Vivillon, F, shiny|301/301","|turn|10","|","|move|p2a: Vivillon|Sleep Powder|p1a: Bisharp","|-status|p1a: Bisharp|slp","|-enditem|p1a: Bisharp|Lum Berry|[eat]","|-curestatus|p1a: Bisharp|slp","|move|p1a: Bisharp|Knock Off|p2a: Vivillon","|-damage|p2a: Vivillon|0 fnt","|-enditem|p2a: Vivillon|Life Orb|[from] move: Knock Off|[of] p1a: Bisharp","|faint|p2a: Vivillon","|","|","|switch|p2a: Galvantula|Galvantula, F, shiny|281/281","|turn|11","|","|move|p2a: Galvantula|Bug Buzz|p1a: Bisharp","|-damage|p1a: Bisharp|67/271","|move|p1a: Bisharp|Knock Off|p2a: Galvantula","|-enditem|p2a: Galvantula|Focus Sash","|-damage|p2a: Galvantula|1/281","|","|turn|12","|","|move|p1a: Bisharp|Sucker Punch|p2a: Galvantula","|-fail|p1a: Bisharp","|move|p2a: Galvantula|Sticky Web|p1a: Bisharp","|-sidestart|p1: Alliance - Mxy|move: Sticky Web","|","|turn|13","|","|move|p1a: Bisharp|Sucker Punch|p2a: Galvantula","|-crit|p2a: Galvantula","|-damage|p2a: Galvantula|0 fnt","|faint|p2a: Galvantula","|","|","|switch|p2a: Scyther|Scyther, M, shiny|344/344","|turn|14","|","|switch|p1a: Sharpedo|Sharpedo, M|281/281","|-damage|p1a: Sharpedo|246/281|[from] Stealth Rock","|-activate|p1a: Sharpedo|move: Sticky Web","|-unboost|p1a: Sharpedo|spe|1","|move|p2a: Scyther|Aerial Ace|p1a: Sharpedo","|-damage|p1a: Sharpedo|32/281","|","|turn|15","|","|move|p1a: Sharpedo|Protect|p1a: Sharpedo","|-singleturn|p1a: Sharpedo|Protect","|move|p2a: Scyther|Swords Dance|p2a: Scyther","|-boost|p2a: Scyther|atk|2","|","|-boost|p1a: Sharpedo|spe|1|[from] ability: Speed Boost","|turn|16","|","|detailschange|p1a: Sharpedo|Sharpedo-Mega, M","|-mega|p1a: Sharpedo|Sharpedo|Sharpedonite","|move|p2a: Scyther|Aerial Ace|p1a: Sharpedo","|-damage|p1a: Sharpedo|0 fnt","|faint|p1a: Sharpedo","|","|","|switch|p1a: Honchkrow|Honchkrow, F|341/341","|-damage|p1a: Honchkrow|256/341|[from] Stealth Rock","|turn|17","|","|move|p2a: Scyther|Aerial Ace|p1a: Honchkrow","|-crit|p1a: Honchkrow","|-damage|p1a: Honchkrow|0 fnt","|faint|p1a: Honchkrow","|","|","|switch|p1a: Sableye|Sableye, F|304/304","|-activate|p1a: Sableye|move: Sticky Web","|-unboost|p1a: Sableye|spe|1","|-damage|p1a: Sableye|266/304|[from] Stealth Rock","|turn|18","|","|switch|p2a: Volcarona|Volcarona, F, shiny|260/374","|move|p1a: Sableye|Foul Play|p2a: Volcarona","|-damage|p2a: Volcarona|158/374","|-status|p1a: Sableye|brn","|-enditem|p2a: Volcarona|Sitrus Berry|[eat]","|-heal|p2a: Volcarona|251/374|[from] item: Sitrus Berry","|","|-heal|p1a: Sableye|285/304 brn|[from] item: Leftovers","|-damage|p1a: Sableye|247/304 brn|[from] brn","|turn|19","|","|move|p1a: Sableye|Taunt|p2a: Volcarona","|-start|p2a: Volcarona|move: Taunt","|cant|p2a: Volcarona|move: Taunt|Quiver Dance","|","|-heal|p1a: Sableye|266/304 brn|[from] item: Leftovers","|-damage|p1a: Sableye|228/304 brn|[from] brn","|turn|20","|","|switch|p1a: Hoopa-Unbound|Hoopa-Unbound|301/301","|-damage|p1a: Hoopa-Unbound|264/301|[from] Stealth Rock","|-activate|p1a: Hoopa-Unbound|move: Sticky Web","|-unboost|p1a: Hoopa-Unbound|spe|1","|move|p2a: Volcarona|Fiery Dance|p1a: Hoopa-Unbound","|-damage|p1a: Hoopa-Unbound|156/301","|","|turn|21","|","|switch|p2a: Beedrill|Beedrill-Mega, M, shiny|271/271","|move|p1a: Hoopa-Unbound|Psyshock|p2a: Beedrill","|-supereffective|p2a: Beedrill","|-damage|p2a: Beedrill|0 fnt","|faint|p2a: Beedrill","|","|","|switch|p2a: Scyther|Scyther, M, shiny|344/344","|turn|22","|","|move|p2a: Scyther|Aerial Ace|p1a: Hoopa-Unbound","|-damage|p1a: Hoopa-Unbound|0 fnt","|faint|p1a: Hoopa-Unbound","|","|","|switch|p1a: Bisharp|Bisharp, M|67/271","|-activate|p1a: Bisharp|move: Sticky Web","|-unboost|p1a: Bisharp|spe|1","|-boost|p1a: Bisharp|atk|2|[from] ability: Defiant","|-damage|p1a: Bisharp|51/271|[from] Stealth Rock","|turn|23","|","|move|p2a: Scyther|Swords Dance|p2a: Scyther","|-boost|p2a: Scyther|atk|2","|move|p1a: Bisharp|Knock Off|p2a: Scyther","|-damage|p2a: Scyther|56/344","|-enditem|p2a: Scyther|Eviolite|[from] move: Knock Off|[of] p1a: Bisharp","|","|turn|24","|","|move|p2a: Scyther|Quick Attack|p1a: Bisharp","|-resisted|p1a: Bisharp","|-damage|p1a: Bisharp|2/271","|move|p1a: Bisharp|Sucker Punch|p2a: Scyther","|-fail|p1a: Bisharp","|","|turn|25","|","|move|p2a: Scyther|Quick Attack|p1a: Bisharp","|-crit|p1a: Bisharp","|-resisted|p1a: Bisharp","|-damage|p1a: Bisharp|0 fnt","|faint|p1a: Bisharp","|","|","|switch|p1a: Sableye|Sableye, F|228/304 brn","|-damage|p1a: Sableye|190/304 brn|[from] Stealth Rock","|-activate|p1a: Sableye|move: Sticky Web","|-unboost|p1a: Sableye|spe|1","|turn|26","|","|move|p2a: Scyther|Quick Attack|p1a: Sableye","|-immune|p1a: Sableye|[msg]","|move|p1a: Sableye|Foul Play|p2a: Scyther","|-damage|p2a: Scyther|0 fnt","|faint|p2a: Scyther","|","|-heal|p1a: Sableye|209/304 brn|[from] item: Leftovers","|-damage|p1a: Sableye|171/304 brn|[from] brn","|","|switch|p2a: Volcarona|Volcarona, F, shiny|251/374","|turn|27","|","|move|p1a: Sableye|Taunt|p2a: Volcarona","|-start|p2a: Volcarona|move: Taunt","|move|p2a: Volcarona|Fiery Dance|p1a: Sableye","|-damage|p1a: Sableye|29/304 brn","|-boost|p2a: Volcarona|spa|1","|","|-heal|p1a: Sableye|48/304 brn|[from] item: Leftovers","|-damage|p1a: Sableye|10/304 brn|[from] brn","|turn|28","|","|move|p1a: Sableye|Recover|p1a: Sableye","|-heal|p1a: Sableye|162/304 brn","|move|p2a: Volcarona|Fiery Dance|p1a: Sableye","|-damage|p1a: Sableye|0 fnt","|faint|p1a: Sableye","|","|win|DJMadness"],"p1rating":{"entryid":"6690851","serverid":"eos","formatid":"monotype","userid":"alliancemxy","username":"Alliance - Mxy","w":"65","l":33,"t":"0","gxe":65,"r":"1618.9608920016","rd":"40.891370654892","sigma":"0","rptime":"1438678800","rpr":1616.7287668789,"rprd":38.617576992331,"rpsigma":"0","acre":1191.3526683673,"lacre":1191.3526683673,"oldacre":"1228.1374898565"},"p2rating":{"entryid":"7355209","serverid":"eos","formatid":"monotype","userid":"djmadness","username":"DJMadness","w":3,"l":"10","t":"0","gxe":33.4,"r":"1344.0194674362","rd":"88.375044745558","sigma":"0","rptime":"1438678800","rpr":1366.4414491084,"rprd":84.91883553592,"rpsigma":"0","acre":1098.0534647976,"lacre":1098.0534647976,"oldacre":"1050.2992423117"},"endType":"normal"}