{"seed":[17609,56434,14431,62070],"turns":22,"p1":"Guard Darkrai","p2":"DJ Biggie","p1team":[{"name":"Persian","species":"Persian","item":"lifeorb","ability":"Technician","moves":["fakeout","uturn","knockoff","aerialace"],"nature":"Jolly","evs":{"hp":0,"atk":252,"def":0,"spa":0,"spd":4,"spe":252},"shiny":true,"ivs":{"hp":31,"atk":31,"def":31,"spa":31,"spd":31,"spe":31}},{"name":"Bibarel","species":"Bibarel","item":"whiteherb","ability":"Simple","moves":["amnesia","curse","waterfall","return"],"nature":"Jolly","evs":{"hp":0,"atk":252,"def":0,"spa":0,"spd":4,"spe":252},"shiny":true,"ivs":{"hp":31,"atk":31,"def":31,"spa":31,"spd":31,"spe":31}},{"name":"Lopunny","species":"Lopunny","item":"lopunnite","ability":"Cute Charm","moves":["fakeout","highjumpkick","return","icepunch"],"nature":"Jolly","evs":{"hp":0,"atk":252,"def":0,"spa":0,"spd":4,"spe":252},"shiny":true,"ivs":{"hp":31,"atk":31,"def":31,"spa":31,"spd":31,"spe":31}},{"name":"Wigglytuff","species":"Wigglytuff","item":"leftovers","ability":"Competitive","moves":["fireblast","hypervoice","dazzlinggleam","chargebeam"],"nature":"Modest","evs":{"hp":252,"atk":0,"def":0,"spa":252,"spd":4,"spe":0},"shiny":true,"ivs":{"hp":31,"atk":31,"def":31,"spa":31,"spd":31,"spe":31}},{"name":"Audino","species":"Audino","item":"leftovers","ability":"Regenerator","moves":["wish","healbell","magiccoat","toxic"],"nature":"Calm","evs":{"hp":252,"atk":0,"def":4,"spa":0,"spd":252,"spe":0},"shiny":true,"ivs":{"hp":31,"atk":31,"def":31,"spa":31,"spd":31,"spe":31}},{"name":"Braviary","species":"Braviary","item":"brightpowder","ability":"Defiant","moves":["bravebird","uturn","roost","defog"],"nature":"","evs":{"hp":0,"atk":0,"def":0,"spa":0,"spd":0,"spe":0},"ivs":{"hp":31,"atk":31,"def":31,"spa":31,"spd":31,"spe":31}}],"p2team":[{"name":"Faildra","species":"kingdra","item":"scopelens","ability":"Sniper","moves":["focusenergy","dracometeor","surf","agility"],"nature":"Modest","evs":{"hp":0,"atk":0,"def":4,"spa":252,"spd":0,"spe":252},"ivs":{"hp":31,"atk":31,"def":31,"spa":31,"spd":31,"spe":31}},{"name":"Hen + Tie","species":"tentacruel","item":"blacksludge","ability":"Liquid Ooze","moves":["scald","rapidspin","acidspray","knockoff"],"nature":"Timid","evs":{"hp":248,"atk":0,"def":216,"spa":0,"spd":28,"spe":16},"ivs":{"hp":31,"atk":31,"def":31,"spa":31,"spd":31,"spe":31}},{"name":"Kenny (The Bae)","species":"azumarill","item":"assaultvest","ability":"Sap Sipper","moves":["playrough","waterfall","aquajet","knockoff"],"nature":"Adamant","evs":{"hp":240,"atk":252,"def":0,"spa":0,"spd":16,"spe":0},"gender":"F","ivs":{"hp":31,"atk":31,"def":31,"spa":31,"spd":31,"spe":31}},{"name":"Slippy","species":"politoed","item":"choicespecs","ability":"Drizzle","moves":["scald","hydropump","hiddenpowergrass","mudbomb"],"nature":"Modest","evs":{"hp":248,"atk":0,"def":0,"spa":252,"spd":8,"spe":0},"ivs":{"hp":31,"atk":30,"def":31,"spa":30,"spd":31,"spe":31}},{"name":"Samba de Amigo","species":"ludicolo","item":"lifeorb","ability":"Swift Swim","moves":["hydropump","gigadrain","icebeam","focusblast"],"nature":"Modest","evs":{"hp":0,"atk":0,"def":0,"spa":252,"spd":4,"spe":252},"ivs":{"hp":31,"atk":31,"def":31,"spa":31,"spd":31,"spe":31}},{"name":"JUST DO IT!","species":"swampert","item":"swampertite","ability":"Damp","moves":["waterfall","earthquake","icepunch","poweruppunch"],"nature":"Adamant","evs":{"hp":0,"atk":252,"def":4,"spa":0,"spd":0,"spe":252},"ivs":{"hp":31,"atk":31,"def":31,"spa":31,"spd":31,"spe":31}}],"log":["|player|p1|Guard Darkrai|guarddarkrai.png","|player|p2|DJ Biggie|djbiggie.png","|gametype|singles","|gen|6","|tier|Monotype","|rated","|rule|Baton Pass Clause: Limit one Baton Passer, can't pass Spe and other stats simultaneously","|rule|Swagger Clause: Swagger is banned","|rule|Same Type Clause: Pokémon in a team must share a type","|clearpoke","|poke|p1|Persian, F, shiny","|poke|p1|Bibarel, M, shiny","|poke|p1|Lopunny, F, shiny","|poke|p1|Wigglytuff, F, shiny","|poke|p1|Audino, F, shiny","|poke|p1|Braviary, M","|poke|p2|Kingdra, M","|poke|p2|Tentacruel, M","|poke|p2|Azumarill, F","|poke|p2|Politoed, F","|poke|p2|Ludicolo, M","|poke|p2|Swampert, M","|rule|Sleep Clause Mod: Limit one foe put to sleep","|rule|Species Clause: Limit one of each Pokémon","|rule|OHKO Clause: OHKO moves are banned","|rule|Moody Clause: Moody is banned","|rule|Evasion Moves Clause: Evasion moves are banned","|rule|Endless Battle Clause: Forcing endless battles is banned","|rule|HP Percentage Mod: HP is shown in percentages","|teampreview","|","|start","|switch|p1a: Bibarel|Bibarel, M, shiny|299/299","|switch|p2a: Slippy|Politoed, F|383/383","|-weather|RainDance","|turn|1","|","|move|p1a: Bibarel|Amnesia|p1a: Bibarel","|-boost|p1a: Bibarel|spd|4","|move|p2a: Slippy|Hidden Power|p1a: Bibarel","|-supereffective|p1a: Bibarel","|-damage|p1a: Bibarel|201/299","|","|-weather|RainDance|[upkeep]","|turn|2","|","|switch|p2a: Hen + Tie|Tentacruel, M|363/363","|move|p1a: Bibarel|Curse|p1a: Bibarel","|-unboost|p1a: Bibarel|spe|2","|-boost|p1a: Bibarel|atk|2","|-boost|p1a: Bibarel|def|2","|-enditem|p1a: Bibarel|White Herb","|-restoreboost|p1a: Bibarel|[silent]","|","|-weather|RainDance|[upkeep]","|turn|3","|","|move|p1a: Bibarel|Return|p2a: Hen + Tie","|-damage|p2a: Hen + Tie|86/363","|move|p2a: Hen + Tie|Scald|p1a: Bibarel","|-resisted|p1a: Bibarel","|-damage|p1a: Bibarel|170/299","|-status|p1a: Bibarel|brn","|","|-weather|RainDance|[upkeep]","|-heal|p2a: Hen + Tie|108/363|[from] item: Black Sludge","|-damage|p1a: Bibarel|133/299 brn|[from] brn","|turn|4","|","|move|p1a: Bibarel|Return|p2a: Hen + Tie","|-damage|p2a: Hen + Tie|0 fnt","|faint|p2a: Hen + Tie","|","|-weather|RainDance|[upkeep]","|-damage|p1a: Bibarel|96/299 brn|[from] brn","|","|switch|p2a: Samba de Amigo|Ludicolo, M|301/301","|turn|5","|","|move|p2a: Samba de Amigo|Giga Drain|p1a: Bibarel","|-supereffective|p1a: Bibarel","|-damage|p1a: Bibarel|0 fnt","|-damage|p2a: Samba de Amigo|271/301|[from] item: Life Orb","|faint|p1a: Bibarel","|","|-weather|none","|","|switch|p1a: Persian|Persian, F, shiny|271/271","|turn|6","|","|move|p1a: Persian|Fake Out|p2a: Samba de Amigo","|-damage|p2a: Samba de Amigo|145/301","|-damage|p1a: Persian|244/271|[from] item: Life Orb","|cant|p2a: Samba de Amigo|flinch","|","|turn|7","|","|move|p1a: Persian|Aerial Ace|p2a: Samba de Amigo","|-supereffective|p2a: Samba de Amigo","|-damage|p2a: Samba de Amigo|0 fnt","|-damage|p1a: Persian|217/271|[from] item: Life Orb","|faint|p2a: Samba de Amigo","|","|","|switch|p2a: Slippy|Politoed, F|383/383","|-weather|RainDance","|turn|8","|","|move|p1a: Persian|U-turn|p2a: Slippy","|-damage|p2a: Slippy|283/383","|-damage|p1a: Persian|190/271|[from] item: Life Orb","|","|switch|p1a: Wigglytuff|Wigglytuff, F, shiny|484/484","|move|p2a: Slippy|Scald|p1a: Wigglytuff","|-damage|p1a: Wigglytuff|9/484","|","|-weather|RainDance|[upkeep]","|-heal|p1a: Wigglytuff|39/484|[from] item: Leftovers","|turn|9","|","|switch|p2a: Kenny (The Bae)|Azumarill, F|401/401","|move|p1a: Wigglytuff|Charge Beam|p2a: Kenny (The Bae)","|-supereffective|p2a: Kenny (The Bae)","|-damage|p2a: Kenny (The Bae)|329/401","|-boost|p1a: Wigglytuff|spa|1","|","|-weather|RainDance|[upkeep]","|-heal|p1a: Wigglytuff|69/484|[from] item: Leftovers","|turn|10","|","|move|p2a: Kenny (The Bae)|Aqua Jet|p1a: Wigglytuff","|-damage|p1a: Wigglytuff|0 fnt","|faint|p1a: Wigglytuff","|","|-weather|RainDance|[upkeep]","|","|switch|p1a: Persian|Persian, F, shiny|190/271","|turn|11","|","|move|p1a: Persian|Fake Out|p2a: Kenny (The Bae)","|-damage|p2a: Kenny (The Bae)|215/401","|-damage|p1a: Persian|163/271|[from] item: Life Orb","|cant|p2a: Kenny (The Bae)|flinch","|","|-weather|RainDance|[upkeep]","|turn|12","|","|move|p1a: Persian|U-turn|p2a: Kenny (The Bae)","|-resisted|p2a: Kenny (The Bae)","|-damage|p2a: Kenny (The Bae)|175/401","|-damage|p1a: Persian|136/271|[from] item: Life Orb","|","|switch|p1a: Audino|Audino, F, shiny|410/410","|move|p2a: Kenny (The Bae)|Waterfall|p1a: Audino","|-damage|p1a: Audino|250/410","|","|-weather|none","|-heal|p1a: Audino|275/410|[from] item: Leftovers","|turn|13","|","|move|p2a: Kenny (The Bae)|Knock Off|p1a: Audino","|-damage|p1a: Audino|196/410","|-enditem|p1a: Audino|Leftovers|[from] move: Knock Off|[of] p2a: Kenny (The Bae)","|move|p1a: Audino|Toxic|p2a: Kenny (The Bae)","|-status|p2a: Kenny (The Bae)|tox","|","|-damage|p2a: Kenny (The Bae)|150/401 tox|[from] psn","|turn|14","|","|move|p1a: Audino|Wish|p1a: Audino","|move|p2a: Kenny (The Bae)|Waterfall|p1a: Audino","|-damage|p1a: Audino|105/410","|","|-damage|p2a: Kenny (The Bae)|100/401 tox|[from] psn","|turn|15","|","|switch|p2a: Faildra|Kingdra, M|291/291","|move|p1a: Audino|Magic Coat|p1a: Audino","|-singleturn|p1a: Audino|move: Magic Coat","|","|-heal|p1a: Audino|310/410|[from] move: Wish|[wisher] Audino","|turn|16","|","|move|p2a: Faildra|Focus Energy|p2a: Faildra","|-start|p2a: Faildra|move: Focus Energy","|move|p1a: Audino|Toxic|p2a: Faildra","|-status|p2a: Faildra|tox","|","|-damage|p2a: Faildra|273/291 tox|[from] psn","|turn|17","|","|move|p2a: Faildra|Surf|p1a: Audino","|-crit|p1a: Audino","|-damage|p1a: Audino|52/410","|move|p1a: Audino|Wish|p1a: Audino","|","|-damage|p2a: Faildra|237/291 tox|[from] psn","|turn|18","|","|switch|p1a: Lopunny|Lopunny, F, shiny|271/271","|move|p2a: Faildra|Surf|p1a: Lopunny","|-crit|p1a: Lopunny","|-damage|p1a: Lopunny|0 fnt","|faint|p1a: Lopunny","|","|-damage|p2a: Faildra|183/291 tox|[from] psn","|","|switch|p1a: Audino|Audino, F, shiny|188/410","|turn|19","|","|switch|p1a: Braviary|Braviary, M|341/341","|move|p2a: Faildra|Surf|p1a: Braviary","|-crit|p1a: Braviary","|-damage|p1a: Braviary|0 fnt","|faint|p1a: Braviary","|","|-damage|p2a: Faildra|111/291 tox|[from] psn","|","|switch|p1a: Audino|Audino, F, shiny|324/410","|turn|20","|","|move|p2a: Faildra|Draco Meteor|p1a: Audino","|-crit|p1a: Audino","|-damage|p1a: Audino|0 fnt","|-unboost|p2a: Faildra|spa|2","|faint|p1a: Audino","|","|-damage|p2a: Faildra|21/291 tox|[from] psn","|","|switch|p1a: Persian|Persian, F, shiny|136/271","|turn|21","|","|move|p1a: Persian|Knock Off|p2a: Faildra","|-damage|p2a: Faildra|0 fnt","|-enditem|p2a: Faildra|Scope Lens|[from] move: Knock Off|[of] p1a: Persian","|-damage|p1a: Persian|109/271|[from] item: Life Orb","|faint|p2a: Faildra","|","|","|switch|p2a: Slippy|Politoed, F|283/383","|-weather|RainDance","|turn|22","|","|move|p1a: Persian|Aerial Ace|p2a: Slippy","|-damage|p2a: Slippy|169/383","|-damage|p1a: Persian|82/271|[from] item: Life Orb","|move|p2a: Slippy|Scald|p1a: Persian","|-damage|p1a: Persian|0 fnt","|faint|p1a: Persian","|","|win|DJ Biggie"],"p1rating":{"entryid":"6034648","serverid":"eos","formatid":"monotype","userid":"guarddarkrai","username":"Guard Darkrai","w":"67","l":84,"t":"0","gxe":43.9,"r":"1460.1037078647","rd":"33.145922397542","sigma":"0","rptime":"1438678800","rpr":1453.5179426862,"rprd":31.436804050048,"rpsigma":"0","acre":1053.0251692457,"lacre":1053.0251692457,"oldacre":"1069.4270408152"},"p2rating":{"entryid":"7236327","serverid":"eos","formatid":"monotype","userid":"djbiggie","username":"DJ Biggie","w":14,"l":"9","t":"0","gxe":56,"r":"1524.1693725529","rd":"71.603359091834","sigma":"0","rptime":"1438678800","rpr":1546.2829135399,"rprd":66.669291825573,"rpsigma":"0","acre":1158.6988235134,"lacre":1158.6988235134,"oldacre":"1138.6123308154"},"endType":"normal"}