{"seed":[59241,60267,8464,14516],"turns":27,"p1":"SWL Neßki","p2":"DSV","p1team":[{"name":"Thundurus-Therian","species":"Thundurus-Therian","item":"assaultvest","ability":"Volt Absorb","moves":["thunderbolt","grassknot","hiddenpowerice","voltswitch"],"nature":"Timid","evs":{"hp":0,"atk":0,"def":0,"spa":252,"spd":4,"spe":252},"ivs":{"hp":31,"atk":2,"def":30,"spa":31,"spd":31,"spe":31}},{"name":"Charizard","species":"Charizard","item":"charizarditex","ability":"Blaze","moves":["swordsdance","dragonclaw","earthquake","flamecharge"],"nature":"Jolly","evs":{"hp":0,"atk":252,"def":0,"spa":0,"spd":0,"spe":252},"ivs":{"hp":31,"atk":31,"def":31,"spa":31,"spd":31,"spe":31}},{"name":"Xatu","species":"Xatu","item":"lightclay","ability":"Magic Bounce","moves":["reflect","lightscreen","thunderwave","roost"],"nature":"Calm","evs":{"hp":248,"atk":0,"def":0,"spa":0,"spd":252,"spe":8},"ivs":{"hp":31,"atk":0,"def":31,"spa":31,"spd":31,"spe":31}},{"name":"Tornadus-Therian","species":"Tornadus-Therian","item":"choicescarf","ability":"Regenerator","moves":["heatwave","darkpulse","airslash","uturn"],"nature":"Timid","evs":{"hp":0,"atk":0,"def":0,"spa":252,"spd":4,"spe":252},"ivs":{"hp":31,"atk":31,"def":31,"spa":31,"spd":31,"spe":31}},{"name":"Landorus-Therian","species":"Landorus-Therian","item":"leftovers","ability":"Intimidate","moves":["stealthrock","earthquake","uturn","rockslide"],"nature":"Adamant","evs":{"hp":252,"atk":252,"def":0,"spa":0,"spd":0,"spe":4},"ivs":{"hp":31,"atk":31,"def":31,"spa":31,"spd":31,"spe":31}},{"name":"Murkrow","species":"Murkrow","item":"eviolite","ability":"Prankster","moves":["thunderwave","taunt","foulplay","roost"],"nature":"Bold","evs":{"hp":252,"atk":0,"def":252,"spa":0,"spd":0,"spe":4},"ivs":{"hp":31,"atk":0,"def":31,"spa":31,"spd":31,"spe":31}}],"p2team":[{"name":"Weavile","species":"Weavile","item":"lifeorb","ability":"Pressure","moves":["swordsdance","iceshard","iciclecrash","knockoff"],"nature":"Jolly","evs":{"hp":0,"atk":252,"def":0,"spa":0,"spd":4,"spe":252},"ivs":{"hp":31,"atk":31,"def":31,"spa":31,"spd":31,"spe":31}},{"name":"Hoopa-Unbound","species":"Hoopa-Unbound","item":"choicescarf","ability":"Magician","moves":["gunkshot","thunderbolt","hyperspacehole","hyperspacefury"],"nature":"Hasty","evs":{"hp":0,"atk":4,"def":0,"spa":252,"spd":0,"spe":252},"ivs":{"hp":31,"atk":31,"def":31,"spa":31,"spd":31,"spe":31}},{"name":"Mandibuzz","species":"Mandibuzz","item":"leftovers","ability":"Overcoat","moves":["foulplay","roost","taunt","defog"],"nature":"Bold","evs":{"hp":248,"atk":0,"def":136,"spa":0,"spd":108,"spe":16},"ivs":{"hp":31,"atk":31,"def":31,"spa":31,"spd":31,"spe":31}},{"name":"Tyranitar","species":"Tyranitar","item":"leftovers","ability":"Sand Stream","moves":["thunderwave","stealthrock","pursuit","stoneedge"],"nature":"Careful","evs":{"hp":248,"atk":8,"def":0,"spa":0,"spd":252,"spe":0},"ivs":{"hp":31,"atk":31,"def":31,"spa":31,"spd":31,"spe":31}},{"name":"Sharpedo","species":"Sharpedo","item":"lifeorb","ability":"Speed Boost","moves":["protect","icebeam","hydropump","crunch"],"nature":"Lonely","evs":{"hp":0,"atk":208,"def":0,"spa":48,"spd":0,"spe":252},"ivs":{"hp":31,"atk":31,"def":31,"spa":31,"spd":31,"spe":31}},{"name":"Sableye","species":"Sableye","item":"sablenite","ability":"Prankster","moves":["willowisp","foulplay","knockoff","recover"],"nature":"Careful","evs":{"hp":252,"atk":0,"def":112,"spa":0,"spd":144,"spe":0},"ivs":{"hp":31,"atk":31,"def":31,"spa":31,"spd":31,"spe":31}}],"log":["|player|p1|SWL Neßki|swlneki.png","|player|p2|DSV|159","|gametype|singles","|gen|6","|tier|Monotype","|rated","|rule|Baton Pass Clause: Limit one Baton Passer, can't pass Spe and other stats simultaneously","|rule|Swagger Clause: Swagger is banned","|rule|Same Type Clause: Pokémon in a team must share a type","|clearpoke","|poke|p1|Thundurus-Therian, M","|poke|p1|Charizard, M","|poke|p1|Xatu, F","|poke|p1|Tornadus-Therian, M","|poke|p1|Landorus-Therian, M","|poke|p1|Murkrow, M","|poke|p2|Weavile, M","|poke|p2|Hoopa-Unbound","|poke|p2|Mandibuzz, F","|poke|p2|Tyranitar, F","|poke|p2|Sharpedo, M","|poke|p2|Sableye, M","|rule|Sleep Clause Mod: Limit one foe put to sleep","|rule|Species Clause: Limit one of each Pokémon","|rule|OHKO Clause: OHKO moves are banned","|rule|Moody Clause: Moody is banned","|rule|Evasion Moves Clause: Evasion moves are banned","|rule|Endless Battle Clause: Forcing endless battles is banned","|rule|HP Percentage Mod: HP is shown in percentages","|teampreview","|","|start","|switch|p1a: Murkrow|Murkrow, M|324/324","|switch|p2a: Sableye|Sableye, M|304/304","|turn|1","|","|switch|p1a: Xatu|Xatu, F|333/333","|detailschange|p2a: Sableye|Sableye-Mega, M","|-mega|p2a: Sableye|Sableye|Sablenite","|move|p2a: Sableye|Knock Off|p1a: Xatu","|-supereffective|p1a: Xatu","|-damage|p1a: Xatu|85/333","|-enditem|p1a: Xatu|Light Clay|[from] move: Knock Off|[of] p2a: Sableye","|","|turn|2","|","|move|p1a: Xatu|Reflect|p1a: Xatu","|-sidestart|p1: SWL Neßki|Reflect","|move|p2a: Sableye|Foul Play|p1a: Xatu","|-crit|p1a: Xatu","|-supereffective|p1a: Xatu","|-damage|p1a: Xatu|0 fnt","|faint|p1a: Xatu","|","|","|switch|p1a: Charizard|Charizard, M|297/297","|turn|3","|","|detailschange|p1a: Charizard|Charizard-Mega-X, M","|-mega|p1a: Charizard|Charizard|Charizardite X","|move|p1a: Charizard|Swords Dance|p1a: Charizard","|-boost|p1a: Charizard|atk|2","|move|p2a: Sableye|Recover|p2a: Sableye","|-fail|p2a: Sableye","|","|turn|4","|","|move|p1a: Charizard|Flame Charge|p2a: Sableye","|-damage|p2a: Sableye|129/304","|-boost|p1a: Charizard|spe|1","|move|p2a: Sableye|Foul Play|p1a: Charizard","|-damage|p1a: Charizard|145/297","|","|turn|5","|","|switch|p2a: Tyranitar|Tyranitar, F|403/403","|-weather|Sandstorm","|move|p1a: Charizard|Dragon Claw|p2a: Tyranitar","|-damage|p2a: Tyranitar|55/403","|","|-weather|Sandstorm|[upkeep]","|-damage|p1a: Charizard|127/297|[from] sandstorm","|-heal|p2a: Tyranitar|80/403|[from] item: Leftovers","|turn|6","|","|move|p1a: Charizard|Dragon Claw|p2a: Tyranitar","|-damage|p2a: Tyranitar|0 fnt","|faint|p2a: Tyranitar","|","|-weather|Sandstorm|[upkeep]","|-damage|p1a: Charizard|109/297|[from] sandstorm","|-sideend|p1: SWL Neßki|Reflect","|","|switch|p2a: Mandibuzz|Mandibuzz, F|423/423","|turn|7","|","|move|p1a: Charizard|Dragon Claw|p2a: Mandibuzz","|-damage|p2a: Mandibuzz|116/423","|move|p2a: Mandibuzz|Foul Play|p1a: Charizard","|-damage|p1a: Charizard|0 fnt","|faint|p1a: Charizard","|","|-weather|Sandstorm|[upkeep]","|-heal|p2a: Mandibuzz|142/423|[from] item: Leftovers","|","|switch|p1a: Thundurus-Therian|Thundurus-Therian, M|299/299","|turn|8","|","|move|p1a: Thundurus-Therian|Volt Switch|p2a: Mandibuzz","|-supereffective|p2a: Mandibuzz","|-damage|p2a: Mandibuzz|0 fnt","|faint|p2a: Mandibuzz","|","|switch|p1a: Tornadus-Therian|Tornadus-Therian, M|299/299","|","|-weather|Sandstorm|[upkeep]","|-damage|p1a: Tornadus-Therian|281/299|[from] sandstorm","|","|switch|p2a: Weavile|Weavile, M|281/281","|-ability|p2a: Weavile|Pressure","|turn|9","|","|move|p1a: Tornadus-Therian|U-turn|p2a: Weavile","|-supereffective|p2a: Weavile","|-damage|p2a: Weavile|141/281","|","|switch|p1a: Thundurus-Therian|Thundurus-Therian, M|299/299","|move|p2a: Weavile|Icicle Crash|p1a: Thundurus-Therian","|-supereffective|p1a: Thundurus-Therian","|-damage|p1a: Thundurus-Therian|0 fnt","|-damage|p2a: Weavile|113/281|[from] item: Life Orb","|faint|p1a: Thundurus-Therian","|","|-weather|none","|","|switch|p1a: Tornadus-Therian|Tornadus-Therian, M|299/299","|turn|10","|","|move|p2a: Weavile|Ice Shard|p1a: Tornadus-Therian","|-supereffective|p1a: Tornadus-Therian","|-damage|p1a: Tornadus-Therian|94/299","|-damage|p2a: Weavile|85/281|[from] item: Life Orb","|move|p1a: Tornadus-Therian|U-turn|p2a: Weavile","|-supereffective|p2a: Weavile","|-damage|p2a: Weavile|0 fnt","|faint|p2a: Weavile","|","|switch|p1a: Landorus-Therian|Landorus-Therian, M|382/382","|","|","|switch|p2a: Sharpedo|Sharpedo, M|281/281","|turn|11","|","|switch|p1a: Murkrow|Murkrow, M|324/324","|move|p2a: Sharpedo|Ice Beam|p1a: Murkrow","|-supereffective|p1a: Murkrow","|-damage|p1a: Murkrow|90/324","|-damage|p2a: Sharpedo|253/281|[from] item: Life Orb","|","|-boost|p2a: Sharpedo|spe|1|[from] ability: Speed Boost","|turn|12","|","|switch|p2a: Sableye|Sableye-Mega, M|129/304","|move|p1a: Murkrow|Roost|p1a: Murkrow","|-heal|p1a: Murkrow|252/324","|","|turn|13","|","|move|p1a: Murkrow|Foul Play|p2a: Sableye","|-damage|p2a: Sableye|57/304","|move|p2a: Sableye|Recover|p2a: Sableye","|-heal|p2a: Sableye|209/304","|","|turn|14","|","|move|p1a: Murkrow|Foul Play|p2a: Sableye","|-damage|p2a: Sableye|137/304","|move|p2a: Sableye|Knock Off|p1a: Murkrow","|-crit|p1a: Murkrow","|-resisted|p1a: Murkrow","|-damage|p1a: Murkrow|195/324","|-enditem|p1a: Murkrow|Eviolite|[from] move: Knock Off|[of] p2a: Sableye","|","|turn|15","|","|switch|p1a: Tornadus-Therian|Tornadus-Therian, M|193/299","|move|p2a: Sableye|Recover|p2a: Sableye","|-heal|p2a: Sableye|289/304","|","|turn|16","|","|move|p1a: Tornadus-Therian|Air Slash|p2a: Sableye","|-damage|p2a: Sableye|201/304","|move|p2a: Sableye|Knock Off|p1a: Tornadus-Therian","|-damage|p1a: Tornadus-Therian|76/299","|-enditem|p1a: Tornadus-Therian|Choice Scarf|[from] move: Knock Off|[of] p2a: Sableye","|","|turn|17","|","|move|p1a: Tornadus-Therian|Air Slash|p2a: Sableye","|-damage|p2a: Sableye|113/304","|cant|p2a: Sableye|flinch","|","|turn|18","|","|move|p1a: Tornadus-Therian|Air Slash|p2a: Sableye","|-damage|p2a: Sableye|29/304","|move|p2a: Sableye|Recover|p2a: Sableye","|-heal|p2a: Sableye|181/304","|","|turn|19","|","|move|p1a: Tornadus-Therian|Air Slash|p2a: Sableye","|-damage|p2a: Sableye|93/304","|move|p2a: Sableye|Recover|p2a: Sableye","|-heal|p2a: Sableye|245/304","|","|turn|20","|","|move|p1a: Tornadus-Therian|Air Slash|p2a: Sableye","|-damage|p2a: Sableye|154/304","|move|p2a: Sableye|Foul Play|p1a: Tornadus-Therian","|-damage|p1a: Tornadus-Therian|0 fnt","|faint|p1a: Tornadus-Therian","|","|","|switch|p1a: Landorus-Therian|Landorus-Therian, M|382/382","|-ability|p1a: Landorus-Therian|Intimidate","|-unboost|p2a: Sableye|atk|1","|turn|21","|","|switch|p2a: Hoopa-Unbound|Hoopa-Unbound|301/301","|move|p1a: Landorus-Therian|Earthquake|p2a: Hoopa-Unbound","|-crit|p2a: Hoopa-Unbound","|-damage|p2a: Hoopa-Unbound|0 fnt","|faint|p2a: Hoopa-Unbound","|","|","|switch|p2a: Sharpedo|Sharpedo, M|253/281","|turn|22","|","|switch|p1a: Murkrow|Murkrow, M|195/324","|move|p2a: Sharpedo|Protect|p2a: Sharpedo","|-fail|p2a: Sharpedo","|","|-boost|p2a: Sharpedo|spe|1|[from] ability: Speed Boost","|turn|23","|","|move|p1a: Murkrow|Roost|p1a: Murkrow","|-heal|p1a: Murkrow|324/324","|move|p2a: Sharpedo|Ice Beam|p1a: Murkrow","|-crit|p1a: Murkrow","|-damage|p1a: Murkrow|30/324","|-damage|p2a: Sharpedo|225/281|[from] item: Life Orb","|","|-boost|p2a: Sharpedo|spe|1|[from] ability: Speed Boost","|turn|24","|","|move|p1a: Murkrow|Thunder Wave|p2a: Sharpedo","|-status|p2a: Sharpedo|par","|cant|p2a: Sharpedo|par","|","|-boost|p2a: Sharpedo|spe|1|[from] ability: Speed Boost","|turn|25","|","|move|p1a: Murkrow|Foul Play|p2a: Sharpedo","|-resisted|p2a: Sharpedo","|-damage|p2a: Sharpedo|38/281 par","|move|p2a: Sharpedo|Hydro Pump|p1a: Murkrow","|-damage|p1a: Murkrow|0 fnt","|-damage|p2a: Sharpedo|10/281 par|[from] item: Life Orb","|faint|p1a: Murkrow","|","|-boost|p2a: Sharpedo|spe|1|[from] ability: Speed Boost","|","|switch|p1a: Landorus-Therian|Landorus-Therian, M|382/382","|-ability|p1a: Landorus-Therian|Intimidate","|-unboost|p2a: Sharpedo|atk|1","|turn|26","|player|p2","|player|p2|DSV|159","|","|move|p2a: Sharpedo|Protect|p2a: Sharpedo","|-singleturn|p2a: Sharpedo|Protect","|move|p1a: Landorus-Therian|Earthquake|p2a: Sharpedo","|-activate|p2a: Sharpedo|Protect","|","|-boost|p2a: Sharpedo|spe|1|[from] ability: Speed Boost","|turn|27","|","|move|p2a: Sharpedo|Ice Beam|p1a: Landorus-Therian","|-supereffective|p1a: Landorus-Therian","|-damage|p1a: Landorus-Therian|0 fnt","|-damage|p2a: Sharpedo|0 fnt|[from] item: Life Orb","|faint|p1a: Landorus-Therian","|faint|p2a: Sharpedo","|","|win|DSV"],"p1rating":{"entryid":"6746789","serverid":"eos","formatid":"monotype","userid":"swlneki","username":"SWL Neßki","w":"22","l":10,"t":"0","gxe":68.1,"r":"1655.5784159023","rd":"62.349765214186","sigma":"0","rptime":"1438678800","rpr":1644.7406811455,"rprd":61.417099466637,"rpsigma":"0","acre":1345.5041065806,"lacre":1345.5041065806,"oldacre":"1368.4482865665"},"p2rating":{"entryid":"6124841","serverid":"eos","formatid":"monotype","userid":"dsv","username":"DSV","w":25,"l":"10","t":"0","gxe":70.7,"r":"1647.1123338821","rd":"71.697860109002","sigma":"0","rptime":"1438678800","rpr":1668.4735025384,"rprd":69.163661150849,"rpsigma":"0","acre":1339.8724919683,"lacre":1339.8724919683,"oldacre":"1316.9283119824"},"endType":"normal"}