{"seed":[24138,29765,19311,32378],"turns":21,"p1":"Union Wevrm","p2":"Sovereign♕Marcuz","p1team":[{"name":"Skarmory","species":"Skarmory","item":"leftovers","ability":"Sturdy","moves":["bravebird","defog","stealthrock","roost"],"nature":"Impish","evs":{"hp":252,"atk":0,"def":232,"spa":0,"spd":0,"spe":24},"ivs":{"hp":31,"atk":31,"def":31,"spa":31,"spd":31,"spe":31}},{"name":"Metagross","species":"Metagross","item":"airballoon","ability":"Light Metal","moves":["bulletpunch","meteormash","zenheadbutt","earthquake"],"nature":"Adamant","evs":{"hp":3,"atk":252,"def":0,"spa":0,"spd":1,"spe":252},"ivs":{"hp":31,"atk":31,"def":31,"spa":31,"spd":31,"spe":31}},{"name":"Scizor","species":"Scizor","item":"scizorite","ability":"Technician","moves":["bulletpunch","bugbite","roost","swordsdance"],"nature":"Adamant","evs":{"hp":4,"atk":252,"def":0,"spa":0,"spd":0,"spe":252},"ivs":{"hp":31,"atk":31,"def":31,"spa":31,"spd":31,"spe":31}},{"name":"Lucario","species":"Lucario","item":"airballoon","ability":"Justified","moves":["vacuumwave","nastyplot","aurasphere","flashcannon"],"nature":"Timid","evs":{"hp":0,"atk":0,"def":0,"spa":252,"spd":4,"spe":252},"ivs":{"hp":31,"atk":31,"def":31,"spa":31,"spd":31,"spe":31}},{"name":"Heatran","species":"Heatran","item":"airballoon","ability":"Flash Fire","moves":["lavaplume","toxic","protect","willowisp"],"nature":"Calm","evs":{"hp":252,"atk":0,"def":0,"spa":4,"spd":252,"spe":0},"ivs":{"hp":31,"atk":31,"def":31,"spa":31,"spd":31,"spe":31}},{"name":"Jirachi","species":"Jirachi","item":"leftovers","ability":"Serene Grace","moves":["bodyslam","ironhead","zenheadbutt","thunderpunch"],"nature":"","evs":{"hp":4,"atk":252,"def":0,"spa":0,"spd":0,"spe":252},"ivs":{"hp":31,"atk":31,"def":31,"spa":31,"spd":31,"spe":31}}],"p2team":[{"name":"Infernape","species":"Infernape","item":"choicescarf","ability":"Blaze","moves":["overheat","uturn","earthquake","closecombat"],"nature":"Hasty","evs":{"hp":0,"atk":156,"def":0,"spa":100,"spd":0,"spe":252},"ivs":{"hp":31,"atk":31,"def":31,"spa":31,"spd":31,"spe":31}},{"name":"Hitmonlee","species":"Hitmonlee","item":"liechiberry","ability":"Unburden","moves":["reversal","endure","knockoff","blazekick"],"nature":"Jolly","evs":{"hp":0,"atk":252,"def":0,"spa":0,"spd":4,"spe":252},"ivs":{"hp":31,"atk":31,"def":31,"spa":31,"spd":31,"spe":31}},{"name":"Keldeo-Resolute","species":"Keldeo-Resolute","item":"leftovers","ability":"Justified","moves":["hydropump","calmmind","secretsword","substitute"],"nature":"Timid","evs":{"hp":0,"atk":0,"def":0,"spa":252,"spd":4,"spe":252},"ivs":{"hp":31,"atk":31,"def":31,"spa":31,"spd":31,"spe":31}},{"name":"Hitmontop","species":"Hitmontop","item":"leftovers","ability":"Intimidate","moves":["bulkup","rapidspin","counter","suckerpunch"],"nature":"Impish","evs":{"hp":252,"atk":156,"def":100,"spa":0,"spd":0,"spe":0},"ivs":{"hp":31,"atk":31,"def":31,"spa":31,"spd":31,"spe":0}},{"name":"Lucario","species":"Lucario","item":"airballoon","ability":"Inner Focus","moves":["nastyplot","aurasphere","flashcannon","darkpulse"],"nature":"Timid","evs":{"hp":0,"atk":0,"def":0,"spa":252,"spd":4,"spe":252},"ivs":{"hp":31,"atk":31,"def":31,"spa":31,"spd":31,"spe":31}},{"name":"Scrafty","species":"Scrafty","item":"bigroot","ability":"Shed Skin","moves":["dragondance","icepunch","crunch","drainpunch"],"nature":"Adamant","evs":{"hp":0,"atk":252,"def":0,"spa":0,"spd":4,"spe":252},"ivs":{"hp":31,"atk":31,"def":31,"spa":31,"spd":31,"spe":31}}],"log":["|player|p1|Union Wevrm|unionwevrm.png","|player|p2|Sovereign♕Marcuz|169","|gametype|singles","|gen|6","|tier|Monotype","|rated","|rule|Baton Pass Clause: Limit one Baton Passer, can't pass Spe and other stats simultaneously","|rule|Swagger Clause: Swagger is banned","|rule|Same Type Clause: Pokémon in a team must share a type","|clearpoke","|poke|p1|Skarmory, F","|poke|p1|Metagross","|poke|p1|Scizor, M","|poke|p1|Lucario, F","|poke|p1|Heatran, M","|poke|p1|Jirachi","|poke|p2|Infernape, F","|poke|p2|Hitmonlee, M","|poke|p2|Keldeo-Resolute","|poke|p2|Hitmontop, M","|poke|p2|Lucario, F","|poke|p2|Scrafty, F","|rule|Sleep Clause Mod: Limit one foe put to sleep","|rule|Species Clause: Limit one of each Pokémon","|rule|OHKO Clause: OHKO moves are banned","|rule|Moody Clause: Moody is banned","|rule|Evasion Moves Clause: Evasion moves are banned","|rule|Endless Battle Clause: Forcing endless battles is banned","|rule|HP Percentage Mod: HP is shown in percentages","|teampreview","|","|start","|switch|p1a: Heatran|Heatran, M|386/386","|switch|p2a: Lucario|Lucario, F|281/281","|-item|p2a: Lucario|Air Balloon","|-item|p1a: Heatran|Air Balloon","|turn|1","|","|move|p2a: Lucario|Nasty Plot|p2a: Lucario","|-boost|p2a: Lucario|spa|2","|move|p1a: Heatran|Lava Plume|p2a: Lucario","|-supereffective|p2a: Lucario","|-damage|p2a: Lucario|0 fnt","|-enditem|p2a: Lucario|Air Balloon","|faint|p2a: Lucario","|","|","|switch|p2a: Scrafty|Scrafty, F|271/271","|turn|2","|","|move|p2a: Scrafty|Dragon Dance|p2a: Scrafty","|-boost|p2a: Scrafty|atk|1","|-boost|p2a: Scrafty|spe|1","|move|p1a: Heatran|Will-O-Wisp|p2a: Scrafty","|-status|p2a: Scrafty|brn","|","|-damage|p2a: Scrafty|238/271 brn|[from] brn","|turn|3","|","|move|p2a: Scrafty|Dragon Dance|p2a: Scrafty","|-boost|p2a: Scrafty|atk|1","|-boost|p2a: Scrafty|spe|1","|move|p1a: Heatran|Lava Plume|p2a: Scrafty","|-damage|p2a: Scrafty|130/271 brn","|","|-damage|p2a: Scrafty|97/271 brn|[from] brn","|turn|4","|","|move|p2a: Scrafty|Drain Punch|p1a: Heatran","|-supereffective|p1a: Heatran","|-damage|p1a: Heatran|182/386","|-heal|p2a: Scrafty|230/271 brn|[from] drain|[of] p1a: Heatran","|-enditem|p1a: Heatran|Air Balloon","|move|p1a: Heatran|Lava Plume|p2a: Scrafty","|-damage|p2a: Scrafty|122/271 brn","|","|-activate|p2a: Scrafty|ability: Shed Skin","|-curestatus|p2a: Scrafty|brn","|turn|5","|","|move|p2a: Scrafty|Drain Punch|p1a: Heatran","|-supereffective|p1a: Heatran","|-damage|p1a: Heatran|0 fnt","|-heal|p2a: Scrafty|240/271|[from] drain|[of] p1a: Heatran","|faint|p1a: Heatran","|","|","|switch|p1a: Skarmory|Skarmory, F|334/334","|turn|6","|","|move|p2a: Scrafty|Ice Punch|p1a: Skarmory","|-damage|p1a: Skarmory|239/334","|move|p1a: Skarmory|Stealth Rock|p2a: Scrafty","|-sidestart|p2: Sovereign♕Marcuz|move: Stealth Rock","|","|-heal|p1a: Skarmory|259/334|[from] item: Leftovers","|turn|7","|","|move|p2a: Scrafty|Crunch|p1a: Skarmory","|-damage|p1a: Skarmory|129/334","|move|p1a: Skarmory|Brave Bird|p2a: Scrafty","|-supereffective|p2a: Scrafty","|-damage|p2a: Scrafty|48/271","|-damage|p1a: Skarmory|66/334|[from] recoil|[of] p2a: Scrafty","|","|-heal|p1a: Skarmory|86/334|[from] item: Leftovers","|turn|8","|","|move|p2a: Scrafty|Crunch|p1a: Skarmory","|-damage|p1a: Skarmory|0 fnt","|faint|p1a: Skarmory","|","|","|switch|p1a: Scizor|Scizor, M|282/282","|turn|9","|","|detailschange|p1a: Scizor|Scizor-Mega, M","|-mega|p1a: Scizor|Scizor|Scizorite","|move|p1a: Scizor|Bullet Punch|p2a: Scrafty","|-damage|p2a: Scrafty|0 fnt","|faint|p2a: Scrafty","|","|","|switch|p2a: Infernape|Infernape, F|293/293","|-damage|p2a: Infernape|257/293|[from] Stealth Rock","|turn|10","|","|switch|p1a: Metagross|Metagross|301/301","|-item|p1a: Metagross|Air Balloon","|move|p2a: Infernape|Overheat|p1a: Metagross","|-crit|p1a: Metagross","|-supereffective|p1a: Metagross","|-damage|p1a: Metagross|0 fnt","|-enditem|p1a: Metagross|Air Balloon","|-unboost|p2a: Infernape|spa|2","|faint|p1a: Metagross","|","|","|switch|p1a: Jirachi|Jirachi|342/342","|turn|11","|","|switch|p2a: Hitmonlee|Hitmonlee, M|241/241","|-damage|p2a: Hitmonlee|226/241|[from] Stealth Rock","|move|p1a: Jirachi|Zen Headbutt|p2a: Hitmonlee","|-supereffective|p2a: Hitmonlee","|-damage|p2a: Hitmonlee|0 fnt","|faint|p2a: Hitmonlee","|","|","|switch|p2a: Hitmontop|Hitmontop, M|304/304","|-damage|p2a: Hitmontop|285/304|[from] Stealth Rock","|-ability|p2a: Hitmontop|Intimidate","|-unboost|p1a: Jirachi|atk|1","|turn|12","|","|switch|p1a: Lucario|Lucario, F|281/281","|-item|p1a: Lucario|Air Balloon","|move|p2a: Hitmontop|Counter|p1a: Lucario","|-fail|p1a: Lucario","|","|-heal|p2a: Hitmontop|304/304|[from] item: Leftovers","|turn|13","|","|move|p1a: Lucario|Nasty Plot|p1a: Lucario","|-boost|p1a: Lucario|spa|2","|move|p2a: Hitmontop|Rapid Spin|p1a: Lucario","|-resisted|p1a: Lucario","|-damage|p1a: Lucario|270/281","|-enditem|p1a: Lucario|Air Balloon","|-sideend|p2: Sovereign♕Marcuz|Stealth Rock|[from] move: Rapid Spin|[of] p2a: Hitmontop","|","|turn|14","|","|move|p1a: Lucario|Flash Cannon|p2a: Hitmontop","|-damage|p2a: Hitmontop|73/304","|-unboost|p2a: Hitmontop|spd|1","|move|p2a: Hitmontop|Bulk Up|p2a: Hitmontop","|-boost|p2a: Hitmontop|atk|1","|-boost|p2a: Hitmontop|def|1","|","|-heal|p2a: Hitmontop|92/304|[from] item: Leftovers","|turn|15","|","|move|p1a: Lucario|Vacuum Wave|p2a: Hitmontop","|-damage|p2a: Hitmontop|0 fnt","|faint|p2a: Hitmontop","|","|","|switch|p2a: Infernape|Infernape, F|257/293","|turn|16","|","|move|p1a: Lucario|Vacuum Wave|p2a: Infernape","|-damage|p2a: Infernape|85/293","|move|p2a: Infernape|Overheat|p1a: Lucario","|-supereffective|p1a: Lucario","|-damage|p1a: Lucario|0 fnt","|-unboost|p2a: Infernape|spa|2","|faint|p1a: Lucario","|","|","|switch|p1a: Scizor|Scizor-Mega, M|282/282","|turn|17","|","|switch|p2a: Keldeo-Resolute|Keldeo-Resolute|323/323","|move|p1a: Scizor|Bullet Punch|p2a: Keldeo-Resolute","|-resisted|p2a: Keldeo-Resolute","|-damage|p2a: Keldeo-Resolute|253/323","|","|-heal|p2a: Keldeo-Resolute|273/323|[from] item: Leftovers","|turn|18","|","|move|p2a: Keldeo-Resolute|Calm Mind|p2a: Keldeo-Resolute","|-boost|p2a: Keldeo-Resolute|spa|1","|-boost|p2a: Keldeo-Resolute|spd|1","|move|p1a: Scizor|Swords Dance|p1a: Scizor","|-boost|p1a: Scizor|atk|2","|","|-heal|p2a: Keldeo-Resolute|293/323|[from] item: Leftovers","|turn|19","|","|move|p2a: Keldeo-Resolute|Hydro Pump|p1a: Scizor","|-damage|p1a: Scizor|0 fnt","|faint|p1a: Scizor","|","|-heal|p2a: Keldeo-Resolute|313/323|[from] item: Leftovers","|","|switch|p1a: Jirachi|Jirachi|342/342","|turn|20","|","|move|p2a: Keldeo-Resolute|Hydro Pump|p1a: Jirachi","|-damage|p1a: Jirachi|33/342","|move|p1a: Jirachi|Zen Headbutt|p2a: Keldeo-Resolute","|-supereffective|p2a: Keldeo-Resolute","|-damage|p2a: Keldeo-Resolute|31/323","|","|-heal|p2a: Keldeo-Resolute|51/323|[from] item: Leftovers","|-heal|p1a: Jirachi|54/342|[from] item: Leftovers","|turn|21","|","|move|p2a: Keldeo-Resolute|Secret Sword|p1a: Jirachi","|-damage|p1a: Jirachi|0 fnt","|faint|p1a: Jirachi","|","|win|Sovereign♕Marcuz"],"p1rating":{"entryid":"7313146","serverid":"eos","formatid":"monotype","userid":"unionwevrm","username":"Union Wevrm","w":"4","l":14,"t":"0","gxe":30.1,"r":"1324.6660812542","rd":"82.454998635901","sigma":"0","rptime":"1438678800","rpr":1337.9113652524,"rprd":74.132726296068,"rpsigma":"0","acre":1063.4709285752,"lacre":1063.4709285752,"oldacre":"1087.9439396938"},"p2rating":{"entryid":"6687630","serverid":"eos","formatid":"monotype","userid":"sovereignmarcuz","username":"Sovereign♕Marcuz","w":37,"l":"57","t":"0","gxe":39.7,"r":"1420.7666915814","rd":"44.240756846568","sigma":"0","rptime":"1438678800","rpr":1420.9930996265,"rprd":43.624768345642,"rpsigma":"0","acre":1100.0587207406,"lacre":1100.0587207406,"oldacre":"1068.7272818468"},"endType":"normal"}