{"seed":[7604,19628,51572,38484],"turns":33,"p1":"logan333333","p2":"Dusk Ravias","p1team":[{"name":"Eelektross","species":"Eelektross","item":"cellbattery","ability":"Levitate","moves":["dragonpulse","discharge","flamethrower","toxic"],"nature":"Modest","evs":{"hp":248,"atk":0,"def":0,"spa":252,"spd":8,"spe":0},"shiny":true,"ivs":{"hp":31,"atk":31,"def":31,"spa":31,"spd":31,"spe":31}},{"name":"Electivire","species":"Electivire","item":"airballoon","ability":"Vital Spirit","moves":["crosschop","flamethrower","earthquake","thunderbolt"],"nature":"Lonely","evs":{"hp":248,"atk":252,"def":0,"spa":8,"spd":0,"spe":0},"shiny":true,"ivs":{"hp":31,"atk":31,"def":31,"spa":31,"spd":31,"spe":31}},{"name":"Zapdos","species":"Zapdos","item":"cellbattery","ability":"Pressure","moves":["discharge","drillpeck","heatwave","roost"],"nature":"Mild","evs":{"hp":248,"atk":8,"def":0,"spa":252,"spd":0,"spe":0},"shiny":true,"ivs":{"hp":31,"atk":31,"def":31,"spa":31,"spd":31,"spe":31}},{"name":"Rotom-Wash","species":"Rotom-Wash","item":"cellbattery","ability":"Levitate","moves":["thunderbolt","discharge","darkpulse","shadowball"],"nature":"Timid","evs":{"hp":252,"atk":0,"def":0,"spa":0,"spd":4,"spe":252},"shiny":true,"ivs":{"hp":31,"atk":31,"def":31,"spa":31,"spd":31,"spe":31}},{"name":"Ampharos","species":"Ampharos","item":"ampharosite","ability":"Static","moves":["dragonpulse","cottonguard","firepunch","thunderpunch"],"nature":"Hasty","evs":{"hp":248,"atk":0,"def":0,"spa":8,"spd":0,"spe":252},"ivs":{"hp":31,"atk":31,"def":31,"spa":31,"spd":31,"spe":31}},{"name":"Heliolisk","species":"Heliolisk","item":"airballoon","ability":"Solar Power","moves":["dragonpulse","paraboliccharge","eerieimpulse","darkpulse"],"nature":"Timid","evs":{"hp":0,"atk":0,"def":0,"spa":252,"spd":4,"spe":252},"shiny":true,"ivs":{"hp":31,"atk":31,"def":31,"spa":31,"spd":31,"spe":31}}],"p2team":[{"name":"Venusaur","species":"Venusaur","item":"venusaurite","ability":"Overgrow","moves":["gigadrain","sludgebomb","hiddenpowerground","synthesis"],"nature":"Bold","evs":{"hp":252,"atk":0,"def":252,"spa":4,"spd":0,"spe":0},"gender":"M","ivs":{"hp":31,"atk":31,"def":31,"spa":30,"spd":30,"spe":31}},{"name":"Weezing","species":"Weezing","item":"blacksludge","ability":"Levitate","moves":["sludgewave","fireblast","willowisp","clearsmog"],"nature":"Bold","evs":{"hp":252,"atk":0,"def":252,"spa":4,"spd":0,"spe":0},"gender":"M","ivs":{"hp":31,"atk":31,"def":31,"spa":31,"spd":31,"spe":31}},{"name":"Tentacruel","species":"Tentacruel","item":"blacksludge","ability":"Liquid Ooze","moves":["scald","acidspray","toxicspikes","rapidspin"],"nature":"Calm","evs":{"hp":252,"atk":0,"def":0,"spa":4,"spd":252,"spe":0},"gender":"M","shiny":true,"ivs":{"hp":31,"atk":31,"def":31,"spa":31,"spd":31,"spe":31}},{"name":"Drapion","species":"Drapion","item":"choicescarf","ability":"Sniper","moves":["crosspoison","knockoff","nightslash","earthquake"],"nature":"Jolly","evs":{"hp":0,"atk":252,"def":0,"spa":0,"spd":4,"spe":252},"ivs":{"hp":31,"atk":31,"def":31,"spa":31,"spd":31,"spe":31}},{"name":"Gengar","species":"Gengar","item":"focussash","ability":"Levitate","moves":["shadowball","sludgewave","focusblast","destinybond"],"nature":"Timid","evs":{"hp":0,"atk":0,"def":0,"spa":252,"spd":4,"spe":252},"gender":"M","shiny":true,"ivs":{"hp":31,"atk":31,"def":31,"spa":31,"spd":31,"spe":31}},{"name":"Crobat","species":"Crobat","item":"choiceband","ability":"Infiltrator","moves":["bravebird","crosspoison","uturn","defog"],"nature":"Jolly","evs":{"hp":0,"atk":252,"def":0,"spa":0,"spd":4,"spe":252},"ivs":{"hp":31,"atk":31,"def":31,"spa":31,"spd":31,"spe":31}}],"log":["|player|p1|logan333333|290","|player|p2|Dusk Ravias|150","|gametype|singles","|gen|6","|tier|Monotype","|rated","|rule|Baton Pass Clause: Limit one Baton Passer, can't pass Spe and other stats simultaneously","|rule|Swagger Clause: Swagger is banned","|rule|Same Type Clause: Pokémon in a team must share a type","|clearpoke","|poke|p1|Eelektross, M, shiny","|poke|p1|Electivire, M, shiny","|poke|p1|Zapdos, shiny","|poke|p1|Rotom-Wash, shiny","|poke|p1|Ampharos, F","|poke|p1|Heliolisk, M, shiny","|poke|p2|Venusaur, M","|poke|p2|Weezing, M","|poke|p2|Tentacruel, M, shiny","|poke|p2|Drapion, F","|poke|p2|Gengar, M, shiny","|poke|p2|Crobat, M","|rule|Sleep Clause Mod: Limit one foe put to sleep","|rule|Species Clause: Limit one of each Pokémon","|rule|OHKO Clause: OHKO moves are banned","|rule|Moody Clause: Moody is banned","|rule|Evasion Moves Clause: Evasion moves are banned","|rule|Endless Battle Clause: Forcing endless battles is banned","|rule|HP Percentage Mod: HP is shown in percentages","|teampreview","|","|start","|switch|p1a: Electivire|Electivire, M, shiny|353/353","|switch|p2a: Weezing|Weezing, M|334/334","|-item|p1a: Electivire|Air Balloon","|turn|1","|","|move|p1a: Electivire|Cross Chop|p2a: Weezing","|-resisted|p2a: Weezing","|-damage|p2a: Weezing|297/334","|move|p2a: Weezing|Will-O-Wisp|p1a: Electivire|[miss]","|-miss|p2a: Weezing|p1a: Electivire","|","|-heal|p2a: Weezing|317/334|[from] item: Black Sludge","|turn|2","|","|move|p1a: Electivire|Flamethrower|p2a: Weezing","|-damage|p2a: Weezing|229/334","|move|p2a: Weezing|Will-O-Wisp|p1a: Electivire","|-status|p1a: Electivire|brn","|","|-heal|p2a: Weezing|249/334|[from] item: Black Sludge","|-damage|p1a: Electivire|309/353 brn|[from] brn","|turn|3","|","|move|p1a: Electivire|Thunderbolt|p2a: Weezing","|-damage|p2a: Weezing|102/334","|move|p2a: Weezing|Sludge Wave|p1a: Electivire","|-damage|p1a: Electivire|191/353 brn","|-enditem|p1a: Electivire|Air Balloon","|","|-heal|p2a: Weezing|122/334|[from] item: Black Sludge","|-damage|p1a: Electivire|147/353 brn|[from] brn","|turn|4","|","|switch|p2a: Venusaur|Venusaur, M|364/364","|move|p1a: Electivire|Thunderbolt|p2a: Venusaur","|-resisted|p2a: Venusaur","|-damage|p2a: Venusaur|308/364","|","|-damage|p1a: Electivire|103/353 brn|[from] brn","|turn|5","|","|detailschange|p2a: Venusaur|Venusaur-Mega, M","|-mega|p2a: Venusaur|Venusaur|Venusaurite","|move|p1a: Electivire|Flamethrower|p2a: Venusaur","|-supereffective|p2a: Venusaur","|-damage|p2a: Venusaur|252/364","|move|p2a: Venusaur|Hidden Power|p1a: Electivire","|-supereffective|p1a: Electivire","|-damage|p1a: Electivire|0 fnt","|faint|p1a: Electivire","|","|","|switch|p1a: Zapdos|Zapdos, shiny|383/383","|-ability|p1a: Zapdos|Pressure","|turn|6","|","|move|p1a: Zapdos|Heat Wave|p2a: Venusaur","|-supereffective|p2a: Venusaur","|-damage|p2a: Venusaur|150/364","|move|p2a: Venusaur|Sludge Bomb|p1a: Zapdos","|-damage|p1a: Zapdos|245/383","|","|turn|7","|","|move|p1a: Zapdos|Drill Peck|p2a: Venusaur","|-supereffective|p2a: Venusaur","|-damage|p2a: Venusaur|48/364","|move|p2a: Venusaur|Synthesis|p2a: Venusaur","|-heal|p2a: Venusaur|230/364","|","|turn|8","|","|move|p1a: Zapdos|Drill Peck|p2a: Venusaur","|-supereffective|p2a: Venusaur","|-damage|p2a: Venusaur|120/364","|move|p2a: Venusaur|Sludge Bomb|p1a: Zapdos","|-damage|p1a: Zapdos|100/383","|","|turn|9","|","|move|p1a: Zapdos|Drill Peck|p2a: Venusaur","|-supereffective|p2a: Venusaur","|-damage|p2a: Venusaur|18/364","|move|p2a: Venusaur|Synthesis|p2a: Venusaur","|-heal|p2a: Venusaur|200/364","|","|turn|10","|","|move|p1a: Zapdos|Heat Wave|p2a: Venusaur","|-miss|p1a: Zapdos|p2a: Venusaur","|move|p2a: Venusaur|Sludge Bomb|p1a: Zapdos","|-damage|p1a: Zapdos|0 fnt","|faint|p1a: Zapdos","|","|","|switch|p1a: Eelektross|Eelektross, M, shiny|373/373","|turn|11","|","|move|p2a: Venusaur|Synthesis|p2a: Venusaur","|-heal|p2a: Venusaur|364/364","|move|p1a: Eelektross|Flamethrower|p2a: Venusaur","|-supereffective|p2a: Venusaur","|-damage|p2a: Venusaur|272/364","|","|turn|12","|","|move|p2a: Venusaur|Sludge Bomb|p1a: Eelektross","|-damage|p1a: Eelektross|228/373","|move|p1a: Eelektross|Flamethrower|p2a: Venusaur","|-supereffective|p2a: Venusaur","|-damage|p2a: Venusaur|186/364","|","|turn|13","|","|move|p2a: Venusaur|Sludge Bomb|p1a: Eelektross","|-damage|p1a: Eelektross|89/373","|move|p1a: Eelektross|Flamethrower|p2a: Venusaur","|-supereffective|p2a: Venusaur","|-damage|p2a: Venusaur|106/364","|","|turn|14","|","|move|p2a: Venusaur|Synthesis|p2a: Venusaur","|-heal|p2a: Venusaur|288/364","|move|p1a: Eelektross|Dragon Pulse|p2a: Venusaur","|-damage|p2a: Venusaur|205/364","|","|turn|15","|","|move|p2a: Venusaur|Sludge Bomb|p1a: Eelektross","|-damage|p1a: Eelektross|0 fnt","|faint|p1a: Eelektross","|","|","|switch|p1a: Rotom-Wash|Rotom-Wash, shiny|304/304","|turn|16","|","|move|p1a: Rotom-Wash|Discharge|p2a: Venusaur","|-crit|p2a: Venusaur","|-resisted|p2a: Venusaur","|-damage|p2a: Venusaur|136/364","|-status|p2a: Venusaur|par","|move|p2a: Venusaur|Giga Drain|p1a: Rotom-Wash","|-supereffective|p1a: Rotom-Wash","|-damage|p1a: Rotom-Wash|118/304","|-heal|p2a: Venusaur|229/364 par|[from] drain|[of] p1a: Rotom-Wash","|","|turn|17","|","|move|p1a: Rotom-Wash|Dark Pulse|p2a: Venusaur","|-damage|p2a: Venusaur|176/364 par","|cant|p2a: Venusaur|par","|","|turn|18","|","|move|p1a: Rotom-Wash|Discharge|p2a: Venusaur","|-resisted|p2a: Venusaur","|-damage|p2a: Venusaur|134/364 par","|cant|p2a: Venusaur|par","|","|turn|19","|","|move|p1a: Rotom-Wash|Thunderbolt|p2a: Venusaur","|-resisted|p2a: Venusaur","|-damage|p2a: Venusaur|88/364 par","|move|p2a: Venusaur|Giga Drain|p1a: Rotom-Wash","|-supereffective|p1a: Rotom-Wash","|-damage|p1a: Rotom-Wash|0 fnt","|-heal|p2a: Venusaur|147/364 par|[from] drain|[of] p1a: Rotom-Wash","|faint|p1a: Rotom-Wash","|","|","|switch|p1a: Ampharos|Ampharos, F|383/383","|turn|20","|","|move|p1a: Ampharos|Fire Punch|p2a: Venusaur","|-supereffective|p2a: Venusaur","|-damage|p2a: Venusaur|115/364 par","|move|p2a: Venusaur|Synthesis|p2a: Venusaur","|-heal|p2a: Venusaur|297/364 par","|","|turn|21","|","|detailschange|p1a: Ampharos|Ampharos-Mega, F","|-mega|p1a: Ampharos|Ampharos|Ampharosite","|-ability|p1a: Ampharos|Mold Breaker","|move|p1a: Ampharos|Cotton Guard|p1a: Ampharos","|-boost|p1a: Ampharos|def|3","|move|p2a: Venusaur|Hidden Power|p1a: Ampharos","|-supereffective|p1a: Ampharos","|-damage|p1a: Ampharos|277/383","|","|turn|22","|","|move|p1a: Ampharos|Fire Punch|p2a: Venusaur","|-crit|p2a: Venusaur","|-supereffective|p2a: Venusaur","|-damage|p2a: Venusaur|195/364 par","|move|p2a: Venusaur|Hidden Power|p1a: Ampharos","|-supereffective|p1a: Ampharos","|-damage|p1a: Ampharos|173/383","|","|turn|23","|","|move|p1a: Ampharos|Fire Punch|p2a: Venusaur","|-supereffective|p2a: Venusaur","|-damage|p2a: Venusaur|125/364 par","|cant|p2a: Venusaur|par","|","|turn|24","|","|move|p1a: Ampharos|Fire Punch|p2a: Venusaur","|-supereffective|p2a: Venusaur","|-damage|p2a: Venusaur|53/364 par","|move|p2a: Venusaur|Synthesis|p2a: Venusaur","|-heal|p2a: Venusaur|235/364 par","|","|turn|25","|","|move|p1a: Ampharos|Fire Punch|p2a: Venusaur","|-supereffective|p2a: Venusaur","|-damage|p2a: Venusaur|165/364 par","|move|p2a: Venusaur|Synthesis|p2a: Venusaur","|-heal|p2a: Venusaur|347/364 par","|","|turn|26","|","|move|p1a: Ampharos|Fire Punch|p2a: Venusaur","|-crit|p2a: Venusaur","|-supereffective|p2a: Venusaur","|-damage|p2a: Venusaur|245/364 par","|cant|p2a: Venusaur|par","|","|turn|27","|","|move|p1a: Ampharos|Fire Punch|p2a: Venusaur","|-supereffective|p2a: Venusaur","|-damage|p2a: Venusaur|171/364 par","|cant|p2a: Venusaur|par","|","|turn|28","|","|move|p1a: Ampharos|Fire Punch|p2a: Venusaur","|-supereffective|p2a: Venusaur","|-damage|p2a: Venusaur|95/364 par","|move|p2a: Venusaur|Hidden Power|p1a: Ampharos","|-supereffective|p1a: Ampharos","|-damage|p1a: Ampharos|75/383","|","|turn|29","|","|move|p1a: Ampharos|Fire Punch|p2a: Venusaur","|-supereffective|p2a: Venusaur","|-damage|p2a: Venusaur|29/364 par","|cant|p2a: Venusaur|par","|","|turn|30","|","|switch|p2a: Weezing|Weezing, M|122/334","|move|p1a: Ampharos|Fire Punch|p2a: Weezing","|-damage|p2a: Weezing|88/334","|","|-heal|p2a: Weezing|108/334|[from] item: Black Sludge","|turn|31","|","|move|p1a: Ampharos|Dragon Pulse|p2a: Weezing","|-damage|p2a: Weezing|0 fnt","|faint|p2a: Weezing","|","|","|switch|p2a: Gengar|Gengar, M, shiny|261/261","|turn|32","|","|move|p2a: Gengar|Shadow Ball|p1a: Ampharos","|-damage|p1a: Ampharos|0 fnt","|faint|p1a: Ampharos","|","|","|switch|p1a: Heliolisk|Heliolisk, M, shiny|265/265","|-item|p1a: Heliolisk|Air Balloon","|turn|33","|","|move|p2a: Gengar|Focus Blast|p1a: Heliolisk","|-supereffective|p1a: Heliolisk","|-damage|p1a: Heliolisk|0 fnt","|-enditem|p1a: Heliolisk|Air Balloon","|faint|p1a: Heliolisk","|","|win|Dusk Ravias"],"p1rating":{"entryid":"6410749","serverid":"eos","formatid":"monotype","userid":"logan333333","username":"logan333333","w":"6","l":22,"t":"0","gxe":28.5,"r":"1299.5741083593","rd":"80.559610267248","sigma":"0","rptime":"1438678800","rpr":1322.6872309123,"rprd":73.910779805559,"rpsigma":"0","acre":1045.9530722819,"lacre":1045.9530722819,"oldacre":"1064.4853158572"},"p2rating":{"entryid":"7382780","serverid":"eos","formatid":"monotype","userid":"duskravias","username":"Dusk Ravias","w":5,"l":"4","t":"0","gxe":51.8,"r":"1555.9587852925","rd":"122.69860668113","sigma":"0","rptime":"1438678800","rpr":1514.2037835884,"rprd":91.203769288282,"rpsigma":"0","acre":1110.3703958446,"lacre":1110.3703958446,"oldacre":"1084.6509208412"},"endType":"normal"}