{"seed":[45500,33475,53873,14406],"turns":27,"p1":"LightOfAKnowing","p2":"MrNyanNyanz","p1team":[{"name":"Chesnaught","species":"Chesnaught","item":"leftovers","ability":"Bulletproof","moves":["spikyshield","leechseed","seedbomb","drainpunch"],"nature":"Impish","evs":{"hp":248,"atk":8,"def":252,"spa":0,"spd":0,"spe":0},"ivs":{"hp":31,"atk":31,"def":31,"spa":31,"spd":31,"spe":31}},{"name":"Ferrothorn","species":"Ferrothorn","item":"rockyhelmet","ability":"Iron Barbs","moves":["leechseed","powerwhip","ironhead","stealthrock"],"nature":"Impish","evs":{"hp":248,"atk":8,"def":252,"spa":0,"spd":0,"spe":0},"ivs":{"hp":31,"atk":31,"def":31,"spa":31,"spd":31,"spe":31}},{"name":"Roserade","species":"Roserade","item":"focussash","ability":"Technician","moves":["weatherball","sludgebomb","gigadrain","sleeppowder"],"nature":"Timid","evs":{"hp":248,"atk":0,"def":0,"spa":8,"spd":0,"spe":252},"ivs":{"hp":31,"atk":30,"def":30,"spa":31,"spd":31,"spe":31}},{"name":"Ludicolo","species":"Ludicolo","item":"damprock","ability":"Swift Swim","moves":["raindance","icebeam","scald","focusblast"],"nature":"Modest","evs":{"hp":0,"atk":0,"def":0,"spa":252,"spd":4,"spe":252},"ivs":{"hp":31,"atk":31,"def":31,"spa":31,"spd":31,"spe":31}},{"name":"Sceptile","species":"Sceptile","item":"sceptilite","ability":"Overgrow","moves":["dragonpulse","energyball","synthesis","hiddenpowerice"],"nature":"Timid","evs":{"hp":0,"atk":0,"def":0,"spa":252,"spd":4,"spe":252},"ivs":{"hp":31,"atk":30,"def":30,"spa":31,"spd":31,"spe":31}},{"name":"Rotom-Mow","species":"Rotom-Mow","item":"choicescarf","ability":"Levitate","moves":["thunderbolt","raindance","willowisp","leafstorm"],"nature":"Timid","evs":{"hp":0,"atk":0,"def":0,"spa":252,"spd":4,"spe":252},"ivs":{"hp":31,"atk":31,"def":31,"spa":31,"spd":31,"spe":31}}],"p2team":[{"name":"Bisharp","species":"Bisharp","item":"focussash","ability":"Defiant","moves":["suckerpunch","swordsdance","knockoff","ironhead"],"nature":"Adamant","evs":{"hp":248,"atk":252,"def":0,"spa":0,"spd":8,"spe":0},"ivs":{"hp":31,"atk":31,"def":31,"spa":31,"spd":31,"spe":31}},{"name":"Magnezone","species":"Magnezone","item":"choicescarf","ability":"Magnet Pull","moves":["thunderbolt","hiddenpowerice","voltswitch","flashcannon"],"nature":"Timid","evs":{"hp":0,"atk":0,"def":0,"spa":252,"spd":4,"spe":252},"ivs":{"hp":31,"atk":30,"def":30,"spa":31,"spd":31,"spe":31}},{"name":"Doublade","species":"Doublade","item":"eviolite","ability":"No Guard","moves":["swordsdance","rockslide","sacredsword","shadowsneak"],"nature":"Adamant","evs":{"hp":248,"atk":252,"def":0,"spa":0,"spd":8,"spe":0},"ivs":{"hp":31,"atk":31,"def":31,"spa":31,"spd":31,"spe":31}},{"name":"Heatran","species":"Heatran","item":"airballoon","ability":"Flash Fire","moves":["lavaplume","earthpower","ancientpower","roar"],"nature":"Modest","evs":{"hp":240,"atk":0,"def":0,"spa":252,"spd":0,"spe":16},"ivs":{"hp":31,"atk":31,"def":31,"spa":31,"spd":31,"spe":31}},{"name":"Skarmory","species":"Skarmory","item":"rockyhelmet","ability":"Sturdy","moves":["bravebird","roost","defog","stealthrock"],"nature":"Impish","evs":{"hp":248,"atk":0,"def":236,"spa":0,"spd":0,"spe":24},"ivs":{"hp":31,"atk":31,"def":31,"spa":31,"spd":31,"spe":31}},{"name":"Scizor","species":"Scizor","item":"scizorite","ability":"Technician","moves":["swordsdance","superpower","bulletpunch","bugbite"],"nature":"Adamant","evs":{"hp":248,"atk":252,"def":0,"spa":0,"spd":8,"spe":0},"ivs":{"hp":31,"atk":31,"def":31,"spa":31,"spd":31,"spe":31}}],"log":["|player|p1|LightOfAKnowing|lightofaknowing.gif","|player|p2|MrNyanNyanz|mrnyannyanz.png","|gametype|singles","|gen|6","|tier|Monotype","|rated","|rule|Baton Pass Clause: Limit one Baton Passer, can't pass Spe and other stats simultaneously","|rule|Swagger Clause: Swagger is banned","|rule|Same Type Clause: Pokémon in a team must share a type","|clearpoke","|poke|p1|Chesnaught, F","|poke|p1|Ferrothorn, F","|poke|p1|Roserade, F","|poke|p1|Ludicolo, F","|poke|p1|Sceptile, F","|poke|p1|Rotom-Mow","|poke|p2|Bisharp, M","|poke|p2|Magnezone","|poke|p2|Doublade, F","|poke|p2|Heatran, F","|poke|p2|Skarmory, F","|poke|p2|Scizor, M","|rule|Sleep Clause Mod: Limit one foe put to sleep","|rule|Species Clause: Limit one of each Pokémon","|rule|OHKO Clause: OHKO moves are banned","|rule|Moody Clause: Moody is banned","|rule|Evasion Moves Clause: Evasion moves are banned","|rule|Endless Battle Clause: Forcing endless battles is banned","|rule|HP Percentage Mod: HP is shown in percentages","|teampreview","|","|start","|switch|p1a: Ludicolo|Ludicolo, F|301/301","|switch|p2a: Magnezone|Magnezone|281/281","|turn|1","|","|move|p2a: Magnezone|Thunderbolt|p1a: Ludicolo","|-damage|p1a: Ludicolo|133/301","|move|p1a: Ludicolo|Rain Dance|p1a: Ludicolo","|-weather|RainDance","|","|-weather|RainDance|[upkeep]","|turn|2","|","|move|p1a: Ludicolo|Focus Blast|p2a: Magnezone","|-supereffective|p2a: Magnezone","|-damage|p2a: Magnezone|0 fnt","|faint|p2a: Magnezone","|","|-weather|RainDance|[upkeep]","|","|switch|p2a: Bisharp|Bisharp, M|333/333","|turn|3","|","|move|p1a: Ludicolo|Scald|p2a: Bisharp","|-damage|p2a: Bisharp|108/333","|move|p2a: Bisharp|Knock Off|p1a: Ludicolo","|-damage|p1a: Ludicolo|0 fnt","|-enditem|p1a: Ludicolo|Damp Rock|[from] move: Knock Off|[of] p2a: Bisharp","|faint|p1a: Ludicolo","|","|-weather|RainDance|[upkeep]","|","|switch|p1a: Chesnaught|Chesnaught, F|379/379","|turn|4","|","|move|p2a: Bisharp|Swords Dance|p2a: Bisharp","|-boost|p2a: Bisharp|atk|2","|move|p1a: Chesnaught|Drain Punch|p2a: Bisharp","|-supereffective|p2a: Bisharp","|-damage|p2a: Bisharp|0 fnt","|faint|p2a: Bisharp","|","|-weather|RainDance|[upkeep]","|","|switch|p2a: Skarmory|Skarmory, F|333/333","|turn|5","|","|move|p2a: Skarmory|Stealth Rock|p1a: Chesnaught","|-sidestart|p1: LightOfAKnowing|move: Stealth Rock","|move|p1a: Chesnaught|Leech Seed|p2a: Skarmory|[miss]","|-miss|p1a: Chesnaught|p2a: Skarmory","|","|-weather|RainDance|[upkeep]","|turn|6","|","|switch|p1a: Ferrothorn|Ferrothorn, F|351/351","|-damage|p1a: Ferrothorn|330/351|[from] Stealth Rock","|move|p2a: Skarmory|Brave Bird|p1a: Ferrothorn","|-damage|p1a: Ferrothorn|264/351","|-damage|p2a: Skarmory|292/333|[from] ability: Iron Barbs|[of] p1a: Ferrothorn","|-damage|p2a: Skarmory|237/333|[from] item: Rocky Helmet|[of] p1a: Ferrothorn","|-damage|p2a: Skarmory|215/333|[from] recoil|[of] p1a: Ferrothorn","|","|-weather|RainDance|[upkeep]","|turn|7","|","|switch|p2a: Heatran|Heatran, F|383/383","|-item|p2a: Heatran|Air Balloon","|move|p1a: Ferrothorn|Stealth Rock|p2a: Heatran","|-sidestart|p2: MrNyanNyanz|move: Stealth Rock","|","|-weather|RainDance|[upkeep]","|turn|8","|","|move|p2a: Heatran|Lava Plume|p1a: Ferrothorn","|-supereffective|p1a: Ferrothorn","|-damage|p1a: Ferrothorn|0 fnt","|faint|p1a: Ferrothorn","|","|-weather|none","|","|switch|p1a: Rotom-Mow|Rotom-Mow|241/241","|-damage|p1a: Rotom-Mow|211/241|[from] Stealth Rock","|turn|9","|","|move|p1a: Rotom-Mow|Rain Dance|p1a: Rotom-Mow","|-weather|RainDance","|move|p2a: Heatran|Lava Plume|p1a: Rotom-Mow","|-supereffective|p1a: Rotom-Mow","|-damage|p1a: Rotom-Mow|77/241","|-status|p1a: Rotom-Mow|brn","|","|-weather|RainDance|[upkeep]","|-damage|p1a: Rotom-Mow|47/241 brn|[from] brn","|turn|10","|","|move|p1a: Rotom-Mow|Rain Dance|p1a: Rotom-Mow","|-fail|p1a: Rotom-Mow","|move|p2a: Heatran|Lava Plume|p1a: Rotom-Mow","|-supereffective|p1a: Rotom-Mow","|-damage|p1a: Rotom-Mow|0 fnt","|faint|p1a: Rotom-Mow","|","|-weather|RainDance|[upkeep]","|","|switch|p1a: Chesnaught|Chesnaught, F|379/379","|-damage|p1a: Chesnaught|356/379|[from] Stealth Rock","|turn|11","|","|move|p2a: Heatran|Lava Plume|p1a: Chesnaught","|-supereffective|p1a: Chesnaught","|-damage|p1a: Chesnaught|170/379","|move|p1a: Chesnaught|Drain Punch|p2a: Heatran","|-supereffective|p2a: Heatran","|-damage|p2a: Heatran|213/383","|-heal|p1a: Chesnaught|255/379|[from] drain|[of] p2a: Heatran","|-enditem|p2a: Heatran|Air Balloon","|","|-weather|RainDance|[upkeep]","|-heal|p1a: Chesnaught|278/379|[from] item: Leftovers","|turn|12","|","|switch|p2a: Doublade|Doublade, F|321/321","|-damage|p2a: Doublade|301/321|[from] Stealth Rock","|move|p1a: Chesnaught|Drain Punch|p2a: Doublade","|-immune|p2a: Doublade|[msg]","|","|-weather|RainDance|[upkeep]","|-heal|p1a: Chesnaught|301/379|[from] item: Leftovers","|turn|13","|","|switch|p2a: Skarmory|Skarmory, F|215/333","|-damage|p2a: Skarmory|174/333|[from] Stealth Rock","|move|p1a: Chesnaught|Leech Seed|p2a: Skarmory","|-start|p2a: Skarmory|move: Leech Seed","|","|-weather|none","|-heal|p1a: Chesnaught|324/379|[from] item: Leftovers","|-damage|p2a: Skarmory|133/333|[from] Leech Seed|[of] p1a: Chesnaught","|-heal|p1a: Chesnaught|365/379|[silent]","|turn|14","|","|move|p1a: Chesnaught|Spiky Shield|p1a: Chesnaught","|-singleturn|p1a: Chesnaught|move: Protect","|move|p2a: Skarmory|Defog|p1a: Chesnaught","|-activate|p1a: Chesnaught|Protect","|","|-heal|p1a: Chesnaught|379/379|[from] item: Leftovers","|-damage|p2a: Skarmory|92/333|[from] Leech Seed|[of] p1a: Chesnaught","|turn|15","|","|move|p2a: Skarmory|Roost|p2a: Skarmory","|-heal|p2a: Skarmory|259/333","|move|p1a: Chesnaught|Drain Punch|p2a: Skarmory","|-supereffective|p2a: Skarmory","|-damage|p2a: Skarmory|145/333","|-damage|p1a: Chesnaught|316/379|[from] item: Rocky Helmet|[of] p2a: Skarmory","|","|-heal|p1a: Chesnaught|339/379|[from] item: Leftovers","|-damage|p2a: Skarmory|104/333|[from] Leech Seed|[of] p1a: Chesnaught","|-heal|p1a: Chesnaught|379/379|[silent]","|turn|16","|","|switch|p2a: Doublade|Doublade, F|301/321","|-damage|p2a: Doublade|281/321|[from] Stealth Rock","|move|p1a: Chesnaught|Drain Punch|p2a: Doublade","|-immune|p2a: Doublade|[msg]","|","|turn|17","|","|switch|p2a: Heatran|Heatran, F|213/383","|-damage|p2a: Heatran|166/383|[from] Stealth Rock","|move|p1a: Chesnaught|Leech Seed|p2a: Heatran","|-start|p2a: Heatran|move: Leech Seed","|","|-damage|p2a: Heatran|119/383|[from] Leech Seed|[of] p1a: Chesnaught","|turn|18","|","|move|p1a: Chesnaught|Spiky Shield|p1a: Chesnaught","|-singleturn|p1a: Chesnaught|move: Protect","|move|p2a: Heatran|Lava Plume|p1a: Chesnaught","|-activate|p1a: Chesnaught|Protect","|","|-damage|p2a: Heatran|72/383|[from] Leech Seed|[of] p1a: Chesnaught","|turn|19","|","|switch|p1a: Roserade|Roserade, F|323/323","|-damage|p1a: Roserade|283/323|[from] Stealth Rock","|move|p2a: Heatran|Lava Plume|p1a: Roserade","|-crit|p1a: Roserade","|-supereffective|p1a: Roserade","|-damage|p1a: Roserade|0 fnt","|faint|p1a: Roserade","|","|","|switch|p1a: Chesnaught|Chesnaught, F|379/379","|-damage|p1a: Chesnaught|356/379|[from] Stealth Rock","|turn|20","|","|move|p1a: Chesnaught|Spiky Shield|p1a: Chesnaught","|-singleturn|p1a: Chesnaught|move: Protect","|move|p2a: Heatran|Lava Plume|p1a: Chesnaught","|-activate|p1a: Chesnaught|Protect","|","|-heal|p1a: Chesnaught|379/379|[from] item: Leftovers","|-damage|p2a: Heatran|25/383|[from] Leech Seed|[of] p1a: Chesnaught","|turn|21","|","|move|p1a: Chesnaught|Spiky Shield|p1a: Chesnaught","|-fail|p1a: Chesnaught","|move|p2a: Heatran|Lava Plume|p1a: Chesnaught","|-supereffective|p1a: Chesnaught","|-damage|p1a: Chesnaught|11/379","|","|-heal|p1a: Chesnaught|34/379|[from] item: Leftovers","|-damage|p2a: Heatran|0 fnt|[from] Leech Seed|[of] p1a: Chesnaught","|-heal|p1a: Chesnaught|59/379|[silent]","|faint|p2a: Heatran","|","|switch|p2a: Skarmory|Skarmory, F|104/333","|-damage|p2a: Skarmory|63/333|[from] Stealth Rock","|turn|22","|","|move|p2a: Skarmory|Roost|p2a: Skarmory","|-heal|p2a: Skarmory|230/333","|move|p1a: Chesnaught|Drain Punch|p2a: Skarmory","|-supereffective|p2a: Skarmory","|-damage|p2a: Skarmory|114/333","|-heal|p1a: Chesnaught|117/379|[from] drain|[of] p2a: Skarmory","|-damage|p1a: Chesnaught|54/379|[from] item: Rocky Helmet|[of] p2a: Skarmory","|","|-heal|p1a: Chesnaught|77/379|[from] item: Leftovers","|turn|23","|","|move|p2a: Skarmory|Defog|p1a: Chesnaught","|-unboost|p1a: Chesnaught|evasion|1","|-sideend|p1: LightOfAKnowing|Stealth Rock|[from] move: Defog|[of] p1a: Chesnaught","|-sideend|p2: MrNyanNyanz|Stealth Rock|[from] move: Defog|[of] p2a: Skarmory","|move|p1a: Chesnaught|Leech Seed|p2a: Skarmory","|-start|p2a: Skarmory|move: Leech Seed","|","|-heal|p1a: Chesnaught|100/379|[from] item: Leftovers","|-damage|p2a: Skarmory|73/333|[from] Leech Seed|[of] p1a: Chesnaught","|-heal|p1a: Chesnaught|141/379|[silent]","|turn|24","|","|move|p1a: Chesnaught|Spiky Shield|p1a: Chesnaught","|-singleturn|p1a: Chesnaught|move: Protect","|move|p2a: Skarmory|Roost|p2a: Skarmory","|-heal|p2a: Skarmory|240/333","|","|-heal|p1a: Chesnaught|164/379|[from] item: Leftovers","|-damage|p2a: Skarmory|199/333|[from] Leech Seed|[of] p1a: Chesnaught","|-heal|p1a: Chesnaught|205/379|[silent]","|turn|25","|","|move|p1a: Chesnaught|Spiky Shield|p1a: Chesnaught","|-singleturn|p1a: Chesnaught|move: Protect","|move|p2a: Skarmory|Brave Bird|p1a: Chesnaught","|-activate|p1a: Chesnaught|Protect","|-damage|p2a: Skarmory|158/333|[from] Spiky Shield|[of] p1a: Chesnaught","|","|-heal|p1a: Chesnaught|228/379|[from] item: Leftovers","|-damage|p2a: Skarmory|117/333|[from] Leech Seed|[of] p1a: Chesnaught","|-heal|p1a: Chesnaught|269/379|[silent]","|turn|26","|","|move|p2a: Skarmory|Brave Bird|p1a: Chesnaught","|-supereffective|p1a: Chesnaught","|-damage|p1a: Chesnaught|1/379","|-damage|p2a: Skarmory|29/333|[from] recoil|[of] p1a: Chesnaught","|move|p1a: Chesnaught|Drain Punch|p2a: Skarmory","|-crit|p2a: Skarmory","|-damage|p2a: Skarmory|0 fnt","|-heal|p1a: Chesnaught|16/379|[from] drain|[of] p2a: Skarmory","|-damage|p1a: Chesnaught|0 fnt|[from] item: Rocky Helmet|[of] p2a: Skarmory","|faint|p1a: Chesnaught","|faint|p2a: Skarmory","|","|","|switch|p1a: Sceptile|Sceptile, F|281/281","|switch|p2a: Scizor|Scizor, M|343/343","|turn|27","|","|detailschange|p1a: Sceptile|Sceptile-Mega, F","|-mega|p1a: Sceptile|Sceptile|Sceptilite","|detailschange|p2a: Scizor|Scizor-Mega, M","|-mega|p2a: Scizor|Scizor|Scizorite","|move|p1a: Sceptile|Dragon Pulse|p2a: Scizor","|-resisted|p2a: Scizor","|-damage|p2a: Scizor|266/343","|move|p2a: Scizor|Bug Bite|p1a: Sceptile","|-supereffective|p1a: Sceptile","|-damage|p1a: Sceptile|0 fnt","|faint|p1a: Sceptile","|","|win|MrNyanNyanz"],"p1rating":{"entryid":"6481865","serverid":"eos","formatid":"monotype","userid":"lightofaknowing","username":"Light-Of-A-Knowing","w":"113","l":150,"t":"0","gxe":41.9,"r":"1444.273637527","rd":"30.915964434767","sigma":"0","rptime":"1438678800","rpr":1438.6023850998,"rprd":30.127556242615,"rpsigma":"0","acre":1081.858198658,"lacre":1081.858198658,"oldacre":"1111.9826894432"},"p2rating":{"entryid":"6703862","serverid":"eos","formatid":"monotype","userid":"mrnyannyanz","username":"MrNyanNyanz","w":51,"l":"44","t":"0","gxe":52.6,"r":"1537.4006844982","rd":"40.879362621391","sigma":"0","rptime":"1438678800","rpr":1519.4156051878,"rprd":37.164496995762,"rpsigma":"0","acre":1080.7580297494,"lacre":1080.7580297494,"oldacre":"1039.742109331"},"endType":"normal"}