{"seed":[59350,13126,6186,56374],"turns":22,"p1":"Sovereign♕Cactus","p2":"Emg UnownMaN","p1team":[{"name":"Sharkisha","species":"swampert","item":"leftovers","ability":"Torrent","moves":["scald","earthquake","stealthrock","roar"],"nature":"Impish","evs":{"hp":252,"atk":4,"def":252,"spa":0,"spd":0,"spe":0},"gender":"M","shiny":true,"ivs":{"hp":31,"atk":31,"def":31,"spa":31,"spd":31,"spe":31}},{"name":"Butters","species":"azumarill","item":"choiceband","ability":"Sap Sipper","moves":["aquajet","icepunch","knockoff","playrough"],"nature":"Adamant","evs":{"hp":248,"atk":252,"def":0,"spa":0,"spd":8,"spe":0},"gender":"M","shiny":true,"ivs":{"hp":31,"atk":31,"def":31,"spa":31,"spd":31,"spe":31}},{"name":"Mr.WasheeWashee","species":"rotomwash","item":"leftovers","ability":"Levitate","moves":["voltswitch","willowisp","hydropump","painsplit"],"nature":"Calm","evs":{"hp":252,"atk":0,"def":0,"spa":4,"spd":252,"spe":0},"ivs":{"hp":31,"atk":31,"def":31,"spa":31,"spd":31,"spe":31}},{"name":"TheHellThisThing?","species":"manaphy","item":"wacanberry","ability":"Hydration","moves":["tailglow","icebeam","psychic","surf"],"nature":"Timid","evs":{"hp":0,"atk":0,"def":0,"spa":252,"spd":4,"spe":252},"shiny":true,"ivs":{"hp":31,"atk":31,"def":31,"spa":31,"spd":31,"spe":31}},{"name":"Cotton The D-bag","species":"politoed","item":"assaultvest","ability":"Drizzle","moves":["focusblast","icebeam","scald","psychic"],"nature":"Modest","evs":{"hp":248,"atk":0,"def":0,"spa":252,"spd":8,"spe":0},"gender":"F","shiny":true,"ivs":{"hp":31,"atk":31,"def":31,"spa":31,"spd":31,"spe":31}},{"name":"Fat Skrelp","species":"kingdra","item":"lifeorb","ability":"Swift Swim","moves":["dracometeor","hydropump","waterfall","outrage"],"nature":"Lonely","evs":{"hp":0,"atk":252,"def":0,"spa":4,"spd":0,"spe":252},"gender":"M","shiny":true,"ivs":{"hp":31,"atk":31,"def":31,"spa":31,"spd":31,"spe":31}}],"p2team":[{"name":"Azumarill","species":"Azumarill","item":"assaultvest","ability":"Sap Sipper","moves":["scald","knockoff","playrough","aquajet"],"nature":"Adamant","evs":{"hp":0,"atk":252,"def":0,"spa":0,"spd":96,"spe":160},"gender":"F","shiny":true,"ivs":{"hp":31,"atk":31,"def":31,"spa":31,"spd":31,"spe":31}},{"name":"Politoed","species":"Politoed","item":"choicespecs","ability":"Drizzle","moves":["scald","icebeam","focusblast","hiddenpowerelectric"],"nature":"Modest","evs":{"hp":48,"atk":0,"def":196,"spa":252,"spd":12,"spe":0},"gender":"M","ivs":{"hp":31,"atk":31,"def":31,"spa":30,"spd":31,"spe":31},"shiny":true},{"name":"Swampert","species":"Swampert","item":"swampertite","ability":"Damp","moves":["waterfall","earthquake","icepunch","rockslide"],"nature":"Adamant","evs":{"hp":0,"atk":252,"def":24,"spa":0,"spd":0,"spe":232},"gender":"M","shiny":true,"ivs":{"hp":31,"atk":31,"def":31,"spa":31,"spd":31,"spe":31}},{"name":"Starmie","species":"Starmie","item":"leftovers","ability":"Natural Cure","moves":["scald","icebeam","psyshock","rapidspin"],"nature":"Timid","evs":{"hp":0,"atk":0,"def":36,"spa":220,"spd":0,"spe":252},"shiny":true,"ivs":{"hp":31,"atk":31,"def":31,"spa":31,"spd":31,"spe":31}},{"name":"Sharpedo","species":"Sharpedo","item":"focussash","ability":"Speed Boost","moves":["waterfall","crunch","protect","earthquake"],"nature":"Adamant","evs":{"hp":0,"atk":252,"def":4,"spa":0,"spd":0,"spe":252},"gender":"M","shiny":true,"ivs":{"hp":31,"atk":31,"def":31,"spa":31,"spd":31,"spe":31}},{"name":"Empoleon","species":"Empoleon","item":"wacanberry","ability":"Torrent","moves":["stealthrock","scald","defog","icebeam"],"nature":"Calm","evs":{"hp":188,"atk":0,"def":16,"spa":52,"spd":252,"spe":0},"gender":"M","shiny":true,"ivs":{"hp":31,"atk":31,"def":31,"spa":31,"spd":31,"spe":31}}],"log":["|player|p1|Sovereign♕Cactus|251","|player|p2|Emg UnownMaN|168","|gametype|singles","|gen|6","|tier|Monotype","|rated","|rule|Baton Pass Clause: Limit one Baton Passer, can't pass Spe and other stats simultaneously","|rule|Swagger Clause: Swagger is banned","|rule|Same Type Clause: Pokémon in a team must share a type","|clearpoke","|poke|p1|Swampert, M, shiny","|poke|p1|Azumarill, M, shiny","|poke|p1|Rotom-Wash","|poke|p1|Manaphy, shiny","|poke|p1|Politoed, F, shiny","|poke|p1|Kingdra, M, shiny","|poke|p2|Azumarill, F, shiny","|poke|p2|Politoed, M, shiny","|poke|p2|Swampert, M, shiny","|poke|p2|Starmie, shiny","|poke|p2|Sharpedo, M, shiny","|poke|p2|Empoleon, M, shiny","|rule|Sleep Clause Mod: Limit one foe put to sleep","|rule|Species Clause: Limit one of each Pokémon","|rule|OHKO Clause: OHKO moves are banned","|rule|Moody Clause: Moody is banned","|rule|Evasion Moves Clause: Evasion moves are banned","|rule|Endless Battle Clause: Forcing endless battles is banned","|rule|HP Percentage Mod: HP is shown in percentages","|teampreview","|","|start","|switch|p1a: Mr.WasheeWashee|Rotom-Wash|304/304","|switch|p2a: Empoleon|Empoleon, M, shiny|356/356","|turn|1","|","|move|p1a: Mr.WasheeWashee|Volt Switch|p2a: Empoleon","|-supereffective|p2a: Empoleon","|-enditem|p2a: Empoleon|Wacan Berry|[eat]","|-damage|p2a: Empoleon|299/356","|","|switch|p1a: Cotton The D-bag|Politoed, F, shiny|383/383","|-weather|RainDance","|move|p2a: Empoleon|Stealth Rock|p1a: Cotton The D-bag","|-sidestart|p1: Sovereign♕Cactus|move: Stealth Rock","|","|-weather|RainDance|[upkeep]","|turn|2","|","|switch|p2a: Azumarill|Azumarill, F, shiny|341/341","|move|p1a: Cotton The D-bag|Focus Blast|p2a: Azumarill","|-resisted|p2a: Azumarill","|-damage|p2a: Azumarill|296/341","|","|-weather|RainDance|[upkeep]","|turn|3","|","|move|p1a: Cotton The D-bag|Scald|p2a: Azumarill","|-resisted|p2a: Azumarill","|-damage|p2a: Azumarill|235/341","|move|p2a: Azumarill|Scald|p1a: Cotton The D-bag","|-resisted|p1a: Cotton The D-bag","|-damage|p1a: Cotton The D-bag|356/383","|-status|p1a: Cotton The D-bag|brn","|","|-weather|RainDance|[upkeep]","|-damage|p1a: Cotton The D-bag|309/383 brn|[from] brn","|turn|4","|","|move|p1a: Cotton The D-bag|Scald|p2a: Azumarill","|-resisted|p2a: Azumarill","|-damage|p2a: Azumarill|169/341","|move|p2a: Azumarill|Play Rough|p1a: Cotton The D-bag","|-damage|p1a: Cotton The D-bag|183/383 brn","|","|-weather|RainDance|[upkeep]","|-damage|p1a: Cotton The D-bag|136/383 brn|[from] brn","|turn|5","|","|move|p2a: Azumarill|Knock Off|p1a: Cotton The D-bag","|-damage|p1a: Cotton The D-bag|49/383 brn","|-enditem|p1a: Cotton The D-bag|Assault Vest|[from] move: Knock Off|[of] p2a: Azumarill","|move|p1a: Cotton The D-bag|Scald|p2a: Azumarill","|-resisted|p2a: Azumarill","|-damage|p2a: Azumarill|107/341","|","|-weather|none","|-damage|p1a: Cotton The D-bag|2/383 brn|[from] brn","|turn|6","|","|move|p2a: Azumarill|Aqua Jet|p1a: Cotton The D-bag","|-resisted|p1a: Cotton The D-bag","|-damage|p1a: Cotton The D-bag|0 fnt","|faint|p1a: Cotton The D-bag","|","|","|switch|p1a: Mr.WasheeWashee|Rotom-Wash|304/304","|-damage|p1a: Mr.WasheeWashee|266/304|[from] Stealth Rock","|turn|7","|","|move|p1a: Mr.WasheeWashee|Volt Switch|p2a: Azumarill","|-supereffective|p2a: Azumarill","|-damage|p2a: Azumarill|0 fnt","|faint|p2a: Azumarill","|","|switch|p1a: Sharkisha|Swampert, M, shiny|404/404","|-damage|p1a: Sharkisha|379/404|[from] Stealth Rock","|","|-heal|p1a: Sharkisha|404/404|[from] item: Leftovers","|","|switch|p2a: Politoed|Politoed, M, shiny|333/333","|-weather|RainDance","|turn|8","|","|move|p2a: Politoed|Scald|p1a: Sharkisha","|-damage|p1a: Sharkisha|121/404","|-status|p1a: Sharkisha|brn","|move|p1a: Sharkisha|Stealth Rock|p2a: Politoed","|-sidestart|p2: Emg UnownMaN|move: Stealth Rock","|","|-weather|RainDance|[upkeep]","|-heal|p1a: Sharkisha|146/404 brn|[from] item: Leftovers","|-damage|p1a: Sharkisha|96/404 brn|[from] brn","|turn|9","|","|move|p2a: Politoed|Scald|p1a: Sharkisha","|-damage|p1a: Sharkisha|0 fnt","|faint|p1a: Sharkisha","|","|-weather|RainDance|[upkeep]","|","|switch|p1a: Fat Skrelp|Kingdra, M, shiny|291/291","|-damage|p1a: Fat Skrelp|255/291|[from] Stealth Rock","|turn|10","|","|move|p1a: Fat Skrelp|Outrage|p2a: Politoed","|-damage|p2a: Politoed|78/333","|-damage|p1a: Fat Skrelp|226/291|[from] item: Life Orb","|move|p2a: Politoed|Scald|p1a: Fat Skrelp","|-resisted|p1a: Fat Skrelp","|-damage|p1a: Fat Skrelp|159/291","|-status|p1a: Fat Skrelp|brn","|","|-weather|RainDance|[upkeep]","|-damage|p1a: Fat Skrelp|123/291 brn|[from] brn","|turn|11","|","|switch|p2a: Empoleon|Empoleon, M, shiny|299/356","|-damage|p2a: Empoleon|277/356|[from] Stealth Rock","|move|p1a: Fat Skrelp|Outrage|p2a: Empoleon|[from]lockedmove","|-resisted|p2a: Empoleon","|-damage|p2a: Empoleon|212/356","|-damage|p1a: Fat Skrelp|94/291 brn|[from] item: Life Orb","|-start|p1a: Fat Skrelp|confusion|[fatigue]","|","|-weather|RainDance|[upkeep]","|-damage|p1a: Fat Skrelp|58/291 brn|[from] brn","|turn|12","|","|switch|p1a: TheHellThisThing?|Manaphy, shiny|341/341","|-damage|p1a: TheHellThisThing?|299/341|[from] Stealth Rock","|move|p2a: Empoleon|Ice Beam|p1a: TheHellThisThing?","|-resisted|p1a: TheHellThisThing?","|-damage|p1a: TheHellThisThing?|258/341","|","|-weather|none","|turn|13","|","|move|p1a: TheHellThisThing?|Tail Glow|p1a: TheHellThisThing?","|-boost|p1a: TheHellThisThing?|spa|3","|move|p2a: Empoleon|Scald|p1a: TheHellThisThing?","|-resisted|p1a: TheHellThisThing?","|-damage|p1a: TheHellThisThing?|202/341","|","|turn|14","|","|move|p1a: TheHellThisThing?|Surf|p2a: Empoleon","|-resisted|p2a: Empoleon","|-damage|p2a: Empoleon|90/356","|move|p2a: Empoleon|Scald|p1a: TheHellThisThing?","|-resisted|p1a: TheHellThisThing?","|-damage|p1a: TheHellThisThing?|124/341","|-status|p1a: TheHellThisThing?|brn","|","|-damage|p1a: TheHellThisThing?|82/341 brn|[from] brn","|turn|15","|","|move|p1a: TheHellThisThing?|Surf|p2a: Empoleon","|-resisted|p2a: Empoleon","|-damage|p2a: Empoleon|0 fnt","|faint|p2a: Empoleon","|","|-damage|p1a: TheHellThisThing?|40/341 brn|[from] brn","|","|switch|p2a: Sharpedo|Sharpedo, M, shiny|281/281","|-damage|p2a: Sharpedo|246/281|[from] Stealth Rock","|turn|16","|","|move|p2a: Sharpedo|Protect|p2a: Sharpedo","|-singleturn|p2a: Sharpedo|Protect","|move|p1a: TheHellThisThing?|Surf|p2a: Sharpedo","|-activate|p2a: Sharpedo|Protect","|","|-damage|p1a: TheHellThisThing?|0 fnt|[from] brn","|-boost|p2a: Sharpedo|spe|1|[from] ability: Speed Boost","|faint|p1a: TheHellThisThing?","|","|switch|p1a: Mr.WasheeWashee|Rotom-Wash|266/304","|-damage|p1a: Mr.WasheeWashee|228/304|[from] Stealth Rock","|turn|17","|","|move|p2a: Sharpedo|Crunch|p1a: Mr.WasheeWashee","|-damage|p1a: Mr.WasheeWashee|89/304","|move|p1a: Mr.WasheeWashee|Volt Switch|p2a: Sharpedo","|-supereffective|p2a: Sharpedo","|-damage|p2a: Sharpedo|0 fnt","|faint|p2a: Sharpedo","|","|switch|p1a: Butters|Azumarill, M, shiny|403/403","|-damage|p1a: Butters|353/403|[from] Stealth Rock","|","|","|switch|p2a: Starmie|Starmie, shiny|261/261","|-damage|p2a: Starmie|229/261|[from] Stealth Rock","|turn|18","|","|move|p2a: Starmie|Scald|p1a: Butters","|-resisted|p1a: Butters","|-damage|p1a: Butters|286/403","|move|p1a: Butters|Knock Off|p2a: Starmie","|-supereffective|p2a: Starmie","|-damage|p2a: Starmie|15/261","|-enditem|p2a: Starmie|Leftovers|[from] move: Knock Off|[of] p1a: Butters","|","|turn|19","|","|move|p2a: Starmie|Psyshock|p1a: Butters","|-damage|p1a: Butters|139/403","|move|p1a: Butters|Knock Off|p2a: Starmie","|-supereffective|p2a: Starmie","|-damage|p2a: Starmie|0 fnt","|faint|p2a: Starmie","|","|","|switch|p2a: Politoed|Politoed, M, shiny|78/333","|-damage|p2a: Politoed|37/333|[from] Stealth Rock","|-weather|RainDance","|turn|20","|","|move|p2a: Politoed|Hidden Power|p1a: Butters","|-supereffective|p1a: Butters","|-damage|p1a: Butters|0 fnt","|faint|p1a: Butters","|","|-weather|RainDance|[upkeep]","|","|switch|p1a: Fat Skrelp|Kingdra, M, shiny|58/291 brn","|-damage|p1a: Fat Skrelp|22/291 brn|[from] Stealth Rock","|turn|21","|","|move|p1a: Fat Skrelp|Outrage|p2a: Politoed","|-damage|p2a: Politoed|0 fnt","|-damage|p1a: Fat Skrelp|0 fnt|[from] item: Life Orb","|faint|p2a: Politoed","|faint|p1a: Fat Skrelp","|","|-weather|RainDance|[upkeep]","|","|switch|p2a: Swampert|Swampert, M, shiny|341/341","|switch|p1a: Mr.WasheeWashee|Rotom-Wash|89/304","|-damage|p2a: Swampert|320/341|[from] Stealth Rock","|-damage|p1a: Mr.WasheeWashee|51/304|[from] Stealth Rock","|turn|22","|","|detailschange|p2a: Swampert|Swampert-Mega, M, shiny","|-mega|p2a: Swampert|Swampert|Swampertite","|move|p2a: Swampert|Waterfall|p1a: Mr.WasheeWashee","|-resisted|p1a: Mr.WasheeWashee","|-damage|p1a: Mr.WasheeWashee|0 fnt","|faint|p1a: Mr.WasheeWashee","|","|win|Emg UnownMaN"],"p1rating":{"entryid":"6867552","serverid":"eos","formatid":"monotype","userid":"sovereigncactus","username":"Sovereign♕Cactus","w":"87","l":96,"t":"0","gxe":47.3,"r":"1477.6967967484","rd":"27.962104385794","sigma":"0","rptime":"1438678800","rpr":1479.2834352362,"rprd":27.0245166263,"rpsigma":"0","acre":1182.8686596134,"lacre":1182.8686596134,"oldacre":"1203.7154314385"},"p2rating":{"entryid":"7117043","serverid":"eos","formatid":"monotype","userid":"emgunownman","username":"Emg UnownMaN","w":24,"l":"12","t":"0","gxe":64.1,"r":"1604.5160633154","rd":"56.958773649548","sigma":"0","rptime":"1438678800","rpr":1610.4383171931,"rprd":56.302996948775,"rpsigma":"0","acre":1282.8213387937,"lacre":1282.8213387937,"oldacre":"1261.9745669686"},"endType":"normal"}