{"seed":[33059,53967,28016,49719],"turns":43,"p1":"Seven Swell","p2":"LTIL-Tahit","p1team":[{"name":"Mew","species":"Mew","item":"leftovers","ability":"Synchronize","moves":["roost","toxic","healbell","aurasphere"],"nature":"Calm","evs":{"hp":252,"atk":0,"def":0,"spa":4,"spd":252,"spe":0},"ivs":{"hp":31,"atk":31,"def":31,"spa":31,"spd":31,"spe":31}},{"name":"Slowbro","species":"Slowbro","item":"rockyhelmet","ability":"Regenerator","moves":["scald","yawn","flamethrower","slackoff"],"nature":"Bold","evs":{"hp":252,"atk":0,"def":252,"spa":4,"spd":0,"spe":0},"ivs":{"hp":31,"atk":31,"def":31,"spa":31,"spd":31,"spe":31}},{"name":"Deoxys-Speed","species":"Deoxys-Speed","item":"focussash","ability":"Pressure","moves":["stealthrock","thunderbolt","thunderwave","icebeam"],"nature":"Timid","evs":{"hp":252,"atk":0,"def":44,"spa":0,"spd":0,"spe":212},"ivs":{"hp":31,"atk":31,"def":31,"spa":31,"spd":31,"spe":31}},{"name":"Gardevoir","species":"Gardevoir","item":"gardevoirite","ability":"Trace","moves":["hypervoice","psyshock","destinybond","thunderbolt"],"nature":"Timid","evs":{"hp":0,"atk":0,"def":4,"spa":252,"spd":0,"spe":252},"ivs":{"hp":31,"atk":0,"def":31,"spa":31,"spd":31,"spe":31}},{"name":"Latias","species":"Latias","item":"leftovers","ability":"Levitate","moves":["dracometeor","psyshock","roost","defog"],"nature":"Timid","evs":{"hp":252,"atk":0,"def":0,"spa":4,"spd":0,"spe":252},"ivs":{"hp":31,"atk":31,"def":31,"spa":31,"spd":31,"spe":31}},{"name":"Hoopa-Unbound","species":"Hoopa-Unbound","item":"focussash","ability":"Magician","moves":["hyperspacefury","drainpunch","firepunch","gunkshot"],"nature":"Adamant","evs":{"hp":0,"atk":252,"def":0,"spa":0,"spd":4,"spe":252},"ivs":{"hp":31,"atk":31,"def":31,"spa":31,"spd":31,"spe":31}}],"p2team":[{"name":"Aegi","species":"aegislash","item":"weaknesspolicy","ability":"Stance Change","moves":["kingsshield","shadowball","sacredsword","shadowsneak"],"nature":"Quiet","evs":{"hp":252,"atk":4,"def":0,"spa":252,"spd":0,"spe":0},"ivs":{"hp":31,"atk":31,"def":31,"spa":31,"spd":31,"spe":0}},{"name":"G gar","species":"gengar","item":"widelens","ability":"Levitate","moves":["ominouswind","sludgebomb","focusblast","destinybond"],"nature":"Timid","evs":{"hp":0,"atk":0,"def":0,"spa":252,"spd":4,"spe":252},"ivs":{"hp":31,"atk":31,"def":31,"spa":31,"spd":31,"spe":31}},{"name":"Treve","species":"trevenant","item":"sitrusberry","ability":"Harvest","moves":["substitute","leechseed","willowisp","hornleech"],"nature":"Impish","evs":{"hp":252,"atk":0,"def":148,"spa":0,"spd":108,"spe":0},"ivs":{"hp":31,"atk":31,"def":31,"spa":31,"spd":31,"spe":31}},{"name":"Sableye","species":"Sableye","item":"sablenite","ability":"Prankster","moves":["calmmind","willowisp","recover","dazzlinggleam"],"nature":"Calm","evs":{"hp":0,"atk":0,"def":248,"spa":0,"spd":252,"spe":8},"ivs":{"hp":31,"atk":31,"def":31,"spa":31,"spd":31,"spe":31}},{"name":"G-S","species":"gourgeistsuper","item":"leftovers","ability":"Frisk","moves":["flamecharge","willowisp","leechseed","painsplit"],"nature":"Careful","evs":{"hp":252,"atk":0,"def":252,"spa":0,"spd":4,"spe":0},"ivs":{"hp":31,"atk":31,"def":31,"spa":31,"spd":31,"spe":31}},{"name":"Drifblim","species":"Drifblim","item":"sitrusberry","ability":"Unburden","moves":["hex","willowisp","toxic","clearsmog"],"nature":"Bold","evs":{"hp":252,"atk":0,"def":252,"spa":0,"spd":4,"spe":0},"ivs":{"hp":31,"atk":31,"def":31,"spa":31,"spd":31,"spe":31}}],"log":["|player|p1|Seven Swell|sevenswell.png","|player|p2|LTIL-Tahit|169","|gametype|singles","|gen|6","|tier|Monotype","|rated","|rule|Baton Pass Clause: Limit one Baton Passer, can't pass Spe and other stats simultaneously","|rule|Swagger Clause: Swagger is banned","|rule|Same Type Clause: Pokémon in a team must share a type","|clearpoke","|poke|p1|Mew","|poke|p1|Slowbro, F","|poke|p1|Deoxys-Speed","|poke|p1|Gardevoir, F","|poke|p1|Latias, F","|poke|p1|Hoopa-Unbound","|poke|p2|Aegislash, M","|poke|p2|Gengar, M","|poke|p2|Trevenant, F","|poke|p2|Sableye, M","|poke|p2|Gourgeist-*, F","|poke|p2|Drifblim, F","|rule|Sleep Clause Mod: Limit one foe put to sleep","|rule|Species Clause: Limit one of each Pokémon","|rule|OHKO Clause: OHKO moves are banned","|rule|Moody Clause: Moody is banned","|rule|Evasion Moves Clause: Evasion moves are banned","|rule|Endless Battle Clause: Forcing endless battles is banned","|rule|HP Percentage Mod: HP is shown in percentages","|teampreview","|","|start","|switch|p1a: Gardevoir|Gardevoir, F|277/277","|switch|p2a: Drifblim|Drifblim, F|504/504","|-ability|p1a: Gardevoir|Unburden|[from] ability: Trace|[of] p2a: Drifblim","|turn|1","|","|detailschange|p1a: Gardevoir|Gardevoir-Mega, F","|-mega|p1a: Gardevoir|Gardevoir|Gardevoirite","|move|p1a: Gardevoir|Thunderbolt|p2a: Drifblim","|-supereffective|p2a: Drifblim","|-damage|p2a: Drifblim|68/504","|-status|p2a: Drifblim|par","|-enditem|p2a: Drifblim|Sitrus Berry|[eat]","|-heal|p2a: Drifblim|194/504 par|[from] item: Sitrus Berry","|move|p2a: Drifblim|Toxic|p1a: Gardevoir","|-status|p1a: Gardevoir|tox","|","|-damage|p1a: Gardevoir|260/277 tox|[from] psn","|turn|2","|","|move|p1a: Gardevoir|Hyper Voice|p2a: Drifblim","|-damage|p2a: Drifblim|0 fnt","|faint|p2a: Drifblim","|","|-damage|p1a: Gardevoir|226/277 tox|[from] psn","|","|switch|p2a: G gar|Gengar, M|261/261","|turn|3","|","|switch|p1a: Deoxys-Speed|Deoxys-Speed|304/304","|-ability|p1a: Deoxys-Speed|Pressure","|move|p2a: G gar|Sludge Bomb|p1a: Deoxys-Speed","|-damage|p1a: Deoxys-Speed|120/304","|-status|p1a: Deoxys-Speed|psn","|","|-damage|p1a: Deoxys-Speed|82/304 psn|[from] psn","|turn|4","|","|move|p1a: Deoxys-Speed|Thunder Wave|p2a: G gar","|-status|p2a: G gar|par","|cant|p2a: G gar|par","|","|-damage|p1a: Deoxys-Speed|44/304 psn|[from] psn","|turn|5","|","|move|p1a: Deoxys-Speed|Stealth Rock|p2a: G gar","|-sidestart|p2: LTIL-Tahit|move: Stealth Rock","|move|p2a: G gar|Ominous Wind|p1a: Deoxys-Speed","|-supereffective|p1a: Deoxys-Speed","|-damage|p1a: Deoxys-Speed|0 fnt","|faint|p1a: Deoxys-Speed","|","|","|switch|p1a: Latias|Latias, F|364/364","|turn|6","|","|move|p1a: Latias|Psyshock|p2a: G gar","|-supereffective|p2a: G gar","|-damage|p2a: G gar|0 fnt","|faint|p2a: G gar","|","|","|switch|p2a: G-S|Gourgeist-Super, F|374/374","|-damage|p2a: G-S|328/374|[from] Stealth Rock","|-item|p1a: Latias|Leftovers|[from] ability: Frisk|[of] p2a: G-S|[identify]","|turn|7","|","|switch|p1a: Mew|Mew|404/404","|move|p2a: G-S|Leech Seed|p1a: Mew","|-start|p1a: Mew|move: Leech Seed","|","|-heal|p2a: G-S|351/374|[from] item: Leftovers","|-damage|p1a: Mew|354/404|[from] Leech Seed|[of] p2a: G-S","|-heal|p2a: G-S|374/374|[silent]","|turn|8","|","|move|p1a: Mew|Toxic|p2a: G-S","|-status|p2a: G-S|tox","|move|p2a: G-S|Flame Charge|p1a: Mew","|-damage|p1a: Mew|314/404","|-boost|p2a: G-S|spe|1","|","|-heal|p1a: Mew|339/404|[from] item: Leftovers","|-damage|p1a: Mew|289/404|[from] Leech Seed|[of] p2a: G-S","|-damage|p2a: G-S|351/374 tox|[from] psn","|turn|9","|","|move|p1a: Mew|Roost|p1a: Mew","|-heal|p1a: Mew|404/404","|move|p2a: G-S|Will-O-Wisp|p1a: Mew|[miss]","|-miss|p2a: G-S|p1a: Mew","|","|-heal|p2a: G-S|374/374 tox|[from] item: Leftovers","|-damage|p1a: Mew|354/404|[from] Leech Seed|[of] p2a: G-S","|-damage|p2a: G-S|328/374 tox|[from] psn","|turn|10","|","|move|p1a: Mew|Roost|p1a: Mew","|-heal|p1a: Mew|404/404","|move|p2a: G-S|Will-O-Wisp|p1a: Mew|[miss]","|-miss|p2a: G-S|p1a: Mew","|","|-heal|p2a: G-S|351/374 tox|[from] item: Leftovers","|-damage|p1a: Mew|354/404|[from] Leech Seed|[of] p2a: G-S","|-heal|p2a: G-S|374/374 tox|[silent]","|-damage|p2a: G-S|305/374 tox|[from] psn","|turn|11","|","|move|p1a: Mew|Toxic|p2a: G-S","|-fail|p2a: G-S|tox","|move|p2a: G-S|Will-O-Wisp|p1a: Mew|[miss]","|-miss|p2a: G-S|p1a: Mew","|","|-heal|p1a: Mew|379/404|[from] item: Leftovers","|-heal|p2a: G-S|328/374 tox|[from] item: Leftovers","|-damage|p1a: Mew|329/404|[from] Leech Seed|[of] p2a: G-S","|-heal|p2a: G-S|374/374 tox|[silent]","|-damage|p2a: G-S|282/374 tox|[from] psn","|turn|12","|","|move|p1a: Mew|Toxic|p2a: G-S","|-fail|p2a: G-S|tox","|move|p2a: G-S|Will-O-Wisp|p1a: Mew","|-status|p1a: Mew|brn","|","|-heal|p1a: Mew|354/404 brn|[from] item: Leftovers","|-heal|p2a: G-S|305/374 tox|[from] item: Leftovers","|-damage|p1a: Mew|304/404 brn|[from] Leech Seed|[of] p2a: G-S","|-heal|p2a: G-S|355/374 tox|[silent]","|-damage|p1a: Mew|254/404 brn|[from] brn","|-damage|p2a: G-S|240/374 tox|[from] psn","|turn|13","|","|move|p1a: Mew|Heal Bell|p1a: Mew","|-cureteam|p1a: Mew|[from] move: HealBell","|move|p2a: G-S|Pain Split|p1a: Mew","|-sethp|p1a: Mew|247/404|p2a: G-S|247/374 tox|[from] move: Pain Split","|","|-heal|p1a: Mew|272/404|[from] item: Leftovers","|-heal|p2a: G-S|270/374 tox|[from] item: Leftovers","|-damage|p1a: Mew|222/404|[from] Leech Seed|[of] p2a: G-S","|-heal|p2a: G-S|320/374 tox|[silent]","|-damage|p2a: G-S|182/374 tox|[from] psn","|turn|14","|","|move|p1a: Mew|Roost|p1a: Mew","|-heal|p1a: Mew|404/404","|move|p2a: G-S|Pain Split|p1a: Mew","|-sethp|p1a: Mew|293/404|p2a: G-S|293/374 tox|[from] move: Pain Split","|","|-heal|p1a: Mew|318/404|[from] item: Leftovers","|-heal|p2a: G-S|316/374 tox|[from] item: Leftovers","|-damage|p1a: Mew|268/404|[from] Leech Seed|[of] p2a: G-S","|-heal|p2a: G-S|366/374 tox|[silent]","|-damage|p2a: G-S|205/374 tox|[from] psn","|turn|15","|","|move|p1a: Mew|Roost|p1a: Mew","|-heal|p1a: Mew|404/404","|move|p2a: G-S|Pain Split|p1a: Mew","|-sethp|p1a: Mew|304/404|p2a: G-S|304/374 tox|[from] move: Pain Split","|","|-heal|p1a: Mew|329/404|[from] item: Leftovers","|-heal|p2a: G-S|327/374 tox|[from] item: Leftovers","|-damage|p1a: Mew|279/404|[from] Leech Seed|[of] p2a: G-S","|-heal|p2a: G-S|374/374 tox|[silent]","|-damage|p2a: G-S|190/374 tox|[from] psn","|turn|16","|","|switch|p1a: Gardevoir|Gardevoir-Mega, F|226/277","|move|p2a: G-S|Pain Split|p1a: Gardevoir","|-sethp|p1a: Gardevoir|208/277|p2a: G-S|208/374 tox|[from] move: Pain Split","|","|-heal|p2a: G-S|231/374 tox|[from] item: Leftovers","|-damage|p2a: G-S|24/374 tox|[from] psn","|turn|17","|","|move|p1a: Gardevoir|Hyper Voice|p2a: G-S","|-damage|p2a: G-S|0 fnt","|faint|p2a: G-S","|","|","|switch|p2a: Aegi|Aegislash, M|324/324","|-damage|p2a: Aegi|304/324|[from] Stealth Rock","|turn|18","|","|switch|p1a: Slowbro|Slowbro, F|394/394","|-formechange|p2a: Aegi|Aegislash-Blade","|move|p2a: Aegi|Shadow Ball|p1a: Slowbro","|-supereffective|p1a: Slowbro","|-damage|p1a: Slowbro|0 fnt","|faint|p1a: Slowbro","|","|","|switch|p1a: Hoopa-Unbound|Hoopa-Unbound|301/301","|turn|19","|","|-formechange|p2a: Aegi|Aegislash","|move|p2a: Aegi|King's Shield|p2a: Aegi","|-singleturn|p2a: Aegi|Protect","|move|p1a: Hoopa-Unbound|Hyperspace Fury|p2a: Aegi","|-crit|p2a: Aegi","|-supereffective|p2a: Aegi","|-damage|p2a: Aegi|0 fnt","|-unboost|p1a: Hoopa-Unbound|def|1","|faint|p2a: Aegi","|","|","|switch|p2a: Sableye|Sableye, M|241/241","|-damage|p2a: Sableye|211/241|[from] Stealth Rock","|turn|20","|","|switch|p1a: Gardevoir|Gardevoir-Mega, F|208/277","|detailschange|p2a: Sableye|Sableye-Mega, M","|-mega|p2a: Sableye|Sableye|Sablenite","|move|p2a: Sableye|Will-O-Wisp|p1a: Gardevoir|[miss]","|-miss|p2a: Sableye|p1a: Gardevoir","|","|turn|21","|","|switch|p2a: Treve|Trevenant, F|374/374","|-damage|p2a: Treve|328/374|[from] Stealth Rock","|move|p1a: Gardevoir|Psyshock|p2a: Treve","|-damage|p2a: Treve|178/374","|-enditem|p2a: Treve|Sitrus Berry|[eat]","|-heal|p2a: Treve|271/374|[from] item: Sitrus Berry","|","|-item|p2a: Treve|Sitrus Berry|[from] ability: Harvest","|turn|22","|","|switch|p1a: Mew|Mew|279/404","|move|p2a: Treve|Horn Leech|p1a: Mew","|-damage|p1a: Mew|182/404","|-heal|p2a: Treve|320/374|[from] drain|[of] p1a: Mew","|","|-heal|p1a: Mew|207/404|[from] item: Leftovers","|turn|23","|","|move|p1a: Mew|Toxic|p2a: Treve","|-status|p2a: Treve|tox","|move|p2a: Treve|Substitute|p2a: Treve","|-start|p2a: Treve|Substitute","|-damage|p2a: Treve|227/374 tox","|","|-heal|p1a: Mew|232/404|[from] item: Leftovers","|-damage|p2a: Treve|204/374 tox|[from] psn","|turn|24","|","|move|p1a: Mew|Roost|p1a: Mew","|-heal|p1a: Mew|404/404","|move|p2a: Treve|Leech Seed|p1a: Mew","|-start|p1a: Mew|move: Leech Seed","|","|-damage|p1a: Mew|354/404|[from] Leech Seed|[of] p2a: Treve","|-heal|p2a: Treve|254/374 tox|[silent]","|-damage|p2a: Treve|208/374 tox|[from] psn","|turn|25","|","|move|p1a: Mew|Roost|p1a: Mew","|-heal|p1a: Mew|404/404","|move|p2a: Treve|Will-O-Wisp|p1a: Mew","|-status|p1a: Mew|brn","|","|-damage|p1a: Mew|354/404 brn|[from] Leech Seed|[of] p2a: Treve","|-heal|p2a: Treve|258/374 tox|[silent]","|-damage|p1a: Mew|304/404 brn|[from] brn","|-damage|p2a: Treve|189/374 tox|[from] psn","|turn|26","|","|move|p1a: Mew|Heal Bell|p1a: Mew","|-cureteam|p1a: Mew|[from] move: HealBell","|move|p2a: Treve|Horn Leech|p1a: Mew","|-damage|p1a: Mew|199/404","|-heal|p2a: Treve|242/374 tox|[from] drain|[of] p1a: Mew","|","|-heal|p1a: Mew|224/404|[from] item: Leftovers","|-damage|p1a: Mew|174/404|[from] Leech Seed|[of] p2a: Treve","|-heal|p2a: Treve|292/374 tox|[silent]","|-damage|p2a: Treve|200/374 tox|[from] psn","|turn|27","|","|move|p1a: Mew|Roost|p1a: Mew","|-heal|p1a: Mew|376/404","|move|p2a: Treve|Will-O-Wisp|p1a: Mew","|-status|p1a: Mew|brn","|","|-heal|p1a: Mew|401/404 brn|[from] item: Leftovers","|-damage|p1a: Mew|351/404 brn|[from] Leech Seed|[of] p2a: Treve","|-heal|p2a: Treve|250/374 tox|[silent]","|-damage|p1a: Mew|301/404 brn|[from] brn","|-damage|p2a: Treve|135/374 tox|[from] psn","|-enditem|p2a: Treve|Sitrus Berry|[eat]","|-heal|p2a: Treve|228/374 tox|[from] item: Sitrus Berry","|turn|28","|","|move|p1a: Mew|Heal Bell|p1a: Mew","|-cureteam|p1a: Mew|[from] move: HealBell","|move|p2a: Treve|Will-O-Wisp|p1a: Mew","|-status|p1a: Mew|brn","|","|-heal|p1a: Mew|326/404 brn|[from] item: Leftovers","|-damage|p1a: Mew|276/404 brn|[from] Leech Seed|[of] p2a: Treve","|-heal|p2a: Treve|278/374 tox|[silent]","|-damage|p1a: Mew|226/404 brn|[from] brn","|-damage|p2a: Treve|140/374 tox|[from] psn","|turn|29","|","|move|p1a: Mew|Heal Bell|p1a: Mew","|-cureteam|p1a: Mew|[from] move: HealBell","|move|p2a: Treve|Horn Leech|p1a: Mew","|-damage|p1a: Mew|121/404","|-heal|p2a: Treve|193/374 tox|[from] drain|[of] p1a: Mew","|","|-heal|p1a: Mew|146/404|[from] item: Leftovers","|-damage|p1a: Mew|96/404|[from] Leech Seed|[of] p2a: Treve","|-heal|p2a: Treve|243/374 tox|[silent]","|-damage|p2a: Treve|82/374 tox|[from] psn","|turn|30","|","|switch|p1a: Latias|Latias, F|364/364","|move|p2a: Treve|Horn Leech|p1a: Latias","|-resisted|p1a: Latias","|-damage|p1a: Latias|309/364","|-heal|p2a: Treve|110/374 tox|[from] drain|[of] p1a: Latias","|","|-heal|p1a: Latias|331/364|[from] item: Leftovers","|-damage|p2a: Treve|0 fnt|[from] psn","|faint|p2a: Treve","|","|switch|p2a: Sableye|Sableye-Mega, M|211/241","|-damage|p2a: Sableye|181/241|[from] Stealth Rock","|turn|31","|","|switch|p1a: Hoopa-Unbound|Hoopa-Unbound|301/301","|move|p2a: Sableye|Calm Mind|p2a: Sableye","|-boost|p2a: Sableye|spa|1","|-boost|p2a: Sableye|spd|1","|","|turn|32","|","|move|p1a: Hoopa-Unbound|Hyperspace Fury|p2a: Sableye","|-damage|p2a: Sableye|28/241","|-unboost|p1a: Hoopa-Unbound|def|1","|move|p2a: Sableye|Recover|p2a: Sableye","|-heal|p2a: Sableye|149/241","|","|turn|33","|","|move|p1a: Hoopa-Unbound|Hyperspace Fury|p2a: Sableye","|-damage|p2a: Sableye|5/241","|-unboost|p1a: Hoopa-Unbound|def|1","|move|p2a: Sableye|Recover|p2a: Sableye","|-heal|p2a: Sableye|126/241","|","|turn|34","|","|switch|p1a: Mew|Mew|96/404","|move|p2a: Sableye|Recover|p2a: Sableye","|-heal|p2a: Sableye|241/241","|","|-heal|p1a: Mew|121/404|[from] item: Leftovers","|turn|35","|","|move|p1a: Mew|Toxic|p2a: Sableye","|move|p2a: Sableye|Toxic|p1a: Mew|[from]Magic Bounce","|-status|p1a: Mew|tox","|-status|p2a: Sableye|tox","|move|p2a: Sableye|Will-O-Wisp|p1a: Mew","|-fail|p1a: Mew","|","|-heal|p1a: Mew|146/404 tox|[from] item: Leftovers","|-damage|p1a: Mew|121/404 tox|[from] psn","|-damage|p2a: Sableye|226/241 tox|[from] psn","|turn|36","|","|move|p1a: Mew|Roost|p1a: Mew","|-heal|p1a: Mew|323/404 tox","|move|p2a: Sableye|Calm Mind|p2a: Sableye","|-boost|p2a: Sableye|spa|1","|-boost|p2a: Sableye|spd|1","|","|-heal|p1a: Mew|348/404 tox|[from] item: Leftovers","|-damage|p1a: Mew|298/404 tox|[from] psn","|-damage|p2a: Sableye|196/241 tox|[from] psn","|turn|37","|","|move|p1a: Mew|Heal Bell|p1a: Mew","|-cureteam|p1a: Mew|[from] move: HealBell","|move|p2a: Sableye|Calm Mind|p2a: Sableye","|-boost|p2a: Sableye|spa|1","|-boost|p2a: Sableye|spd|1","|","|-heal|p1a: Mew|323/404|[from] item: Leftovers","|-damage|p2a: Sableye|151/241 tox|[from] psn","|turn|38","|","|move|p1a: Mew|Aura Sphere|p2a: Sableye","|-immune|p2a: Sableye|[msg]","|move|p2a: Sableye|Recover|p2a: Sableye","|-heal|p2a: Sableye|241/241 tox","|","|-heal|p1a: Mew|348/404|[from] item: Leftovers","|-damage|p2a: Sableye|181/241 tox|[from] psn","|turn|39","|","|move|p1a: Mew|Aura Sphere|p2a: Sableye","|-immune|p2a: Sableye|[msg]","|move|p2a: Sableye|Dazzling Gleam|p1a: Mew","|-damage|p1a: Mew|246/404","|","|-heal|p1a: Mew|271/404|[from] item: Leftovers","|-damage|p2a: Sableye|106/241 tox|[from] psn","|turn|40","|","|move|p1a: Mew|Aura Sphere|p2a: Sableye","|-immune|p2a: Sableye|[msg]","|move|p2a: Sableye|Calm Mind|p2a: Sableye","|-boost|p2a: Sableye|spa|1","|-boost|p2a: Sableye|spd|1","|","|-heal|p1a: Mew|296/404|[from] item: Leftovers","|-damage|p2a: Sableye|16/241 tox|[from] psn","|turn|41","|","|move|p1a: Mew|Aura Sphere|p2a: Sableye","|-immune|p2a: Sableye|[msg]","|move|p2a: Sableye|Recover|p2a: Sableye","|-heal|p2a: Sableye|137/241 tox","|","|-heal|p1a: Mew|321/404|[from] item: Leftovers","|-damage|p2a: Sableye|32/241 tox|[from] psn","|turn|42","|","|switch|p1a: Gardevoir|Gardevoir-Mega, F|208/277","|move|p2a: Sableye|Recover|p2a: Sableye","|-heal|p2a: Sableye|153/241 tox","|","|-damage|p2a: Sableye|33/241 tox|[from] psn","|turn|43","|","|move|p1a: Gardevoir|Hyper Voice|p2a: Sableye","|-supereffective|p2a: Sableye","|-damage|p2a: Sableye|0 fnt","|faint|p2a: Sableye","|","|win|Seven Swell"],"p1rating":{"entryid":"7267988","serverid":"eos","formatid":"monotype","userid":"sevenswell","username":"Seven Swell","w":33,"l":"21","t":"0","gxe":62.7,"r":"1581.1770835154","rd":"48.801543514469","sigma":"0","rptime":"1438678800","rpr":1598.2443021336,"rprd":47.571924484609,"rpsigma":"0","acre":1235.2295975876,"lacre":1235.2295975876,"oldacre":"1210.6066998464"},"p2rating":{"entryid":"6925118","serverid":"eos","formatid":"monotype","userid":"ltiltahit","username":"LTIL-Tahit","w":"33","l":35,"t":"0","gxe":48.5,"r":"1487.0572827682","rd":"50.373019293434","sigma":"0","rptime":"1438678800","rpr":1488.6518305707,"rprd":49.464624747489,"rpsigma":"0","acre":1180.7426548116,"lacre":1180.7426548116,"oldacre":"1205.3655525528"},"endType":"normal"}