{"seed":[9563,42056,16818,28736],"turns":25,"p1":"DJMadness","p2":"Carnie Marx","p1team":[{"name":"The Champ","species":"venusaur","item":"venusaurite","ability":"Chlorophyll","moves":["growth","synthesis","sludgebomb","hiddenpowerfire"],"nature":"Bold","evs":{"hp":252,"atk":0,"def":252,"spa":4,"spd":0,"spe":0},"gender":"F","ivs":{"hp":31,"atk":30,"def":31,"spa":30,"spd":31,"spe":30},"shiny":true},{"name":"QueenSnake","species":"serperior","item":"assaultvest","ability":"Contrary","moves":["dragonpulse","leafstorm","hiddenpowerfire","dragontail"],"nature":"Hasty","evs":{"hp":0,"atk":4,"def":0,"spa":252,"spd":0,"spe":252},"gender":"F","ivs":{"hp":31,"atk":30,"def":31,"spa":30,"spd":31,"spe":30},"shiny":true},{"name":"Kawaii :3","species":"whimsicott","item":"heatrock","ability":"Prankster","moves":["sunnyday","memento","encore","moonblast"],"nature":"Calm","evs":{"hp":252,"atk":0,"def":0,"spa":4,"spd":252,"spe":0},"gender":"F","shiny":true,"ivs":{"hp":31,"atk":31,"def":31,"spa":31,"spd":31,"spe":31}},{"name":"Thorns Bru","species":"ferrothorn","item":"rockyhelmet","ability":"Iron Barbs","moves":["leechseed","thunderwave","protect","knockoff"],"nature":"Impish","evs":{"hp":248,"atk":8,"def":252,"spa":0,"spd":0,"spe":0},"gender":"M","shiny":true,"ivs":{"hp":31,"atk":31,"def":31,"spa":31,"spd":31,"spe":31}},{"name":"Breloom","species":"Breloom","item":"choicescarf","ability":"Technician","moves":["bulletseed","rocktomb","forcepalm","machpunch"],"nature":"Adamant","evs":{"hp":4,"atk":252,"def":0,"spa":0,"spd":0,"spe":252},"gender":"M","shiny":true,"ivs":{"hp":31,"atk":31,"def":31,"spa":31,"spd":31,"spe":31}},{"name":"This Is My Pet","species":"leafeon","item":"lumberry","ability":"Chlorophyll","moves":["swordsdance","leafblade","aerialace","synthesis"],"nature":"Adamant","evs":{"hp":252,"atk":252,"def":0,"spa":0,"spd":4,"spe":0},"gender":"M","shiny":true,"ivs":{"hp":31,"atk":31,"def":31,"spa":31,"spd":31,"spe":31}}],"p2team":[{"name":"Murkrow","species":"Murkrow","item":"eviolite","ability":"Prankster","moves":["roost","thunderwave","featherdance","darkpulse"],"nature":"Calm","evs":{"hp":248,"atk":0,"def":0,"spa":8,"spd":252,"spe":0},"ivs":{"hp":31,"atk":31,"def":31,"spa":31,"spd":31,"spe":31}},{"name":"Absol","species":"Absol","item":"scopelens","ability":"Super Luck","moves":["nightslash","shadowclaw","thunderwave","suckerpunch"],"nature":"Jolly","evs":{"hp":0,"atk":252,"def":0,"spa":0,"spd":4,"spe":252},"ivs":{"hp":31,"atk":31,"def":31,"spa":31,"spd":31,"spe":31}},{"name":"Mandibuzz","species":"Mandibuzz","item":"rockyhelmet","ability":"Overcoat","moves":["foulplay","roost","toxic","bravebird"],"nature":"Impish","evs":{"hp":248,"atk":8,"def":252,"spa":0,"spd":0,"spe":0},"ivs":{"hp":31,"atk":31,"def":31,"spa":31,"spd":31,"spe":31}},{"name":"Malamar","species":"Malamar","item":"muscleband","ability":"Contrary","moves":["nightslash","psychocut","superpower","foulplay"],"nature":"Adamant","evs":{"hp":248,"atk":252,"def":0,"spa":0,"spd":8,"spe":0},"ivs":{"hp":31,"atk":31,"def":31,"spa":31,"spd":31,"spe":31}},{"name":"Hydreigon","species":"Hydreigon","item":"choicespecs","ability":"Levitate","moves":["darkpulse","dragonpulse","earthpower","flamethrower"],"nature":"Timid","evs":{"hp":0,"atk":0,"def":0,"spa":252,"spd":4,"spe":252},"ivs":{"hp":31,"atk":31,"def":31,"spa":31,"spd":31,"spe":31}},{"name":"Sharpedo","species":"Sharpedo","item":"focussash","ability":"Speed Boost","moves":["destinybond","crunch","earthquake","waterfall"],"nature":"Adamant","evs":{"hp":0,"atk":252,"def":0,"spa":0,"spd":4,"spe":252},"ivs":{"hp":31,"atk":31,"def":31,"spa":31,"spd":31,"spe":31}}],"log":["|player|p1|DJMadness|92","|player|p2|Carnie Marx|238","|gametype|singles","|gen|6","|tier|Monotype","|rated","|rule|Baton Pass Clause: Limit one Baton Passer, can't pass Spe and other stats simultaneously","|rule|Swagger Clause: Swagger is banned","|rule|Same Type Clause: Pokémon in a team must share a type","|clearpoke","|poke|p1|Venusaur, F, shiny","|poke|p1|Serperior, F, shiny","|poke|p1|Whimsicott, F, shiny","|poke|p1|Ferrothorn, M, shiny","|poke|p1|Breloom, M, shiny","|poke|p1|Leafeon, M, shiny","|poke|p2|Murkrow, M","|poke|p2|Absol, F","|poke|p2|Mandibuzz, F","|poke|p2|Malamar, M","|poke|p2|Hydreigon, M","|poke|p2|Sharpedo, M","|rule|Sleep Clause Mod: Limit one foe put to sleep","|rule|Species Clause: Limit one of each Pokémon","|rule|OHKO Clause: OHKO moves are banned","|rule|Moody Clause: Moody is banned","|rule|Evasion Moves Clause: Evasion moves are banned","|rule|Endless Battle Clause: Forcing endless battles is banned","|rule|HP Percentage Mod: HP is shown in percentages","|teampreview","|","|start","|switch|p1a: QueenSnake|Serperior, F, shiny|291/291","|switch|p2a: Hydreigon|Hydreigon, M|325/325","|turn|1","|","|move|p1a: QueenSnake|Leaf Storm|p2a: Hydreigon","|-resisted|p2a: Hydreigon","|-damage|p2a: Hydreigon|244/325","|-boost|p1a: QueenSnake|spa|2","|move|p2a: Hydreigon|Flamethrower|p1a: QueenSnake","|-supereffective|p1a: QueenSnake","|-damage|p1a: QueenSnake|55/291","|","|turn|2","|","|move|p1a: QueenSnake|Dragon Pulse|p2a: Hydreigon","|-supereffective|p2a: Hydreigon","|-damage|p2a: Hydreigon|0 fnt","|faint|p2a: Hydreigon","|","|","|switch|p2a: Absol|Absol, F|271/271","|turn|3","|","|move|p2a: Absol|Sucker Punch|p1a: QueenSnake","|-damage|p1a: QueenSnake|0 fnt","|faint|p1a: QueenSnake","|","|","|switch|p1a: Thorns Bru|Ferrothorn, M, shiny|351/351","|turn|4","|","|move|p2a: Absol|Thunder Wave|p1a: Thorns Bru","|-status|p1a: Thorns Bru|par","|move|p1a: Thorns Bru|Thunder Wave|p2a: Absol","|-status|p2a: Absol|par","|","|turn|5","|","|move|p2a: Absol|Night Slash|p1a: Thorns Bru","|-crit|p1a: Thorns Bru","|-damage|p1a: Thorns Bru|237/351 par","|-damage|p2a: Absol|238/271 par|[from] ability: Iron Barbs|[of] p1a: Thorns Bru","|-damage|p2a: Absol|193/271 par|[from] item: Rocky Helmet|[of] p1a: Thorns Bru","|move|p1a: Thorns Bru|Knock Off|p2a: Absol","|-resisted|p2a: Absol","|-damage|p2a: Absol|141/271 par","|-enditem|p2a: Absol|Scope Lens|[from] move: Knock Off|[of] p1a: Thorns Bru","|","|turn|6","|","|move|p2a: Absol|Night Slash|p1a: Thorns Bru","|-crit|p1a: Thorns Bru","|-damage|p1a: Thorns Bru|125/351 par","|-damage|p2a: Absol|108/271 par|[from] ability: Iron Barbs|[of] p1a: Thorns Bru","|-damage|p2a: Absol|63/271 par|[from] item: Rocky Helmet|[of] p1a: Thorns Bru","|cant|p1a: Thorns Bru|par","|","|turn|7","|","|move|p2a: Absol|Night Slash|p1a: Thorns Bru","|-crit|p1a: Thorns Bru","|-damage|p1a: Thorns Bru|5/351 par","|-damage|p2a: Absol|30/271 par|[from] ability: Iron Barbs|[of] p1a: Thorns Bru","|-damage|p2a: Absol|0 fnt|[from] item: Rocky Helmet|[of] p1a: Thorns Bru","|faint|p2a: Absol","|move|p1a: Thorns Bru|Leech Seed|p2: Absol|[notarget]","|-notarget","|","|","|switch|p2a: Malamar|Malamar, M|375/375","|turn|8","|","|move|p2a: Malamar|Superpower|p1a: Thorns Bru","|-supereffective|p1a: Thorns Bru","|-damage|p1a: Thorns Bru|0 fnt","|-damage|p2a: Malamar|329/375|[from] ability: Iron Barbs|[of] p1a: Thorns Bru","|-damage|p2a: Malamar|267/375|[from] item: Rocky Helmet|[of] p1a: Thorns Bru","|-boost|p2a: Malamar|atk|1","|-boost|p2a: Malamar|def|1","|faint|p1a: Thorns Bru","|","|","|switch|p1a: Kawaii :3|Whimsicott, F, shiny|324/324","|turn|9","|","|move|p1a: Kawaii :3|Encore|p2a: Malamar","|-start|p2a: Malamar|Encore","|move|p2a: Malamar|Superpower|p1a: Kawaii :3","|-resisted|p1a: Kawaii :3","|-damage|p1a: Kawaii :3|198/324","|-boost|p2a: Malamar|atk|1","|-boost|p2a: Malamar|def|1","|","|turn|10","|","|move|p1a: Kawaii :3|Sunny Day|p1a: Kawaii :3","|-weather|SunnyDay","|move|p2a: Malamar|Superpower|p1a: Kawaii :3","|-resisted|p1a: Kawaii :3","|-damage|p1a: Kawaii :3|47/324","|-boost|p2a: Malamar|atk|1","|-boost|p2a: Malamar|def|1","|","|-weather|SunnyDay|[upkeep]","|turn|11","|","|move|p1a: Kawaii :3|Memento|p2a: Malamar","|-boost|p2a: Malamar|atk|2","|-boost|p2a: Malamar|spa|2","|faint|p1a: Kawaii :3","|move|p2a: Malamar|Superpower|p1: Kawaii :3|[notarget]","|-notarget","|","|-weather|SunnyDay|[upkeep]","|-end|p2a: Malamar|Encore","|","|switch|p1a: Breloom|Breloom, M, shiny|262/262","|turn|12","|","|move|p1a: Breloom|Bullet Seed|p2a: Malamar","|-crit|p2a: Malamar","|-damage|p2a: Malamar|138/375","|-damage|p2a: Malamar|104/375","|-damage|p2a: Malamar|67/375","|-damage|p2a: Malamar|34/375","|-hitcount|p2a: Malamar|4","|move|p2a: Malamar|Psycho Cut|p1a: Breloom","|-supereffective|p1a: Breloom","|-damage|p1a: Breloom|0 fnt","|faint|p1a: Breloom","|","|-weather|SunnyDay|[upkeep]","|","|switch|p1a: This Is My Pet|Leafeon, M, shiny|334/334","|turn|13","|","|move|p1a: This Is My Pet|Leaf Blade|p2a: Malamar","|-damage|p2a: Malamar|0 fnt","|faint|p2a: Malamar","|","|-weather|SunnyDay|[upkeep]","|","|switch|p2a: Sharpedo|Sharpedo, M|281/281","|turn|14","|","|move|p1a: This Is My Pet|Swords Dance|p1a: This Is My Pet","|-boost|p1a: This Is My Pet|atk|2","|move|p2a: Sharpedo|Destiny Bond|p2a: Sharpedo","|-singlemove|p2a: Sharpedo|Destiny Bond","|","|-weather|SunnyDay|[upkeep]","|-boost|p2a: Sharpedo|spe|1|[from] ability: Speed Boost","|turn|15","|","|move|p1a: This Is My Pet|Aerial Ace|p2a: Sharpedo","|-damage|p2a: Sharpedo|18/281","|move|p2a: Sharpedo|Crunch|p1a: This Is My Pet","|-damage|p1a: This Is My Pet|216/334","|","|-weather|SunnyDay|[upkeep]","|-boost|p2a: Sharpedo|spe|1|[from] ability: Speed Boost","|turn|16","|","|move|p2a: Sharpedo|Destiny Bond|p2a: Sharpedo","|-singlemove|p2a: Sharpedo|Destiny Bond","|move|p1a: This Is My Pet|Leaf Blade|p2a: Sharpedo","|-supereffective|p2a: Sharpedo","|-damage|p2a: Sharpedo|0 fnt","|faint|p2a: Sharpedo","|-activate|p2a: Sharpedo|Destiny Bond","|faint|p1a: This Is My Pet","|","|-weather|SunnyDay|[upkeep]","|","|switch|p2a: Murkrow|Murkrow, M|323/323","|switch|p1a: The Champ|Venusaur, F, shiny|364/364","|turn|17","|","|detailschange|p1a: The Champ|Venusaur-Mega, F, shiny","|-mega|p1a: The Champ|Venusaur|Venusaurite","|move|p2a: Murkrow|Thunder Wave|p1a: The Champ","|-status|p1a: The Champ|par","|move|p1a: The Champ|Growth|p1a: The Champ","|-boost|p1a: The Champ|atk|2","|-boost|p1a: The Champ|spa|2","|","|-weather|none","|turn|18","|","|move|p2a: Murkrow|Dark Pulse|p1a: The Champ","|-damage|p1a: The Champ|292/364 par","|cant|p1a: The Champ|par","|","|turn|19","|","|move|p2a: Murkrow|Dark Pulse|p1a: The Champ","|-damage|p1a: The Champ|226/364 par","|move|p1a: The Champ|Sludge Bomb|p2a: Murkrow","|-damage|p2a: Murkrow|133/323","|","|turn|20","|","|move|p2a: Murkrow|Roost|p2a: Murkrow","|-heal|p2a: Murkrow|295/323","|move|p1a: The Champ|Synthesis|p1a: The Champ","|-heal|p1a: The Champ|364/364 par","|","|turn|21","|","|move|p2a: Murkrow|Dark Pulse|p1a: The Champ","|-damage|p1a: The Champ|286/364 par","|move|p1a: The Champ|Sludge Bomb|p2a: Murkrow","|-damage|p2a: Murkrow|96/323","|","|turn|22","|","|move|p2a: Murkrow|Dark Pulse|p1a: The Champ","|-damage|p1a: The Champ|220/364 par","|cant|p1a: The Champ|flinch","|","|turn|23","|","|move|p2a: Murkrow|Dark Pulse|p1a: The Champ","|-damage|p1a: The Champ|148/364 par","|cant|p1a: The Champ|flinch","|","|turn|24","|","|move|p2a: Murkrow|Dark Pulse|p1a: The Champ","|-damage|p1a: The Champ|72/364 par","|cant|p1a: The Champ|par","|","|turn|25","|","|move|p2a: Murkrow|Dark Pulse|p1a: The Champ","|-damage|p1a: The Champ|0 fnt","|faint|p1a: The Champ","|","|win|Carnie Marx"],"p1rating":{"entryid":"7355209","serverid":"eos","formatid":"monotype","userid":"djmadness","username":"DJMadness","w":"15","l":19,"t":"0","gxe":45.6,"r":"1344.0194674362","rd":"88.375044745558","sigma":"0","rptime":"1438678800","rpr":1466.4664880868,"rprd":60.613329216389,"rpsigma":"0","acre":1065.2080209661,"lacre":1065.2080209661,"oldacre":"1092.3070962798"},"p2rating":{"entryid":"5821777","serverid":"eos","formatid":"monotype","userid":"carniemarx","username":"Carnie Marx","w":64,"l":"77","t":"0","gxe":45.7,"r":"1486.0439468262","rd":"37.970696333481","sigma":"0","rptime":"1438678800","rpr":1467.7448146225,"rprd":36.103734912931,"rpsigma":"0","acre":1082.4653411677,"lacre":1082.4653411677,"oldacre":"1044.6136072058"},"endType":"normal"}