{"seed":[34746,14202,274,30026],"turns":27,"p1":"Emg UnownMaN","p2":"DSV","p1team":[{"name":"Azumarill","species":"Azumarill","item":"assaultvest","ability":"Sap Sipper","moves":["scald","knockoff","playrough","aquajet"],"nature":"Adamant","evs":{"hp":0,"atk":252,"def":0,"spa":0,"spd":96,"spe":160},"gender":"F","shiny":true,"ivs":{"hp":31,"atk":31,"def":31,"spa":31,"spd":31,"spe":31}},{"name":"Politoed","species":"Politoed","item":"choicespecs","ability":"Drizzle","moves":["scald","icebeam","focusblast","hiddenpowerelectric"],"nature":"Modest","evs":{"hp":48,"atk":0,"def":196,"spa":252,"spd":12,"spe":0},"gender":"M","ivs":{"hp":31,"atk":31,"def":31,"spa":30,"spd":31,"spe":31},"shiny":true},{"name":"Swampert","species":"Swampert","item":"swampertite","ability":"Damp","moves":["waterfall","earthquake","icepunch","rockslide"],"nature":"Adamant","evs":{"hp":0,"atk":252,"def":24,"spa":0,"spd":0,"spe":232},"gender":"M","shiny":true,"ivs":{"hp":31,"atk":31,"def":31,"spa":31,"spd":31,"spe":31}},{"name":"Starmie","species":"Starmie","item":"leftovers","ability":"Natural Cure","moves":["scald","icebeam","psyshock","rapidspin"],"nature":"Timid","evs":{"hp":0,"atk":0,"def":36,"spa":220,"spd":0,"spe":252},"shiny":true,"ivs":{"hp":31,"atk":31,"def":31,"spa":31,"spd":31,"spe":31}},{"name":"Sharpedo","species":"Sharpedo","item":"focussash","ability":"Speed Boost","moves":["waterfall","crunch","protect","earthquake"],"nature":"Adamant","evs":{"hp":0,"atk":252,"def":4,"spa":0,"spd":0,"spe":252},"gender":"M","shiny":true,"ivs":{"hp":31,"atk":31,"def":31,"spa":31,"spd":31,"spe":31}},{"name":"Empoleon","species":"Empoleon","item":"wacanberry","ability":"Torrent","moves":["stealthrock","scald","defog","icebeam"],"nature":"Calm","evs":{"hp":188,"atk":0,"def":16,"spa":52,"spd":252,"spe":0},"gender":"M","shiny":true,"ivs":{"hp":31,"atk":31,"def":31,"spa":31,"spd":31,"spe":31}}],"p2team":[{"name":"Gliscor","species":"Gliscor","item":"toxicorb","ability":"Poison Heal","moves":["swordsdance","roost","knockoff","earthquake"],"nature":"Careful","evs":{"hp":244,"atk":0,"def":8,"spa":0,"spd":200,"spe":56},"ivs":{"hp":31,"atk":31,"def":31,"spa":31,"spd":31,"spe":31}},{"name":"Charizard","species":"Charizard","item":"charizarditex","ability":"Blaze","moves":["earthquake","dragonclaw","willowisp","roost"],"nature":"Careful","evs":{"hp":248,"atk":0,"def":0,"spa":0,"spd":148,"spe":112},"ivs":{"hp":31,"atk":31,"def":31,"spa":31,"spd":31,"spe":31}},{"name":"Tornadus-Therian","species":"Tornadus-Therian","item":"assaultvest","ability":"Regenerator","moves":["hurricane","focusblast","knockoff","uturn"],"nature":"Timid","evs":{"hp":132,"atk":0,"def":0,"spa":160,"spd":0,"spe":216},"ivs":{"hp":31,"atk":31,"def":31,"spa":31,"spd":31,"spe":31}},{"name":"Gyarados","species":"Gyarados","item":"leftovers","ability":"Intimidate","moves":["waterfall","rest","sleeptalk","thunderwave"],"nature":"Careful","evs":{"hp":248,"atk":0,"def":0,"spa":0,"spd":252,"spe":8},"ivs":{"hp":31,"atk":31,"def":31,"spa":31,"spd":31,"spe":31}},{"name":"Skarmory","species":"Skarmory","item":"leftovers","ability":"Sturdy","moves":["defog","roost","stealthrock","ironhead"],"nature":"Impish","evs":{"hp":252,"atk":0,"def":232,"spa":0,"spd":0,"spe":24},"ivs":{"hp":31,"atk":31,"def":31,"spa":31,"spd":31,"spe":31}},{"name":"Landorus-Therian","species":"Landorus-Therian","item":"choicescarf","ability":"Intimidate","moves":["earthquake","knockoff","uturn","stoneedge"],"nature":"Adamant","evs":{"hp":0,"atk":252,"def":0,"spa":0,"spd":4,"spe":252},"ivs":{"hp":31,"atk":31,"def":31,"spa":31,"spd":31,"spe":31}}],"log":["|player|p1|Emg UnownMaN|168","|player|p2|DSV|159","|gametype|singles","|gen|6","|tier|Monotype","|rated","|rule|Baton Pass Clause: Limit one Baton Passer, can't pass Spe and other stats simultaneously","|rule|Swagger Clause: Swagger is banned","|rule|Same Type Clause: Pokémon in a team must share a type","|clearpoke","|poke|p1|Azumarill, F, shiny","|poke|p1|Politoed, M, shiny","|poke|p1|Swampert, M, shiny","|poke|p1|Starmie, shiny","|poke|p1|Sharpedo, M, shiny","|poke|p1|Empoleon, M, shiny","|poke|p2|Gliscor, F","|poke|p2|Charizard, F","|poke|p2|Tornadus-Therian, M","|poke|p2|Gyarados, M","|poke|p2|Skarmory, F","|poke|p2|Landorus-Therian, M","|rule|Sleep Clause Mod: Limit one foe put to sleep","|rule|Species Clause: Limit one of each Pokémon","|rule|OHKO Clause: OHKO moves are banned","|rule|Moody Clause: Moody is banned","|rule|Evasion Moves Clause: Evasion moves are banned","|rule|Endless Battle Clause: Forcing endless battles is banned","|rule|HP Percentage Mod: HP is shown in percentages","|teampreview","|","|start","|switch|p1a: Empoleon|Empoleon, M, shiny|356/356","|switch|p2a: Charizard|Charizard, F|359/359","|turn|1","|","|detailschange|p2a: Charizard|Charizard-Mega-X, F","|-mega|p2a: Charizard|Charizard|Charizardite X","|move|p2a: Charizard|Earthquake|p1a: Empoleon","|-supereffective|p1a: Empoleon","|-damage|p1a: Empoleon|130/356","|move|p1a: Empoleon|Stealth Rock|p2a: Charizard","|-sidestart|p2: DSV|move: Stealth Rock","|","|turn|2","|","|move|p2a: Charizard|Will-O-Wisp|p1a: Empoleon","|-status|p1a: Empoleon|brn","|move|p1a: Empoleon|Scald|p2a: Charizard","|-damage|p2a: Charizard|259/359","|","|-damage|p1a: Empoleon|86/356 brn|[from] brn","|turn|3","|","|move|p2a: Charizard|Earthquake|p1a: Empoleon","|-supereffective|p1a: Empoleon","|-damage|p1a: Empoleon|0 fnt","|faint|p1a: Empoleon","|","|","|switch|p1a: Sharpedo|Sharpedo, M, shiny|281/281","|turn|4","|","|switch|p2a: Skarmory|Skarmory, F|334/334","|-damage|p2a: Skarmory|293/334|[from] Stealth Rock","|move|p1a: Sharpedo|Protect|p1a: Sharpedo","|-fail|p1a: Sharpedo","|","|-heal|p2a: Skarmory|313/334|[from] item: Leftovers","|-boost|p1a: Sharpedo|spe|1|[from] ability: Speed Boost","|turn|5","|","|move|p1a: Sharpedo|Waterfall|p2a: Skarmory","|-damage|p2a: Skarmory|220/334","|cant|p2a: Skarmory|flinch","|","|-heal|p2a: Skarmory|240/334|[from] item: Leftovers","|-boost|p1a: Sharpedo|spe|1|[from] ability: Speed Boost","|turn|6","|","|switch|p1a: Politoed|Politoed, M, shiny|333/333","|-weather|RainDance","|move|p2a: Skarmory|Defog|p1a: Politoed","|-unboost|p1a: Politoed|evasion|1","|-sideend|p2: DSV|Stealth Rock|[from] move: Defog|[of] p2a: Skarmory","|","|-weather|RainDance|[upkeep]","|-heal|p2a: Skarmory|260/334|[from] item: Leftovers","|turn|7","|","|switch|p2a: Gyarados|Gyarados, M|393/393","|-ability|p2a: Gyarados|Intimidate","|-unboost|p1a: Politoed|atk|1","|move|p1a: Politoed|Hidden Power|p2a: Gyarados","|-supereffective|p2a: Gyarados","|-damage|p2a: Gyarados|137/393","|","|-weather|RainDance|[upkeep]","|-heal|p2a: Gyarados|161/393|[from] item: Leftovers","|turn|8","|","|switch|p2a: Charizard|Charizard-Mega-X, F|259/359","|move|p1a: Politoed|Hidden Power|p2a: Charizard","|-resisted|p2a: Charizard","|-damage|p2a: Charizard|216/359","|","|-weather|RainDance|[upkeep]","|turn|9","|","|switch|p1a: Swampert|Swampert, M, shiny|341/341","|move|p2a: Charizard|Roost|p2a: Charizard","|-heal|p2a: Charizard|359/359","|","|-weather|RainDance|[upkeep]","|turn|10","|","|switch|p2a: Gyarados|Gyarados, M|161/393","|-ability|p2a: Gyarados|Intimidate","|-unboost|p1a: Swampert|atk|1","|detailschange|p1a: Swampert|Swampert-Mega, M, shiny","|-mega|p1a: Swampert|Swampert|Swampertite","|move|p1a: Swampert|Waterfall|p2a: Gyarados","|-resisted|p2a: Gyarados","|-damage|p2a: Gyarados|52/393","|","|-weather|none","|-heal|p2a: Gyarados|76/393|[from] item: Leftovers","|turn|11","|","|move|p1a: Swampert|Rock Slide|p2a: Gyarados","|-supereffective|p2a: Gyarados","|-damage|p2a: Gyarados|0 fnt","|faint|p2a: Gyarados","|","|","|switch|p2a: Charizard|Charizard-Mega-X, F|359/359","|turn|12","|","|move|p2a: Charizard|Will-O-Wisp|p1a: Swampert","|-status|p1a: Swampert|brn","|move|p1a: Swampert|Earthquake|p2a: Charizard","|-supereffective|p2a: Charizard","|-damage|p2a: Charizard|218/359","|","|-damage|p1a: Swampert|299/341 brn|[from] brn","|turn|13","|","|move|p2a: Charizard|Dragon Claw|p1a: Swampert","|-damage|p1a: Swampert|160/341 brn","|move|p1a: Swampert|Rock Slide|p2a: Charizard","|-supereffective|p2a: Charizard","|-damage|p2a: Charizard|156/359","|","|-damage|p1a: Swampert|118/341 brn|[from] brn","|turn|14","|","|move|p2a: Charizard|Roost|p2a: Charizard","|-heal|p2a: Charizard|336/359","|move|p1a: Swampert|Earthquake|p2a: Charizard","|-supereffective|p2a: Charizard","|-damage|p2a: Charizard|194/359","|","|-damage|p1a: Swampert|76/341 brn|[from] brn","|turn|15","|","|move|p2a: Charizard|Roost|p2a: Charizard","|-heal|p2a: Charizard|359/359","|move|p1a: Swampert|Earthquake|p2a: Charizard","|-crit|p2a: Charizard","|-supereffective|p2a: Charizard","|-damage|p2a: Charizard|85/359","|","|-damage|p1a: Swampert|34/341 brn|[from] brn","|turn|16","|","|move|p2a: Charizard|Roost|p2a: Charizard","|-heal|p2a: Charizard|265/359","|move|p1a: Swampert|Earthquake|p2a: Charizard","|-supereffective|p2a: Charizard","|-damage|p2a: Charizard|129/359","|","|-damage|p1a: Swampert|0 fnt|[from] brn","|faint|p1a: Swampert","|","|switch|p1a: Starmie|Starmie, shiny|261/261","|turn|17","|","|switch|p2a: Tornadus-Therian|Tornadus-Therian, M|332/332","|move|p1a: Starmie|Scald|p2a: Tornadus-Therian","|-damage|p2a: Tornadus-Therian|253/332","|","|turn|18","|","|move|p2a: Tornadus-Therian|Knock Off|p1a: Starmie","|-supereffective|p1a: Starmie","|-damage|p1a: Starmie|123/261","|-enditem|p1a: Starmie|Leftovers|[from] move: Knock Off|[of] p2a: Tornadus-Therian","|move|p1a: Starmie|Scald|p2a: Tornadus-Therian","|-damage|p2a: Tornadus-Therian|168/332","|-status|p2a: Tornadus-Therian|brn","|","|-damage|p2a: Tornadus-Therian|127/332 brn|[from] brn","|turn|19","|","|move|p2a: Tornadus-Therian|Hurricane|p1a: Starmie","|-damage|p1a: Starmie|0 fnt","|faint|p1a: Starmie","|","|-damage|p2a: Tornadus-Therian|86/332 brn|[from] brn","|","|switch|p1a: Sharpedo|Sharpedo, M, shiny|281/281","|turn|20","|","|switch|p2a: Skarmory|Skarmory, F|260/334","|move|p1a: Sharpedo|Protect|p1a: Sharpedo","|-fail|p1a: Sharpedo","|","|-heal|p2a: Skarmory|280/334|[from] item: Leftovers","|-boost|p1a: Sharpedo|spe|1|[from] ability: Speed Boost","|turn|21","|","|switch|p1a: Politoed|Politoed, M, shiny|333/333","|-weather|RainDance","|move|p2a: Skarmory|Stealth Rock|p1a: Politoed","|-sidestart|p1: Emg UnownMaN|move: Stealth Rock","|","|-weather|RainDance|[upkeep]","|-heal|p2a: Skarmory|300/334|[from] item: Leftovers","|turn|22","|","|move|p2a: Skarmory|Roost|p2a: Skarmory","|-heal|p2a: Skarmory|334/334","|move|p1a: Politoed|Scald|p2a: Skarmory","|-crit|p2a: Skarmory","|-ability|p2a: Skarmory|Sturdy","|-damage|p2a: Skarmory|1/334","|","|-weather|RainDance|[upkeep]","|-heal|p2a: Skarmory|21/334|[from] item: Leftovers","|turn|23","|","|move|p2a: Skarmory|Roost|p2a: Skarmory","|-heal|p2a: Skarmory|188/334","|move|p1a: Politoed|Scald|p2a: Skarmory","|-damage|p2a: Skarmory|0 fnt","|faint|p2a: Skarmory","|","|-weather|RainDance|[upkeep]","|","|switch|p2a: Charizard|Charizard-Mega-X, F|129/359","|turn|24","|","|move|p2a: Charizard|Roost|p2a: Charizard","|-heal|p2a: Charizard|309/359","|move|p1a: Politoed|Scald|p2a: Charizard","|-damage|p2a: Charizard|72/359","|","|-weather|RainDance|[upkeep]","|turn|25","|","|move|p2a: Charizard|Roost|p2a: Charizard","|-heal|p2a: Charizard|252/359","|move|p1a: Politoed|Scald|p2a: Charizard","|-damage|p2a: Charizard|0 fnt","|faint|p2a: Charizard","|","|-weather|none","|","|switch|p2a: Tornadus-Therian|Tornadus-Therian, M|196/332 brn","|turn|26","|","|switch|p1a: Azumarill|Azumarill, F, shiny|341/341","|-damage|p1a: Azumarill|299/341|[from] Stealth Rock","|move|p2a: Tornadus-Therian|Hurricane|p1a: Azumarill|[miss]","|-miss|p2a: Tornadus-Therian|p1a: Azumarill","|","|-damage|p2a: Tornadus-Therian|155/332 brn|[from] brn","|turn|27","|player|p2","|","|win|Emg UnownMaN"],"p1rating":{"entryid":"7117043","serverid":"eos","formatid":"monotype","userid":"emgunownman","username":"Emg UnownMaN","w":25,"l":"12","t":"0","gxe":65.3,"r":"1604.5160633154","rd":"56.958773649548","sigma":"0","rptime":"1438678800","rpr":1620.0120601977,"rprd":55.622585767541,"rpsigma":"0","acre":1311.8899960747,"lacre":1311.8899960747,"oldacre":"1282.8213387937"},"p2rating":{"entryid":"6124841","serverid":"eos","formatid":"monotype","userid":"dsv","username":"DSV","w":"25","l":11,"t":"0","gxe":69,"r":"1647.1123338821","rd":"71.697860109002","sigma":"0","rptime":"1438678800","rpr":1653.0726034978,"rprd":67.891700497152,"rpsigma":"0","acre":1316.6175661435,"lacre":1316.6175661435,"oldacre":"1339.8724919683"},"endType":"forfeit"}