{"seed":[3335,649,63627,47711],"turns":31,"p1":"xSirSkit","p2":"LTIL-Tahit","p1team":[{"name":"O . O","species":"diancie","item":"diancite","ability":"Clear Body","moves":["moonblast","earthpower","diamondstorm","protect"],"nature":"Naive","evs":{"hp":0,"atk":4,"def":0,"spa":252,"spd":0,"spe":252},"ivs":{"hp":31,"atk":31,"def":31,"spa":31,"spd":31,"spe":31}},{"name":"@ - @","species":"cradily","item":"leftovers","ability":"Storm Drain","moves":["gigadrain","mirrorcoat","toxic","recover"],"nature":"Bold","evs":{"hp":252,"atk":0,"def":252,"spa":0,"spd":4,"spe":0},"ivs":{"hp":31,"atk":31,"def":31,"spa":31,"spd":31,"spe":31}},{"name":":^B","species":"rhyperior","item":"custapberry","ability":"Solid Rock","moves":["earthquake","stoneedge","firepunch","endure"],"nature":"Adamant","evs":{"hp":152,"atk":88,"def":252,"spa":0,"spd":0,"spe":0},"ivs":{"hp":31,"atk":31,"def":31,"spa":31,"spd":31,"spe":31}},{"name":"O w O","species":"tyranitar","item":"assaultvest","ability":"Sand Stream","moves":["stoneedge","crunch","fireblast","avalanche"],"nature":"Careful","evs":{"hp":0,"atk":220,"def":0,"spa":0,"spd":252,"spe":36},"ivs":{"hp":31,"atk":31,"def":31,"spa":31,"spd":31,"spe":31}},{"name":"= n =","species":"terrakion","item":"choiceband","ability":"Justified","moves":["closecombat","stoneedge","earthquake","quickattack"],"nature":"Jolly","evs":{"hp":0,"atk":252,"def":0,"spa":0,"spd":4,"spe":252},"ivs":{"hp":31,"atk":31,"def":31,"spa":31,"spd":31,"spe":31}},{"name":"' u '","species":"shuckle","item":"mentalherb","ability":"Sturdy","moves":["knockoff","encore","stickyweb","stealthrock"],"nature":"Impish","evs":{"hp":248,"atk":0,"def":252,"spa":0,"spd":8,"spe":0},"ivs":{"hp":31,"atk":31,"def":31,"spa":31,"spd":31,"spe":31}}],"p2team":[{"name":"Terrakion","species":"Terrakion","item":"choicescarf","ability":"Justified","moves":["closecombat","stoneedge","ironhead","xscissor"],"nature":"Jolly","evs":{"hp":4,"atk":252,"def":0,"spa":0,"spd":0,"spe":252},"ivs":{"hp":31,"atk":31,"def":31,"spa":31,"spd":31,"spe":31}},{"name":"Medicham","species":"Medicham","item":"medichamite","ability":"Pure Power","moves":["highjumpkick","zenheadbutt","fakeout","bulletpunch"],"nature":"Jolly","evs":{"hp":0,"atk":252,"def":4,"spa":0,"spd":0,"spe":252},"ivs":{"hp":31,"atk":31,"def":31,"spa":31,"spd":31,"spe":31}},{"name":"Conkeldurr","species":"Conkeldurr","item":"leftovers","ability":"Guts","moves":["drainpunch","bulkup","machpunch","firepunch"],"nature":"Adamant","evs":{"hp":252,"atk":252,"def":0,"spa":0,"spd":4,"spe":0},"ivs":{"hp":31,"atk":31,"def":31,"spa":31,"spd":31,"spe":31}},{"name":"Chesnaught","species":"Chesnaught","item":"leftovers","ability":"Bulletproof","moves":["spikes","leechseed","spikyshield","drainpunch"],"nature":"Careful","evs":{"hp":252,"atk":0,"def":4,"spa":0,"spd":252,"spe":0},"ivs":{"hp":31,"atk":31,"def":31,"spa":31,"spd":31,"spe":31}},{"name":"Hawlucha","species":"Hawlucha","item":"sitrusberry","ability":"Unburden","moves":["substitute","swordsdance","highjumpkick","acrobatics"],"nature":"Jolly","evs":{"hp":12,"atk":252,"def":0,"spa":0,"spd":0,"spe":244},"ivs":{"hp":31,"atk":31,"def":31,"spa":31,"spd":31,"spe":31}},{"name":"Hitmonlee","species":"Hitmonlee","item":"whiteherb","ability":"Unburden","moves":["closecombat","bulkup","fakeout","bulletpunch"],"nature":"Adamant","evs":{"hp":4,"atk":252,"def":0,"spa":0,"spd":0,"spe":252},"ivs":{"hp":31,"atk":31,"def":31,"spa":31,"spd":31,"spe":31}}],"log":["|player|p1|xSirSkit|229","|player|p2|LTIL-Tahit|169","|gametype|singles","|gen|6","|tier|Monotype","|rated","|rule|Baton Pass Clause: Limit one Baton Passer, can't pass Spe and other stats simultaneously","|rule|Swagger Clause: Swagger is banned","|rule|Same Type Clause: Pokémon in a team must share a type","|clearpoke","|poke|p1|Diancie","|poke|p1|Cradily, M","|poke|p1|Rhyperior, F","|poke|p1|Tyranitar, F","|poke|p1|Terrakion","|poke|p1|Shuckle, F","|poke|p2|Terrakion","|poke|p2|Medicham, F","|poke|p2|Conkeldurr, M","|poke|p2|Chesnaught, F","|poke|p2|Hawlucha, M","|poke|p2|Hitmonlee, M","|rule|Sleep Clause Mod: Limit one foe put to sleep","|rule|Species Clause: Limit one of each Pokémon","|rule|OHKO Clause: OHKO moves are banned","|rule|Moody Clause: Moody is banned","|rule|Evasion Moves Clause: Evasion moves are banned","|rule|Endless Battle Clause: Forcing endless battles is banned","|rule|HP Percentage Mod: HP is shown in percentages","|teampreview","|","|start","|switch|p1a: ' u '|Shuckle, F|243/243","|switch|p2a: Chesnaught|Chesnaught, F|380/380","|turn|1","|","|move|p2a: Chesnaught|Leech Seed|p1a: ' u '","|-start|p1a: ' u '|move: Leech Seed","|move|p1a: ' u '|Sticky Web|p2a: Chesnaught","|-sidestart|p2: LTIL-Tahit|move: Sticky Web","|","|-damage|p1a: ' u '|213/243|[from] Leech Seed|[of] p2a: Chesnaught","|turn|2","|","|move|p2a: Chesnaught|Spikes|p1a: ' u '","|-sidestart|p1: xSirSkit|Spikes","|move|p1a: ' u '|Stealth Rock|p2a: Chesnaught","|-sidestart|p2: LTIL-Tahit|move: Stealth Rock","|","|-damage|p1a: ' u '|183/243|[from] Leech Seed|[of] p2a: Chesnaught","|turn|3","|","|switch|p2a: Hitmonlee|Hitmonlee, M|242/242","|-damage|p2a: Hitmonlee|227/242|[from] Stealth Rock","|-activate|p2a: Hitmonlee|move: Sticky Web","|-unboost|p2a: Hitmonlee|spe|1","|-enditem|p2a: Hitmonlee|White Herb","|-restoreboost|p2a: Hitmonlee|[silent]","|switch|p1a: @ - @|Cradily, M|376/376","|-damage|p1a: @ - @|329/376|[from] Spikes","|","|-heal|p1a: @ - @|352/376|[from] item: Leftovers","|turn|4","|","|switch|p1a: ' u '|Shuckle, F|183/243","|-damage|p1a: ' u '|153/243|[from] Spikes","|move|p2a: Hitmonlee|Fake Out|p1a: ' u '","|-resisted|p1a: ' u '","|-damage|p1a: ' u '|144/243","|","|turn|5","|","|move|p2a: Hitmonlee|Bulk Up|p2a: Hitmonlee","|-boost|p2a: Hitmonlee|atk|1","|-boost|p2a: Hitmonlee|def|1","|move|p1a: ' u '|Sticky Web|p2a: Hitmonlee","|-fail|p2a: Hitmonlee","|","|turn|6","|","|move|p2a: Hitmonlee|Bulk Up|p2a: Hitmonlee","|-boost|p2a: Hitmonlee|atk|1","|-boost|p2a: Hitmonlee|def|1","|move|p1a: ' u '|Encore|p2a: Hitmonlee","|-start|p2a: Hitmonlee|Encore","|","|turn|7","|","|switch|p1a: O . O|Diancie|241/241","|-damage|p1a: O . O|211/241|[from] Spikes","|move|p2a: Hitmonlee|Bulk Up|p2a: Hitmonlee","|-boost|p2a: Hitmonlee|atk|1","|-boost|p2a: Hitmonlee|def|1","|","|turn|8","|","|detailschange|p1a: O . O|Diancie-Mega","|-mega|p1a: O . O|Diancie|Diancite","|move|p2a: Hitmonlee|Bulk Up|p2a: Hitmonlee","|-boost|p2a: Hitmonlee|atk|1","|-boost|p2a: Hitmonlee|def|1","|move|p1a: O . O|Moonblast|p2a: Hitmonlee","|-crit|p2a: Hitmonlee","|-supereffective|p2a: Hitmonlee","|-damage|p2a: Hitmonlee|0 fnt","|faint|p2a: Hitmonlee","|","|","|switch|p2a: Hawlucha|Hawlucha, M|300/300","|-damage|p2a: Hawlucha|263/300|[from] Stealth Rock","|turn|9","|","|move|p2a: Hawlucha|Substitute|p2a: Hawlucha","|-start|p2a: Hawlucha|Substitute","|-damage|p2a: Hawlucha|188/300","|move|p1a: O . O|Moonblast|p2a: Hawlucha","|-crit|p2a: Hawlucha","|-supereffective|p2a: Hawlucha","|-end|p2a: Hawlucha|Substitute","|","|turn|10","|","|move|p2a: Hawlucha|Substitute|p2a: Hawlucha","|-start|p2a: Hawlucha|Substitute","|-damage|p2a: Hawlucha|113/300","|-enditem|p2a: Hawlucha|Sitrus Berry|[eat]","|-heal|p2a: Hawlucha|188/300|[from] item: Sitrus Berry","|move|p1a: O . O|Diamond Storm|p2a: Hawlucha","|-end|p2a: Hawlucha|Substitute","|-boost|p1a: O . O|def|1","|","|turn|11","|","|move|p2a: Hawlucha|High Jump Kick|p1a: O . O","|-damage|p1a: O . O|102/241","|move|p1a: O . O|Diamond Storm|p2a: Hawlucha","|-damage|p2a: Hawlucha|0 fnt","|faint|p2a: Hawlucha","|","|","|switch|p2a: Medicham|Medicham, F|261/261","|-activate|p2a: Medicham|move: Sticky Web","|-unboost|p2a: Medicham|spe|1","|-damage|p2a: Medicham|245/261|[from] Stealth Rock","|turn|12","|","|detailschange|p2a: Medicham|Medicham-Mega, F","|-mega|p2a: Medicham|Medicham|Medichamite","|move|p1a: O . O|Protect|p1a: O . O","|-singleturn|p1a: O . O|Protect","|move|p2a: Medicham|Fake Out|p1a: O . O","|-activate|p1a: O . O|Protect","|","|turn|13","|","|switch|p1a: O w O|Tyranitar, F|341/341","|-damage|p1a: O w O|299/341|[from] Spikes","|-weather|Sandstorm","|move|p2a: Medicham|Bullet Punch|p1a: O w O","|-supereffective|p1a: O w O","|-damage|p1a: O w O|155/341","|","|-weather|Sandstorm|[upkeep]","|-damage|p2a: Medicham|229/261|[from] sandstorm","|turn|14","|","|move|p2a: Medicham|Bullet Punch|p1a: O w O","|-supereffective|p1a: O w O","|-damage|p1a: O w O|0 fnt","|faint|p1a: O w O","|","|-weather|Sandstorm|[upkeep]","|-damage|p2a: Medicham|213/261|[from] sandstorm","|","|switch|p1a: :^B|Rhyperior, F|409/409","|-damage|p1a: :^B|358/409|[from] Spikes","|turn|15","|","|move|p2a: Medicham|High Jump Kick|p1a: :^B","|-supereffective|p1a: :^B","|-damage|p1a: :^B|10/409","|move|p1a: :^B|Earthquake|p2a: Medicham","|-damage|p2a: Medicham|0 fnt","|faint|p2a: Medicham","|","|-weather|Sandstorm|[upkeep]","|","|switch|p2a: Chesnaught|Chesnaught, F|380/380","|-activate|p2a: Chesnaught|move: Sticky Web","|-unboost|p2a: Chesnaught|spe|1","|-damage|p2a: Chesnaught|357/380|[from] Stealth Rock","|turn|16","|-enditem|p1a: :^B|Custap Berry|[eat]","|-activate|p1a: :^B|Custap Berry","|","|move|p2a: Chesnaught|Spiky Shield|p2a: Chesnaught","|-singleturn|p2a: Chesnaught|move: Protect","|move|p1a: :^B|Fire Punch|p2a: Chesnaught","|-activate|p2a: Chesnaught|Protect","|-damage|p1a: :^B|0 fnt|[from] Spiky Shield|[of] p2a: Chesnaught","|faint|p1a: :^B","|","|-weather|Sandstorm|[upkeep]","|-damage|p2a: Chesnaught|334/380|[from] sandstorm","|-heal|p2a: Chesnaught|357/380|[from] item: Leftovers","|","|switch|p1a: @ - @|Cradily, M|352/376","|-damage|p1a: @ - @|305/376|[from] Spikes","|turn|17","|","|move|p1a: @ - @|Toxic|p2a: Chesnaught","|-status|p2a: Chesnaught|tox","|move|p2a: Chesnaught|Spikes|p1a: @ - @","|-sidestart|p1: xSirSkit|Spikes","|","|-weather|none","|-heal|p1a: @ - @|328/376|[from] item: Leftovers","|-heal|p2a: Chesnaught|380/380 tox|[from] item: Leftovers","|-damage|p2a: Chesnaught|357/380 tox|[from] psn","|turn|18","|","|move|p1a: @ - @|Toxic|p2a: Chesnaught","|-fail|p2a: Chesnaught|tox","|move|p2a: Chesnaught|Spikes|p1a: @ - @","|-sidestart|p1: xSirSkit|Spikes","|","|-heal|p1a: @ - @|351/376|[from] item: Leftovers","|-heal|p2a: Chesnaught|380/380 tox|[from] item: Leftovers","|-damage|p2a: Chesnaught|334/380 tox|[from] psn","|turn|19","|","|move|p1a: @ - @|Toxic|p2a: Chesnaught","|-fail|p2a: Chesnaught|tox","|move|p2a: Chesnaught|Drain Punch|p1a: @ - @","|-supereffective|p1a: @ - @","|-damage|p1a: @ - @|211/376","|-heal|p2a: Chesnaught|380/380 tox|[from] drain|[of] p1a: @ - @","|","|-heal|p1a: @ - @|234/376|[from] item: Leftovers","|-damage|p2a: Chesnaught|311/380 tox|[from] psn","|turn|20","|","|move|p1a: @ - @|Recover|p1a: @ - @","|-heal|p1a: @ - @|376/376","|move|p2a: Chesnaught|Drain Punch|p1a: @ - @","|-supereffective|p1a: @ - @","|-damage|p1a: @ - @|250/376","|-heal|p2a: Chesnaught|374/380 tox|[from] drain|[of] p1a: @ - @","|","|-heal|p1a: @ - @|273/376|[from] item: Leftovers","|-heal|p2a: Chesnaught|380/380 tox|[from] item: Leftovers","|-damage|p2a: Chesnaught|288/380 tox|[from] psn","|turn|21","|","|move|p1a: @ - @|Recover|p1a: @ - @","|-heal|p1a: @ - @|376/376","|move|p2a: Chesnaught|Drain Punch|p1a: @ - @","|-supereffective|p1a: @ - @","|-damage|p1a: @ - @|242/376","|-heal|p2a: Chesnaught|355/380 tox|[from] drain|[of] p1a: @ - @","|","|-heal|p1a: @ - @|265/376|[from] item: Leftovers","|-heal|p2a: Chesnaught|378/380 tox|[from] item: Leftovers","|-damage|p2a: Chesnaught|263/380 tox|[from] psn","|turn|22","|","|move|p1a: @ - @|Recover|p1a: @ - @","|-heal|p1a: @ - @|376/376","|move|p2a: Chesnaught|Drain Punch|p1a: @ - @","|-supereffective|p1a: @ - @","|-damage|p1a: @ - @|226/376","|-heal|p2a: Chesnaught|338/380 tox|[from] drain|[of] p1a: @ - @","|","|-heal|p1a: @ - @|249/376|[from] item: Leftovers","|-heal|p2a: Chesnaught|361/380 tox|[from] item: Leftovers","|-damage|p2a: Chesnaught|223/380 tox|[from] psn","|turn|23","|","|move|p1a: @ - @|Recover|p1a: @ - @","|-heal|p1a: @ - @|376/376","|move|p2a: Chesnaught|Drain Punch|p1a: @ - @","|-supereffective|p1a: @ - @","|-damage|p1a: @ - @|242/376","|-heal|p2a: Chesnaught|290/380 tox|[from] drain|[of] p1a: @ - @","|","|-heal|p1a: @ - @|265/376|[from] item: Leftovers","|-heal|p2a: Chesnaught|313/380 tox|[from] item: Leftovers","|-damage|p2a: Chesnaught|152/380 tox|[from] psn","|turn|24","|","|move|p1a: @ - @|Recover|p1a: @ - @","|-heal|p1a: @ - @|376/376","|move|p2a: Chesnaught|Drain Punch|p1a: @ - @","|-supereffective|p1a: @ - @","|-damage|p1a: @ - @|230/376","|-heal|p2a: Chesnaught|225/380 tox|[from] drain|[of] p1a: @ - @","|","|-heal|p1a: @ - @|253/376|[from] item: Leftovers","|-heal|p2a: Chesnaught|248/380 tox|[from] item: Leftovers","|-damage|p2a: Chesnaught|64/380 tox|[from] psn","|turn|25","|","|move|p1a: @ - @|Recover|p1a: @ - @","|-heal|p1a: @ - @|376/376","|move|p2a: Chesnaught|Drain Punch|p1a: @ - @","|-supereffective|p1a: @ - @","|-damage|p1a: @ - @|242/376","|-heal|p2a: Chesnaught|131/380 tox|[from] drain|[of] p1a: @ - @","|","|-heal|p1a: @ - @|265/376|[from] item: Leftovers","|-heal|p2a: Chesnaught|154/380 tox|[from] item: Leftovers","|-damage|p2a: Chesnaught|0 fnt|[from] psn","|faint|p2a: Chesnaught","|","|switch|p2a: Conkeldurr|Conkeldurr, M|414/414","|-damage|p2a: Conkeldurr|389/414|[from] Stealth Rock","|-activate|p2a: Conkeldurr|move: Sticky Web","|-unboost|p2a: Conkeldurr|spe|1","|turn|26","|","|move|p1a: @ - @|Giga Drain|p2a: Conkeldurr","|-damage|p2a: Conkeldurr|283/414","|-heal|p1a: @ - @|318/376|[from] drain|[of] p2a: Conkeldurr","|move|p2a: Conkeldurr|Bulk Up|p2a: Conkeldurr","|-boost|p2a: Conkeldurr|atk|1","|-boost|p2a: Conkeldurr|def|1","|","|-heal|p1a: @ - @|341/376|[from] item: Leftovers","|-heal|p2a: Conkeldurr|308/414|[from] item: Leftovers","|turn|27","|","|switch|p1a: ' u '|Shuckle, F|144/243","|-damage|p1a: ' u '|84/243|[from] Spikes","|move|p2a: Conkeldurr|Bulk Up|p2a: Conkeldurr","|-boost|p2a: Conkeldurr|atk|1","|-boost|p2a: Conkeldurr|def|1","|","|-heal|p2a: Conkeldurr|333/414|[from] item: Leftovers","|turn|28","|","|move|p2a: Conkeldurr|Drain Punch|p1a: ' u '","|-damage|p1a: ' u '|0 fnt","|-heal|p2a: Conkeldurr|375/414|[from] drain|[of] p1a: ' u '","|faint|p1a: ' u '","|","|-heal|p2a: Conkeldurr|400/414|[from] item: Leftovers","|","|switch|p1a: O . O|Diancie-Mega|102/241","|-damage|p1a: O . O|42/241|[from] Spikes","|turn|29","|","|move|p2a: Conkeldurr|Mach Punch|p1a: O . O","|-damage|p1a: O . O|0 fnt","|faint|p1a: O . O","|","|-heal|p2a: Conkeldurr|414/414|[from] item: Leftovers","|","|switch|p1a: = n =|Terrakion|323/323","|-damage|p1a: = n =|243/323|[from] Spikes","|turn|30","|","|move|p2a: Conkeldurr|Mach Punch|p1a: = n =","|-supereffective|p1a: = n =","|-damage|p1a: = n =|0 fnt","|faint|p1a: = n =","|","|","|switch|p1a: @ - @|Cradily, M|341/376","|-damage|p1a: @ - @|247/376|[from] Spikes","|turn|31","|","|move|p2a: Conkeldurr|Mach Punch|p1a: @ - @","|-supereffective|p1a: @ - @","|-damage|p1a: @ - @|0 fnt","|faint|p1a: @ - @","|","|win|LTIL-Tahit"],"p1rating":{"entryid":7390425,"formatid":"monotype","userid":"xsirskit","username":"xSirSkit","r":1500,"rd":130,"sigma":0,"rpr":1456.1762336541,"rprd":121.95263372816,"rpsigma":0,"rptime":1438678800,"w":0,"l":1,"t":0,"gxe":44.5,"acre":1000,"lacre":1000,"oldacre":1000},"p2rating":{"entryid":"6925118","serverid":"eos","formatid":"monotype","userid":"ltiltahit","username":"LTIL-Tahit","w":43,"l":"40","t":"0","gxe":53.1,"r":"1487.0572827682","rd":"50.373019293434","sigma":"0","rptime":"1438678800","rpr":1523.7376713418,"rprd":43.901338167174,"rpsigma":"0","acre":1269.3404894318,"lacre":1269.3404894318,"oldacre":"1260.2031678438"},"endType":"normal"}