{"seed":[35223,13958,63779,10870],"turns":20,"p1":"fire.ride","p2":"AM KGBeast","p1team":[{"name":"Pikachu-Belle","species":"Pikachu-Belle","item":"lightball","ability":"Lightning Rod","moves":["brickbreak","knockoff","iciclecrash","wildcharge"],"nature":"Adamant","evs":{"hp":0,"atk":252,"def":0,"spa":0,"spd":0,"spe":252},"ivs":{"hp":31,"atk":31,"def":31,"spa":31,"spd":31,"spe":31}},{"name":"Eelektross","species":"Eelektross","item":"assaultvest","ability":"Levitate","moves":["drainpunch","knockoff","thunderpunch","superfang"],"nature":"Careful","evs":{"hp":252,"atk":64,"def":0,"spa":0,"spd":192,"spe":0},"ivs":{"hp":31,"atk":31,"def":31,"spa":31,"spd":31,"spe":31}},{"name":"Zapdos","species":"Zapdos","item":"leftovers","ability":"Pressure","moves":["defog","discharge","heatwave","roost"],"nature":"Bold","evs":{"hp":252,"atk":0,"def":252,"spa":4,"spd":0,"spe":0},"ivs":{"hp":31,"atk":31,"def":31,"spa":31,"spd":31,"spe":31}},{"name":"Magnezone","species":"Magnezone","item":"custapberry","ability":"Sturdy","moves":["flashcannon","voltswitch","mirrorcoat","hiddenpowerice"],"nature":"Modest","evs":{"hp":40,"atk":0,"def":0,"spa":216,"spd":0,"spe":252},"ivs":{"hp":31,"atk":30,"def":30,"spa":31,"spd":31,"spe":31}},{"name":"Galvantula","species":"Galvantula","item":"focussash","ability":"Compound Eyes","moves":["energyball","thunder","stickyweb","bugbuzz"],"nature":"Modest","evs":{"hp":0,"atk":0,"def":0,"spa":252,"spd":0,"spe":252},"ivs":{"hp":31,"atk":31,"def":31,"spa":31,"spd":31,"spe":31}},{"name":"Ampharos","species":"Ampharos","item":"ampharosite","ability":"Static","moves":["dragonpulse","discharge","healbell","cottonguard"],"nature":"Modest","evs":{"hp":252,"atk":0,"def":0,"spa":252,"spd":0,"spe":4},"ivs":{"hp":31,"atk":31,"def":31,"spa":31,"spd":31,"spe":31}}],"p2team":[{"name":"Hippowdon","species":"Hippowdon","item":"rockyhelmet","ability":"Sand Stream","moves":["stealthrock","earthquake","whirlwind","slackoff"],"nature":"Impish","evs":{"hp":252,"atk":4,"def":252,"spa":0,"spd":0,"spe":0},"ivs":{"hp":31,"atk":31,"def":31,"spa":31,"spd":31,"spe":31}},{"name":"Sandslash","species":"Sandslash","item":"choiceband","ability":"Sand Rush","moves":["superfang","earthquake","knockoff","xscissor"],"nature":"Adamant","evs":{"hp":0,"atk":252,"def":4,"spa":0,"spd":0,"spe":252},"ivs":{"hp":31,"atk":31,"def":31,"spa":31,"spd":31,"spe":31}},{"name":"Mamoswine","species":"Mamoswine","item":"lifeorb","ability":"Thick Fat","moves":["iceshard","iciclespear","knockoff","superpower"],"nature":"Adamant","evs":{"hp":0,"atk":252,"def":4,"spa":0,"spd":0,"spe":252},"ivs":{"hp":31,"atk":31,"def":31,"spa":31,"spd":31,"spe":31}},{"name":"Camerupt","species":"Camerupt","item":"cameruptite","ability":"Solid Rock","moves":["willowisp","flamethrower","earthpower","ancientpower"],"nature":"Modest","evs":{"hp":168,"atk":0,"def":0,"spa":252,"spd":0,"spe":88},"ivs":{"hp":31,"atk":0,"def":31,"spa":31,"spd":31,"spe":31}},{"name":"Excadrill","species":"Excadrill","item":"choiceband","ability":"Sand Rush","moves":["ironhead","earthquake","rockslide","rapidspin"],"nature":"Adamant","evs":{"hp":4,"atk":252,"def":0,"spa":0,"spd":0,"spe":252},"ivs":{"hp":31,"atk":31,"def":31,"spa":31,"spd":31,"spe":31}},{"name":"Seismitoad","species":"Seismitoad","item":"choicespecs","ability":"Water Absorb","moves":["scald","grassknot","sludgewave","earthpower"],"nature":"Modest","evs":{"hp":72,"atk":0,"def":0,"spa":252,"spd":0,"spe":184},"ivs":{"hp":31,"atk":0,"def":31,"spa":31,"spd":31,"spe":31}}],"log":["|player|p1|fire.ride|93","|player|p2|AM KGBeast|kgbeast.png","|gametype|singles","|gen|6","|tier|Monotype","|rated","|rule|Baton Pass Clause: Limit one Baton Passer, can't pass Spe and other stats simultaneously","|rule|Swagger Clause: Swagger is banned","|rule|Same Type Clause: Pokémon in a team must share a type","|clearpoke","|poke|p1|Pikachu-Belle, F","|poke|p1|Eelektross, M","|poke|p1|Zapdos","|poke|p1|Magnezone","|poke|p1|Galvantula, F","|poke|p1|Ampharos, M","|poke|p2|Hippowdon, M","|poke|p2|Sandslash, M","|poke|p2|Mamoswine, M","|poke|p2|Camerupt, M","|poke|p2|Excadrill, F","|poke|p2|Seismitoad, M","|rule|Sleep Clause Mod: Limit one foe put to sleep","|rule|Species Clause: Limit one of each Pokémon","|rule|OHKO Clause: OHKO moves are banned","|rule|Moody Clause: Moody is banned","|rule|Evasion Moves Clause: Evasion moves are banned","|rule|Endless Battle Clause: Forcing endless battles is banned","|rule|HP Percentage Mod: HP is shown in percentages","|teampreview","|","|start","|switch|p1a: Eelektross|Eelektross, M|374/374","|switch|p2a: Hippowdon|Hippowdon, M|420/420","|-weather|Sandstorm","|turn|1","|","|switch|p2a: Camerupt|Camerupt, M|323/323","|move|p1a: Eelektross|Knock Off|p2a: Camerupt","|-damage|p2a: Camerupt|248/323","|","|-weather|Sandstorm|[upkeep]","|-damage|p1a: Eelektross|351/374|[from] sandstorm","|turn|2","|","|detailschange|p2a: Camerupt|Camerupt-Mega, M","|-mega|p2a: Camerupt|Camerupt|Cameruptite","|move|p2a: Camerupt|Will-O-Wisp|p1a: Eelektross","|-status|p1a: Eelektross|brn","|move|p1a: Eelektross|Drain Punch|p2a: Camerupt","|-damage|p2a: Camerupt|211/323","|-heal|p1a: Eelektross|370/374 brn|[from] drain|[of] p2a: Camerupt","|","|-weather|Sandstorm|[upkeep]","|-damage|p1a: Eelektross|347/374 brn|[from] sandstorm","|-damage|p1a: Eelektross|301/374 brn|[from] brn","|turn|3","|","|move|p1a: Eelektross|Super Fang|p2a: Camerupt","|-damage|p2a: Camerupt|106/323","|move|p2a: Camerupt|Flamethrower|p1a: Eelektross","|-damage|p1a: Eelektross|157/374 brn","|","|-weather|Sandstorm|[upkeep]","|-damage|p1a: Eelektross|134/374 brn|[from] sandstorm","|-damage|p1a: Eelektross|88/374 brn|[from] brn","|turn|4","|","|move|p1a: Eelektross|Super Fang|p2a: Camerupt","|-damage|p2a: Camerupt|53/323","|move|p2a: Camerupt|Flamethrower|p1a: Eelektross","|-damage|p1a: Eelektross|0 fnt","|faint|p1a: Eelektross","|","|-weather|Sandstorm|[upkeep]","|","|switch|p1a: Pikachu-Belle|Pikachu-Belle, F|211/211","|turn|5","|","|move|p1a: Pikachu-Belle|Knock Off|p2a: Camerupt","|-damage|p2a: Camerupt|0 fnt","|faint|p2a: Camerupt","|","|-weather|none","|","|switch|p2a: Hippowdon|Hippowdon, M|420/420","|-weather|Sandstorm","|turn|6","|","|switch|p1a: Zapdos|Zapdos|384/384","|-ability|p1a: Zapdos|Pressure","|move|p2a: Hippowdon|Earthquake|p1a: Zapdos","|-immune|p1a: Zapdos|[msg]","|","|-weather|Sandstorm|[upkeep]","|-damage|p1a: Zapdos|360/384|[from] sandstorm","|-heal|p1a: Zapdos|384/384|[from] item: Leftovers","|turn|7","|","|switch|p2a: Excadrill|Excadrill, F|362/362","|move|p1a: Zapdos|Heat Wave|p2a: Excadrill","|-supereffective|p2a: Excadrill","|-damage|p2a: Excadrill|126/362","|","|-weather|Sandstorm|[upkeep]","|-damage|p1a: Zapdos|360/384|[from] sandstorm","|-heal|p1a: Zapdos|384/384|[from] item: Leftovers","|turn|8","|","|switch|p2a: Seismitoad|Seismitoad, M|369/369","|move|p1a: Zapdos|Heat Wave|p2a: Seismitoad","|-resisted|p2a: Seismitoad","|-damage|p2a: Seismitoad|313/369","|","|-weather|Sandstorm|[upkeep]","|-damage|p1a: Zapdos|360/384|[from] sandstorm","|-heal|p1a: Zapdos|384/384|[from] item: Leftovers","|turn|9","|","|switch|p1a: Ampharos|Ampharos, M|384/384","|move|p2a: Seismitoad|Scald|p1a: Ampharos","|-damage|p1a: Ampharos|201/384","|","|-weather|Sandstorm|[upkeep]","|-damage|p1a: Ampharos|177/384|[from] sandstorm","|turn|10","|","|switch|p2a: Sandslash|Sandslash, M|291/291","|detailschange|p1a: Ampharos|Ampharos-Mega, M","|-mega|p1a: Ampharos|Ampharos|Ampharosite","|-ability|p1a: Ampharos|Mold Breaker","|move|p1a: Ampharos|Dragon Pulse|p2a: Sandslash","|-damage|p2a: Sandslash|0 fnt","|faint|p2a: Sandslash","|","|-weather|none","|","|switch|p2a: Mamoswine|Mamoswine, M|361/361","|turn|11","|","|move|p2a: Mamoswine|Icicle Spear|p1a: Ampharos","|-supereffective|p1a: Ampharos","|-damage|p1a: Ampharos|50/384","|-supereffective|p1a: Ampharos","|-damage|p1a: Ampharos|0 fnt","|-hitcount|p1a: Ampharos|2","|-damage|p2a: Mamoswine|325/361|[from] item: Life Orb","|faint|p1a: Ampharos","|","|","|switch|p1a: Galvantula|Galvantula, F|281/281","|turn|12","|","|switch|p2a: Hippowdon|Hippowdon, M|420/420","|-weather|Sandstorm","|move|p1a: Galvantula|Energy Ball|p2a: Hippowdon","|-supereffective|p2a: Hippowdon","|-damage|p2a: Hippowdon|166/420","|","|-weather|Sandstorm|[upkeep]","|-damage|p1a: Galvantula|264/281|[from] sandstorm","|turn|13","|","|switch|p2a: Seismitoad|Seismitoad, M|313/369","|move|p1a: Galvantula|Energy Ball|p2a: Seismitoad","|-supereffective|p2a: Seismitoad","|-damage|p2a: Seismitoad|0 fnt","|faint|p2a: Seismitoad","|","|-weather|Sandstorm|[upkeep]","|-damage|p1a: Galvantula|247/281|[from] sandstorm","|","|switch|p2a: Excadrill|Excadrill, F|126/362","|turn|14","|","|switch|p1a: Pikachu-Belle|Pikachu-Belle, F|211/211","|move|p2a: Excadrill|Rock Slide|p1a: Pikachu-Belle","|-damage|p1a: Pikachu-Belle|0 fnt","|faint|p1a: Pikachu-Belle","|","|-weather|Sandstorm|[upkeep]","|","|switch|p1a: Zapdos|Zapdos|384/384","|-ability|p1a: Zapdos|Pressure","|turn|15","|","|switch|p2a: Mamoswine|Mamoswine, M|325/361","|move|p1a: Zapdos|Heat Wave|p2a: Mamoswine","|-supereffective|p2a: Mamoswine","|-damage|p2a: Mamoswine|197/361","|","|-weather|Sandstorm|[upkeep]","|-damage|p1a: Zapdos|360/384|[from] sandstorm","|-heal|p1a: Zapdos|384/384|[from] item: Leftovers","|turn|16","|","|move|p2a: Mamoswine|Icicle Spear|p1a: Zapdos","|-supereffective|p1a: Zapdos","|-damage|p1a: Zapdos|288/384","|-supereffective|p1a: Zapdos","|-damage|p1a: Zapdos|187/384","|-hitcount|p1a: Zapdos|2","|-damage|p2a: Mamoswine|161/361|[from] item: Life Orb","|move|p1a: Zapdos|Heat Wave|p2a: Mamoswine","|-supereffective|p2a: Mamoswine","|-damage|p2a: Mamoswine|17/361","|-status|p2a: Mamoswine|brn","|","|-weather|none","|-heal|p1a: Zapdos|211/384|[from] item: Leftovers","|-damage|p2a: Mamoswine|0 fnt|[from] brn","|faint|p2a: Mamoswine","|","|switch|p2a: Excadrill|Excadrill, F|126/362","|turn|17","|","|move|p2a: Excadrill|Rock Slide|p1a: Zapdos","|-supereffective|p1a: Zapdos","|-damage|p1a: Zapdos|0 fnt","|faint|p1a: Zapdos","|","|","|switch|p1a: Magnezone|Magnezone|291/291","|turn|18","|","|switch|p2a: Hippowdon|Hippowdon, M|166/420","|-weather|Sandstorm","|move|p1a: Magnezone|Hidden Power|p2a: Hippowdon","|-supereffective|p2a: Hippowdon","|-damage|p2a: Hippowdon|0 fnt","|faint|p2a: Hippowdon","|","|-weather|Sandstorm|[upkeep]","|","|switch|p2a: Excadrill|Excadrill, F|126/362","|turn|19","|","|move|p2a: Excadrill|Earthquake|p1a: Magnezone","|-supereffective|p1a: Magnezone","|-ability|p1a: Magnezone|Sturdy","|-damage|p1a: Magnezone|1/291","|move|p1a: Magnezone|Hidden Power|p2a: Excadrill","|-damage|p2a: Excadrill|19/362","|","|-weather|Sandstorm|[upkeep]","|turn|20","|-enditem|p1a: Magnezone|Custap Berry|[eat]","|-activate|p1a: Magnezone|Custap Berry","|","|move|p1a: Magnezone|Hidden Power|p2a: Excadrill","|-damage|p2a: Excadrill|0 fnt","|faint|p2a: Excadrill","|","|win|fire.ride"],"p1rating":{"entryid":"7072347","serverid":"eos","formatid":"monotype","userid":"fireride","username":"fire.ride","w":8,"l":"4","t":"0","gxe":61.2,"r":"1545.7616466305","rd":"89.032764542512","sigma":"0","rptime":"1438678800","rpr":1588.5554583208,"rprd":84.430851584459,"rpsigma":"0","acre":1183.9159065537,"lacre":1183.9159065537,"oldacre":"1153.0294501988"},"p2rating":{"entryid":"6442561","serverid":"eos","formatid":"monotype","userid":"amkgbeast","username":"AM KGBeast","w":"25","l":9,"t":"0","gxe":67.5,"r":"1657.9779156025","rd":"70.848543635071","sigma":"0","rptime":"1438678800","rpr":1640.499688098,"rprd":69.639808729674,"rpsigma":"0","acre":1205.5137423958,"lacre":1205.5137423958,"oldacre":"1236.4001987507"},"endType":"normal"}