{"seed":[28882,512,57717,57571],"turns":23,"p1":"SWL Neßki","p2":"Guard Wulf","p1team":[{"name":"Dragonite","species":"Dragonite","item":"choiceband","ability":"Multiscale","moves":["extremespeed","outrage","superpower","earthquake"],"nature":"Adamant","evs":{"hp":4,"atk":252,"def":0,"spa":0,"spd":0,"spe":252},"ivs":{"hp":31,"atk":31,"def":31,"spa":31,"spd":31,"spe":31}},{"name":"Mandibuzz","species":"Mandibuzz","item":"rockyhelmet","ability":"Overcoat","moves":["taunt","foulplay","defog","roost"],"nature":"Bold","evs":{"hp":248,"atk":0,"def":252,"spa":0,"spd":0,"spe":8},"ivs":{"hp":31,"atk":31,"def":31,"spa":31,"spd":31,"spe":31}},{"name":"Thundurus-Therian","species":"Thundurus-Therian","item":"assaultvest","ability":"Volt Absorb","moves":["voltswitch","discharge","knockoff","hiddenpowerice"],"nature":"Timid","evs":{"hp":0,"atk":0,"def":0,"spa":252,"spd":4,"spe":252},"ivs":{"hp":31,"atk":2,"def":30,"spa":31,"spd":31,"spe":31}},{"name":"All Falls Down","species":"charizard","item":"charizarditey","ability":"Blaze","moves":["flamethrower","solarbeam","earthquake","overheat"],"nature":"Modest","evs":{"hp":4,"atk":0,"def":0,"spa":252,"spd":0,"spe":252},"ivs":{"hp":31,"atk":31,"def":31,"spa":31,"spd":31,"spe":31}},{"name":"Landorus-Therian","species":"Landorus-Therian","item":"choicescarf","ability":"Intimidate","moves":["uturn","rockslide","earthquake","outrage"],"nature":"Adamant","evs":{"hp":0,"atk":252,"def":0,"spa":0,"spd":0,"spe":252},"ivs":{"hp":31,"atk":31,"def":31,"spa":31,"spd":31,"spe":31}},{"name":"Archeops","species":"Archeops","item":"focussash","ability":"Defeatist","moves":["taunt","stealthrock","defog","endeavor"],"nature":"Naive","evs":{"hp":0,"atk":252,"def":0,"spa":0,"spd":0,"spe":252},"ivs":{"hp":0,"atk":31,"def":0,"spa":0,"spd":0,"spe":31}}],"p2team":[{"name":"Camerupt","species":"Camerupt","item":"cameruptite","ability":"Solid Rock","moves":["ancientpower","fireblast","earthpower","protect"],"nature":"Modest","evs":{"hp":248,"atk":0,"def":0,"spa":252,"spd":8,"spe":0},"ivs":{"hp":31,"atk":31,"def":31,"spa":31,"spd":31,"spe":31}},{"name":"Seismitoad","species":"Seismitoad","item":"leftovers","ability":"Water Absorb","moves":["scald","knockoff","icepunch","drainpunch"],"nature":"Sassy","evs":{"hp":232,"atk":16,"def":0,"spa":8,"spd":252,"spe":0},"ivs":{"hp":31,"atk":31,"def":31,"spa":31,"spd":31,"spe":31}},{"name":"Landorus","species":"Landorus","item":"lifeorb","ability":"Sheer Force","moves":["earthpower","grassknot","psychic","sludgewave"],"nature":"Timid","evs":{"hp":0,"atk":0,"def":0,"spa":252,"spd":4,"spe":252},"ivs":{"hp":31,"atk":31,"def":31,"spa":31,"spd":31,"spe":31}},{"name":"Mamoswine","species":"Mamoswine","item":"focussash","ability":"Thick Fat","moves":["stealthrock","endeavor","iciclecrash","iceshard"],"nature":"Impish","evs":{"hp":0,"atk":32,"def":252,"spa":0,"spd":0,"spe":224},"ivs":{"hp":31,"atk":31,"def":31,"spa":31,"spd":31,"spe":31}},{"name":"Garchomp","species":"Garchomp","item":"choicescarf","ability":"Rough Skin","moves":["outrage","fireblast","earthquake","stoneedge"],"nature":"Naive","evs":{"hp":0,"atk":252,"def":0,"spa":4,"spd":0,"spe":252},"ivs":{"hp":31,"atk":31,"def":31,"spa":31,"spd":31,"spe":31}},{"name":"Gliscor","species":"Gliscor","item":"toxicorb","ability":"Poison Heal","moves":["swordsdance","earthquake","facade","roost"],"nature":"Careful","evs":{"hp":244,"atk":0,"def":8,"spa":0,"spd":200,"spe":56},"ivs":{"hp":31,"atk":31,"def":31,"spa":31,"spd":31,"spe":31}}],"log":["|player|p1|SWL Neßki|swlneki.png","|player|p2|Guard Wulf|143","|gametype|singles","|gen|6","|tier|Monotype","|rated","|rule|Baton Pass Clause: Limit one Baton Passer, can't pass Spe and other stats simultaneously","|rule|Swagger Clause: Swagger is banned","|rule|Same Type Clause: Pokémon in a team must share a type","|clearpoke","|poke|p1|Dragonite, M","|poke|p1|Mandibuzz, F","|poke|p1|Thundurus-Therian, M","|poke|p1|Charizard, M","|poke|p1|Landorus-Therian, M","|poke|p1|Archeops, M","|poke|p2|Camerupt, M","|poke|p2|Seismitoad, F","|poke|p2|Landorus, M","|poke|p2|Mamoswine, M","|poke|p2|Garchomp, M","|poke|p2|Gliscor, F","|rule|Sleep Clause Mod: Limit one foe put to sleep","|rule|Species Clause: Limit one of each Pokémon","|rule|OHKO Clause: OHKO moves are banned","|rule|Moody Clause: Moody is banned","|rule|Evasion Moves Clause: Evasion moves are banned","|rule|Endless Battle Clause: Forcing endless battles is banned","|rule|HP Percentage Mod: HP is shown in percentages","|teampreview","|","|start","|switch|p1a: All Falls Down|Charizard, M|298/298","|switch|p2a: Mamoswine|Mamoswine, M|361/361","|turn|1","|","|switch|p2a: Seismitoad|Seismitoad, F|409/409","|detailschange|p1a: All Falls Down|Charizard-Mega-Y, M","|-mega|p1a: All Falls Down|Charizard|Charizardite Y","|-weather|SunnyDay","|move|p1a: All Falls Down|Solar Beam|p2a: Seismitoad|[still]","|-prepare|p1a: All Falls Down|Solar Beam|p2a: Seismitoad","|-anim|p1a: All Falls Down|Solar Beam|p2a: Seismitoad","|-supereffective|p2a: Seismitoad","|-damage|p2a: Seismitoad|0 fnt","|faint|p2a: Seismitoad","|","|-weather|SunnyDay|[upkeep]","|","|switch|p2a: Camerupt|Camerupt, M|343/343","|turn|2","|","|switch|p1a: Archeops|Archeops, M|260/260","|detailschange|p2a: Camerupt|Camerupt-Mega, M","|-mega|p2a: Camerupt|Camerupt|Cameruptite","|move|p2a: Camerupt|Ancient Power|p1a: Archeops","|-supereffective|p1a: Archeops","|-enditem|p1a: Archeops|Focus Sash","|-damage|p1a: Archeops|1/260","|","|-weather|SunnyDay|[upkeep]","|turn|3","|","|switch|p2a: Mamoswine|Mamoswine, M|361/361","|move|p1a: Archeops|Stealth Rock|p2a: Mamoswine","|-sidestart|p2: Guard Wulf|move: Stealth Rock","|","|-weather|SunnyDay|[upkeep]","|turn|4","|","|switch|p1a: All Falls Down|Charizard-Mega-Y, M|298/298","|move|p2a: Mamoswine|Stealth Rock|p1a: All Falls Down","|-sidestart|p1: SWL Neßki|move: Stealth Rock","|","|-weather|SunnyDay|[upkeep]","|turn|5","|","|move|p1a: All Falls Down|Overheat|p2a: Mamoswine","|-supereffective|p2a: Mamoswine","|-enditem|p2a: Mamoswine|Focus Sash","|-damage|p2a: Mamoswine|1/361","|-unboost|p1a: All Falls Down|spa|2","|move|p2a: Mamoswine|Icicle Crash|p1a: All Falls Down","|-damage|p1a: All Falls Down|145/298","|","|-weather|none","|turn|6","|","|move|p2a: Mamoswine|Ice Shard|p1a: All Falls Down","|-damage|p1a: All Falls Down|73/298","|move|p1a: All Falls Down|Earthquake|p2a: Mamoswine","|-damage|p2a: Mamoswine|0 fnt","|faint|p2a: Mamoswine","|","|","|switch|p2a: Landorus|Landorus, M|319/319","|-damage|p2a: Landorus|280/319|[from] Stealth Rock","|turn|7","|","|move|p2a: Landorus|Psychic|p1a: All Falls Down","|-damage|p1a: All Falls Down|0 fnt","|faint|p1a: All Falls Down","|","|","|switch|p1a: Mandibuzz|Mandibuzz, F|423/423","|-damage|p1a: Mandibuzz|318/423|[from] Stealth Rock","|turn|8","|","|switch|p2a: Camerupt|Camerupt-Mega, M|343/343","|-damage|p2a: Camerupt|301/343|[from] Stealth Rock","|move|p1a: Mandibuzz|Defog|p2a: Camerupt","|-unboost|p2a: Camerupt|evasion|1","|-sideend|p2: Guard Wulf|Stealth Rock|[from] move: Defog|[of] p2a: Camerupt","|-sideend|p1: SWL Neßki|Stealth Rock|[from] move: Defog|[of] p1a: Mandibuzz","|","|turn|9","|","|move|p1a: Mandibuzz|Taunt|p2a: Camerupt","|-start|p2a: Camerupt|move: Taunt","|move|p2a: Camerupt|Fire Blast|p1a: Mandibuzz","|-damage|p1a: Mandibuzz|0 fnt","|faint|p1a: Mandibuzz","|","|","|switch|p1a: Archeops|Archeops, M|1/260","|turn|10","|","|move|p1a: Archeops|Endeavor|p2a: Camerupt","|-damage|p2a: Camerupt|1/343","|move|p2a: Camerupt|Ancient Power|p1a: Archeops","|-supereffective|p1a: Archeops","|-damage|p1a: Archeops|0 fnt","|faint|p1a: Archeops","|","|","|switch|p1a: Landorus-Therian|Landorus-Therian, M|319/319","|-ability|p1a: Landorus-Therian|Intimidate","|-unboost|p2a: Camerupt|atk|1","|turn|11","|","|move|p1a: Landorus-Therian|U-turn|p2a: Camerupt","|-resisted|p2a: Camerupt","|-damage|p2a: Camerupt|0 fnt","|faint|p2a: Camerupt","|","|switch|p1a: Thundurus-Therian|Thundurus-Therian, M|299/299","|","|","|switch|p2a: Garchomp|Garchomp, M|357/357","|turn|12","|","|switch|p1a: Landorus-Therian|Landorus-Therian, M|319/319","|-ability|p1a: Landorus-Therian|Intimidate","|-unboost|p2a: Garchomp|atk|1","|move|p2a: Garchomp|Stone Edge|p1a: Landorus-Therian","|-damage|p1a: Landorus-Therian|231/319","|","|turn|13","|","|switch|p2a: Gliscor|Gliscor, F|352/352","|move|p1a: Landorus-Therian|Outrage|p2a: Gliscor","|-damage|p2a: Gliscor|211/352","|","|-status|p2a: Gliscor|tox|[from] item: Toxic Orb","|turn|14","|","|move|p1a: Landorus-Therian|Outrage|p2a: Gliscor|[from]lockedmove","|-damage|p2a: Gliscor|65/352 tox","|move|p2a: Gliscor|Roost|p2a: Gliscor","|-heal|p2a: Gliscor|241/352 tox","|","|-heal|p2a: Gliscor|285/352 tox|[from] ability: Poison Heal","|turn|15","|","|move|p1a: Landorus-Therian|Outrage|p2a: Gliscor|[from]lockedmove","|-damage|p2a: Gliscor|154/352 tox","|-start|p1a: Landorus-Therian|confusion|[fatigue]","|move|p2a: Gliscor|Roost|p2a: Gliscor","|-heal|p2a: Gliscor|330/352 tox","|","|-heal|p2a: Gliscor|352/352 tox|[from] ability: Poison Heal","|turn|16","|","|switch|p1a: Thundurus-Therian|Thundurus-Therian, M|299/299","|move|p2a: Gliscor|Facade|p1a: Thundurus-Therian","|-damage|p1a: Thundurus-Therian|168/299","|","|turn|17","|","|move|p1a: Thundurus-Therian|Hidden Power|p2a: Gliscor","|-crit|p2a: Gliscor","|-supereffective|p2a: Gliscor","|-damage|p2a: Gliscor|0 fnt","|faint|p2a: Gliscor","|","|","|switch|p2a: Garchomp|Garchomp, M|357/357","|turn|18","|","|switch|p1a: Landorus-Therian|Landorus-Therian, M|231/319","|-ability|p1a: Landorus-Therian|Intimidate","|-unboost|p2a: Garchomp|atk|1","|move|p2a: Garchomp|Fire Blast|p1a: Landorus-Therian","|-damage|p1a: Landorus-Therian|142/319","|","|turn|19","|","|switch|p2a: Landorus|Landorus, M|280/319","|move|p1a: Landorus-Therian|Outrage|p2a: Landorus","|-crit|p2a: Landorus","|-damage|p2a: Landorus|16/319","|","|turn|20","|","|move|p1a: Landorus-Therian|Outrage|p2a: Landorus|[from]lockedmove","|-damage|p2a: Landorus|0 fnt","|-start|p1a: Landorus-Therian|confusion|[fatigue]","|faint|p2a: Landorus","|","|","|switch|p2a: Garchomp|Garchomp, M|357/357","|turn|21","|","|switch|p1a: Thundurus-Therian|Thundurus-Therian, M|168/299","|move|p2a: Garchomp|Outrage|p1a: Thundurus-Therian","|-damage|p1a: Thundurus-Therian|0 fnt","|faint|p1a: Thundurus-Therian","|","|","|switch|p1a: Landorus-Therian|Landorus-Therian, M|142/319","|-ability|p1a: Landorus-Therian|Intimidate","|-unboost|p2a: Garchomp|atk|1","|turn|22","|","|move|p2a: Garchomp|Outrage|p1a: Landorus-Therian|[from]lockedmove","|-damage|p1a: Landorus-Therian|0 fnt","|-start|p2a: Garchomp|confusion|[fatigue]","|faint|p1a: Landorus-Therian","|","|","|switch|p1a: Dragonite|Dragonite, M|324/324","|turn|23","|","|-activate|p2a: Garchomp|confusion","|-damage|p2a: Garchomp|324/357|[from] confusion","|move|p1a: Dragonite|Outrage|p2a: Garchomp","|-supereffective|p2a: Garchomp","|-damage|p2a: Garchomp|0 fnt","|-damage|p1a: Dragonite|284/324|[from] ability: Rough Skin|[of] p2a: Garchomp","|faint|p2a: Garchomp","|","|win|SWL Neßki"],"p1rating":{"entryid":"6746789","serverid":"eos","formatid":"monotype","userid":"swlneki","username":"SWL Neßki","w":26,"l":"12","t":"0","gxe":68.7,"r":"1655.5784159023","rd":"62.349765214186","sigma":"0","rptime":"1438678800","rpr":1649.9940385618,"rprd":57.142874284377,"rpsigma":"0","acre":1353.693218388,"lacre":1353.693218388,"oldacre":"1336.09275066"},"p2rating":{"entryid":"7326062","serverid":"eos","formatid":"monotype","userid":"guardwulf","username":"Guard Wulf","w":"22","l":9,"t":"0","gxe":65.6,"r":"1637.1416517052","rd":"64.153541804946","sigma":"0","rptime":"1438678800","rpr":1623.2952722261,"rprd":59.210842874868,"rpsigma":"0","acre":1272.2062697499,"lacre":1272.2062697499,"oldacre":"1294.2068544099"},"endType":"normal"}