{"seed":[64950,40576,54589,58190],"turns":31,"p1":"Guard Torterra","p2":"Emg_DemZii","p1team":[{"name":"Torterra","species":"Torterra","item":"rockyhelmet","ability":"Shell Armor","moves":["stealthrock","earthquake","synthesis","toxic"],"nature":"","evs":{"hp":0,"atk":0,"def":0,"spa":0,"spd":0,"spe":0},"ivs":{"hp":31,"atk":31,"def":31,"spa":31,"spd":31,"spe":31}},{"name":"Serperior","species":"Serperior","item":"lifeorb","ability":"Contrary","moves":["leafstorm","dragonpulse","substitute","hiddenpowerfire"],"nature":"Timid","evs":{"hp":0,"atk":0,"def":0,"spa":252,"spd":4,"spe":252},"ivs":{"hp":31,"atk":30,"def":31,"spa":30,"spd":31,"spe":30}},{"name":"Breloom","species":"Breloom","item":"lifeorb","ability":"Technician","moves":["machpunch","spore","bulletseed","rocktomb"],"nature":"Jolly","evs":{"hp":0,"atk":252,"def":0,"spa":0,"spd":4,"spe":252},"ivs":{"hp":31,"atk":31,"def":31,"spa":31,"spd":31,"spe":31}},{"name":"Ludicolo","species":"Ludicolo","item":"assaultvest","ability":"Swift Swim","moves":["scald","gigadrain","icebeam","focusblast"],"nature":"Modest","evs":{"hp":0,"atk":0,"def":0,"spa":252,"spd":4,"spe":252},"ivs":{"hp":31,"atk":31,"def":31,"spa":31,"spd":31,"spe":31}},{"name":"Venusaur","species":"Venusaur","item":"venusaurite","ability":"Chlorophyll","moves":["leechseed","sludgebomb","synthesis","roar"],"nature":"Calm","evs":{"hp":252,"atk":0,"def":0,"spa":4,"spd":252,"spe":0},"ivs":{"hp":31,"atk":31,"def":31,"spa":31,"spd":31,"spe":31}},{"name":"Shiftry","species":"Shiftry","item":"focussash","ability":"Chlorophyll","moves":["suckerpunch","knockoff","seedbomb","swordsdance"],"nature":"Adamant","evs":{"hp":0,"atk":252,"def":0,"spa":0,"spd":4,"spe":252},"ivs":{"hp":31,"atk":31,"def":31,"spa":31,"spd":31,"spe":31}}],"p2team":[{"name":"Hoopa-Unbound","species":"Hoopa-Unbound","item":"choicescarf","ability":"Magician","moves":["energyball","focusblast","thunderbolt","hyperspacehole"],"nature":"Timid","evs":{"hp":0,"atk":0,"def":0,"spa":252,"spd":4,"spe":252},"ivs":{"hp":31,"atk":30,"def":30,"spa":31,"spd":31,"spe":31}},{"name":"Sableye","species":"Sableye","item":"sablenite","ability":"Prankster","moves":["recover","willowisp","calmmind","snarl"],"nature":"Calm","evs":{"hp":248,"atk":0,"def":252,"spa":0,"spd":8,"spe":0},"ivs":{"hp":31,"atk":31,"def":31,"spa":31,"spd":31,"spe":31}},{"name":"Drapion","species":"Drapion","item":"muscleband","ability":"Sniper","moves":["crosspoison","firefang","nightslash","rockslide"],"nature":"Adamant","evs":{"hp":248,"atk":252,"def":0,"spa":0,"spd":8,"spe":0},"ivs":{"hp":31,"atk":31,"def":31,"spa":31,"spd":31,"spe":31}},{"name":"Umbreon","species":"Umbreon","item":"leftovers","ability":"Synchronize","moves":["moonlight","healbell","toxic","darkpulse"],"nature":"Calm","evs":{"hp":252,"atk":0,"def":0,"spa":4,"spd":252,"spe":0},"ivs":{"hp":31,"atk":31,"def":31,"spa":31,"spd":31,"spe":31}},{"name":"Mandibuzz","species":"Mandibuzz","item":"rockyhelmet","ability":"Big Pecks","moves":["roost","knockoff","defog","heatwave"],"nature":"Lax","evs":{"hp":248,"atk":8,"def":252,"spa":0,"spd":0,"spe":0},"happiness":0,"ivs":{"hp":31,"atk":31,"def":31,"spa":31,"spd":31,"spe":31}},{"name":"Bisharp","species":"Bisharp","item":"choicescarf","ability":"Defiant","moves":["brickbreak","ironhead","knockoff","nightslash"],"nature":"Jolly","evs":{"hp":0,"atk":252,"def":0,"spa":0,"spd":4,"spe":252},"ivs":{"hp":31,"atk":31,"def":31,"spa":31,"spd":31,"spe":31}}],"log":["|player|p1|Guard Torterra|23","|player|p2|Emg_DemZii|274","|gametype|singles","|gen|6","|tier|Monotype","|rated","|rule|Baton Pass Clause: Limit one Baton Passer, can't pass Spe and other stats simultaneously","|rule|Swagger Clause: Swagger is banned","|rule|Same Type Clause: Pokémon in a team must share a type","|clearpoke","|poke|p1|Torterra, F","|poke|p1|Serperior, M","|poke|p1|Breloom, M","|poke|p1|Ludicolo, F","|poke|p1|Venusaur, M","|poke|p1|Shiftry, F","|poke|p2|Hoopa-Unbound","|poke|p2|Sableye, M","|poke|p2|Drapion, F","|poke|p2|Umbreon, F","|poke|p2|Mandibuzz, F","|poke|p2|Bisharp, F","|rule|Sleep Clause Mod: Limit one foe put to sleep","|rule|Species Clause: Limit one of each Pokémon","|rule|OHKO Clause: OHKO moves are banned","|rule|Moody Clause: Moody is banned","|rule|Evasion Moves Clause: Evasion moves are banned","|rule|Endless Battle Clause: Forcing endless battles is banned","|rule|HP Percentage Mod: HP is shown in percentages","|teampreview","|","|start","|switch|p1a: Breloom|Breloom, M|261/261","|switch|p2a: Sableye|Sableye, M|303/303","|turn|1","|","|switch|p1a: Ludicolo|Ludicolo, F|301/301","|detailschange|p2a: Sableye|Sableye-Mega, M","|-mega|p2a: Sableye|Sableye|Sablenite","|move|p2a: Sableye|Will-O-Wisp|p1a: Ludicolo","|-status|p1a: Ludicolo|brn","|","|-damage|p1a: Ludicolo|264/301 brn|[from] brn","|turn|2","|","|move|p1a: Ludicolo|Scald|p2a: Sableye","|-damage|p2a: Sableye|212/303","|-status|p2a: Sableye|brn","|move|p2a: Sableye|Calm Mind|p2a: Sableye","|-boost|p2a: Sableye|spa|1","|-boost|p2a: Sableye|spd|1","|","|-damage|p1a: Ludicolo|227/301 brn|[from] brn","|-damage|p2a: Sableye|175/303 brn|[from] brn","|turn|3","|","|move|p1a: Ludicolo|Scald|p2a: Sableye","|-crit|p2a: Sableye","|-damage|p2a: Sableye|36/303 brn","|move|p2a: Sableye|Recover|p2a: Sableye","|-heal|p2a: Sableye|188/303 brn","|","|-damage|p1a: Ludicolo|190/301 brn|[from] brn","|-damage|p2a: Sableye|151/303 brn|[from] brn","|turn|4","|","|switch|p1a: Shiftry|Shiftry, F|321/321","|switch|p2a: Umbreon|Umbreon, F|394/394","|","|turn|5","|","|switch|p1a: Torterra|Torterra, F|331/331","|move|p2a: Umbreon|Heal Bell|p2a: Umbreon","|-cureteam|p2a: Umbreon|[from] move: HealBell","|","|turn|6","|","|move|p2a: Umbreon|Toxic|p1a: Torterra","|-status|p1a: Torterra|tox","|move|p1a: Torterra|Stealth Rock|p2a: Umbreon","|-sidestart|p2: Emg_DemZii|move: Stealth Rock","|","|-damage|p1a: Torterra|311/331 tox|[from] psn","|turn|7","|","|switch|p2a: Mandibuzz|Mandibuzz, F|423/423","|-damage|p2a: Mandibuzz|318/423|[from] Stealth Rock","|move|p1a: Torterra|Earthquake|p2a: Mandibuzz","|-immune|p2a: Mandibuzz|[msg]","|","|-damage|p1a: Torterra|271/331 tox|[from] psn","|turn|8","|","|move|p2a: Mandibuzz|Knock Off|p1a: Torterra","|-damage|p1a: Torterra|190/331 tox","|-damage|p2a: Mandibuzz|248/423|[from] item: Rocky Helmet|[of] p1a: Torterra","|-enditem|p1a: Torterra|Rocky Helmet|[from] move: Knock Off|[of] p2a: Mandibuzz","|move|p1a: Torterra|Toxic|p2a: Mandibuzz|[miss]","|-miss|p1a: Torterra|p2a: Mandibuzz","|","|-damage|p1a: Torterra|130/331 tox|[from] psn","|turn|9","|","|switch|p1a: Ludicolo|Ludicolo, F|190/301 brn","|move|p2a: Mandibuzz|Roost|p2a: Mandibuzz","|-heal|p2a: Mandibuzz|423/423","|","|-damage|p1a: Ludicolo|153/301 brn|[from] brn","|turn|10","|","|move|p1a: Ludicolo|Ice Beam|p2a: Mandibuzz","|-supereffective|p2a: Mandibuzz","|-damage|p2a: Mandibuzz|227/423","|move|p2a: Mandibuzz|Knock Off|p1a: Ludicolo","|-damage|p1a: Ludicolo|35/301 brn","|-enditem|p1a: Ludicolo|Assault Vest|[from] move: Knock Off|[of] p2a: Mandibuzz","|","|-damage|p1a: Ludicolo|0 fnt|[from] brn","|faint|p1a: Ludicolo","|","|switch|p1a: Venusaur|Venusaur, M|364/364","|turn|11","|","|detailschange|p1a: Venusaur|Venusaur-Mega, M","|-mega|p1a: Venusaur|Venusaur|Venusaurite","|move|p2a: Mandibuzz|Heat Wave|p1a: Venusaur","|-supereffective|p1a: Venusaur","|-damage|p1a: Venusaur|332/364","|move|p1a: Venusaur|Sludge Bomb|p2a: Mandibuzz","|-damage|p2a: Mandibuzz|68/423","|-status|p2a: Mandibuzz|psn","|","|-damage|p2a: Mandibuzz|16/423 psn|[from] psn","|turn|12","|","|move|p1a: Venusaur|Synthesis|p1a: Venusaur","|-heal|p1a: Venusaur|364/364","|move|p2a: Mandibuzz|Roost|p2a: Mandibuzz","|-heal|p2a: Mandibuzz|228/423 psn","|","|-damage|p2a: Mandibuzz|176/423 psn|[from] psn","|turn|13","|","|move|p2a: Mandibuzz|Knock Off|p1a: Venusaur","|-damage|p1a: Venusaur|321/364","|move|p1a: Venusaur|Sludge Bomb|p2a: Mandibuzz","|-damage|p2a: Mandibuzz|32/423 psn","|","|-damage|p2a: Mandibuzz|0 fnt|[from] psn","|faint|p2a: Mandibuzz","|","|switch|p2a: Drapion|Drapion, F|343/343","|-damage|p2a: Drapion|301/343|[from] Stealth Rock","|turn|14","|","|move|p2a: Drapion|Fire Fang|p1a: Venusaur","|-supereffective|p1a: Venusaur","|-damage|p1a: Venusaur|261/364","|move|p1a: Venusaur|Leech Seed|p2a: Drapion","|-start|p2a: Drapion|move: Leech Seed","|","|-damage|p2a: Drapion|259/343|[from] Leech Seed|[of] p1a: Venusaur","|-heal|p1a: Venusaur|303/364|[silent]","|turn|15","|","|switch|p2a: Sableye|Sableye-Mega, M|151/303","|-damage|p2a: Sableye|114/303|[from] Stealth Rock","|switch|p1a: Torterra|Torterra, F|130/331 tox","|","|-damage|p1a: Torterra|110/331 tox|[from] psn","|turn|16","|","|move|p1a: Torterra|Earthquake|p2a: Sableye","|-crit|p2a: Sableye","|-damage|p2a: Sableye|0 fnt","|faint|p2a: Sableye","|","|-damage|p1a: Torterra|70/331 tox|[from] psn","|","|switch|p2a: Hoopa-Unbound|Hoopa-Unbound|301/301","|-damage|p2a: Hoopa-Unbound|264/301|[from] Stealth Rock","|turn|17","|","|move|p2a: Hoopa-Unbound|Hyperspace Hole|p1a: Torterra","|-damage|p1a: Torterra|0 fnt","|faint|p1a: Torterra","|","|","|switch|p1a: Shiftry|Shiftry, F|321/321","|turn|18","|","|switch|p2a: Bisharp|Bisharp, F|271/271","|-damage|p2a: Bisharp|255/271|[from] Stealth Rock","|move|p1a: Shiftry|Knock Off|p2a: Bisharp","|-resisted|p2a: Bisharp","|-damage|p2a: Bisharp|171/271","|-enditem|p2a: Bisharp|Choice Scarf|[from] move: Knock Off|[of] p1a: Shiftry","|","|turn|19","|","|switch|p1a: Venusaur|Venusaur-Mega, M|303/364","|move|p2a: Bisharp|Brick Break|p1a: Venusaur","|-resisted|p1a: Venusaur","|-damage|p1a: Venusaur|266/364","|","|turn|20","|","|move|p2a: Bisharp|Iron Head|p1a: Venusaur","|-damage|p1a: Venusaur|157/364","|move|p1a: Venusaur|Leech Seed|p2a: Bisharp|[miss]","|-miss|p1a: Venusaur|p2a: Bisharp","|","|turn|21","|","|move|p2a: Bisharp|Iron Head|p1a: Venusaur","|-damage|p1a: Venusaur|34/364","|move|p1a: Venusaur|Leech Seed|p2a: Bisharp|[miss]","|-miss|p1a: Venusaur|p2a: Bisharp","|","|turn|22","|","|move|p2a: Bisharp|Iron Head|p1a: Venusaur","|-damage|p1a: Venusaur|0 fnt","|faint|p1a: Venusaur","|","|","|switch|p1a: Breloom|Breloom, M|261/261","|turn|23","|","|switch|p2a: Umbreon|Umbreon, F|394/394","|-damage|p2a: Umbreon|345/394|[from] Stealth Rock","|move|p1a: Breloom|Mach Punch|p2a: Umbreon","|-supereffective|p2a: Umbreon","|-damage|p2a: Umbreon|95/394","|-damage|p1a: Breloom|235/261|[from] item: Life Orb","|","|-heal|p2a: Umbreon|119/394|[from] item: Leftovers","|turn|24","|","|move|p1a: Breloom|Mach Punch|p2a: Umbreon","|-supereffective|p2a: Umbreon","|-damage|p2a: Umbreon|0 fnt","|-damage|p1a: Breloom|209/261|[from] item: Life Orb","|faint|p2a: Umbreon","|","|","|switch|p2a: Hoopa-Unbound|Hoopa-Unbound|264/301","|-damage|p2a: Hoopa-Unbound|227/301|[from] Stealth Rock","|turn|25","|","|switch|p1a: Shiftry|Shiftry, F|321/321","|move|p2a: Hoopa-Unbound|Hyperspace Hole|p1a: Shiftry","|-immune|p1a: Shiftry|[msg]","|","|turn|26","|","|switch|p2a: Bisharp|Bisharp, F|171/271","|-damage|p2a: Bisharp|155/271|[from] Stealth Rock","|move|p1a: Shiftry|Knock Off|p2a: Bisharp","|-resisted|p2a: Bisharp","|-damage|p2a: Bisharp|98/271","|","|turn|27","|","|move|p2a: Bisharp|Brick Break|p1a: Shiftry","|-supereffective|p1a: Shiftry","|-damage|p1a: Shiftry|53/321","|move|p1a: Shiftry|Swords Dance|p1a: Shiftry","|-boost|p1a: Shiftry|atk|2","|","|turn|28","|","|move|p1a: Shiftry|Sucker Punch|p2a: Bisharp","|-resisted|p2a: Bisharp","|-damage|p2a: Bisharp|0 fnt","|faint|p2a: Bisharp","|","|","|switch|p2a: Drapion|Drapion, F|259/343","|-damage|p2a: Drapion|217/343|[from] Stealth Rock","|turn|29","|","|move|p1a: Shiftry|Knock Off|p2a: Drapion","|-resisted|p2a: Drapion","|-damage|p2a: Drapion|74/343","|-enditem|p2a: Drapion|Muscle Band|[from] move: Knock Off|[of] p1a: Shiftry","|move|p2a: Drapion|Fire Fang|p1a: Shiftry","|-supereffective|p1a: Shiftry","|-damage|p1a: Shiftry|0 fnt","|faint|p1a: Shiftry","|","|","|switch|p1a: Breloom|Breloom, M|209/261","|turn|30","|","|move|p1a: Breloom|Mach Punch|p2a: Drapion","|-damage|p2a: Drapion|0 fnt","|-damage|p1a: Breloom|183/261|[from] item: Life Orb","|faint|p2a: Drapion","|","|","|switch|p2a: Hoopa-Unbound|Hoopa-Unbound|227/301","|-damage|p2a: Hoopa-Unbound|190/301|[from] Stealth Rock","|turn|31","|","|move|p1a: Breloom|Mach Punch|p2a: Hoopa-Unbound","|-damage|p2a: Hoopa-Unbound|0 fnt","|-damage|p1a: Breloom|157/261|[from] item: Life Orb","|faint|p2a: Hoopa-Unbound","|","|win|Guard Torterra"],"p1rating":{"entryid":"6528705","serverid":"eos","formatid":"monotype","userid":"guardtorterra","username":"Guard Torterra","w":20,"l":"17","t":"0","gxe":53.9,"r":"1506.2680080639","rd":"62.186520789378","sigma":"0","rptime":"1438678800","rpr":1529.6009349588,"rprd":60.534657050887,"rpsigma":"0","acre":1121.5153512167,"lacre":1121.5153512167,"oldacre":"1096.9500817821"},"p2rating":{"entryid":"7361210","serverid":"eos","formatid":"monotype","userid":"emgdemzii","username":"Emg_DemZii","w":"2","l":4,"t":"0","gxe":42.2,"r":1461.6254761234,"rd":101.35719296718,"sigma":"0","rptime":1438678800,"rpr":1438.1468570337,"rprd":97.502692924243,"rpsigma":"0","acre":1062.849237379,"lacre":1062.849237379,"oldacre":"1084.768384781"},"endType":"normal"}