{"seed":[33767,11964,65027,8490],"turns":37,"p1":"LTIL-Tahit","p2":"samuelwade223","p1team":[{"name":"Terrakion","species":"Terrakion","item":"choicescarf","ability":"Justified","moves":["closecombat","stoneedge","ironhead","xscissor"],"nature":"Jolly","evs":{"hp":4,"atk":252,"def":0,"spa":0,"spd":0,"spe":252},"ivs":{"hp":31,"atk":31,"def":31,"spa":31,"spd":31,"spe":31}},{"name":"Medicham","species":"Medicham","item":"medichamite","ability":"Pure Power","moves":["highjumpkick","zenheadbutt","fakeout","bulletpunch"],"nature":"Jolly","evs":{"hp":0,"atk":252,"def":4,"spa":0,"spd":0,"spe":252},"ivs":{"hp":31,"atk":31,"def":31,"spa":31,"spd":31,"spe":31}},{"name":"Conkeldurr","species":"Conkeldurr","item":"leftovers","ability":"Guts","moves":["drainpunch","bulkup","machpunch","icepunch"],"nature":"Adamant","evs":{"hp":252,"atk":252,"def":0,"spa":0,"spd":4,"spe":0},"ivs":{"hp":31,"atk":31,"def":31,"spa":31,"spd":31,"spe":31}},{"name":"Chesnaught","species":"Chesnaught","item":"leftovers","ability":"Bulletproof","moves":["spikes","leechseed","spikyshield","drainpunch"],"nature":"Careful","evs":{"hp":252,"atk":0,"def":4,"spa":0,"spd":252,"spe":0},"ivs":{"hp":31,"atk":31,"def":31,"spa":31,"spd":31,"spe":31}},{"name":"Hawlucha","species":"Hawlucha","item":"sitrusberry","ability":"Unburden","moves":["substitute","swordsdance","highjumpkick","acrobatics"],"nature":"Jolly","evs":{"hp":12,"atk":252,"def":0,"spa":0,"spd":0,"spe":244},"ivs":{"hp":31,"atk":31,"def":31,"spa":31,"spd":31,"spe":31}},{"name":"Hitmonlee","species":"Hitmonlee","item":"whiteherb","ability":"Unburden","moves":["closecombat","bulkup","fakeout","blazekick"],"nature":"Adamant","evs":{"hp":4,"atk":252,"def":0,"spa":0,"spd":0,"spe":252},"ivs":{"hp":31,"atk":31,"def":31,"spa":31,"spd":31,"spe":31}}],"p2team":[{"name":"Tentacruel","species":"Tentacruel","item":"blacksludge","ability":"Rain Dish","moves":["toxicspikes","rapidspin","raindance","scald"],"nature":"Timid","evs":{"hp":4,"atk":0,"def":0,"spa":0,"spd":252,"spe":252},"gender":"M","shiny":true,"ivs":{"hp":31,"atk":31,"def":31,"spa":31,"spd":31,"spe":31}},{"name":"Suicune","species":"Suicune","item":"leftovers","ability":"Pressure","moves":["calmmind","scald","rest","sleeptalk"],"nature":"Bold","evs":{"hp":252,"atk":0,"def":252,"spa":4,"spd":0,"spe":0},"shiny":true,"ivs":{"hp":31,"atk":31,"def":31,"spa":31,"spd":31,"spe":31}},{"name":"Gyarados","species":"Gyarados","item":"lumberry","ability":"Moxie","moves":["dragondance","waterfall","earthquake","stoneedge"],"nature":"Jolly","evs":{"hp":4,"atk":252,"def":0,"spa":0,"spd":0,"spe":252},"gender":"F","shiny":true,"ivs":{"hp":31,"atk":31,"def":31,"spa":31,"spd":31,"spe":31}},{"name":"Starmie","species":"Starmie","item":"choicescarf","ability":"Natural Cure","moves":["thunderbolt","trick","hydropump","icebeam"],"nature":"Modest","evs":{"hp":4,"atk":0,"def":0,"spa":252,"spd":0,"spe":252},"shiny":true,"ivs":{"hp":31,"atk":31,"def":31,"spa":31,"spd":31,"spe":31}},{"name":"Azumarill","species":"Azumarill","item":"choiceband","ability":"Huge Power","moves":["waterfall","aquajet","superpower","icepunch"],"nature":"Adamant","evs":{"hp":252,"atk":252,"def":0,"spa":0,"spd":0,"spe":4},"gender":"F","shiny":true,"ivs":{"hp":31,"atk":31,"def":31,"spa":31,"spd":31,"spe":31}},{"name":"Lanturn","species":"Lanturn","item":"leftovers","ability":"Volt Absorb","moves":["thunderwave","scald","chargebeam","icebeam"],"nature":"Calm","evs":{"hp":252,"atk":0,"def":4,"spa":0,"spd":252,"spe":0},"shiny":true,"ivs":{"hp":31,"atk":31,"def":31,"spa":31,"spd":31,"spe":31}}],"log":["|player|p1|LTIL-Tahit|169","|player|p2|samuelwade223|290","|gametype|singles","|gen|6","|tier|Monotype","|rated","|rule|Baton Pass Clause: Limit one Baton Passer, can't pass Spe and other stats simultaneously","|rule|Swagger Clause: Swagger is banned","|rule|Same Type Clause: Pokémon in a team must share a type","|clearpoke","|poke|p1|Terrakion","|poke|p1|Medicham, M","|poke|p1|Conkeldurr, M","|poke|p1|Chesnaught, F","|poke|p1|Hawlucha, M","|poke|p1|Hitmonlee, M","|poke|p2|Tentacruel, M, shiny","|poke|p2|Suicune, shiny","|poke|p2|Gyarados, F, shiny","|poke|p2|Starmie, shiny","|poke|p2|Azumarill, F, shiny","|poke|p2|Lanturn, M, shiny","|rule|Sleep Clause Mod: Limit one foe put to sleep","|rule|Species Clause: Limit one of each Pokémon","|rule|OHKO Clause: OHKO moves are banned","|rule|Moody Clause: Moody is banned","|rule|Evasion Moves Clause: Evasion moves are banned","|rule|Endless Battle Clause: Forcing endless battles is banned","|rule|HP Percentage Mod: HP is shown in percentages","|teampreview","|","|start","|switch|p1a: Chesnaught|Chesnaught, F|380/380","|switch|p2a: Tentacruel|Tentacruel, M, shiny|302/302","|turn|1","|","|move|p2a: Tentacruel|Rain Dance|p2a: Tentacruel","|-weather|RainDance","|move|p1a: Chesnaught|Leech Seed|p2a: Tentacruel","|-start|p2a: Tentacruel|move: Leech Seed","|","|-weather|RainDance|[upkeep]","|-damage|p2a: Tentacruel|265/302|[from] Leech Seed|[of] p1a: Chesnaught","|turn|2","|","|move|p2a: Tentacruel|Toxic Spikes|p1a: Chesnaught","|-sidestart|p1: LTIL-Tahit|move: Toxic Spikes","|move|p1a: Chesnaught|Spikes|p2a: Tentacruel","|-sidestart|p2: samuelwade223|Spikes","|","|-weather|RainDance|[upkeep]","|-heal|p2a: Tentacruel|283/302|[from] ability: Rain Dish","|-heal|p2a: Tentacruel|301/302|[from] item: Black Sludge","|-damage|p2a: Tentacruel|264/302|[from] Leech Seed|[of] p1a: Chesnaught","|turn|3","|","|move|p2a: Tentacruel|Toxic Spikes|p1a: Chesnaught","|-sidestart|p1: LTIL-Tahit|move: Toxic Spikes","|move|p1a: Chesnaught|Spikes|p2a: Tentacruel","|-sidestart|p2: samuelwade223|Spikes","|","|-weather|RainDance|[upkeep]","|-heal|p2a: Tentacruel|282/302|[from] ability: Rain Dish","|-heal|p2a: Tentacruel|300/302|[from] item: Black Sludge","|-damage|p2a: Tentacruel|263/302|[from] Leech Seed|[of] p1a: Chesnaught","|turn|4","|","|move|p1a: Chesnaught|Spiky Shield|p1a: Chesnaught","|-singleturn|p1a: Chesnaught|move: Protect","|move|p2a: Tentacruel|Rapid Spin|p1a: Chesnaught","|-activate|p1a: Chesnaught|Protect","|-damage|p2a: Tentacruel|226/302|[from] Spiky Shield|[of] p1a: Chesnaught","|","|-weather|RainDance|[upkeep]","|-heal|p2a: Tentacruel|244/302|[from] ability: Rain Dish","|-heal|p2a: Tentacruel|262/302|[from] item: Black Sludge","|-damage|p2a: Tentacruel|225/302|[from] Leech Seed|[of] p1a: Chesnaught","|turn|5","|","|move|p2a: Tentacruel|Rapid Spin|p1a: Chesnaught","|-damage|p1a: Chesnaught|370/380","|-end|p2a: Tentacruel|Leech Seed|[from] move: Rapid Spin|[of] p2a: Tentacruel","|-sideend|p2: samuelwade223|Spikes|[from] move: Rapid Spin|[of] p2a: Tentacruel","|move|p1a: Chesnaught|Leech Seed|p2a: Tentacruel","|-start|p2a: Tentacruel|move: Leech Seed","|","|-weather|none","|-heal|p2a: Tentacruel|243/302|[from] item: Black Sludge","|-heal|p1a: Chesnaught|380/380|[from] item: Leftovers","|-damage|p2a: Tentacruel|206/302|[from] Leech Seed|[of] p1a: Chesnaught","|turn|6","|","|move|p2a: Tentacruel|Rain Dance|p2a: Tentacruel","|-weather|RainDance","|move|p1a: Chesnaught|Spikes|p2a: Tentacruel","|-sidestart|p2: samuelwade223|Spikes","|","|-weather|RainDance|[upkeep]","|-heal|p2a: Tentacruel|224/302|[from] ability: Rain Dish","|-heal|p2a: Tentacruel|242/302|[from] item: Black Sludge","|-damage|p2a: Tentacruel|205/302|[from] Leech Seed|[of] p1a: Chesnaught","|turn|7","|","|move|p1a: Chesnaught|Spiky Shield|p1a: Chesnaught","|-singleturn|p1a: Chesnaught|move: Protect","|move|p2a: Tentacruel|Scald|p1a: Chesnaught","|-activate|p1a: Chesnaught|Protect","|","|-weather|RainDance|[upkeep]","|-heal|p2a: Tentacruel|223/302|[from] ability: Rain Dish","|-heal|p2a: Tentacruel|241/302|[from] item: Black Sludge","|-damage|p2a: Tentacruel|204/302|[from] Leech Seed|[of] p1a: Chesnaught","|turn|8","|","|move|p2a: Tentacruel|Rapid Spin|p1a: Chesnaught","|-damage|p1a: Chesnaught|371/380","|-end|p2a: Tentacruel|Leech Seed|[from] move: Rapid Spin|[of] p2a: Tentacruel","|-sideend|p2: samuelwade223|Spikes|[from] move: Rapid Spin|[of] p2a: Tentacruel","|move|p1a: Chesnaught|Spikes|p2a: Tentacruel","|-sidestart|p2: samuelwade223|Spikes","|","|-weather|RainDance|[upkeep]","|-heal|p2a: Tentacruel|222/302|[from] ability: Rain Dish","|-heal|p2a: Tentacruel|240/302|[from] item: Black Sludge","|-heal|p1a: Chesnaught|380/380|[from] item: Leftovers","|turn|9","|","|move|p2a: Tentacruel|Scald|p1a: Chesnaught","|-resisted|p1a: Chesnaught","|-damage|p1a: Chesnaught|327/380","|-status|p1a: Chesnaught|brn","|move|p1a: Chesnaught|Leech Seed|p2a: Tentacruel","|-start|p2a: Tentacruel|move: Leech Seed","|","|-weather|RainDance|[upkeep]","|-heal|p2a: Tentacruel|258/302|[from] ability: Rain Dish","|-heal|p2a: Tentacruel|276/302|[from] item: Black Sludge","|-heal|p1a: Chesnaught|350/380 brn|[from] item: Leftovers","|-damage|p2a: Tentacruel|239/302|[from] Leech Seed|[of] p1a: Chesnaught","|-heal|p1a: Chesnaught|380/380 brn|[silent]","|-damage|p1a: Chesnaught|333/380 brn|[from] brn","|turn|10","|","|move|p1a: Chesnaught|Spiky Shield|p1a: Chesnaught","|-singleturn|p1a: Chesnaught|move: Protect","|move|p2a: Tentacruel|Rapid Spin|p1a: Chesnaught","|-activate|p1a: Chesnaught|Protect","|-damage|p2a: Tentacruel|202/302|[from] Spiky Shield|[of] p1a: Chesnaught","|","|-weather|none","|-heal|p2a: Tentacruel|220/302|[from] item: Black Sludge","|-heal|p1a: Chesnaught|356/380 brn|[from] item: Leftovers","|-damage|p2a: Tentacruel|183/302|[from] Leech Seed|[of] p1a: Chesnaught","|-heal|p1a: Chesnaught|380/380 brn|[silent]","|-damage|p1a: Chesnaught|333/380 brn|[from] brn","|turn|11","|","|move|p2a: Tentacruel|Rapid Spin|p1a: Chesnaught","|-damage|p1a: Chesnaught|323/380 brn","|-end|p2a: Tentacruel|Leech Seed|[from] move: Rapid Spin|[of] p2a: Tentacruel","|-sideend|p2: samuelwade223|Spikes|[from] move: Rapid Spin|[of] p2a: Tentacruel","|move|p1a: Chesnaught|Spikes|p2a: Tentacruel","|-sidestart|p2: samuelwade223|Spikes","|","|-heal|p2a: Tentacruel|201/302|[from] item: Black Sludge","|-heal|p1a: Chesnaught|346/380 brn|[from] item: Leftovers","|-damage|p1a: Chesnaught|299/380 brn|[from] brn","|turn|12","|","|move|p2a: Tentacruel|Rain Dance|p2a: Tentacruel","|-weather|RainDance","|move|p1a: Chesnaught|Leech Seed|p2a: Tentacruel","|-start|p2a: Tentacruel|move: Leech Seed","|","|-weather|RainDance|[upkeep]","|-heal|p2a: Tentacruel|219/302|[from] ability: Rain Dish","|-heal|p2a: Tentacruel|237/302|[from] item: Black Sludge","|-heal|p1a: Chesnaught|322/380 brn|[from] item: Leftovers","|-damage|p2a: Tentacruel|200/302|[from] Leech Seed|[of] p1a: Chesnaught","|-heal|p1a: Chesnaught|359/380 brn|[silent]","|-damage|p1a: Chesnaught|312/380 brn|[from] brn","|turn|13","|","|move|p2a: Tentacruel|Scald|p1a: Chesnaught","|-resisted|p1a: Chesnaught","|-damage|p1a: Chesnaught|262/380 brn","|move|p1a: Chesnaught|Spikes|p2a: Tentacruel","|-sidestart|p2: samuelwade223|Spikes","|","|-weather|RainDance|[upkeep]","|-heal|p2a: Tentacruel|218/302|[from] ability: Rain Dish","|-heal|p2a: Tentacruel|236/302|[from] item: Black Sludge","|-heal|p1a: Chesnaught|285/380 brn|[from] item: Leftovers","|-damage|p2a: Tentacruel|199/302|[from] Leech Seed|[of] p1a: Chesnaught","|-heal|p1a: Chesnaught|322/380 brn|[silent]","|-damage|p1a: Chesnaught|275/380 brn|[from] brn","|turn|14","|","|move|p1a: Chesnaught|Spiky Shield|p1a: Chesnaught","|-singleturn|p1a: Chesnaught|move: Protect","|move|p2a: Tentacruel|Rapid Spin|p1a: Chesnaught","|-activate|p1a: Chesnaught|Protect","|-damage|p2a: Tentacruel|162/302|[from] Spiky Shield|[of] p1a: Chesnaught","|","|-weather|RainDance|[upkeep]","|-heal|p2a: Tentacruel|180/302|[from] ability: Rain Dish","|-heal|p2a: Tentacruel|198/302|[from] item: Black Sludge","|-heal|p1a: Chesnaught|298/380 brn|[from] item: Leftovers","|-damage|p2a: Tentacruel|161/302|[from] Leech Seed|[of] p1a: Chesnaught","|-heal|p1a: Chesnaught|335/380 brn|[silent]","|-damage|p1a: Chesnaught|288/380 brn|[from] brn","|turn|15","|","|switch|p2a: Gyarados|Gyarados, F, shiny|332/332","|move|p1a: Chesnaught|Spiky Shield|p1a: Chesnaught","|-fail|p1a: Chesnaught","|","|-weather|RainDance|[upkeep]","|-heal|p1a: Chesnaught|311/380 brn|[from] item: Leftovers","|-damage|p1a: Chesnaught|264/380 brn|[from] brn","|turn|16","|","|move|p2a: Gyarados|Dragon Dance|p2a: Gyarados","|-boost|p2a: Gyarados|atk|1","|-boost|p2a: Gyarados|spe|1","|move|p1a: Chesnaught|Leech Seed|p2a: Gyarados","|-start|p2a: Gyarados|move: Leech Seed","|","|-weather|none","|-heal|p1a: Chesnaught|287/380 brn|[from] item: Leftovers","|-damage|p2a: Gyarados|291/332|[from] Leech Seed|[of] p1a: Chesnaught","|-heal|p1a: Chesnaught|328/380 brn|[silent]","|-damage|p1a: Chesnaught|281/380 brn|[from] brn","|turn|17","|","|move|p2a: Gyarados|Dragon Dance|p2a: Gyarados","|-boost|p2a: Gyarados|atk|1","|-boost|p2a: Gyarados|spe|1","|move|p1a: Chesnaught|Spikes|p2a: Gyarados","|-sidestart|p2: samuelwade223|Spikes","|","|-heal|p1a: Chesnaught|304/380 brn|[from] item: Leftovers","|-damage|p2a: Gyarados|250/332|[from] Leech Seed|[of] p1a: Chesnaught","|-heal|p1a: Chesnaught|345/380 brn|[silent]","|-damage|p1a: Chesnaught|298/380 brn|[from] brn","|turn|18","|","|move|p1a: Chesnaught|Spiky Shield|p1a: Chesnaught","|-singleturn|p1a: Chesnaught|move: Protect","|move|p2a: Gyarados|Earthquake|p1a: Chesnaught","|-activate|p1a: Chesnaught|Protect","|","|-heal|p1a: Chesnaught|321/380 brn|[from] item: Leftovers","|-damage|p2a: Gyarados|209/332|[from] Leech Seed|[of] p1a: Chesnaught","|-heal|p1a: Chesnaught|362/380 brn|[silent]","|-damage|p1a: Chesnaught|315/380 brn|[from] brn","|turn|19","|","|move|p2a: Gyarados|Earthquake|p1a: Chesnaught","|-resisted|p1a: Chesnaught","|-damage|p1a: Chesnaught|216/380 brn","|move|p1a: Chesnaught|Drain Punch|p2a: Gyarados","|-resisted|p2a: Gyarados","|-damage|p2a: Gyarados|183/332","|-heal|p1a: Chesnaught|229/380 brn|[from] drain|[of] p2a: Gyarados","|","|-heal|p1a: Chesnaught|252/380 brn|[from] item: Leftovers","|-damage|p2a: Gyarados|142/332|[from] Leech Seed|[of] p1a: Chesnaught","|-heal|p1a: Chesnaught|293/380 brn|[silent]","|-damage|p1a: Chesnaught|246/380 brn|[from] brn","|turn|20","|","|move|p1a: Chesnaught|Spiky Shield|p1a: Chesnaught","|-singleturn|p1a: Chesnaught|move: Protect","|move|p2a: Gyarados|Stone Edge|p1a: Chesnaught","|-activate|p1a: Chesnaught|Protect","|","|-heal|p1a: Chesnaught|269/380 brn|[from] item: Leftovers","|-damage|p2a: Gyarados|101/332|[from] Leech Seed|[of] p1a: Chesnaught","|-heal|p1a: Chesnaught|310/380 brn|[silent]","|-damage|p1a: Chesnaught|263/380 brn|[from] brn","|turn|21","|","|move|p2a: Gyarados|Stone Edge|p1a: Chesnaught","|-crit|p1a: Chesnaught","|-resisted|p1a: Chesnaught","|-damage|p1a: Chesnaught|111/380 brn","|move|p1a: Chesnaught|Drain Punch|p2a: Gyarados","|-resisted|p2a: Gyarados","|-damage|p2a: Gyarados|72/332","|-heal|p1a: Chesnaught|126/380 brn|[from] drain|[of] p2a: Gyarados","|","|-heal|p1a: Chesnaught|149/380 brn|[from] item: Leftovers","|-damage|p2a: Gyarados|31/332|[from] Leech Seed|[of] p1a: Chesnaught","|-heal|p1a: Chesnaught|190/380 brn|[silent]","|-damage|p1a: Chesnaught|143/380 brn|[from] brn","|turn|22","|","|move|p1a: Chesnaught|Spiky Shield|p1a: Chesnaught","|-singleturn|p1a: Chesnaught|move: Protect","|move|p2a: Gyarados|Stone Edge|p1a: Chesnaught","|-activate|p1a: Chesnaught|Protect","|","|-heal|p1a: Chesnaught|166/380 brn|[from] item: Leftovers","|-damage|p2a: Gyarados|0 fnt|[from] Leech Seed|[of] p1a: Chesnaught","|-heal|p1a: Chesnaught|197/380 brn|[silent]","|-damage|p1a: Chesnaught|150/380 brn|[from] brn","|faint|p2a: Gyarados","|","|switch|p2a: Starmie|Starmie, shiny|262/262","|-damage|p2a: Starmie|197/262|[from] Spikes","|turn|23","|","|move|p2a: Starmie|Ice Beam|p1a: Chesnaught","|-supereffective|p1a: Chesnaught","|-damage|p1a: Chesnaught|0 fnt","|faint|p1a: Chesnaught","|","|","|switch|p1a: Hawlucha|Hawlucha, M|300/300","|turn|24","|","|switch|p2a: Tentacruel|Tentacruel, M, shiny|161/302","|-damage|p2a: Tentacruel|86/302|[from] Spikes","|move|p1a: Hawlucha|Substitute|p1a: Hawlucha","|-start|p1a: Hawlucha|Substitute","|-damage|p1a: Hawlucha|225/300","|","|-heal|p2a: Tentacruel|104/302|[from] item: Black Sludge","|turn|25","|","|move|p1a: Hawlucha|Swords Dance|p1a: Hawlucha","|-boost|p1a: Hawlucha|atk|2","|move|p2a: Tentacruel|Rapid Spin|p1a: Hawlucha","|-activate|p1a: Hawlucha|Substitute|[damage]","|-sideend|p2: samuelwade223|Spikes|[from] move: Rapid Spin|[of] p2a: Tentacruel","|","|-heal|p2a: Tentacruel|122/302|[from] item: Black Sludge","|turn|26","|","|move|p1a: Hawlucha|Acrobatics|p2a: Tentacruel","|-damage|p2a: Tentacruel|0 fnt","|faint|p2a: Tentacruel","|","|","|switch|p2a: Suicune|Suicune, shiny|404/404","|-ability|p2a: Suicune|Pressure","|turn|27","|","|move|p1a: Hawlucha|Acrobatics|p2a: Suicune","|-damage|p2a: Suicune|299/404","|move|p2a: Suicune|Calm Mind|p2a: Suicune","|-boost|p2a: Suicune|spa|1","|-boost|p2a: Suicune|spd|1","|","|-heal|p2a: Suicune|324/404|[from] item: Leftovers","|turn|28","|","|move|p1a: Hawlucha|High Jump Kick|p2a: Suicune|[miss]","|-miss|p1a: Hawlucha|p2a: Suicune","|-damage|p1a: Hawlucha|75/300|[from] highjumpkick","|-enditem|p1a: Hawlucha|Sitrus Berry|[eat]","|-heal|p1a: Hawlucha|150/300|[from] item: Sitrus Berry","|move|p2a: Suicune|Calm Mind|p2a: Suicune","|-boost|p2a: Suicune|spa|1","|-boost|p2a: Suicune|spd|1","|","|-heal|p2a: Suicune|349/404|[from] item: Leftovers","|turn|29","|","|move|p1a: Hawlucha|Acrobatics|p2a: Suicune","|-damage|p2a: Suicune|156/404","|move|p2a: Suicune|Calm Mind|p2a: Suicune","|-boost|p2a: Suicune|spa|1","|-boost|p2a: Suicune|spd|1","|","|-heal|p2a: Suicune|181/404|[from] item: Leftovers","|turn|30","|","|move|p1a: Hawlucha|Acrobatics|p2a: Suicune","|-damage|p2a: Suicune|0 fnt","|faint|p2a: Suicune","|","|","|switch|p2a: Azumarill|Azumarill, F, shiny|404/404","|turn|31","|","|move|p2a: Azumarill|Aqua Jet|p1a: Hawlucha","|-end|p1a: Hawlucha|Substitute","|move|p1a: Hawlucha|Acrobatics|p2a: Azumarill","|-damage|p2a: Azumarill|43/404","|","|turn|32","|","|move|p2a: Azumarill|Aqua Jet|p1a: Hawlucha","|-damage|p1a: Hawlucha|0 fnt","|faint|p1a: Hawlucha","|","|","|switch|p1a: Hitmonlee|Hitmonlee, M|242/242","|-status|p1a: Hitmonlee|tox","|turn|33","|","|move|p1a: Hitmonlee|Fake Out|p2a: Azumarill","|-damage|p2a: Azumarill|0 fnt","|faint|p2a: Azumarill","|","|-damage|p1a: Hitmonlee|227/242 tox|[from] psn","|","|switch|p2a: Starmie|Starmie, shiny|197/262","|turn|34","|","|move|p2a: Starmie|Hydro Pump|p1a: Hitmonlee","|-damage|p1a: Hitmonlee|56/242 tox","|move|p1a: Hitmonlee|Close Combat|p2a: Starmie","|-resisted|p2a: Starmie","|-damage|p2a: Starmie|65/262","|-unboost|p1a: Hitmonlee|def|1","|-unboost|p1a: Hitmonlee|spd|1","|-enditem|p1a: Hitmonlee|White Herb","|-restoreboost|p1a: Hitmonlee|[silent]","|","|-damage|p1a: Hitmonlee|26/242 tox|[from] psn","|turn|35","|","|move|p1a: Hitmonlee|Close Combat|p2a: Starmie","|-resisted|p2a: Starmie","|-damage|p2a: Starmie|0 fnt","|-unboost|p1a: Hitmonlee|def|1","|-unboost|p1a: Hitmonlee|spd|1","|faint|p2a: Starmie","|","|-damage|p1a: Hitmonlee|0 fnt|[from] psn","|faint|p1a: Hitmonlee","|","|switch|p1a: Medicham|Medicham, M|261/261","|switch|p2a: Lanturn|Lanturn, M, shiny|454/454","|-status|p1a: Medicham|tox","|turn|36","|","|detailschange|p1a: Medicham|Medicham-Mega, M","|-mega|p1a: Medicham|Medicham|Medichamite","|move|p1a: Medicham|Fake Out|p2a: Lanturn","|-damage|p2a: Lanturn|321/454","|cant|p2a: Lanturn|flinch","|","|-heal|p2a: Lanturn|349/454|[from] item: Leftovers","|-damage|p1a: Medicham|245/261 tox|[from] psn","|turn|37","|","|move|p1a: Medicham|High Jump Kick|p2a: Lanturn","|-damage|p2a: Lanturn|0 fnt","|faint|p2a: Lanturn","|","|win|LTIL-Tahit"],"p1rating":{"entryid":"6925118","serverid":"eos","formatid":"monotype","userid":"ltiltahit","username":"LTIL-Tahit","w":39,"l":"40","t":"0","gxe":50.1,"r":"1487.0572827682","rd":"50.373019293434","sigma":"0","rptime":"1438678800","rpr":1500.9049011378,"rprd":45.200153823776,"rpsigma":"0","acre":1213.912885928,"lacre":1213.912885928,"oldacre":"1198.0229548025"},"p2rating":{"entryid":"7061762","serverid":"eos","formatid":"monotype","userid":"samuelwade223","username":"samuelwade223","w":"14","l":33,"t":"0","gxe":34.2,"r":"1389.6604156434","rd":"53.395113161185","sigma":"0","rptime":"1438678800","rpr":1375.6405569065,"rprd":51.973667538137,"rpsigma":"0","acre":1052.7352897497,"lacre":1052.7352897497,"oldacre":"1065.3187221797"},"endType":"normal"}