{"seed":[10495,20565,3747,55081],"turns":23,"p1":"im mad right now","p2":"Dusk Ravias","p1team":[{"name":"Mienshao","species":"Mienshao","item":"choicespecs","ability":"Regenerator","moves":["aurasphere","grassknot","hiddenpowerrock","focusblast"],"nature":"Timid","evs":{"hp":4,"atk":0,"def":0,"spa":252,"spd":0,"spe":252},"ivs":{"hp":31,"atk":31,"def":30,"spa":31,"spd":30,"spe":30}},{"name":"Machamp","species":"Machamp","item":"assaultvest","ability":"No Guard","moves":["dynamicpunch","bulletpunch","knockoff","stoneedge"],"nature":"Adamant","evs":{"hp":252,"atk":252,"def":0,"spa":0,"spd":4,"spe":0},"ivs":{"hp":31,"atk":31,"def":31,"spa":31,"spd":31,"spe":31}},{"name":"Breloom","species":"Breloom","item":"focussash","ability":"Technician","moves":["spore","machpunch","rocktomb","bulletseed"],"nature":"Adamant","evs":{"hp":4,"atk":252,"def":0,"spa":0,"spd":0,"spe":252},"ivs":{"hp":31,"atk":31,"def":31,"spa":31,"spd":31,"spe":31}},{"name":"Cobalion","species":"Cobalion","item":"leftovers","ability":"Justified","moves":["stealthrock","flashcannon","thunderwave","hiddenpowerdark"],"nature":"Bold","evs":{"hp":0,"atk":0,"def":252,"spa":252,"spd":4,"spe":0},"ivs":{"hp":31,"atk":31,"def":31,"spe":31,"spa":31,"spd":31}},{"name":"Toxicroak","species":"Toxicroak","item":"blacksludge","ability":"Dry Skin","moves":["swordsdance","gunkshot","drainpunch","suckerpunch"],"nature":"Jolly","evs":{"hp":0,"atk":252,"def":0,"spa":0,"spd":4,"spe":252},"ivs":{"hp":31,"atk":31,"def":31,"spa":31,"spd":31,"spe":31}},{"name":"Medicham","species":"Medicham","item":"medichamite","ability":"Pure Power","moves":["bulletpunch","fakeout","thunderpunch","highjumpkick"],"nature":"Jolly","evs":{"hp":0,"atk":252,"def":0,"spa":0,"spd":4,"spe":252},"ivs":{"hp":31,"atk":31,"def":31,"spa":31,"spd":31,"spe":31}}],"p2team":[{"name":"Tyranitar","species":"Tyranitar","item":"assaultvest","ability":"Sand Stream","moves":["stoneedge","crunch","icebeam","fireblast"],"nature":"Sassy","evs":{"hp":248,"atk":148,"def":0,"spa":8,"spd":104,"spe":0},"gender":"M","ivs":{"hp":31,"atk":31,"def":31,"spa":31,"spd":31,"spe":31}},{"name":"Rhyperior","species":"Rhyperior","item":"weaknesspolicy","ability":"Solid Rock","moves":["stoneedge","earthquake","firepunch","rockpolish"],"nature":"Adamant","evs":{"hp":212,"atk":44,"def":252,"spa":0,"spd":0,"spe":0},"gender":"M","ivs":{"hp":31,"atk":31,"def":31,"spa":31,"spd":31,"spe":31}},{"name":"Cradily","species":"Cradily","item":"leftovers","ability":"Storm Drain","moves":["gigadrain","mirrorcoat","recover","toxic"],"nature":"Bold","evs":{"hp":252,"atk":0,"def":196,"spa":4,"spd":56,"spe":0},"gender":"F","ivs":{"hp":31,"atk":31,"def":31,"spa":31,"spd":31,"spe":31}},{"name":"Diancie","species":"Diancie","item":"diancite","ability":"Clear Body","moves":["moonblast","diamondstorm","earthpower","protect"],"nature":"Naive","evs":{"hp":0,"atk":4,"def":0,"spa":252,"spd":0,"spe":252},"ivs":{"hp":31,"atk":31,"def":31,"spa":31,"spd":31,"spe":31}},{"name":"Shuckle","species":"Shuckle","item":"mentalherb","ability":"Sturdy","moves":["stealthrock","stickyweb","knockoff","encore"],"nature":"Impish","evs":{"hp":248,"atk":8,"def":252,"spa":0,"spd":0,"spe":0},"gender":"M","shiny":true,"ivs":{"hp":31,"atk":31,"def":31,"spa":31,"spd":31,"spe":31}},{"name":"Terrakion","species":"Terrakion","item":"choicescarf","ability":"Justified","moves":["stoneedge","closecombat","xscissor","quickattack"],"nature":"Jolly","evs":{"hp":0,"atk":252,"def":0,"spa":0,"spd":4,"spe":252},"ivs":{"hp":31,"atk":31,"def":31,"spa":31,"spd":31,"spe":31}}],"log":["|player|p1|im mad right now|10","|player|p2|Dusk Ravias|65","|gametype|singles","|gen|6","|tier|Monotype","|rated","|rule|Baton Pass Clause: Limit one Baton Passer, can't pass Spe and other stats simultaneously","|rule|Swagger Clause: Swagger is banned","|rule|Same Type Clause: Pokémon in a team must share a type","|clearpoke","|poke|p1|Mienshao, F","|poke|p1|Machamp, M","|poke|p1|Breloom, F","|poke|p1|Cobalion","|poke|p1|Toxicroak, F","|poke|p1|Medicham, M","|poke|p2|Tyranitar, M","|poke|p2|Rhyperior, M","|poke|p2|Cradily, F","|poke|p2|Diancie","|poke|p2|Shuckle, M, shiny","|poke|p2|Terrakion","|rule|Sleep Clause Mod: Limit one foe put to sleep","|rule|Species Clause: Limit one of each Pokémon","|rule|OHKO Clause: OHKO moves are banned","|rule|Moody Clause: Moody is banned","|rule|Evasion Moves Clause: Evasion moves are banned","|rule|Endless Battle Clause: Forcing endless battles is banned","|rule|HP Percentage Mod: HP is shown in percentages","|teampreview","|","|start","|switch|p1a: Machamp|Machamp, M|384/384","|switch|p2a: Shuckle|Shuckle, M, shiny|243/243","|turn|1","|","|move|p1a: Machamp|Dynamic Punch|p2a: Shuckle","|-damage|p2a: Shuckle|173/243","|-start|p2a: Shuckle|confusion","|-activate|p2a: Shuckle|confusion","|move|p2a: Shuckle|Sticky Web|p1a: Machamp","|-sidestart|p1: im mad right now|move: Sticky Web","|","|turn|2","|","|move|p1a: Machamp|Knock Off|p2a: Shuckle","|-damage|p2a: Shuckle|119/243","|-enditem|p2a: Shuckle|Mental Herb|[from] move: Knock Off|[of] p1a: Machamp","|-activate|p2a: Shuckle|confusion","|-damage|p2a: Shuckle|115/243|[from] confusion","|","|turn|3","|","|move|p1a: Machamp|Bullet Punch|p2a: Shuckle","|-supereffective|p2a: Shuckle","|-damage|p2a: Shuckle|73/243","|-end|p2a: Shuckle|confusion","|move|p2a: Shuckle|Stealth Rock|p1a: Machamp","|-sidestart|p1: im mad right now|move: Stealth Rock","|","|turn|4","|","|move|p1a: Machamp|Dynamic Punch|p2a: Shuckle","|-damage|p2a: Shuckle|0 fnt","|faint|p2a: Shuckle","|","|","|switch|p2a: Rhyperior|Rhyperior, M|424/424","|turn|5","|","|move|p1a: Machamp|Dynamic Punch|p2a: Rhyperior","|-supereffective|p2a: Rhyperior","|-damage|p2a: Rhyperior|217/424","|-enditem|p2a: Rhyperior|Weakness Policy","|-boost|p2a: Rhyperior|atk|2|[from] item: Weakness Policy","|-boost|p2a: Rhyperior|spa|2|[from] item: Weakness Policy","|-start|p2a: Rhyperior|confusion","|-activate|p2a: Rhyperior|confusion","|-damage|p2a: Rhyperior|152/424|[from] confusion","|","|turn|6","|","|move|p1a: Machamp|Dynamic Punch|p2a: Rhyperior","|-crit|p2a: Rhyperior","|-supereffective|p2a: Rhyperior","|-damage|p2a: Rhyperior|0 fnt","|faint|p2a: Rhyperior","|","|","|switch|p2a: Diancie|Diancie|241/241","|turn|7","|","|detailschange|p2a: Diancie|Diancie-Mega","|-mega|p2a: Diancie|Diancie|Diancite","|move|p2a: Diancie|Protect|p2a: Diancie","|-singleturn|p2a: Diancie|Protect","|move|p1a: Machamp|Bullet Punch|p2a: Diancie","|-activate|p2a: Diancie|Protect","|","|turn|8","|","|move|p2a: Diancie|Moonblast|p1a: Machamp","|-supereffective|p1a: Machamp","|-damage|p1a: Machamp|100/384","|move|p1a: Machamp|Dynamic Punch|p2a: Diancie","|-damage|p2a: Diancie|67/241","|-start|p2a: Diancie|confusion","|","|turn|9","|","|switch|p2a: Cradily|Cradily, F|376/376","|move|p1a: Machamp|Bullet Punch|p2a: Cradily","|-supereffective|p2a: Cradily","|-damage|p2a: Cradily|296/376","|","|-heal|p2a: Cradily|319/376|[from] item: Leftovers","|turn|10","|","|move|p1a: Machamp|Bullet Punch|p2a: Cradily","|-supereffective|p2a: Cradily","|-damage|p2a: Cradily|231/376","|move|p2a: Cradily|Toxic|p1a: Machamp","|-status|p1a: Machamp|tox","|","|-heal|p2a: Cradily|254/376|[from] item: Leftovers","|-damage|p1a: Machamp|76/384 tox|[from] psn","|turn|11","|","|move|p1a: Machamp|Dynamic Punch|p2a: Cradily","|-supereffective|p2a: Cradily","|-damage|p2a: Cradily|0 fnt","|faint|p2a: Cradily","|","|-damage|p1a: Machamp|28/384 tox|[from] psn","|","|switch|p2a: Diancie|Diancie-Mega|67/241","|turn|12","|","|move|p2a: Diancie|Protect|p2a: Diancie","|-singleturn|p2a: Diancie|Protect","|move|p1a: Machamp|Bullet Punch|p2a: Diancie","|-activate|p2a: Diancie|Protect","|","|-damage|p1a: Machamp|0 fnt|[from] psn","|faint|p1a: Machamp","|","|switch|p1a: Medicham|Medicham, M|261/261","|-activate|p1a: Medicham|move: Sticky Web","|-unboost|p1a: Medicham|spe|1","|-damage|p1a: Medicham|245/261|[from] Stealth Rock","|turn|13","|","|switch|p2a: Tyranitar|Tyranitar, M|403/403","|-weather|Sandstorm","|detailschange|p1a: Medicham|Medicham-Mega, M","|-mega|p1a: Medicham|Medicham|Medichamite","|move|p1a: Medicham|Fake Out|p2a: Tyranitar","|-resisted|p2a: Tyranitar","|-damage|p2a: Tyranitar|365/403","|","|-weather|Sandstorm|[upkeep]","|-damage|p1a: Medicham|229/261|[from] sandstorm","|turn|14","|","|move|p1a: Medicham|High Jump Kick|p2a: Tyranitar","|-supereffective|p2a: Tyranitar","|-damage|p2a: Tyranitar|0 fnt","|faint|p2a: Tyranitar","|","|-weather|Sandstorm|[upkeep]","|-damage|p1a: Medicham|213/261|[from] sandstorm","|","|switch|p2a: Terrakion|Terrakion|323/323","|turn|15","|","|switch|p1a: Toxicroak|Toxicroak, F|307/307","|-damage|p1a: Toxicroak|288/307|[from] Stealth Rock","|-activate|p1a: Toxicroak|move: Sticky Web","|-unboost|p1a: Toxicroak|spe|1","|move|p2a: Terrakion|Close Combat|p1a: Toxicroak","|-resisted|p1a: Toxicroak","|-damage|p1a: Toxicroak|145/307","|-unboost|p2a: Terrakion|def|1","|-unboost|p2a: Terrakion|spd|1","|","|-weather|Sandstorm|[upkeep]","|-damage|p1a: Toxicroak|126/307|[from] sandstorm","|-heal|p1a: Toxicroak|145/307|[from] item: Black Sludge","|turn|16","|","|move|p2a: Terrakion|Close Combat|p1a: Toxicroak","|-resisted|p1a: Toxicroak","|-damage|p1a: Toxicroak|0 fnt","|-unboost|p2a: Terrakion|def|1","|-unboost|p2a: Terrakion|spd|1","|faint|p1a: Toxicroak","|","|-weather|Sandstorm|[upkeep]","|","|switch|p1a: Breloom|Breloom, F|262/262","|-damage|p1a: Breloom|246/262|[from] Stealth Rock","|-activate|p1a: Breloom|move: Sticky Web","|-unboost|p1a: Breloom|spe|1","|turn|17","|","|move|p2a: Terrakion|Close Combat|p1a: Breloom","|-crit|p1a: Breloom","|-damage|p1a: Breloom|0 fnt","|-unboost|p2a: Terrakion|def|1","|-unboost|p2a: Terrakion|spd|1","|faint|p1a: Breloom","|","|-weather|none","|","|switch|p1a: Mienshao|Mienshao, F|272/272","|-damage|p1a: Mienshao|255/272|[from] Stealth Rock","|-activate|p1a: Mienshao|move: Sticky Web","|-unboost|p1a: Mienshao|spe|1","|turn|18","|","|move|p2a: Terrakion|Close Combat|p1a: Mienshao","|-damage|p1a: Mienshao|0 fnt","|-unboost|p2a: Terrakion|def|1","|-unboost|p2a: Terrakion|spd|1","|faint|p1a: Mienshao","|","|","|switch|p1a: Medicham|Medicham-Mega, M|213/261","|-damage|p1a: Medicham|197/261|[from] Stealth Rock","|-activate|p1a: Medicham|move: Sticky Web","|-unboost|p1a: Medicham|spe|1","|turn|19","|","|switch|p2a: Diancie|Diancie-Mega|67/241","|move|p1a: Medicham|Bullet Punch|p2a: Diancie","|-supereffective|p2a: Diancie","|-damage|p2a: Diancie|0 fnt","|faint|p2a: Diancie","|","|","|switch|p2a: Terrakion|Terrakion|323/323","|turn|20","|","|switch|p1a: Cobalion|Cobalion|323/323","|-activate|p1a: Cobalion|move: Sticky Web","|-unboost|p1a: Cobalion|spe|1","|-damage|p1a: Cobalion|313/323|[from] Stealth Rock","|move|p2a: Terrakion|Close Combat|p1a: Cobalion","|-supereffective|p1a: Cobalion","|-damage|p1a: Cobalion|71/323","|-unboost|p2a: Terrakion|def|1","|-unboost|p2a: Terrakion|spd|1","|","|-heal|p1a: Cobalion|91/323|[from] item: Leftovers","|turn|21","|","|move|p2a: Terrakion|Close Combat|p1a: Cobalion","|-supereffective|p1a: Cobalion","|-damage|p1a: Cobalion|0 fnt","|-unboost|p2a: Terrakion|def|1","|-unboost|p2a: Terrakion|spd|1","|faint|p1a: Cobalion","|","|","|switch|p1a: Medicham|Medicham-Mega, M|197/261","|-damage|p1a: Medicham|181/261|[from] Stealth Rock","|-activate|p1a: Medicham|move: Sticky Web","|-unboost|p1a: Medicham|spe|1","|turn|22","|","|move|p1a: Medicham|Fake Out|p2a: Terrakion","|-resisted|p2a: Terrakion","|-damage|p2a: Terrakion|237/323","|cant|p2a: Terrakion|flinch","|","|turn|23","|","|move|p1a: Medicham|Bullet Punch|p2a: Terrakion","|-supereffective|p2a: Terrakion","|-damage|p2a: Terrakion|0 fnt","|faint|p2a: Terrakion","|","|win|im mad right now"],"p1rating":{"entryid":"7391082","serverid":"eos","formatid":"monotype","userid":"immadrightnow","username":"im mad right now","w":3,"l":"0","t":"0","gxe":60.2,"r":"1500","rd":"130","sigma":"0","rptime":"1438678800","rpr":1582.1010037925,"rprd":111.62376335309,"rpsigma":"0","acre":1113.1634997475,"lacre":1113.1634997475,"oldacre":"1088.1846990333"},"p2rating":{"entryid":"7382780","serverid":"eos","formatid":"monotype","userid":"duskravias","username":"Dusk Ravias","w":"1","l":1,"t":"0","gxe":51.8,"r":1555.9587852925,"rd":122.69860668113,"sigma":"0","rptime":1438678800,"rpr":1514.3227871328,"rprd":116.76326140491,"rpsigma":"0","acre":1046.4654216825,"lacre":1046.4654216825,"oldacre":"1064.8748391947"},"endType":"normal"}