{"seed":[19606,51966,29080,27441],"turns":21,"p1":"E4 IceHawk†","p2":"DragonMasterMike","p1team":[{"name":"^_^","species":"froslass","item":"focussash","ability":"Cursed Body","moves":["thunderwave","hiddenpowerfire","confuseray","hex"],"nature":"Timid","evs":{"hp":252,"atk":0,"def":0,"spa":4,"spd":0,"spe":252},"ivs":{"hp":31,"atk":30,"def":31,"spa":30,"spd":31,"spe":30}},{"name":"Weavile","species":"Weavile","item":"lifeorb","ability":"Pressure","moves":["knockoff","iciclecrash","iceshard","lowkick"],"nature":"Adamant","evs":{"hp":0,"atk":252,"def":0,"spa":0,"spd":4,"spe":252},"ivs":{"hp":31,"atk":31,"def":31,"spa":31,"spd":31,"spe":31}},{"name":"Kyurem-Black","species":"Kyurem-Black","item":"choicescarf","ability":"Teravolt","moves":["outrage","fusionbolt","icebeam","ironhead"],"nature":"Naive","evs":{"hp":0,"atk":252,"def":0,"spa":4,"spd":0,"spe":252},"ivs":{"hp":31,"atk":31,"def":31,"spa":31,"spd":31,"spe":31}},{"name":"Abomasnow","species":"Abomasnow","item":"abomasite","ability":"Soundproof","moves":["blizzard","gigadrain","earthquake","iceshard"],"nature":"Mild","evs":{"hp":248,"atk":8,"def":0,"spa":252,"spd":0,"spe":0},"ivs":{"hp":31,"atk":31,"def":31,"spa":31,"spd":31,"spe":31}},{"name":"Mamoswine","species":"Mamoswine","item":"lifeorb","ability":"Thick Fat","moves":["earthquake","iciclespear","iceshard","superpower"],"nature":"Jolly","evs":{"hp":0,"atk":252,"def":0,"spa":0,"spd":4,"spe":252},"ivs":{"hp":31,"atk":31,"def":31,"spa":31,"spd":31,"spe":31}},{"name":"Avalugg","species":"Avalugg","item":"rockyhelmet","ability":"Sturdy","moves":["avalanche","rapidspin","roar","recover"],"nature":"Relaxed","evs":{"hp":248,"atk":8,"def":252,"spa":0,"spd":0,"spe":0},"ivs":{"hp":31,"atk":31,"def":31,"spa":31,"spd":31,"spe":0}}],"p2team":[{"name":"Hawlucha","species":"Hawlucha","item":"flameorb","ability":"Unburden","moves":["fling","roost","highjumpkick","acrobatics"],"nature":"Adamant","evs":{"hp":0,"atk":252,"def":0,"spa":0,"spd":4,"spe":252},"ivs":{"hp":31,"atk":31,"def":31,"spa":31,"spd":31,"spe":31}},{"name":"Honchkrow","species":"Honchkrow","item":"leftovers","ability":"Super Luck","moves":["drillpeck","suckerpunch","roost","steelwing"],"nature":"Adamant","evs":{"hp":252,"atk":252,"def":0,"spa":0,"spd":4,"spe":0},"ivs":{"hp":31,"atk":31,"def":31,"spa":31,"spd":31,"spe":31}},{"name":"Aerodactyl","species":"Aerodactyl","item":"aerodactylite","ability":"Rock Head","moves":["crunch","ironhead","dragonclaw","thunderfang"],"nature":"Jolly","evs":{"hp":0,"atk":252,"def":0,"spa":0,"spd":4,"spe":252},"ivs":{"hp":31,"atk":31,"def":31,"spa":31,"spd":31,"spe":31}},{"name":"Staraptor","species":"Staraptor","item":"leftovers","ability":"Reckless","moves":["bravebird","doubleedge","uturn","roost"],"nature":"Jolly","evs":{"hp":0,"atk":252,"def":0,"spa":0,"spd":4,"spe":252},"ivs":{"hp":31,"atk":31,"def":31,"spa":31,"spd":31,"spe":31}},{"name":"Gliscor","species":"Gliscor","item":"toxicorb","ability":"Poison Heal","moves":["fling","protect","acrobatics","roost"],"nature":"Impish","evs":{"hp":248,"atk":0,"def":188,"spa":0,"spd":0,"spe":72},"ivs":{"hp":31,"atk":31,"def":31,"spa":31,"spd":31,"spe":31}},{"name":"Dragonite","species":"Dragonite","item":"choiceband","ability":"Multiscale","moves":["extremespeed","outrage","brickbreak","thunderpunch"],"nature":"Adamant","evs":{"hp":248,"atk":252,"def":0,"spa":0,"spd":8,"spe":0},"ivs":{"hp":31,"atk":31,"def":31,"spa":31,"spd":31,"spe":31}}],"log":["|player|p1|E4 IceHawk†|80","|player|p2|DragonMasterMike|224","|gametype|singles","|gen|6","|tier|Monotype","|rated","|rule|Baton Pass Clause: Limit one Baton Passer, can't pass Spe and other stats simultaneously","|rule|Swagger Clause: Swagger is banned","|rule|Same Type Clause: Pokémon in a team must share a type","|clearpoke","|poke|p1|Froslass, F","|poke|p1|Weavile, M","|poke|p1|Kyurem-Black","|poke|p1|Abomasnow, F","|poke|p1|Mamoswine, F","|poke|p1|Avalugg, F","|poke|p2|Hawlucha, F","|poke|p2|Honchkrow, F","|poke|p2|Aerodactyl, M","|poke|p2|Staraptor, F","|poke|p2|Gliscor, M","|poke|p2|Dragonite, F","|rule|Sleep Clause Mod: Limit one foe put to sleep","|rule|Species Clause: Limit one of each Pokémon","|rule|OHKO Clause: OHKO moves are banned","|rule|Moody Clause: Moody is banned","|rule|Evasion Moves Clause: Evasion moves are banned","|rule|Endless Battle Clause: Forcing endless battles is banned","|rule|HP Percentage Mod: HP is shown in percentages","|teampreview","|","|start","|switch|p1a: ^_^|Froslass, F|344/344","|switch|p2a: Honchkrow|Honchkrow, F|404/404","|turn|1","|","|move|p2a: Honchkrow|Sucker Punch|p1a: ^_^","|-fail|p2a: Honchkrow","|move|p1a: ^_^|Thunder Wave|p2a: Honchkrow","|-status|p2a: Honchkrow|par","|","|turn|2","|","|move|p1a: ^_^|Confuse Ray|p2a: Honchkrow","|-start|p2a: Honchkrow|confusion","|-activate|p2a: Honchkrow|confusion","|-damage|p2a: Honchkrow|321/404 par|[from] confusion","|","|-heal|p2a: Honchkrow|346/404 par|[from] item: Leftovers","|turn|3","|","|switch|p1a: Abomasnow|Abomasnow, F|383/383","|-end|p2a: Honchkrow|confusion","|move|p2a: Honchkrow|Steel Wing|p1a: Abomasnow","|-supereffective|p1a: Abomasnow","|-damage|p1a: Abomasnow|115/383","|","|-heal|p2a: Honchkrow|371/404 par|[from] item: Leftovers","|turn|4","|","|detailschange|p1a: Abomasnow|Abomasnow-Mega, F","|-mega|p1a: Abomasnow|Abomasnow|Abomasite","|-weather|Hail","|move|p2a: Honchkrow|Sucker Punch|p1a: Abomasnow","|-crit|p1a: Abomasnow","|-damage|p1a: Abomasnow|0 fnt","|faint|p1a: Abomasnow","|","|-weather|Hail|[upkeep]","|-damage|p2a: Honchkrow|346/404 par|[from] hail","|-heal|p2a: Honchkrow|371/404 par|[from] item: Leftovers","|","|switch|p1a: Mamoswine|Mamoswine, F|361/361","|turn|5","|","|move|p1a: Mamoswine|Ice Shard|p2a: Honchkrow","|-supereffective|p2a: Honchkrow","|-damage|p2a: Honchkrow|56/404 par","|-damage|p1a: Mamoswine|325/361|[from] item: Life Orb","|cant|p2a: Honchkrow|par","|","|-weather|Hail|[upkeep]","|-damage|p2a: Honchkrow|31/404 par|[from] hail","|-heal|p2a: Honchkrow|56/404 par|[from] item: Leftovers","|turn|6","|","|move|p1a: Mamoswine|Ice Shard|p2a: Honchkrow","|-supereffective|p2a: Honchkrow","|-damage|p2a: Honchkrow|0 fnt","|-damage|p1a: Mamoswine|289/361|[from] item: Life Orb","|faint|p2a: Honchkrow","|","|-weather|Hail|[upkeep]","|","|switch|p2a: Dragonite|Dragonite, F|385/385","|turn|7","|","|move|p1a: Mamoswine|Icicle Spear|p2a: Dragonite","|-supereffective|p2a: Dragonite","|-damage|p2a: Dragonite|268/385","|-supereffective|p2a: Dragonite","|-damage|p2a: Dragonite|44/385","|-supereffective|p2a: Dragonite","|-damage|p2a: Dragonite|0 fnt","|-hitcount|p2a: Dragonite|3","|-damage|p1a: Mamoswine|253/361|[from] item: Life Orb","|faint|p2a: Dragonite","|","|-weather|Hail|[upkeep]","|","|switch|p2a: Staraptor|Staraptor, F|311/311","|turn|8","|","|move|p1a: Mamoswine|Ice Shard|p2a: Staraptor","|-supereffective|p2a: Staraptor","|-damage|p2a: Staraptor|77/311","|-damage|p1a: Mamoswine|217/361|[from] item: Life Orb","|move|p2a: Staraptor|Brave Bird|p1a: Mamoswine","|-damage|p1a: Mamoswine|0 fnt","|-damage|p2a: Staraptor|5/311|[from] recoil|[of] p1a: Mamoswine","|faint|p1a: Mamoswine","|","|-weather|none","|-heal|p2a: Staraptor|24/311|[from] item: Leftovers","|","|switch|p1a: Weavile|Weavile, M|281/281","|-ability|p1a: Weavile|Pressure","|turn|9","|","|switch|p2a: Gliscor|Gliscor, M|353/353","|move|p1a: Weavile|Ice Shard|p2a: Gliscor","|-supereffective|p2a: Gliscor","|-damage|p2a: Gliscor|88/353","|-damage|p1a: Weavile|253/281|[from] item: Life Orb","|","|-status|p2a: Gliscor|tox|[from] item: Toxic Orb","|turn|10","|","|move|p1a: Weavile|Ice Shard|p2a: Gliscor","|-supereffective|p2a: Gliscor","|-damage|p2a: Gliscor|0 fnt","|-damage|p1a: Weavile|225/281|[from] item: Life Orb","|faint|p2a: Gliscor","|","|","|switch|p2a: Aerodactyl|Aerodactyl, M|301/301","|turn|11","|","|detailschange|p2a: Aerodactyl|Aerodactyl-Mega, M","|-mega|p2a: Aerodactyl|Aerodactyl|Aerodactylite","|move|p1a: Weavile|Ice Shard|p2a: Aerodactyl","|-supereffective|p2a: Aerodactyl","|-damage|p2a: Aerodactyl|80/301","|-damage|p1a: Weavile|197/281|[from] item: Life Orb","|move|p2a: Aerodactyl|Iron Head|p1a: Weavile","|-supereffective|p1a: Weavile","|-damage|p1a: Weavile|0 fnt","|faint|p1a: Weavile","|","|","|switch|p1a: ^_^|Froslass, F|344/344","|turn|12","|","|move|p2a: Aerodactyl|Iron Head|p1a: ^_^","|-supereffective|p1a: ^_^","|-damage|p1a: ^_^|30/344","|cant|p1a: ^_^|flinch","|","|turn|13","|","|move|p2a: Aerodactyl|Iron Head|p1a: ^_^","|-supereffective|p1a: ^_^","|-damage|p1a: ^_^|0 fnt","|-start|p2a: Aerodactyl|Disable|Iron Head","|faint|p1a: ^_^","|","|","|switch|p1a: Avalugg|Avalugg, F|393/393","|turn|14","|","|switch|p2a: Staraptor|Staraptor, F|24/311","|move|p1a: Avalugg|Avalanche|p2a: Staraptor","|-supereffective|p2a: Staraptor","|-damage|p2a: Staraptor|0 fnt","|faint|p2a: Staraptor","|","|","|switch|p2a: Hawlucha|Hawlucha, F|297/297","|turn|15","|","|move|p2a: Hawlucha|Fling|p1a: Avalugg","|-enditem|p2a: Hawlucha|Flame Orb|[from] move: Fling","|-damage|p1a: Avalugg|379/393","|-status|p1a: Avalugg|brn","|move|p1a: Avalugg|Roar|p2a: Hawlucha","|drag|p2a: Aerodactyl|Aerodactyl-Mega, M|80/301","|","|-damage|p1a: Avalugg|330/393 brn|[from] brn","|turn|16","|","|move|p2a: Aerodactyl|Iron Head|p1a: Avalugg","|-supereffective|p1a: Avalugg","|-damage|p1a: Avalugg|218/393 brn","|-damage|p2a: Aerodactyl|30/301|[from] item: Rocky Helmet|[of] p1a: Avalugg","|cant|p1a: Avalugg|flinch","|","|-damage|p1a: Avalugg|169/393 brn|[from] brn","|turn|17","|","|switch|p2a: Hawlucha|Hawlucha, F|297/297","|move|p1a: Avalugg|Recover|p1a: Avalugg","|-heal|p1a: Avalugg|366/393 brn","|","|-damage|p1a: Avalugg|317/393 brn|[from] brn","|turn|18","|","|move|p2a: Hawlucha|High Jump Kick|p1a: Avalugg","|-supereffective|p1a: Avalugg","|-damage|p1a: Avalugg|147/393 brn","|-damage|p2a: Hawlucha|248/297|[from] item: Rocky Helmet|[of] p1a: Avalugg","|move|p1a: Avalugg|Avalanche|p2a: Hawlucha","|-supereffective|p2a: Hawlucha","|-damage|p2a: Hawlucha|50/297","|","|-damage|p1a: Avalugg|98/393 brn|[from] brn","|turn|19","|","|move|p2a: Hawlucha|High Jump Kick|p1a: Avalugg","|-supereffective|p1a: Avalugg","|-damage|p1a: Avalugg|0 fnt","|-damage|p2a: Hawlucha|1/297|[from] item: Rocky Helmet|[of] p1a: Avalugg","|faint|p1a: Avalugg","|","|","|switch|p1a: Kyurem-Black|Kyurem-Black|391/391","|-ability|p1a: Kyurem-Black|Teravolt","|turn|20","|","|move|p1a: Kyurem-Black|Ice Beam|p2a: Hawlucha","|-supereffective|p2a: Hawlucha","|-damage|p2a: Hawlucha|0 fnt","|faint|p2a: Hawlucha","|","|","|switch|p2a: Aerodactyl|Aerodactyl-Mega, M|30/301","|turn|21","|","|move|p1a: Kyurem-Black|Ice Beam|p2a: Aerodactyl","|-supereffective|p2a: Aerodactyl","|-damage|p2a: Aerodactyl|0 fnt","|faint|p2a: Aerodactyl","|","|win|E4 IceHawk†"],"p1rating":{"entryid":"7403154","serverid":"eos","formatid":"monotype","userid":"e4icehawk","username":"E4 IceHawk†","w":1,"l":"2","t":"0","gxe":45.5,"r":"1500","rd":"130","sigma":"0","rptime":"1438678800","rpr":1464.0714962275,"rprd":110.7841599665,"rpsigma":"0","acre":1043.0473528646,"lacre":1043.0473528646,"oldacre":"1000"},"p2rating":{"entryid":"7256069","serverid":"eos","formatid":"monotype","userid":"dragonmastermike","username":"DragonMasterMike","w":"2","l":6,"t":"0","gxe":38.5,"r":"1447.0267259609","rd":"98.680650508331","sigma":"0","rptime":"1438678800","rpr":1408.645369506,"rprd":92.390190594576,"rpsigma":"0","acre":1011.4774028779,"lacre":1011.4774028779,"oldacre":"1026.5203581521"},"endType":"normal"}