{"seed":[41476,34738,62878,2227],"turns":31,"p1":"DJMadness","p2":"Emg Gl Storm","p1team":[{"name":"The Hero","species":"accelgor","item":"choicescarf","ability":"Sticky Hold","moves":["bugbuzz","finalgambit","sludgebomb","energyball"],"nature":"Timid","evs":{"hp":252,"atk":0,"def":0,"spa":4,"spd":0,"spe":252},"gender":"M","shiny":true,"ivs":{"hp":31,"atk":31,"def":31,"spa":31,"spd":31,"spe":31}},{"name":"A Monster","species":"volcarona","item":"sitrusberry","ability":"Flame Body","moves":["bugbuzz","fierydance","quiverdance","gigadrain"],"nature":"Timid","evs":{"hp":252,"atk":0,"def":0,"spa":0,"spd":4,"spe":252},"gender":"F","shiny":true,"ivs":{"hp":31,"atk":31,"def":31,"spa":31,"spd":31,"spe":31}},{"name":"What Am I?","species":"armaldo","item":"leftovers","ability":"Battle Armor","moves":["stealthrock","rapidspin","toxic","rockslide"],"nature":"Impish","evs":{"hp":252,"atk":4,"def":252,"spa":0,"spd":0,"spe":0},"gender":"M","shiny":true,"ivs":{"hp":31,"atk":31,"def":31,"spa":31,"spd":31,"spe":31}},{"name":"Beedrill","species":"Beedrill","item":"beedrillite","ability":"Swarm","moves":["poisonjab","drillrun","protect","uturn"],"nature":"","gender":"M","shiny":true,"evs":{"hp":0,"atk":0,"def":0,"spa":0,"spd":0,"spe":0},"ivs":{"hp":31,"atk":31,"def":31,"spa":31,"spd":31,"spe":31}},{"name":"Dual Blade","species":"scyther","item":"eviolite","ability":"Technician","moves":["aerialace","swordsdance","roost","quickattack"],"nature":"Jolly","evs":{"hp":252,"atk":4,"def":0,"spa":0,"spd":0,"spe":252},"gender":"M","shiny":true,"ivs":{"hp":31,"atk":31,"def":31,"spa":31,"spd":31,"spe":31}},{"name":"Soo Kawaii :3","species":"vivillon","item":"focussash","ability":"Compound Eyes","moves":["hurricane","sleeppowder","hiddenpowerground","quiverdance"],"nature":"Timid","evs":{"hp":0,"atk":0,"def":0,"spa":252,"spd":0,"spe":252},"gender":"F","ivs":{"hp":31,"atk":31,"def":31,"spa":30,"spd":30,"spe":31},"shiny":true}],"p2team":[{"name":"Gardevoir","species":"Gardevoir","item":"gardevoirite","ability":"Synchronize","moves":["hypervoice","psyshock","hiddenpowerfire","protect"],"nature":"Timid","evs":{"hp":0,"atk":0,"def":0,"spa":252,"spd":4,"spe":252},"ivs":{"hp":31,"atk":30,"def":31,"spa":30,"spd":31,"spe":30}},{"name":"Slowbro","species":"Slowbro","item":"leftovers","ability":"Regenerator","moves":["slackoff","thunderwave","scald","flamethrower"],"nature":"Bold","evs":{"hp":252,"atk":0,"def":252,"spa":4,"spd":0,"spe":0},"ivs":{"hp":31,"atk":31,"def":31,"spa":31,"spd":31,"spe":31}},{"name":"Deoxys-Defense","species":"Deoxys-Defense","item":"leftovers","ability":"Pressure","moves":["cosmicpower","recover","taunt","seismictoss"],"nature":"Impish","evs":{"hp":252,"atk":0,"def":128,"spa":0,"spd":128,"spe":0},"ivs":{"hp":31,"atk":31,"def":31,"spa":31,"spd":31,"spe":31}},{"name":"Victini","species":"Victini","item":"choiceband","ability":"Victory Star","moves":["boltstrike","vcreate","zenheadbutt","uturn"],"nature":"Jolly","evs":{"hp":0,"atk":252,"def":0,"spa":0,"spd":4,"spe":252},"ivs":{"hp":31,"atk":31,"def":31,"spa":31,"spd":31,"spe":31}},{"name":"Jirachi","species":"Jirachi","item":"leftovers","ability":"Serene Grace","moves":["substitute","thunderwave","ironhead","icepunch"],"nature":"Adamant","evs":{"hp":224,"atk":252,"def":0,"spa":0,"spd":0,"spe":32},"ivs":{"hp":31,"atk":31,"def":31,"spa":31,"spd":31,"spe":31}},{"name":"Hoopa-Unbound","species":"Hoopa-Unbound","item":"choicescarf","ability":"Magician","moves":["drainpunch","firepunch","hyperspacefury","zenheadbutt"],"nature":"Jolly","evs":{"hp":0,"atk":252,"def":68,"spa":0,"spd":4,"spe":184},"ivs":{"hp":31,"atk":31,"def":31,"spa":31,"spd":31,"spe":31}}],"log":["|player|p1|DJMadness|92","|player|p2|Emg Gl Storm|99","|gametype|singles","|gen|6","|tier|Monotype","|rated","|rule|Baton Pass Clause: Limit one Baton Passer, can't pass Spe and other stats simultaneously","|rule|Swagger Clause: Swagger is banned","|rule|Same Type Clause: Pokémon in a team must share a type","|clearpoke","|poke|p1|Accelgor, M, shiny","|poke|p1|Volcarona, F, shiny","|poke|p1|Armaldo, M, shiny","|poke|p1|Beedrill, M, shiny","|poke|p1|Scyther, M, shiny","|poke|p1|Vivillon, F, shiny","|poke|p2|Gardevoir, M","|poke|p2|Slowbro, M","|poke|p2|Deoxys-Defense","|poke|p2|Victini","|poke|p2|Jirachi","|poke|p2|Hoopa-Unbound","|rule|Sleep Clause Mod: Limit one foe put to sleep","|rule|Species Clause: Limit one of each Pokémon","|rule|OHKO Clause: OHKO moves are banned","|rule|Moody Clause: Moody is banned","|rule|Evasion Moves Clause: Evasion moves are banned","|rule|Endless Battle Clause: Forcing endless battles is banned","|rule|HP Percentage Mod: HP is shown in percentages","|teampreview","|","|start","|switch|p1a: Beedrill|Beedrill, M, shiny|271/271","|switch|p2a: Slowbro|Slowbro, M|394/394","|turn|1","|","|detailschange|p1a: Beedrill|Beedrill-Mega, M, shiny","|-mega|p1a: Beedrill|Beedrill|Beedrillite","|move|p1a: Beedrill|Protect|p1a: Beedrill","|-singleturn|p1a: Beedrill|Protect","|move|p2a: Slowbro|Thunder Wave|p1a: Beedrill","|-activate|p1a: Beedrill|Protect","|","|turn|2","|","|move|p1a: Beedrill|U-turn|p2a: Slowbro","|-supereffective|p2a: Slowbro","|-damage|p2a: Slowbro|170/394","|","|switch|p1a: What Am I?|Armaldo, M, shiny|354/354","|move|p2a: Slowbro|Thunder Wave|p1a: What Am I?","|-status|p1a: What Am I?|par","|","|-heal|p2a: Slowbro|194/394|[from] item: Leftovers","|turn|3","|","|move|p2a: Slowbro|Slack Off|p2a: Slowbro","|-heal|p2a: Slowbro|391/394","|move|p1a: What Am I?|Toxic|p2a: Slowbro","|-status|p2a: Slowbro|tox","|","|-heal|p2a: Slowbro|394/394 tox|[from] item: Leftovers","|-damage|p2a: Slowbro|370/394 tox|[from] psn","|turn|4","|","|move|p2a: Slowbro|Flamethrower|p1a: What Am I?","|-damage|p1a: What Am I?|272/354 par","|cant|p1a: What Am I?|par","|","|-heal|p2a: Slowbro|394/394 tox|[from] item: Leftovers","|-heal|p1a: What Am I?|294/354 par|[from] item: Leftovers","|-damage|p2a: Slowbro|346/394 tox|[from] psn","|turn|5","|","|switch|p2a: Jirachi|Jirachi|397/397","|cant|p1a: What Am I?|par","|","|-heal|p1a: What Am I?|316/354 par|[from] item: Leftovers","|turn|6","|","|move|p2a: Jirachi|Substitute|p2a: Jirachi","|-start|p2a: Jirachi|Substitute","|-damage|p2a: Jirachi|298/397","|cant|p1a: What Am I?|par","|","|-heal|p2a: Jirachi|322/397|[from] item: Leftovers","|-heal|p1a: What Am I?|338/354 par|[from] item: Leftovers","|turn|7","|","|move|p2a: Jirachi|Iron Head|p1a: What Am I?","|-supereffective|p1a: What Am I?","|-damage|p1a: What Am I?|144/354 par","|cant|p1a: What Am I?|par","|","|-heal|p2a: Jirachi|346/397|[from] item: Leftovers","|-heal|p1a: What Am I?|166/354 par|[from] item: Leftovers","|turn|8","|","|move|p2a: Jirachi|Iron Head|p1a: What Am I?","|-supereffective|p1a: What Am I?","|-damage|p1a: What Am I?|0 fnt","|faint|p1a: What Am I?","|","|-heal|p2a: Jirachi|370/397|[from] item: Leftovers","|","|switch|p1a: Dual Blade|Scyther, M, shiny|344/344","|turn|9","|","|move|p1a: Dual Blade|Swords Dance|p1a: Dual Blade","|-boost|p1a: Dual Blade|atk|2","|move|p2a: Jirachi|Thunder Wave|p1a: Dual Blade","|-status|p1a: Dual Blade|par","|","|-heal|p2a: Jirachi|394/397|[from] item: Leftovers","|turn|10","|","|move|p2a: Jirachi|Iron Head|p1a: Dual Blade","|-damage|p1a: Dual Blade|236/344 par","|move|p1a: Dual Blade|Swords Dance|p1a: Dual Blade","|-boost|p1a: Dual Blade|atk|2","|","|-heal|p2a: Jirachi|397/397|[from] item: Leftovers","|turn|11","|","|move|p2a: Jirachi|Iron Head|p1a: Dual Blade","|-damage|p1a: Dual Blade|125/344 par","|cant|p1a: Dual Blade|flinch","|","|turn|12","|","|move|p2a: Jirachi|Iron Head|p1a: Dual Blade","|-damage|p1a: Dual Blade|29/344 par","|cant|p1a: Dual Blade|flinch","|","|turn|13","|","|move|p2a: Jirachi|Iron Head|p1a: Dual Blade","|-damage|p1a: Dual Blade|0 fnt","|faint|p1a: Dual Blade","|","|","|switch|p1a: A Monster|Volcarona, F, shiny|374/374","|turn|14","|","|move|p1a: A Monster|Fiery Dance|p2a: Jirachi","|-supereffective|p2a: Jirachi","|-end|p2a: Jirachi|Substitute","|move|p2a: Jirachi|Thunder Wave|p1a: A Monster","|-status|p1a: A Monster|par","|","|turn|15","|","|switch|p2a: Slowbro|Slowbro, M|394/394 tox","|move|p1a: A Monster|Fiery Dance|p2a: Slowbro","|-resisted|p2a: Slowbro","|-damage|p2a: Slowbro|323/394 tox","|","|-heal|p2a: Slowbro|347/394 tox|[from] item: Leftovers","|-damage|p2a: Slowbro|323/394 tox|[from] psn","|turn|16","|","|move|p2a: Slowbro|Scald|p1a: A Monster","|-supereffective|p1a: A Monster","|-damage|p1a: A Monster|206/374 par","|move|p1a: A Monster|Quiver Dance|p1a: A Monster","|-boost|p1a: A Monster|spa|1","|-boost|p1a: A Monster|spd|1","|-boost|p1a: A Monster|spe|1","|","|-heal|p2a: Slowbro|347/394 tox|[from] item: Leftovers","|-damage|p2a: Slowbro|299/394 tox|[from] psn","|turn|17","|","|cant|p1a: A Monster|par","|move|p2a: Slowbro|Scald|p1a: A Monster","|-supereffective|p1a: A Monster","|-damage|p1a: A Monster|86/374 par","|-enditem|p1a: A Monster|Sitrus Berry|[eat]","|-heal|p1a: A Monster|179/374 par|[from] item: Sitrus Berry","|","|-heal|p2a: Slowbro|323/394 tox|[from] item: Leftovers","|-damage|p2a: Slowbro|251/394 tox|[from] psn","|turn|18","|","|move|p1a: A Monster|Quiver Dance|p1a: A Monster","|-boost|p1a: A Monster|spa|1","|-boost|p1a: A Monster|spd|1","|-boost|p1a: A Monster|spe|1","|move|p2a: Slowbro|Scald|p1a: A Monster","|-supereffective|p1a: A Monster","|-damage|p1a: A Monster|81/374 par","|","|-heal|p2a: Slowbro|275/394 tox|[from] item: Leftovers","|-damage|p2a: Slowbro|179/394 tox|[from] psn","|turn|19","|","|move|p1a: A Monster|Giga Drain|p2a: Slowbro","|-supereffective|p2a: Slowbro","|-damage|p2a: Slowbro|0 fnt","|-heal|p1a: A Monster|171/374 par|[from] drain|[of] p2a: Slowbro","|faint|p2a: Slowbro","|","|","|switch|p2a: Victini|Victini|341/341","|turn|20","|","|move|p2a: Victini|V-create|p1a: A Monster","|-damage|p1a: A Monster|0 fnt","|-unboost|p2a: Victini|spe|1","|-unboost|p2a: Victini|def|1","|-unboost|p2a: Victini|spd|1","|faint|p1a: A Monster","|","|","|switch|p1a: Soo Kawaii :3|Vivillon, F, shiny|301/301","|turn|21","|","|switch|p2a: Jirachi|Jirachi|397/397","|move|p1a: Soo Kawaii :3|Sleep Powder|p2a: Jirachi","|-status|p2a: Jirachi|slp","|","|turn|22","|","|move|p1a: Soo Kawaii :3|Quiver Dance|p1a: Soo Kawaii :3","|-boost|p1a: Soo Kawaii :3|spa|1","|-boost|p1a: Soo Kawaii :3|spd|1","|-boost|p1a: Soo Kawaii :3|spe|1","|cant|p2a: Jirachi|slp","|","|turn|23","|","|move|p1a: Soo Kawaii :3|Quiver Dance|p1a: Soo Kawaii :3","|-boost|p1a: Soo Kawaii :3|spa|1","|-boost|p1a: Soo Kawaii :3|spd|1","|-boost|p1a: Soo Kawaii :3|spe|1","|cant|p2a: Jirachi|slp","|","|turn|24","|","|move|p1a: Soo Kawaii :3|Hidden Power|p2a: Jirachi","|-crit|p2a: Jirachi","|-supereffective|p2a: Jirachi","|-damage|p2a: Jirachi|85/397 slp","|-curestatus|p2a: Jirachi|slp","|move|p2a: Jirachi|Thunder Wave|p1a: Soo Kawaii :3","|-status|p1a: Soo Kawaii :3|par","|","|-heal|p2a: Jirachi|109/397|[from] item: Leftovers","|turn|25","|","|move|p2a: Jirachi|Substitute|p2a: Jirachi","|-start|p2a: Jirachi|Substitute","|-damage|p2a: Jirachi|10/397","|move|p1a: Soo Kawaii :3|Hidden Power|p2a: Jirachi","|-supereffective|p2a: Jirachi","|-end|p2a: Jirachi|Substitute","|","|-heal|p2a: Jirachi|34/397|[from] item: Leftovers","|turn|26","|","|move|p2a: Jirachi|Iron Head|p1a: Soo Kawaii :3","|-damage|p1a: Soo Kawaii :3|69/301 par","|move|p1a: Soo Kawaii :3|Hidden Power|p2a: Jirachi","|-supereffective|p2a: Jirachi","|-damage|p2a: Jirachi|0 fnt","|faint|p2a: Jirachi","|","|","|switch|p2a: Gardevoir|Gardevoir, M|277/277","|turn|27","|","|detailschange|p2a: Gardevoir|Gardevoir-Mega, M","|-mega|p2a: Gardevoir|Gardevoir|Gardevoirite","|move|p2a: Gardevoir|Hidden Power|p1a: Soo Kawaii :3","|-crit|p1a: Soo Kawaii :3","|-supereffective|p1a: Soo Kawaii :3","|-damage|p1a: Soo Kawaii :3|0 fnt","|faint|p1a: Soo Kawaii :3","|","|","|switch|p1a: Beedrill|Beedrill-Mega, M, shiny|271/271","|turn|28","|","|switch|p2a: Hoopa-Unbound|Hoopa-Unbound|301/301","|move|p1a: Beedrill|Poison Jab|p2a: Hoopa-Unbound","|-damage|p2a: Hoopa-Unbound|75/301","|-status|p2a: Hoopa-Unbound|psn","|","|-damage|p2a: Hoopa-Unbound|38/301 psn|[from] psn","|turn|29","|","|move|p2a: Hoopa-Unbound|Fire Punch|p1a: Beedrill","|-supereffective|p1a: Beedrill","|-damage|p1a: Beedrill|0 fnt","|faint|p1a: Beedrill","|","|-damage|p2a: Hoopa-Unbound|1/301 psn|[from] psn","|","|switch|p1a: The Hero|Accelgor, M, shiny|364/364","|turn|30","|","|move|p1a: The Hero|Bug Buzz|p2a: Hoopa-Unbound","|-supereffective|p2a: Hoopa-Unbound","|-damage|p2a: Hoopa-Unbound|0 fnt","|faint|p2a: Hoopa-Unbound","|","|","|switch|p2a: Victini|Victini|341/341","|turn|31","|","|move|p1a: The Hero|Bug Buzz|p2a: Victini","|-damage|p2a: Victini|232/341","|move|p2a: Victini|V-create|p1a: The Hero","|-supereffective|p1a: The Hero","|-damage|p1a: The Hero|0 fnt","|-unboost|p2a: Victini|spe|1","|-unboost|p2a: Victini|def|1","|-unboost|p2a: Victini|spd|1","|faint|p1a: The Hero","|","|win|Emg Gl Storm"],"p1rating":{"entryid":"7355209","serverid":"eos","formatid":"monotype","userid":"djmadness","username":"DJMadness","w":"13","l":15,"t":"0","gxe":47.9,"r":"1344.0194674362","rd":"88.375044745558","sigma":"0","rptime":"1438678800","rpr":1484.1371807361,"rprd":65.63247851588,"rpsigma":"0","acre":1139.8373815162,"lacre":1139.8373815162,"oldacre":"1176.5499772409"},"p2rating":{"entryid":"7392651","serverid":"eos","formatid":"monotype","userid":"emgglstorm","username":"Emg Gl Storm","w":1,"l":"1","t":"0","gxe":48.2,"r":"1500","rd":"130","sigma":"0","rptime":"1438678800","rpr":1485.9905211984,"rprd":117.31685404206,"rpsigma":"0","acre":1058.7401531595,"lacre":1058.7401531595,"oldacre":"1000"},"endType":"normal"}