{"seed":[4610,37486,691,54183],"turns":19,"p1":"Sage.13","p2":"Accurate Man","p1team":[{"name":"Ludicolo","species":"Ludicolo","item":"leftovers","ability":"Swift Swim","moves":["teeterdance","scald","icebeam","gigadrain"],"nature":"Modest","evs":{"hp":0,"atk":0,"def":0,"spa":252,"spd":4,"spe":252},"shiny":true,"ivs":{"hp":31,"atk":31,"def":31,"spa":31,"spd":31,"spe":31}},{"name":"Azumarill","species":"Azumarill","item":"sitrusberry","ability":"Huge Power","moves":["aquajet","playrough","bellydrum","knockoff"],"nature":"Adamant","evs":{"hp":252,"atk":252,"def":0,"spa":0,"spd":4,"spe":0},"ivs":{"hp":31,"atk":31,"def":31,"spa":31,"spd":31,"spe":31}},{"name":"Swampert","species":"Swampert","item":"swampertite","ability":"Damp","moves":["superpower","waterfall","earthquake","icepunch"],"nature":"Adamant","evs":{"hp":248,"atk":252,"def":0,"spa":0,"spd":8,"spe":0},"ivs":{"hp":31,"atk":31,"def":31,"spa":31,"spd":31,"spe":31}},{"name":"Milotic","species":"Milotic","item":"leftovers","ability":"Competitive","moves":["scald","icebeam","raindance","toxic"],"nature":"Bold","evs":{"hp":252,"atk":0,"def":252,"spa":4,"spd":0,"spe":0},"shiny":true,"ivs":{"hp":31,"atk":31,"def":31,"spa":31,"spd":31,"spe":31}},{"name":"Politoed","species":"Politoed","item":"widelens","ability":"Drizzle","moves":["icebeam","surf","hypnosis","perishsong"],"nature":"Modest","evs":{"hp":248,"atk":0,"def":0,"spa":252,"spd":8,"spe":0},"shiny":true,"ivs":{"hp":31,"atk":31,"def":31,"spa":31,"spd":31,"spe":31}},{"name":"Golduck","species":"Golduck","item":"lifeorb","ability":"Swift Swim","moves":["focusblast","scald","icebeam","psychic"],"nature":"Modest","evs":{"hp":0,"atk":0,"def":0,"spa":252,"spd":4,"spe":252},"shiny":true,"ivs":{"hp":31,"atk":31,"def":31,"spa":31,"spd":31,"spe":31}}],"p2team":[{"name":"Applejack","species":"victini","item":"charcoal","ability":"Victory Star","moves":["vcreate","boltstrike","trickroom","willowisp"],"nature":"Brave","evs":{"hp":248,"atk":252,"def":0,"spa":0,"spd":8,"spe":0},"ivs":{"hp":31,"atk":31,"def":31,"spa":31,"spd":31,"spe":0}},{"name":"Rarity","species":"slowbro","item":"weaknesspolicy","ability":"Regenerator","moves":["scald","trickroom","calmmind","slackoff"],"nature":"Relaxed","evs":{"hp":252,"atk":0,"def":252,"spa":0,"spd":4,"spe":0},"ivs":{"hp":31,"atk":31,"def":31,"spa":31,"spd":31,"spe":0}},{"name":"Pinkie Pie","species":"malamar","item":"focussash","ability":"Contrary","moves":["superpower","knockoff","trickroom","topsyturvy"],"nature":"Brave","evs":{"hp":252,"atk":252,"def":0,"spa":0,"spd":4,"spe":0},"gender":"F","ivs":{"hp":31,"atk":31,"def":31,"spa":31,"spd":31,"spe":0}},{"name":"Twilight Sparkle","species":"gardevoir","item":"gardevoirite","ability":"Trace","moves":["hypervoice","trickroom","focusblast","hiddenpowerrock"],"nature":"Quiet","evs":{"hp":252,"atk":0,"def":0,"spa":252,"spd":4,"spe":0},"gender":"F","ivs":{"hp":31,"atk":31,"def":30,"spa":31,"spd":30,"spe":2}},{"name":"Rainbow Dash","species":"medicham","item":"lifeorb","ability":"Pure Power","moves":["fakeout","highjumpkick","zenheadbutt","icepunch"],"nature":"Brave","evs":{"hp":248,"atk":252,"def":4,"spa":0,"spd":4,"spe":0},"ivs":{"hp":31,"atk":31,"def":31,"spa":31,"spd":31,"spe":0}},{"name":"Fluttershy","species":"meloetta","item":"choicespecs","ability":"Serene Grace","moves":["focusblast","psychic","shadowball","energyball"],"nature":"Quiet","evs":{"hp":252,"atk":0,"def":0,"spa":252,"spd":4,"spe":0},"ivs":{"hp":31,"atk":0,"def":31,"spa":31,"spd":31,"spe":0}}],"log":["|player|p1|Sage.13|154","|player|p2|Accurate Man|95","|gametype|singles","|gen|6","|tier|Monotype","|rated","|rule|Baton Pass Clause: Limit one Baton Passer, can't pass Spe and other stats simultaneously","|rule|Swagger Clause: Swagger is banned","|rule|Same Type Clause: Pokémon in a team must share a type","|clearpoke","|poke|p1|Ludicolo, F, shiny","|poke|p1|Azumarill, M","|poke|p1|Swampert, M","|poke|p1|Milotic, F, shiny","|poke|p1|Politoed, F, shiny","|poke|p1|Golduck, F, shiny","|poke|p2|Victini","|poke|p2|Slowbro, M","|poke|p2|Malamar, F","|poke|p2|Gardevoir, F","|poke|p2|Medicham, F","|poke|p2|Meloetta","|rule|Sleep Clause Mod: Limit one foe put to sleep","|rule|Species Clause: Limit one of each Pokémon","|rule|OHKO Clause: OHKO moves are banned","|rule|Moody Clause: Moody is banned","|rule|Evasion Moves Clause: Evasion moves are banned","|rule|Endless Battle Clause: Forcing endless battles is banned","|rule|HP Percentage Mod: HP is shown in percentages","|teampreview","|","|start","|switch|p1a: Politoed|Politoed, F, shiny|383/383","|switch|p2a: Rainbow Dash|Medicham, F|323/323","|-weather|RainDance","|turn|1","|","|switch|p1a: Ludicolo|Ludicolo, F, shiny|301/301","|move|p2a: Rainbow Dash|Fake Out|p1a: Ludicolo","|-damage|p1a: Ludicolo|198/301","|-damage|p2a: Rainbow Dash|291/323|[from] item: Life Orb","|","|-weather|RainDance|[upkeep]","|-heal|p1a: Ludicolo|216/301|[from] item: Leftovers","|turn|2","|","|move|p1a: Ludicolo|Teeter Dance|p2a: Rainbow Dash","|-start|p2a: Rainbow Dash|confusion","|-activate|p2a: Rainbow Dash|confusion","|move|p2a: Rainbow Dash|High Jump Kick|p1a: Ludicolo","|-damage|p1a: Ludicolo|0 fnt","|-damage|p2a: Rainbow Dash|259/323|[from] item: Life Orb","|faint|p1a: Ludicolo","|","|-weather|RainDance|[upkeep]","|","|switch|p1a: Azumarill|Azumarill, M|404/404","|turn|3","|","|switch|p2a: Rarity|Slowbro, M|394/394","|move|p1a: Azumarill|Play Rough|p2a: Rarity","|-damage|p2a: Rarity|250/394","|","|-weather|RainDance|[upkeep]","|turn|4","|","|move|p1a: Azumarill|Knock Off|p2a: Rarity","|-supereffective|p2a: Rarity","|-damage|p2a: Rarity|68/394","|-enditem|p2a: Rarity|Weakness Policy","|-boost|p2a: Rarity|atk|2|[from] item: Weakness Policy","|-boost|p2a: Rarity|spa|2|[from] item: Weakness Policy","|move|p2a: Rarity|Scald|p1a: Azumarill","|-resisted|p1a: Azumarill","|-damage|p1a: Azumarill|236/404","|","|-weather|RainDance|[upkeep]","|turn|5","|","|move|p1a: Azumarill|Knock Off|p2a: Rarity","|-supereffective|p2a: Rarity","|-damage|p2a: Rarity|0 fnt","|faint|p2a: Rarity","|","|-weather|none","|","|switch|p2a: Twilight Sparkle|Gardevoir, F|340/340","|-ability|p2a: Twilight Sparkle|Huge Power|[from] ability: Trace|[of] p1a: Azumarill","|turn|6","|","|switch|p1a: Politoed|Politoed, F, shiny|383/383","|-weather|RainDance","|detailschange|p2a: Twilight Sparkle|Gardevoir-Mega, F","|-mega|p2a: Twilight Sparkle|Gardevoir|Gardevoirite","|move|p2a: Twilight Sparkle|Hyper Voice|p1a: Politoed","|-damage|p1a: Politoed|113/383","|","|-weather|RainDance|[upkeep]","|turn|7","|","|switch|p1a: Milotic|Milotic, F, shiny|394/394","|move|p2a: Twilight Sparkle|Hyper Voice|p1a: Milotic","|-damage|p1a: Milotic|183/394","|","|-weather|RainDance|[upkeep]","|-heal|p1a: Milotic|207/394|[from] item: Leftovers","|turn|8","|","|move|p1a: Milotic|Toxic|p2a: Twilight Sparkle","|-status|p2a: Twilight Sparkle|tox","|move|p2a: Twilight Sparkle|Hyper Voice|p1a: Milotic","|-damage|p1a: Milotic|0 fnt","|faint|p1a: Milotic","|","|-weather|RainDance|[upkeep]","|-damage|p2a: Twilight Sparkle|319/340 tox|[from] psn","|","|switch|p1a: Swampert|Swampert, M|403/403","|turn|9","|","|detailschange|p1a: Swampert|Swampert-Mega, M","|-mega|p1a: Swampert|Swampert|Swampertite","|move|p2a: Twilight Sparkle|Hyper Voice|p1a: Swampert","|-damage|p1a: Swampert|174/403","|move|p1a: Swampert|Waterfall|p2a: Twilight Sparkle","|-damage|p2a: Twilight Sparkle|0 fnt","|faint|p2a: Twilight Sparkle","|","|-weather|RainDance|[upkeep]","|","|switch|p2a: Rainbow Dash|Medicham, F|259/323","|turn|10","|","|switch|p1a: Azumarill|Azumarill, M|236/404","|move|p2a: Rainbow Dash|Fake Out|p1a: Azumarill","|-damage|p1a: Azumarill|142/404","|-damage|p2a: Rainbow Dash|227/323|[from] item: Life Orb","|-enditem|p1a: Azumarill|Sitrus Berry|[eat]","|-heal|p1a: Azumarill|243/404|[from] item: Sitrus Berry","|","|-weather|none","|turn|11","|","|switch|p2a: Applejack|Victini|403/403","|move|p1a: Azumarill|Play Rough|p2a: Applejack","|-resisted|p2a: Applejack","|-damage|p2a: Applejack|302/403","|","|turn|12","|","|move|p1a: Azumarill|Aqua Jet|p2a: Applejack","|-supereffective|p2a: Applejack","|-damage|p2a: Applejack|138/403","|move|p2a: Applejack|Will-O-Wisp|p1a: Azumarill","|-status|p1a: Azumarill|brn","|","|-damage|p1a: Azumarill|193/404 brn|[from] brn","|turn|13","|","|switch|p1a: Politoed|Politoed, F, shiny|113/383","|-weather|RainDance","|move|p2a: Applejack|Bolt Strike|p1a: Politoed","|-supereffective|p1a: Politoed","|-damage|p1a: Politoed|0 fnt","|faint|p1a: Politoed","|","|-weather|RainDance|[upkeep]","|","|switch|p1a: Golduck|Golduck, F, shiny|301/301","|turn|14","|","|move|p1a: Golduck|Scald|p2a: Applejack","|-supereffective|p2a: Applejack","|-damage|p2a: Applejack|0 fnt","|-damage|p1a: Golduck|271/301|[from] item: Life Orb","|faint|p2a: Applejack","|","|-weather|RainDance|[upkeep]","|","|switch|p2a: Rainbow Dash|Medicham, F|227/323","|turn|15","|","|switch|p1a: Azumarill|Azumarill, M|193/404 brn","|move|p2a: Rainbow Dash|Fake Out|p1a: Azumarill","|-damage|p1a: Azumarill|98/404 brn","|-damage|p2a: Rainbow Dash|195/323|[from] item: Life Orb","|","|-weather|RainDance|[upkeep]","|-damage|p1a: Azumarill|48/404 brn|[from] brn","|turn|16","|","|move|p1a: Azumarill|Aqua Jet|p2a: Rainbow Dash","|-damage|p2a: Rainbow Dash|119/323","|move|p2a: Rainbow Dash|Ice Punch|p1a: Azumarill","|-resisted|p1a: Azumarill","|-damage|p1a: Azumarill|0 fnt","|-damage|p2a: Rainbow Dash|87/323|[from] item: Life Orb","|faint|p1a: Azumarill","|","|-weather|RainDance|[upkeep]","|","|switch|p1a: Swampert|Swampert-Mega, M|174/403","|turn|17","|","|move|p1a: Swampert|Waterfall|p2a: Rainbow Dash","|-damage|p2a: Rainbow Dash|0 fnt","|faint|p2a: Rainbow Dash","|","|-weather|none","|","|switch|p2a: Fluttershy|Meloetta|404/404","|turn|18","|","|move|p1a: Swampert|Earthquake|p2a: Fluttershy","|-damage|p2a: Fluttershy|148/404","|move|p2a: Fluttershy|Energy Ball|p1a: Swampert","|-supereffective|p1a: Swampert","|-damage|p1a: Swampert|0 fnt","|faint|p1a: Swampert","|","|","|switch|p1a: Golduck|Golduck, F, shiny|271/301","|turn|19","|","|move|p1a: Golduck|Scald|p2a: Fluttershy","|-damage|p2a: Fluttershy|22/404","|-status|p2a: Fluttershy|brn","|-damage|p1a: Golduck|241/301|[from] item: Life Orb","|move|p2a: Fluttershy|Energy Ball|p1a: Golduck","|-crit|p1a: Golduck","|-supereffective|p1a: Golduck","|-damage|p1a: Golduck|0 fnt","|faint|p1a: Golduck","|","|win|Accurate Man"],"p1rating":{"entryid":"7365108","serverid":"eos","formatid":"monotype","userid":"sage13","username":"Sage.13","w":"10","l":9,"t":"0","gxe":51,"r":"1520.4726778603","rd":"71.770328402829","sigma":"0","rptime":"1438678800","rpr":1508.0270308163,"rprd":70.480320647932,"rpsigma":"0","acre":1084.3207658299,"lacre":1084.3207658299,"oldacre":"1116.0524237463"},"p2rating":{"entryid":"7366843","serverid":"eos","formatid":"monotype","userid":"accurateman","username":"Accurate Man","w":2,"l":"3","t":"0","gxe":49.5,"r":"1545.290978653","rd":"122.04112230448","sigma":"0","rptime":"1438678800","rpr":1496.4062007159,"rprd":100.5027199413,"rpsigma":"0","acre":1067.0721287381,"lacre":1067.0721287381,"oldacre":"1020.1349724123"},"endType":"normal"}