{"seed":[53147,51256,40730,46765],"turns":25,"p1":"Kre8noyz","p2":"SWL Neßki","p1team":[{"name":"Swampert","species":"Swampert","item":"focussash","ability":"Damp","moves":["earthquake","brickbreak","icepunch","counter"],"nature":"Impish","evs":{"hp":8,"atk":252,"def":0,"spa":0,"spd":0,"spe":248},"happiness":0,"ivs":{"hp":31,"atk":31,"def":31,"spa":31,"spd":31,"spe":31}},{"name":"Starmie","species":"Starmie","item":"leftovers","ability":"Natural Cure","moves":["rapidspin","signalbeam","psychic","reflecttype"],"nature":"Timid","evs":{"hp":0,"atk":0,"def":4,"spa":188,"spd":64,"spe":252},"ivs":{"hp":31,"atk":31,"def":31,"spa":31,"spd":31,"spe":31}},{"name":"Keldeo-Resolute","species":"Keldeo-Resolute","item":"leftovers","ability":"Justified","moves":["surf","secretsword","hiddenpowerflying","calmmind"],"nature":"Timid","evs":{"hp":0,"atk":4,"def":0,"spa":252,"spd":0,"spe":252},"ivs":{"hp":30,"atk":30,"def":30,"spa":30,"spd":30,"spe":31}},{"name":"Politoed","species":"Politoed","item":"leftovers","ability":"Drizzle","moves":["endeavor","hypnosis","perishsong","scald"],"nature":"","evs":{"hp":0,"atk":0,"def":252,"spa":0,"spd":252,"spe":4},"ivs":{"hp":31,"atk":31,"def":31,"spa":31,"spd":31,"spe":31}},{"name":"Lapras","species":"Lapras","item":"leftovers","ability":"Hydration","moves":["raindance","confuseray","freezedry","surf"],"nature":"Timid","evs":{"hp":0,"atk":0,"def":4,"spa":252,"spd":0,"spe":252},"ivs":{"hp":31,"atk":31,"def":31,"spa":31,"spd":31,"spe":31}},{"name":"Kingdra","species":"Kingdra","item":"lifeorb","ability":"Swift Swim","moves":["clearsmog","dragonpulse","scald","raindance"],"nature":"","evs":{"hp":4,"atk":0,"def":0,"spa":252,"spd":0,"spe":252},"ivs":{"hp":31,"atk":31,"def":31,"spa":31,"spd":31,"spe":31}}],"p2team":[{"name":"Mamoswine","species":"Mamoswine","item":"choiceband","ability":"Thick Fat","moves":["iceshard","iciclecrash","earthquake","knockoff"],"nature":"Adamant","evs":{"hp":4,"atk":252,"def":0,"spa":0,"spd":0,"spe":252},"ivs":{"hp":31,"atk":31,"def":31,"spa":31,"spd":31,"spe":31}},{"name":"Excadrill","species":"Excadrill","item":"choiceband","ability":"Sand Rush","moves":["facade","earthquake","ironhead","xscissor"],"nature":"Adamant","evs":{"hp":0,"atk":252,"def":0,"spa":0,"spd":4,"spe":252},"ivs":{"hp":31,"atk":31,"def":31,"spa":31,"spd":31,"spe":31}},{"name":"Nidoking","species":"Nidoking","item":"lifeorb","ability":"Sheer Force","moves":["flamethrower","sludgewave","icebeam","earthpower"],"nature":"Modest","evs":{"hp":4,"atk":0,"def":0,"spa":252,"spd":0,"spe":252},"ivs":{"hp":31,"atk":31,"def":31,"spa":31,"spd":31,"spe":31}},{"name":"Landorus","species":"Landorus","item":"choicescarf","ability":"Sheer Force","moves":["psychic","earthpower","knockoff","uturn"],"nature":"Mild","evs":{"hp":0,"atk":24,"def":0,"spa":252,"spd":0,"spe":232},"shiny":true,"ivs":{"hp":31,"atk":31,"def":31,"spa":31,"spd":31,"spe":31}},{"name":"Seismitoad","species":"Seismitoad","item":"leftovers","ability":"Water Absorb","moves":["stealthrock","grassknot","toxic","scald"],"nature":"Calm","evs":{"hp":244,"atk":0,"def":0,"spa":0,"spd":252,"spe":12},"ivs":{"hp":31,"atk":0,"def":31,"spa":31,"spd":31,"spe":31}},{"name":"Hippopotas","species":"Hippopotas","item":"eviolite","ability":"Sand Stream","moves":["yawn","whirlwind","stealthrock","slackoff"],"nature":"Bold","evs":{"hp":248,"atk":0,"def":252,"spa":0,"spd":8,"spe":0},"ivs":{"hp":31,"atk":0,"def":31,"spa":31,"spd":31,"spe":31}}],"log":["|player|p1|Kre8noyz|163","|player|p2|SWL Neßki|swlneki.png","|gametype|singles","|gen|6","|tier|Monotype","|rated","|rule|Baton Pass Clause: Limit one Baton Passer, can't pass Spe and other stats simultaneously","|rule|Swagger Clause: Swagger is banned","|rule|Same Type Clause: Pokémon in a team must share a type","|clearpoke","|poke|p1|Swampert, M","|poke|p1|Starmie","|poke|p1|Keldeo-Resolute","|poke|p1|Politoed, F","|poke|p1|Lapras, M","|poke|p1|Kingdra, F","|poke|p2|Mamoswine, F","|poke|p2|Excadrill, F","|poke|p2|Nidoking, M","|poke|p2|Landorus, M, shiny","|poke|p2|Seismitoad, M","|poke|p2|Hippopotas, F","|rule|Sleep Clause Mod: Limit one foe put to sleep","|rule|Species Clause: Limit one of each Pokémon","|rule|OHKO Clause: OHKO moves are banned","|rule|Moody Clause: Moody is banned","|rule|Evasion Moves Clause: Evasion moves are banned","|rule|Endless Battle Clause: Forcing endless battles is banned","|rule|HP Percentage Mod: HP is shown in percentages","|teampreview","|","|start","|switch|p1a: Lapras|Lapras, M|401/401","|switch|p2a: Excadrill|Excadrill, F|361/361","|turn|1","|","|switch|p1a: Politoed|Politoed, F|321/321","|-weather|RainDance","|move|p2a: Excadrill|Iron Head|p1a: Politoed","|-resisted|p1a: Politoed","|-damage|p1a: Politoed|204/321","|","|-weather|RainDance|[upkeep]","|-heal|p1a: Politoed|224/321|[from] item: Leftovers","|turn|2","|","|switch|p2a: Seismitoad|Seismitoad, M|412/412","|move|p1a: Politoed|Hypnosis|p2a: Seismitoad","|-status|p2a: Seismitoad|slp","|","|-weather|RainDance|[upkeep]","|-heal|p1a: Politoed|244/321|[from] item: Leftovers","|turn|3","|","|switch|p1a: Lapras|Lapras, M|401/401","|cant|p2a: Seismitoad|slp","|","|-weather|RainDance|[upkeep]","|turn|4","|","|switch|p2a: Mamoswine|Mamoswine, F|362/362","|move|p1a: Lapras|Freeze-Dry|p2a: Mamoswine","|-damage|p2a: Mamoswine|290/362","|","|-weather|RainDance|[upkeep]","|turn|5","|","|switch|p1a: Kingdra|Kingdra, F|292/292","|move|p2a: Mamoswine|Earthquake|p1a: Kingdra","|-damage|p1a: Kingdra|0 fnt","|faint|p1a: Kingdra","|","|-weather|none","|","|switch|p1a: Keldeo-Resolute|Keldeo-Resolute|322/322","|turn|6","|","|switch|p2a: Seismitoad|Seismitoad, M|412/412 slp","|move|p1a: Keldeo-Resolute|Secret Sword|p2a: Seismitoad","|-crit|p2a: Seismitoad","|-damage|p2a: Seismitoad|145/412 slp","|","|-heal|p2a: Seismitoad|170/412 slp|[from] item: Leftovers","|turn|7","|","|switch|p2a: Landorus|Landorus, M, shiny|319/319","|move|p1a: Keldeo-Resolute|Secret Sword|p2a: Landorus","|-resisted|p2a: Landorus","|-damage|p2a: Landorus|224/319","|","|turn|8","|","|switch|p1a: Politoed|Politoed, F|244/321","|-weather|RainDance","|move|p2a: Landorus|Earth Power|p1a: Politoed","|-damage|p1a: Politoed|88/321","|","|-weather|RainDance|[upkeep]","|-heal|p1a: Politoed|108/321|[from] item: Leftovers","|turn|9","|","|move|p2a: Landorus|Earth Power|p1a: Politoed","|-damage|p1a: Politoed|0 fnt","|faint|p1a: Politoed","|","|-weather|RainDance|[upkeep]","|","|switch|p1a: Starmie|Starmie|261/261","|turn|10","|","|switch|p2a: Mamoswine|Mamoswine, F|290/362","|move|p1a: Starmie|Reflect Type|p2a: Mamoswine","|-start|p1a: Starmie|typechange|[from] move: Reflect Type|[of] p2a: Mamoswine","|","|-weather|RainDance|[upkeep]","|turn|11","|","|move|p1a: Starmie|Psychic|p2a: Mamoswine","|-damage|p2a: Mamoswine|154/362","|-unboost|p2a: Mamoswine|spd|1","|move|p2a: Mamoswine|Earthquake|p1a: Starmie","|-damage|p1a: Starmie|0 fnt","|faint|p1a: Starmie","|","|-weather|RainDance|[upkeep]","|","|switch|p1a: Keldeo-Resolute|Keldeo-Resolute|322/322","|turn|12","|","|switch|p2a: Seismitoad|Seismitoad, M|170/412 slp","|move|p1a: Keldeo-Resolute|Surf|p2a: Seismitoad","|-heal|p2a: Seismitoad|273/412 slp|[from] ability: Water Absorb|[of] p1a: Keldeo-Resolute","|","|-weather|none","|-heal|p2a: Seismitoad|298/412 slp|[from] item: Leftovers","|turn|13","|","|switch|p2a: Mamoswine|Mamoswine, F|154/362","|move|p1a: Keldeo-Resolute|Calm Mind|p1a: Keldeo-Resolute","|-boost|p1a: Keldeo-Resolute|spa|1","|-boost|p1a: Keldeo-Resolute|spd|1","|","|turn|14","|","|move|p1a: Keldeo-Resolute|Secret Sword|p2a: Mamoswine","|-supereffective|p2a: Mamoswine","|-damage|p2a: Mamoswine|0 fnt","|faint|p2a: Mamoswine","|","|","|switch|p2a: Landorus|Landorus, M, shiny|224/319","|turn|15","|","|move|p2a: Landorus|Earth Power|p1a: Keldeo-Resolute","|-damage|p1a: Keldeo-Resolute|180/322","|move|p1a: Keldeo-Resolute|Surf|p2a: Landorus","|-supereffective|p2a: Landorus","|-damage|p2a: Landorus|0 fnt","|faint|p2a: Landorus","|","|-heal|p1a: Keldeo-Resolute|200/322|[from] item: Leftovers","|","|switch|p2a: Hippopotas|Hippopotas, F|339/339","|-weather|Sandstorm","|turn|16","|","|move|p1a: Keldeo-Resolute|Secret Sword|p2a: Hippopotas","|-damage|p2a: Hippopotas|222/339","|move|p2a: Hippopotas|Whirlwind|p1a: Keldeo-Resolute","|drag|p1a: Lapras|Lapras, M|401/401","|","|-weather|Sandstorm|[upkeep]","|-damage|p1a: Lapras|376/401|[from] sandstorm","|-heal|p1a: Lapras|401/401|[from] item: Leftovers","|turn|17","|","|switch|p2a: Seismitoad|Seismitoad, M|298/412 slp","|move|p1a: Lapras|Freeze-Dry|p2a: Seismitoad","|-supereffective|p2a: Seismitoad","|-damage|p2a: Seismitoad|0 fnt","|faint|p2a: Seismitoad","|","|-weather|Sandstorm|[upkeep]","|-damage|p1a: Lapras|376/401|[from] sandstorm","|-heal|p1a: Lapras|401/401|[from] item: Leftovers","|","|switch|p2a: Nidoking|Nidoking, M|304/304","|turn|18","|","|move|p2a: Nidoking|Sludge Wave|p1a: Lapras","|-damage|p1a: Lapras|135/401","|move|p1a: Lapras|Surf|p2a: Nidoking","|-supereffective|p2a: Nidoking","|-damage|p2a: Nidoking|0 fnt","|faint|p2a: Nidoking","|","|-weather|Sandstorm|[upkeep]","|-damage|p1a: Lapras|110/401|[from] sandstorm","|-heal|p1a: Lapras|135/401|[from] item: Leftovers","|","|switch|p2a: Excadrill|Excadrill, F|361/361","|turn|19","|","|move|p2a: Excadrill|Earthquake|p1a: Lapras","|-damage|p1a: Lapras|0 fnt","|faint|p1a: Lapras","|","|-weather|Sandstorm|[upkeep]","|","|switch|p1a: Keldeo-Resolute|Keldeo-Resolute|200/322","|turn|20","|","|move|p2a: Excadrill|Earthquake|p1a: Keldeo-Resolute","|-damage|p1a: Keldeo-Resolute|0 fnt","|faint|p1a: Keldeo-Resolute","|","|-weather|none","|","|switch|p1a: Swampert|Swampert, M|343/343","|turn|21","|","|move|p2a: Excadrill|Earthquake|p1a: Swampert","|-damage|p1a: Swampert|54/343","|move|p1a: Swampert|Counter|p2a: Excadrill","|-damage|p2a: Excadrill|0 fnt","|faint|p2a: Excadrill","|","|","|switch|p2a: Hippopotas|Hippopotas, F|222/339","|-weather|Sandstorm","|turn|22","|","|move|p1a: Swampert|Ice Punch|p2a: Hippopotas","|-supereffective|p2a: Hippopotas","|-damage|p2a: Hippopotas|126/339","|move|p2a: Hippopotas|Yawn|p1a: Swampert","|-start|p1a: Swampert|move: Yawn|[of] p2a: Hippopotas","|","|-weather|Sandstorm|[upkeep]","|turn|23","|","|move|p1a: Swampert|Ice Punch|p2a: Hippopotas","|-supereffective|p2a: Hippopotas","|-damage|p2a: Hippopotas|30/339","|move|p2a: Hippopotas|Slack Off|p2a: Hippopotas","|-heal|p2a: Hippopotas|200/339","|","|-end|p1a: Swampert|move: Yawn|[silent]","|-status|p1a: Swampert|slp","|-weather|Sandstorm|[upkeep]","|turn|24","|","|cant|p1a: Swampert|slp","|move|p2a: Hippopotas|Slack Off|p2a: Hippopotas","|-heal|p2a: Hippopotas|339/339","|","|-weather|Sandstorm|[upkeep]","|turn|25","|","|win|Kre8noyz"],"p1rating":{"entryid":"6510480","serverid":"eos","formatid":"monotype","userid":"kre8noyz","username":"Kre8noyz","w":34,"l":"49","t":"0","gxe":42.4,"r":"1432.5258890743","rd":"44.549536468704","sigma":"0","rptime":"1438678800","rpr":1442.1370602945,"rprd":43.185284788455,"rpsigma":"0","acre":1123.3590995131,"lacre":1123.3590995131,"oldacre":"1075.7763548912"},"p2rating":{"entryid":"6746789","serverid":"eos","formatid":"monotype","userid":"swlneki","username":"SWL Neßki","w":"23","l":11,"t":"0","gxe":66.7,"r":"1655.5784159023","rd":"62.349765214186","sigma":"0","rptime":"1438678800","rpr":1632.8330003761,"rprd":60.245408038578,"rpsigma":"0","acre":1319.0923169443,"lacre":1319.0923169443,"oldacre":"1352.3279793023"},"endType":"forfeit"}