{"seed":[46108,9795,18075,51302],"turns":23,"p1":"Guard Darkrai","p2":"IV Chrono","p1team":[{"name":"Persian","species":"Persian","item":"lifeorb","ability":"Technician","moves":["fakeout","uturn","knockoff","aerialace"],"nature":"Jolly","evs":{"hp":0,"atk":252,"def":0,"spa":0,"spd":4,"spe":252},"shiny":true,"ivs":{"hp":31,"atk":31,"def":31,"spa":31,"spd":31,"spe":31}},{"name":"Bibarel","species":"Bibarel","item":"whiteherb","ability":"Simple","moves":["amnesia","curse","waterfall","return"],"nature":"Jolly","evs":{"hp":0,"atk":252,"def":0,"spa":0,"spd":4,"spe":252},"shiny":true,"ivs":{"hp":31,"atk":31,"def":31,"spa":31,"spd":31,"spe":31}},{"name":"Lopunny","species":"Lopunny","item":"lopunnite","ability":"Cute Charm","moves":["fakeout","highjumpkick","return","icepunch"],"nature":"Jolly","evs":{"hp":0,"atk":252,"def":0,"spa":0,"spd":4,"spe":252},"shiny":true,"ivs":{"hp":31,"atk":31,"def":31,"spa":31,"spd":31,"spe":31}},{"name":"Wigglytuff","species":"Wigglytuff","item":"leftovers","ability":"Competitive","moves":["fireblast","hypervoice","dazzlinggleam","chargebeam"],"nature":"Modest","evs":{"hp":252,"atk":0,"def":0,"spa":252,"spd":4,"spe":0},"shiny":true,"ivs":{"hp":31,"atk":31,"def":31,"spa":31,"spd":31,"spe":31}},{"name":"Audino","species":"Audino","item":"leftovers","ability":"Regenerator","moves":["wish","healbell","magiccoat","toxic"],"nature":"Calm","evs":{"hp":252,"atk":0,"def":4,"spa":0,"spd":252,"spe":0},"shiny":true,"ivs":{"hp":31,"atk":31,"def":31,"spa":31,"spd":31,"spe":31}},{"name":"Braviary","species":"Braviary","item":"brightpowder","ability":"Defiant","moves":["bravebird","uturn","roost","defog"],"nature":"","evs":{"hp":0,"atk":0,"def":0,"spa":0,"spd":0,"spe":0},"ivs":{"hp":31,"atk":31,"def":31,"spa":31,"spd":31,"spe":31}}],"p2team":[{"name":"Traitor","species":"sableye","item":"sablenite","ability":"Prankster","moves":["knockoff","foulplay","recover","willowisp"],"nature":"Impish","evs":{"hp":252,"atk":4,"def":252,"spa":0,"spd":0,"spe":0},"ivs":{"hp":31,"atk":31,"def":31,"spa":31,"spd":31,"spe":31}},{"name":"Rebel","species":"umbreon","item":"leftovers","ability":"Synchronize","moves":["protect","wish","healbell","foulplay"],"nature":"Calm","evs":{"hp":252,"atk":0,"def":64,"spa":0,"spd":192,"spe":0},"ivs":{"hp":31,"atk":31,"def":31,"spa":31,"spd":31,"spe":31}},{"name":"Fugitive","species":"mandibuzz","item":"rockyhelmet","ability":"Overcoat","moves":["roost","toxic","foulplay","defog"],"nature":"Impish","evs":{"hp":252,"atk":0,"def":252,"spa":0,"spd":4,"spe":0},"ivs":{"hp":31,"atk":31,"def":31,"spa":31,"spd":31,"spe":31}},{"name":"Defector","species":"tyranitar","item":"assaultvest","ability":"Sand Stream","moves":["stoneedge","earthquake","fireblast","icebeam"],"nature":"Sassy","evs":{"hp":192,"atk":0,"def":0,"spa":64,"spd":252,"spe":0},"ivs":{"hp":31,"atk":31,"def":31,"spa":31,"spd":31,"spe":31}},{"name":"Turncoat","species":"bisharp","item":"focussash","ability":"Defiant","moves":["swordsdance","suckerpunch","knockoff","ironhead"],"nature":"Adamant","evs":{"hp":4,"atk":252,"def":0,"spa":0,"spd":0,"spe":252},"ivs":{"hp":31,"atk":31,"def":31,"spa":31,"spd":31,"spe":31}},{"name":"Renegade","species":"murkrow","item":"eviolite","ability":"Prankster","moves":["meanlook","perishsong","featherdance","roost"],"nature":"Impish","evs":{"hp":252,"atk":0,"def":252,"spa":0,"spd":4,"spe":0},"ivs":{"hp":31,"atk":31,"def":31,"spa":31,"spd":31,"spe":31}}],"log":["|player|p1|Guard Darkrai|guarddarkrai.png","|player|p2|IV Chrono|ivchrono.png","|gametype|singles","|gen|6","|tier|Monotype","|rated","|rule|Baton Pass Clause: Limit one Baton Passer, can't pass Spe and other stats simultaneously","|rule|Swagger Clause: Swagger is banned","|rule|Same Type Clause: Pokémon in a team must share a type","|clearpoke","|poke|p1|Persian, M, shiny","|poke|p1|Bibarel, F, shiny","|poke|p1|Lopunny, M, shiny","|poke|p1|Wigglytuff, M, shiny","|poke|p1|Audino, M, shiny","|poke|p1|Braviary, M","|poke|p2|Sableye, F","|poke|p2|Umbreon, F","|poke|p2|Mandibuzz, F","|poke|p2|Tyranitar, F","|poke|p2|Bisharp, M","|poke|p2|Murkrow, M","|rule|Sleep Clause Mod: Limit one foe put to sleep","|rule|Species Clause: Limit one of each Pokémon","|rule|OHKO Clause: OHKO moves are banned","|rule|Moody Clause: Moody is banned","|rule|Evasion Moves Clause: Evasion moves are banned","|rule|Endless Battle Clause: Forcing endless battles is banned","|rule|HP Percentage Mod: HP is shown in percentages","|teampreview","|","|start","|switch|p1a: Lopunny|Lopunny, M, shiny|271/271","|switch|p2a: Traitor|Sableye, F|304/304","|turn|1","|","|switch|p2a: Fugitive|Mandibuzz, F|424/424","|detailschange|p1a: Lopunny|Lopunny-Mega, M, shiny","|-mega|p1a: Lopunny|Lopunny|Lopunnite","|move|p1a: Lopunny|Fake Out|p2a: Fugitive","|-crit|p2a: Fugitive","|-damage|p2a: Fugitive|348/424","|-damage|p1a: Lopunny|226/271|[from] item: Rocky Helmet|[of] p2a: Fugitive","|","|turn|2","|","|move|p1a: Lopunny|Ice Punch|p2a: Fugitive","|-supereffective|p2a: Fugitive","|-damage|p2a: Fugitive|212/424","|-damage|p1a: Lopunny|181/271|[from] item: Rocky Helmet|[of] p2a: Fugitive","|move|p2a: Fugitive|Roost|p2a: Fugitive","|-heal|p2a: Fugitive|424/424","|","|turn|3","|","|switch|p1a: Audino|Audino, M, shiny|410/410","|move|p2a: Fugitive|Toxic|p1a: Audino","|-status|p1a: Audino|tox","|","|-damage|p1a: Audino|385/410 tox|[from] psn","|turn|4","|","|switch|p2a: Turncoat|Bisharp, M|272/272","|move|p1a: Audino|Toxic|p2a: Turncoat","|-immune|p2a: Turncoat|[msg]","|","|-heal|p1a: Audino|410/410 tox|[from] item: Leftovers","|-damage|p1a: Audino|360/410 tox|[from] psn","|turn|5","|","|move|p2a: Turncoat|Knock Off|p1a: Audino","|-damage|p1a: Audino|134/410 tox","|-enditem|p1a: Audino|Leftovers|[from] move: Knock Off|[of] p2a: Turncoat","|move|p1a: Audino|Heal Bell|p1a: Audino","|-cureteam|p1a: Audino|[from] move: HealBell","|","|turn|6","|","|switch|p1a: Bibarel|Bibarel, F, shiny|299/299","|move|p2a: Turncoat|Iron Head|p1a: Bibarel","|-resisted|p1a: Bibarel","|-damage|p1a: Bibarel|191/299","|","|turn|7","|","|move|p1a: Bibarel|Curse|p1a: Bibarel","|-unboost|p1a: Bibarel|spe|2","|-boost|p1a: Bibarel|atk|2","|-boost|p1a: Bibarel|def|2","|-enditem|p1a: Bibarel|White Herb","|-restoreboost|p1a: Bibarel|[silent]","|move|p2a: Turncoat|Knock Off|p1a: Bibarel","|-damage|p1a: Bibarel|94/299","|","|turn|8","|","|switch|p2a: Fugitive|Mandibuzz, F|424/424","|move|p1a: Bibarel|Waterfall|p2a: Fugitive","|-damage|p2a: Fugitive|271/424","|-damage|p1a: Bibarel|45/299|[from] item: Rocky Helmet|[of] p2a: Fugitive","|","|turn|9","|","|move|p1a: Bibarel|Curse|p1a: Bibarel","|-unboost|p1a: Bibarel|spe|2","|-boost|p1a: Bibarel|atk|2","|-boost|p1a: Bibarel|def|2","|move|p2a: Fugitive|Roost|p2a: Fugitive","|-heal|p2a: Fugitive|424/424","|","|turn|10","|","|move|p2a: Fugitive|Foul Play|p1a: Bibarel","|-damage|p1a: Bibarel|0 fnt","|faint|p1a: Bibarel","|","|","|switch|p1a: Wigglytuff|Wigglytuff, M, shiny|484/484","|turn|11","|","|switch|p2a: Defector|Tyranitar, F|389/389","|-weather|Sandstorm","|move|p1a: Wigglytuff|Charge Beam|p2a: Defector","|-damage|p2a: Defector|372/389","|","|-weather|Sandstorm|[upkeep]","|-damage|p1a: Wigglytuff|454/484|[from] sandstorm","|-heal|p1a: Wigglytuff|484/484|[from] item: Leftovers","|turn|12","|","|move|p2a: Defector|Stone Edge|p1a: Wigglytuff","|-damage|p1a: Wigglytuff|216/484","|move|p1a: Wigglytuff|Dazzling Gleam|p2a: Defector","|-supereffective|p2a: Defector","|-damage|p2a: Defector|292/389","|","|-weather|Sandstorm|[upkeep]","|-damage|p1a: Wigglytuff|186/484|[from] sandstorm","|-heal|p1a: Wigglytuff|216/484|[from] item: Leftovers","|turn|13","|","|switch|p1a: Braviary|Braviary, M|341/341","|move|p2a: Defector|Earthquake|p1a: Braviary","|-immune|p1a: Braviary|[msg]","|","|-weather|Sandstorm|[upkeep]","|-damage|p1a: Braviary|320/341|[from] sandstorm","|turn|14","|","|switch|p2a: Fugitive|Mandibuzz, F|424/424","|move|p1a: Braviary|U-turn|p2a: Fugitive","|-damage|p2a: Fugitive|380/424","|-damage|p1a: Braviary|264/341|[from] item: Rocky Helmet|[of] p2a: Fugitive","|","|switch|p1a: Wigglytuff|Wigglytuff, M, shiny|216/484","|","|-weather|Sandstorm|[upkeep]","|-damage|p1a: Wigglytuff|186/484|[from] sandstorm","|-heal|p1a: Wigglytuff|216/484|[from] item: Leftovers","|turn|15","|","|switch|p2a: Rebel|Umbreon, F|394/394","|move|p1a: Wigglytuff|Charge Beam|p2a: Rebel","|-damage|p2a: Rebel|360/394","|","|-weather|none","|-heal|p2a: Rebel|384/394|[from] item: Leftovers","|-heal|p1a: Wigglytuff|246/484|[from] item: Leftovers","|turn|16","|","|switch|p2a: Defector|Tyranitar, F|292/389","|-weather|Sandstorm","|move|p1a: Wigglytuff|Charge Beam|p2a: Defector","|-damage|p2a: Defector|276/389","|-boost|p1a: Wigglytuff|spa|1","|","|-weather|Sandstorm|[upkeep]","|-damage|p1a: Wigglytuff|216/484|[from] sandstorm","|-heal|p1a: Wigglytuff|246/484|[from] item: Leftovers","|turn|17","|","|move|p2a: Defector|Stone Edge|p1a: Wigglytuff","|-damage|p1a: Wigglytuff|0 fnt","|faint|p1a: Wigglytuff","|","|-weather|Sandstorm|[upkeep]","|","|switch|p1a: Lopunny|Lopunny-Mega, M, shiny|181/271","|turn|18","|","|switch|p2a: Fugitive|Mandibuzz, F|380/424","|move|p1a: Lopunny|High Jump Kick|p2a: Fugitive","|-damage|p2a: Fugitive|221/424","|-damage|p1a: Lopunny|136/271|[from] item: Rocky Helmet|[of] p2a: Fugitive","|","|-weather|Sandstorm|[upkeep]","|-damage|p1a: Lopunny|120/271|[from] sandstorm","|turn|19","|","|move|p1a: Lopunny|Ice Punch|p2a: Fugitive","|-crit|p2a: Fugitive","|-supereffective|p2a: Fugitive","|-damage|p2a: Fugitive|21/424","|-damage|p1a: Lopunny|75/271|[from] item: Rocky Helmet|[of] p2a: Fugitive","|move|p2a: Fugitive|Roost|p2a: Fugitive","|-heal|p2a: Fugitive|233/424","|","|-weather|Sandstorm|[upkeep]","|-damage|p1a: Lopunny|59/271|[from] sandstorm","|turn|20","|","|switch|p1a: Persian|Persian, M, shiny|271/271","|move|p2a: Fugitive|Roost|p2a: Fugitive","|-heal|p2a: Fugitive|424/424","|","|-weather|none","|turn|21","|","|move|p1a: Persian|Fake Out|p2a: Fugitive","|-damage|p2a: Fugitive|360/424","|-damage|p1a: Persian|226/271|[from] item: Rocky Helmet|[of] p2a: Fugitive","|-damage|p1a: Persian|199/271|[from] item: Life Orb","|cant|p2a: Fugitive|flinch","|","|turn|22","|","|move|p1a: Persian|U-turn|p2a: Fugitive","|-damage|p2a: Fugitive|305/424","|-damage|p1a: Persian|154/271|[from] item: Rocky Helmet|[of] p2a: Fugitive","|-damage|p1a: Persian|127/271|[from] item: Life Orb","|","|switch|p1a: Audino|Audino, M, shiny|270/410","|move|p2a: Fugitive|Roost|p2a: Fugitive","|-heal|p2a: Fugitive|424/424","|","|turn|23","|","|win|IV Chrono"],"p1rating":{"entryid":"6034648","serverid":"eos","formatid":"monotype","userid":"guarddarkrai","username":"Guard Darkrai","w":"66","l":83,"t":"0","gxe":43.7,"r":"1460.1037078647","rd":"33.145922397542","sigma":"0","rptime":"1438678800","rpr":1452.2454347758,"rprd":31.678653556913,"rpsigma":"0","acre":1029.0843935987,"lacre":1029.0843935987,"oldacre":"1045.3831665964"},"p2rating":{"entryid":"7387696","serverid":"eos","formatid":"monotype","userid":"ivchrono","username":"IV Chrono","w":2,"l":"0","t":"0","gxe":58.7,"r":"1500","rd":"130","sigma":"0","rptime":"1438678800","rpr":1570.0235599285,"rprd":115.21987595526,"rpsigma":"0","acre":1086.5598436787,"lacre":1086.5598436787,"oldacre":"1055.9020085062"},"endType":"forfeit"}