{"seed":[330,7719,15907,18603],"turns":30,"p1":"Emg GL Twizzler","p2":"DJMadness","p1team":[{"name":"Magnezone","species":"Magnezone","item":"leftovers","ability":"Sturdy","moves":["flashcannon","thunderbolt","protect","hiddenpowerice"],"nature":"Modest","evs":{"hp":76,"atk":0,"def":180,"spa":252,"spd":0,"spe":0},"ivs":{"hp":31,"atk":30,"def":30,"spa":31,"spd":31,"spe":31}},{"name":"Zapdos","species":"Zapdos","item":"leftovers","ability":"Pressure","moves":["discharge","heatwave","toxic","roost"],"nature":"Bold","evs":{"hp":4,"atk":0,"def":252,"spa":0,"spd":252,"spe":0},"ivs":{"hp":31,"atk":31,"def":31,"spa":31,"spd":31,"spe":31}},{"name":"Ampharos","species":"Ampharos","item":"ampharosite","ability":"Static","moves":["cottonguard","rest","sleeptalk","dragonpulse"],"nature":"Bold","evs":{"hp":0,"atk":0,"def":252,"spa":136,"spd":120,"spe":0},"ivs":{"hp":31,"atk":31,"def":31,"spa":31,"spd":31,"spe":31}},{"name":"Raikou","species":"Raikou","item":"leftovers","ability":"Pressure","moves":["calmmind","substitute","thunderbolt","extrasensory"],"nature":"Timid","evs":{"hp":0,"atk":0,"def":0,"spa":252,"spd":4,"spe":252},"ivs":{"hp":31,"atk":31,"def":31,"spa":31,"spd":31,"spe":31}},{"name":"Rotom-Wash","species":"Rotom-Wash","item":"choicescarf","ability":"Levitate","moves":["voltswitch","hydropump","willowisp","trick"],"nature":"Timid","evs":{"hp":0,"atk":0,"def":0,"spa":252,"spd":4,"spe":252},"ivs":{"hp":31,"atk":31,"def":31,"spa":31,"spd":31,"spe":31}},{"name":"Condom","species":"eelektross","item":"assaultvest","ability":"Levitate","moves":["gigadrain","thunderbolt","drainpunch","knockoff"],"nature":"Quiet","evs":{"hp":3,"atk":136,"def":0,"spa":108,"spd":252,"spe":0},"ivs":{"hp":31,"atk":31,"def":31,"spa":31,"spd":31,"spe":31}}],"p2team":[{"name":"The Hero","species":"accelgor","item":"choicescarf","ability":"Sticky Hold","moves":["bugbuzz","finalgambit","sludgebomb","energyball"],"nature":"Timid","evs":{"hp":252,"atk":0,"def":0,"spa":4,"spd":0,"spe":252},"gender":"M","shiny":true,"ivs":{"hp":31,"atk":31,"def":31,"spa":31,"spd":31,"spe":31}},{"name":"A Monster","species":"volcarona","item":"sitrusberry","ability":"Flame Body","moves":["bugbuzz","fierydance","quiverdance","gigadrain"],"nature":"Timid","evs":{"hp":252,"atk":0,"def":0,"spa":0,"spd":4,"spe":252},"gender":"F","shiny":true,"ivs":{"hp":31,"atk":31,"def":31,"spa":31,"spd":31,"spe":31}},{"name":"What Am I?","species":"armaldo","item":"leftovers","ability":"Battle Armor","moves":["stealthrock","rapidspin","toxic","rockslide"],"nature":"Impish","evs":{"hp":252,"atk":4,"def":252,"spa":0,"spd":0,"spe":0},"gender":"M","shiny":true,"ivs":{"hp":31,"atk":31,"def":31,"spa":31,"spd":31,"spe":31}},{"name":"Cockroach","species":"pinsir","item":"pinsirite","ability":"Moxie","moves":["quickattack","return","closecombat","stoneedge"],"nature":"Jolly","evs":{"hp":252,"atk":4,"def":0,"spa":0,"spd":0,"spe":252},"gender":"M","shiny":true,"ivs":{"hp":31,"atk":31,"def":31,"spa":31,"spd":31,"spe":31}},{"name":"Dual Blade","species":"scyther","item":"eviolite","ability":"Technician","moves":["aerialace","swordsdance","roost","quickattack"],"nature":"Jolly","evs":{"hp":252,"atk":4,"def":0,"spa":0,"spd":0,"spe":252},"gender":"M","shiny":true,"ivs":{"hp":31,"atk":31,"def":31,"spa":31,"spd":31,"spe":31}},{"name":"Soo Kawaii :3","species":"vivillon","item":"focussash","ability":"Compound Eyes","moves":["hurricane","sleeppowder","drainingkiss","quiverdance"],"nature":"Timid","evs":{"hp":0,"atk":0,"def":0,"spa":252,"spd":0,"spe":252},"gender":"F","shiny":true,"ivs":{"hp":31,"atk":31,"def":31,"spa":31,"spd":31,"spe":31}}],"log":["|player|p1|Emg GL Twizzler|122","|player|p2|DJMadness|92","|gametype|singles","|gen|6","|tier|Monotype","|rated","|rule|Baton Pass Clause: Limit one Baton Passer, can't pass Spe and other stats simultaneously","|rule|Swagger Clause: Swagger is banned","|rule|Same Type Clause: Pokémon in a team must share a type","|clearpoke","|poke|p1|Magnezone","|poke|p1|Zapdos","|poke|p1|Ampharos, M","|poke|p1|Raikou","|poke|p1|Rotom-Wash","|poke|p1|Eelektross, M","|poke|p2|Accelgor, M, shiny","|poke|p2|Volcarona, F, shiny","|poke|p2|Armaldo, M, shiny","|poke|p2|Pinsir, M, shiny","|poke|p2|Scyther, M, shiny","|poke|p2|Vivillon, F, shiny","|rule|Sleep Clause Mod: Limit one foe put to sleep","|rule|Species Clause: Limit one of each Pokémon","|rule|OHKO Clause: OHKO moves are banned","|rule|Moody Clause: Moody is banned","|rule|Evasion Moves Clause: Evasion moves are banned","|rule|Endless Battle Clause: Forcing endless battles is banned","|rule|HP Percentage Mod: HP is shown in percentages","|teampreview","|","|start","|switch|p1a: Rotom-Wash|Rotom-Wash|241/241","|switch|p2a: The Hero|Accelgor, M, shiny|364/364","|turn|1","|","|move|p2a: The Hero|Final Gambit|p1a: Rotom-Wash","|-damage|p1a: Rotom-Wash|0 fnt","|faint|p2a: The Hero","|faint|p1a: Rotom-Wash","|","|","|switch|p1a: Zapdos|Zapdos|322/322","|switch|p2a: What Am I?|Armaldo, M, shiny|354/354","|-ability|p1a: Zapdos|Pressure","|turn|2","|","|move|p1a: Zapdos|Toxic|p2a: What Am I?|[miss]","|-miss|p1a: Zapdos|p2a: What Am I?","|move|p2a: What Am I?|Rock Slide|p1a: Zapdos","|-miss|p2a: What Am I?|p1a: Zapdos","|","|turn|3","|","|move|p1a: Zapdos|Toxic|p2a: What Am I?|[miss]","|-miss|p1a: Zapdos|p2a: What Am I?","|move|p2a: What Am I?|Stealth Rock|p1a: Zapdos","|-sidestart|p1: Emg GL Twizzler|move: Stealth Rock","|","|turn|4","|","|move|p1a: Zapdos|Toxic|p2a: What Am I?","|-status|p2a: What Am I?|tox","|move|p2a: What Am I?|Rock Slide|p1a: Zapdos","|-supereffective|p1a: Zapdos","|-damage|p1a: Zapdos|158/322","|","|-heal|p1a: Zapdos|178/322|[from] item: Leftovers","|-damage|p2a: What Am I?|332/354 tox|[from] psn","|turn|5","|","|move|p1a: Zapdos|Roost|p1a: Zapdos","|-heal|p1a: Zapdos|322/322","|move|p2a: What Am I?|Rock Slide|p1a: Zapdos","|-damage|p1a: Zapdos|228/322","|","|-heal|p1a: Zapdos|248/322|[from] item: Leftovers","|-heal|p2a: What Am I?|354/354 tox|[from] item: Leftovers","|-damage|p2a: What Am I?|310/354 tox|[from] psn","|turn|6","|","|move|p1a: Zapdos|Discharge|p2a: What Am I?","|-damage|p2a: What Am I?|178/354 tox","|move|p2a: What Am I?|Rock Slide|p1a: Zapdos","|-supereffective|p1a: Zapdos","|-damage|p1a: Zapdos|80/322","|","|-heal|p1a: Zapdos|100/322|[from] item: Leftovers","|-heal|p2a: What Am I?|200/354 tox|[from] item: Leftovers","|-damage|p2a: What Am I?|134/354 tox|[from] psn","|turn|7","|","|switch|p2a: A Monster|Volcarona, F, shiny|374/374","|move|p1a: Zapdos|Roost|p1a: Zapdos","|-heal|p1a: Zapdos|261/322","|","|-heal|p1a: Zapdos|281/322|[from] item: Leftovers","|turn|8","|","|move|p2a: A Monster|Quiver Dance|p2a: A Monster","|-boost|p2a: A Monster|spa|1","|-boost|p2a: A Monster|spd|1","|-boost|p2a: A Monster|spe|1","|move|p1a: Zapdos|Toxic|p2a: A Monster","|-status|p2a: A Monster|tox","|","|-heal|p1a: Zapdos|301/322|[from] item: Leftovers","|-damage|p2a: A Monster|351/374 tox|[from] psn","|turn|9","|","|move|p2a: A Monster|Fiery Dance|p1a: Zapdos","|-damage|p1a: Zapdos|138/322","|move|p1a: Zapdos|Discharge|p2a: A Monster","|-damage|p2a: A Monster|275/374 tox","|","|-heal|p1a: Zapdos|158/322|[from] item: Leftovers","|-damage|p2a: A Monster|229/374 tox|[from] psn","|turn|10","|","|move|p2a: A Monster|Fiery Dance|p1a: Zapdos","|-damage|p1a: Zapdos|0 fnt","|faint|p1a: Zapdos","|","|-damage|p2a: A Monster|160/374 tox|[from] psn","|-enditem|p2a: A Monster|Sitrus Berry|[eat]","|-heal|p2a: A Monster|253/374 tox|[from] item: Sitrus Berry","|","|switch|p1a: Condom|Eelektross, M|311/311","|-damage|p1a: Condom|273/311|[from] Stealth Rock","|turn|11","|","|move|p2a: A Monster|Fiery Dance|p1a: Condom","|-damage|p1a: Condom|156/311","|move|p1a: Condom|Knock Off|p2a: A Monster","|-damage|p2a: A Monster|158/374 tox","|","|-damage|p2a: A Monster|66/374 tox|[from] psn","|turn|12","|","|move|p2a: A Monster|Bug Buzz|p1a: Condom","|-damage|p1a: Condom|20/311","|move|p1a: Condom|Drain Punch|p2a: A Monster","|-resisted|p2a: A Monster","|-damage|p2a: A Monster|11/374 tox","|-heal|p1a: Condom|48/311|[from] drain|[of] p2a: A Monster","|","|-damage|p2a: A Monster|0 fnt|[from] psn","|faint|p2a: A Monster","|","|switch|p2a: Cockroach|Pinsir, M, shiny|334/334","|turn|13","|","|move|p2a: Cockroach|Return|p1a: Condom","|-damage|p1a: Condom|0 fnt","|faint|p1a: Condom","|-boost|p2a: Cockroach|atk|1|[from] ability: Moxie","|","|","|switch|p1a: Magnezone|Magnezone|300/300","|-damage|p1a: Magnezone|282/300|[from] Stealth Rock","|turn|14","|","|detailschange|p2a: Cockroach|Pinsir-Mega, M, shiny","|-mega|p2a: Cockroach|Pinsir|Pinsirite","|move|p1a: Magnezone|Protect|p1a: Magnezone","|-singleturn|p1a: Magnezone|Protect","|move|p2a: Cockroach|Close Combat|p1a: Magnezone","|-activate|p1a: Magnezone|Protect","|","|-heal|p1a: Magnezone|300/300|[from] item: Leftovers","|turn|15","|","|move|p2a: Cockroach|Close Combat|p1a: Magnezone","|-supereffective|p1a: Magnezone","|-ability|p1a: Magnezone|Sturdy","|-damage|p1a: Magnezone|1/300","|-unboost|p2a: Cockroach|def|1","|-unboost|p2a: Cockroach|spd|1","|move|p1a: Magnezone|Thunderbolt|p2a: Cockroach","|-supereffective|p2a: Cockroach","|-damage|p2a: Cockroach|0 fnt","|faint|p2a: Cockroach","|","|-heal|p1a: Magnezone|19/300|[from] item: Leftovers","|","|switch|p2a: What Am I?|Armaldo, M, shiny|134/354 tox","|turn|16","|","|move|p1a: Magnezone|Protect|p1a: Magnezone","|-singleturn|p1a: Magnezone|Protect","|move|p2a: What Am I?|Rock Slide|p1a: Magnezone","|-activate|p1a: Magnezone|Protect","|","|-heal|p1a: Magnezone|37/300|[from] item: Leftovers","|-heal|p2a: What Am I?|156/354 tox|[from] item: Leftovers","|-damage|p2a: What Am I?|134/354 tox|[from] psn","|turn|17","|","|switch|p1a: Ampharos|Ampharos, M|321/321","|-damage|p1a: Ampharos|281/321|[from] Stealth Rock","|move|p2a: What Am I?|Rock Slide|p1a: Ampharos","|-damage|p1a: Ampharos|188/321","|","|-heal|p2a: What Am I?|156/354 tox|[from] item: Leftovers","|-damage|p2a: What Am I?|112/354 tox|[from] psn","|turn|18","|","|detailschange|p1a: Ampharos|Ampharos-Mega, M","|-mega|p1a: Ampharos|Ampharos|Ampharosite","|-ability|p1a: Ampharos|Mold Breaker","|move|p1a: Ampharos|Cotton Guard|p1a: Ampharos","|-boost|p1a: Ampharos|def|3","|move|p2a: What Am I?|Rock Slide|p1a: Ampharos","|-damage|p1a: Ampharos|158/321","|","|-heal|p2a: What Am I?|134/354 tox|[from] item: Leftovers","|-damage|p2a: What Am I?|68/354 tox|[from] psn","|turn|19","|","|move|p2a: What Am I?|Rock Slide|p1a: Ampharos","|-damage|p1a: Ampharos|128/321","|move|p1a: Ampharos|Rest|p1a: Ampharos","|-status|p1a: Ampharos|slp","|-heal|p1a: Ampharos|321/321 slp|[silent]","|-status|p1a: Ampharos|slp|[from] move: Rest","|","|-heal|p2a: What Am I?|90/354 tox|[from] item: Leftovers","|-damage|p2a: What Am I?|2/354 tox|[from] psn","|turn|20","|","|switch|p2a: Soo Kawaii :3|Vivillon, F, shiny|301/301","|cant|p1a: Ampharos|slp","|move|p1a: Ampharos|Sleep Talk|p1a: Ampharos","|move|p1a: Ampharos|Rest|p1a: Ampharos|[from]Sleep Talk","|-fail|p1a: Ampharos","|","|turn|21","|","|move|p2a: Soo Kawaii :3|Quiver Dance|p2a: Soo Kawaii :3","|-boost|p2a: Soo Kawaii :3|spa|1","|-boost|p2a: Soo Kawaii :3|spd|1","|-boost|p2a: Soo Kawaii :3|spe|1","|cant|p1a: Ampharos|slp","|move|p1a: Ampharos|Sleep Talk|p1a: Ampharos","|move|p1a: Ampharos|Rest|p1a: Ampharos|[from]Sleep Talk","|-fail|p1a: Ampharos","|","|turn|22","|","|move|p2a: Soo Kawaii :3|Quiver Dance|p2a: Soo Kawaii :3","|-boost|p2a: Soo Kawaii :3|spa|1","|-boost|p2a: Soo Kawaii :3|spd|1","|-boost|p2a: Soo Kawaii :3|spe|1","|-curestatus|p1a: Ampharos|slp","|move|p1a: Ampharos|Dragon Pulse|p2a: Soo Kawaii :3","|-damage|p2a: Soo Kawaii :3|150/301","|","|turn|23","|","|move|p2a: Soo Kawaii :3|Sleep Powder|p1a: Ampharos","|-status|p1a: Ampharos|slp","|cant|p1a: Ampharos|slp","|","|turn|24","|","|move|p2a: Soo Kawaii :3|Quiver Dance|p2a: Soo Kawaii :3","|-boost|p2a: Soo Kawaii :3|spa|1","|-boost|p2a: Soo Kawaii :3|spd|1","|-boost|p2a: Soo Kawaii :3|spe|1","|cant|p1a: Ampharos|slp","|move|p1a: Ampharos|Sleep Talk|p1a: Ampharos","|move|p1a: Ampharos|Rest|p1a: Ampharos|[from]Sleep Talk","|-fail|p1a: Ampharos","|","|turn|25","|","|move|p2a: Soo Kawaii :3|Draining Kiss|p1a: Ampharos","|-supereffective|p1a: Ampharos","|-damage|p1a: Ampharos|127/321 slp","|-heal|p2a: Soo Kawaii :3|296/301|[from] drain|[of] p1a: Ampharos","|-curestatus|p1a: Ampharos|slp","|move|p1a: Ampharos|Sleep Talk|p1a: Ampharos","|-fail|p1a: Ampharos","|","|turn|26","|","|move|p2a: Soo Kawaii :3|Draining Kiss|p1a: Ampharos","|-supereffective|p1a: Ampharos","|-damage|p1a: Ampharos|0 fnt","|-heal|p2a: Soo Kawaii :3|301/301|[from] drain|[of] p1a: Ampharos","|faint|p1a: Ampharos","|","|","|switch|p1a: Raikou|Raikou|321/321","|-damage|p1a: Raikou|281/321|[from] Stealth Rock","|-ability|p1a: Raikou|Pressure","|turn|27","|","|move|p2a: Soo Kawaii :3|Hurricane|p1a: Raikou","|-resisted|p1a: Raikou","|-damage|p1a: Raikou|77/321","|move|p1a: Raikou|Thunderbolt|p2a: Soo Kawaii :3","|-supereffective|p2a: Soo Kawaii :3","|-damage|p2a: Soo Kawaii :3|91/301","|","|-heal|p1a: Raikou|97/321|[from] item: Leftovers","|turn|28","|","|move|p2a: Soo Kawaii :3|Hurricane|p1a: Raikou","|-resisted|p1a: Raikou","|-damage|p1a: Raikou|0 fnt","|faint|p1a: Raikou","|","|","|switch|p1a: Magnezone|Magnezone|37/300","|-damage|p1a: Magnezone|19/300|[from] Stealth Rock","|turn|29","|","|move|p1a: Magnezone|Protect|p1a: Magnezone","|-singleturn|p1a: Magnezone|Protect","|move|p2a: Soo Kawaii :3|Hurricane|p1a: Magnezone","|-activate|p1a: Magnezone|Protect","|","|-heal|p1a: Magnezone|37/300|[from] item: Leftovers","|turn|30","|","|move|p2a: Soo Kawaii :3|Hurricane|p1a: Magnezone","|-resisted|p1a: Magnezone","|-damage|p1a: Magnezone|0 fnt","|faint|p1a: Magnezone","|","|win|DJMadness"],"p1rating":{"entryid":"7175106","serverid":"eos","formatid":"monotype","userid":"emggltwizzler","username":"Emg GL Twizzler","w":"11","l":8,"t":"0","gxe":54.3,"r":"1527.936505354","rd":"76.598280723087","sigma":"0","rptime":"1438678800","rpr":1532.8477654151,"rprd":72.143829106674,"rpsigma":"0","acre":1140.5917124223,"lacre":1140.5917124223,"oldacre":"1165.6016988029"},"p2rating":{"entryid":"7355209","serverid":"eos","formatid":"monotype","userid":"djmadness","username":"DJMadness","w":12,"l":"13","t":"0","gxe":49.2,"r":"1344.0194674362","rd":"88.375044745558","sigma":"0","rptime":"1438678800","rpr":1493.5509438102,"rprd":68.373472972135,"rpsigma":"0","acre":1190.4729002163,"lacre":1190.4729002163,"oldacre":"1165.4629138357"},"endType":"normal"}