{"seed":[27796,12817,52663,49484],"turns":39,"p1":"Guard Darkrai","p2":"Thunder ϟ Thundurs","p1team":[{"name":"Beedrill","species":"Beedrill","item":"beedrillite","ability":"Sniper","moves":["fellstinger","poisonjab","uturn","protect"],"nature":"Jolly","evs":{"hp":0,"atk":252,"def":0,"spa":0,"spd":4,"spe":252},"shiny":true,"ivs":{"hp":31,"atk":31,"def":31,"spa":31,"spd":31,"spe":31}},{"name":"Durant","species":"Durant","item":"lifeorb","ability":"Hustle","moves":["ironhead","xscissor","superpower","honeclaws"],"nature":"Jolly","evs":{"hp":0,"atk":252,"def":0,"spa":0,"spd":4,"spe":252},"shiny":true,"ivs":{"hp":31,"atk":31,"def":31,"spa":31,"spd":31,"spe":31}},{"name":"Venomoth","species":"Venomoth","item":"focussash","ability":"Wonder Skin","moves":["quiverdance","bugbuzz","sludgebomb","energyball"],"nature":"Modest","evs":{"hp":0,"atk":0,"def":0,"spa":252,"spd":4,"spe":252},"shiny":true,"ivs":{"hp":31,"atk":31,"def":31,"spa":31,"spd":31,"spe":31}},{"name":"Ariados","species":"Ariados","item":"focussash","ability":"Swarm","moves":["stickyweb","megahorn","suckerpunch","shadowsneak"],"nature":"Adamant","evs":{"hp":248,"atk":252,"def":0,"spa":0,"spd":8,"spe":0},"ivs":{"hp":31,"atk":31,"def":31,"spa":31,"spd":31,"spe":31}},{"name":"Heracross","species":"Heracross","item":"choicescarf","ability":"Moxie","moves":["closecombat","earthquake","megahorn","knockoff"],"nature":"Jolly","evs":{"hp":0,"atk":252,"def":0,"spa":0,"spd":4,"spe":252},"shiny":true,"ivs":{"hp":31,"atk":31,"def":31,"spa":31,"spd":31,"spe":31}},{"name":"Illumise","species":"Illumise","item":"leftovers","ability":"Prankster","moves":["thunderwave","encore","uturn","tailwind"],"nature":"Careful","evs":{"hp":252,"atk":0,"def":4,"spa":0,"spd":252,"spe":0},"shiny":true,"ivs":{"hp":31,"atk":31,"def":31,"spa":31,"spd":31,"spe":31}}],"p2team":[{"name":"Alomomola","species":"Alomomola","item":"leftovers","ability":"Regenerator","moves":["scald","wish","protect","mirrorcoat"],"nature":"Bold","evs":{"hp":104,"atk":0,"def":248,"spa":0,"spd":156,"spe":0},"ivs":{"hp":31,"atk":0,"def":31,"spa":31,"spd":31,"spe":31}},{"name":"Azumarill","species":"Azumarill","item":"leftovers","ability":"Sap Sipper","moves":["toxic","perishsong","protect","scald"],"nature":"Sassy","evs":{"hp":252,"atk":0,"def":216,"spa":0,"spd":40,"spe":0},"ivs":{"hp":31,"atk":0,"def":31,"spa":31,"spd":31,"spe":0}},{"name":"Lanturn","species":"Lanturn","item":"leftovers","ability":"Volt Absorb","moves":["healbell","scald","voltswitch","toxic"],"nature":"Calm","evs":{"hp":40,"atk":0,"def":252,"spa":0,"spd":216,"spe":0},"ivs":{"hp":31,"atk":0,"def":31,"spa":31,"spd":31,"spe":31}},{"name":"Tentacruel","species":"Tentacruel","item":"blacksludge","ability":"Liquid Ooze","moves":["scald","rapidspin","acidspray","toxicspikes"],"nature":"Calm","evs":{"hp":252,"atk":0,"def":0,"spa":0,"spd":252,"spe":4},"ivs":{"hp":31,"atk":0,"def":31,"spa":31,"spd":31,"spe":31}},{"name":"Quagsire","species":"Quagsire","item":"leftovers","ability":"Unaware","moves":["recover","toxic","scald","counter"],"nature":"Relaxed","evs":{"hp":252,"atk":0,"def":252,"spa":0,"spd":4,"spe":0},"ivs":{"hp":31,"atk":31,"def":31,"spa":31,"spd":31,"spe":31}},{"name":"Empoleon","species":"Empoleon","item":"leftovers","ability":"Torrent","moves":["scald","toxic","stealthrock","roar"],"nature":"Calm","evs":{"hp":252,"atk":0,"def":0,"spa":0,"spd":252,"spe":4},"ivs":{"hp":31,"atk":0,"def":31,"spa":31,"spd":31,"spe":31}}],"log":["|player|p1|Guard Darkrai|guarddarkrai.png","|player|p2|Thunder ϟ Thundurs|34","|gametype|singles","|gen|6","|tier|Monotype","|rated","|rule|Baton Pass Clause: Limit one Baton Passer, can't pass Spe and other stats simultaneously","|rule|Swagger Clause: Swagger is banned","|rule|Same Type Clause: Pokémon in a team must share a type","|clearpoke","|poke|p1|Beedrill, F, shiny","|poke|p1|Durant, F, shiny","|poke|p1|Venomoth, F, shiny","|poke|p1|Ariados, M","|poke|p1|Heracross, F, shiny","|poke|p1|Illumise, F, shiny","|poke|p2|Alomomola, F","|poke|p2|Azumarill, M","|poke|p2|Lanturn, F","|poke|p2|Tentacruel, F","|poke|p2|Quagsire, F","|poke|p2|Empoleon, F","|rule|Sleep Clause Mod: Limit one foe put to sleep","|rule|Species Clause: Limit one of each Pokémon","|rule|OHKO Clause: OHKO moves are banned","|rule|Moody Clause: Moody is banned","|rule|Evasion Moves Clause: Evasion moves are banned","|rule|Endless Battle Clause: Forcing endless battles is banned","|rule|HP Percentage Mod: HP is shown in percentages","|teampreview","|","|start","|switch|p1a: Ariados|Ariados, M|343/343","|switch|p2a: Tentacruel|Tentacruel, F|364/364","|turn|1","|","|move|p2a: Tentacruel|Scald|p1a: Ariados","|-damage|p1a: Ariados|234/343","|-status|p1a: Ariados|brn","|move|p1a: Ariados|Sticky Web|p2a: Tentacruel","|-sidestart|p2: Thunder ϟ Thundurs|move: Sticky Web","|","|-damage|p1a: Ariados|192/343 brn|[from] brn","|turn|2","|","|move|p1a: Ariados|Sucker Punch|p2a: Tentacruel","|-fail|p1a: Ariados","|move|p2a: Tentacruel|Toxic Spikes|p1a: Ariados","|-sidestart|p1: Guard Darkrai|move: Toxic Spikes","|","|-damage|p1a: Ariados|150/343 brn|[from] brn","|turn|3","|","|move|p1a: Ariados|Sucker Punch|p2a: Tentacruel","|-fail|p1a: Ariados","|move|p2a: Tentacruel|Toxic Spikes|p1a: Ariados","|-sidestart|p1: Guard Darkrai|move: Toxic Spikes","|","|-damage|p1a: Ariados|108/343 brn|[from] brn","|turn|4","|","|move|p1a: Ariados|Sucker Punch|p2a: Tentacruel","|-fail|p1a: Ariados","|move|p2a: Tentacruel|Toxic Spikes|p1a: Ariados","|-fail|p1a: Ariados","|","|-damage|p1a: Ariados|66/343 brn|[from] brn","|turn|5","|","|move|p2a: Tentacruel|Rapid Spin|p1a: Ariados","|-damage|p1a: Ariados|54/343 brn","|-sideend|p2: Thunder ϟ Thundurs|Sticky Web|[from] move: Rapid Spin|[of] p2a: Tentacruel","|move|p1a: Ariados|Megahorn|p2a: Tentacruel","|-resisted|p2a: Tentacruel","|-damage|p2a: Tentacruel|271/364","|","|-heal|p2a: Tentacruel|293/364|[from] item: Black Sludge","|-damage|p1a: Ariados|12/343 brn|[from] brn","|turn|6","|","|move|p2a: Tentacruel|Rapid Spin|p1a: Ariados","|-damage|p1a: Ariados|0 fnt","|faint|p1a: Ariados","|","|-heal|p2a: Tentacruel|315/364|[from] item: Black Sludge","|","|switch|p1a: Beedrill|Beedrill, F, shiny|271/271","|-sideend|p1: Guard Darkrai|move: Toxic Spikes|[of] p1a: Beedrill","|turn|7","|","|detailschange|p1a: Beedrill|Beedrill-Mega, F, shiny","|-mega|p1a: Beedrill|Beedrill|Beedrillite","|move|p1a: Beedrill|U-turn|p2a: Tentacruel","|-resisted|p2a: Tentacruel","|-damage|p2a: Tentacruel|185/364","|","|switch|p1a: Heracross|Heracross, F, shiny|301/301","|move|p2a: Tentacruel|Scald|p1a: Heracross","|-damage|p1a: Heracross|214/301","|-status|p1a: Heracross|brn","|","|-heal|p2a: Tentacruel|207/364|[from] item: Black Sludge","|-damage|p1a: Heracross|177/301 brn|[from] brn","|turn|8","|","|move|p1a: Heracross|Earthquake|p2a: Tentacruel","|-supereffective|p2a: Tentacruel","|-damage|p2a: Tentacruel|46/364","|move|p2a: Tentacruel|Acid Spray|p1a: Heracross","|-crit|p1a: Heracross","|-damage|p1a: Heracross|111/301 brn","|-unboost|p1a: Heracross|spd|2","|","|-heal|p2a: Tentacruel|68/364|[from] item: Black Sludge","|-damage|p1a: Heracross|74/301 brn|[from] brn","|turn|9","|","|switch|p2a: Alomomola|Alomomola, F|497/497","|move|p1a: Heracross|Earthquake|p2a: Alomomola","|-damage|p2a: Alomomola|451/497","|","|-heal|p2a: Alomomola|482/497|[from] item: Leftovers","|-damage|p1a: Heracross|37/301 brn|[from] brn","|turn|10","|","|switch|p1a: Illumise|Illumise, F, shiny|334/334","|move|p2a: Alomomola|Wish|p2a: Alomomola","|","|-heal|p2a: Alomomola|497/497|[from] item: Leftovers","|turn|11","|","|switch|p2a: Tentacruel|Tentacruel, F|68/364","|move|p1a: Illumise|Thunder Wave|p2a: Tentacruel","|-status|p2a: Tentacruel|par","|","|-heal|p2a: Tentacruel|316/364 par|[from] move: Wish|[wisher] Alomomola","|-heal|p2a: Tentacruel|338/364 par|[from] item: Black Sludge","|turn|12","|","|switch|p1a: Heracross|Heracross, F, shiny|37/301 brn","|move|p2a: Tentacruel|Scald|p1a: Heracross","|-damage|p1a: Heracross|0 fnt","|faint|p1a: Heracross","|","|-heal|p2a: Tentacruel|360/364 par|[from] item: Black Sludge","|","|switch|p1a: Beedrill|Beedrill-Mega, F, shiny|271/271","|turn|13","|","|switch|p2a: Empoleon|Empoleon, F|372/372","|move|p1a: Beedrill|Poison Jab|p2a: Empoleon","|-immune|p2a: Empoleon|[msg]","|","|turn|14","|","|move|p1a: Beedrill|U-turn|p2a: Empoleon","|-resisted|p2a: Empoleon","|-damage|p2a: Empoleon|273/372","|","|switch|p1a: Durant|Durant, F, shiny|257/257","|move|p2a: Empoleon|Scald|p1a: Durant","|-damage|p1a: Durant|74/257","|","|-heal|p2a: Empoleon|296/372|[from] item: Leftovers","|turn|15","|","|move|p1a: Durant|Superpower|p2a: Empoleon","|-supereffective|p2a: Empoleon","|-damage|p2a: Empoleon|0 fnt","|-unboost|p1a: Durant|atk|1","|-unboost|p1a: Durant|def|1","|-damage|p1a: Durant|49/257|[from] item: Life Orb","|faint|p2a: Empoleon","|","|","|switch|p2a: Lanturn|Lanturn, F|401/401","|turn|16","|","|move|p1a: Durant|X-Scissor|p2a: Lanturn","|-damage|p2a: Lanturn|228/401","|-damage|p1a: Durant|24/257|[from] item: Life Orb","|move|p2a: Lanturn|Scald|p1a: Durant","|-damage|p1a: Durant|0 fnt","|faint|p1a: Durant","|","|-heal|p2a: Lanturn|253/401|[from] item: Leftovers","|","|switch|p1a: Beedrill|Beedrill-Mega, F, shiny|271/271","|turn|17","|","|switch|p2a: Tentacruel|Tentacruel, F|360/364 par","|move|p1a: Beedrill|Poison Jab|p2a: Tentacruel","|-resisted|p2a: Tentacruel","|-damage|p2a: Tentacruel|219/364 par","|","|-heal|p2a: Tentacruel|241/364 par|[from] item: Black Sludge","|turn|18","|","|switch|p2a: Alomomola|Alomomola, F|497/497","|move|p1a: Beedrill|Poison Jab|p2a: Alomomola","|-damage|p2a: Alomomola|317/497","|","|-heal|p2a: Alomomola|348/497|[from] item: Leftovers","|turn|19","|","|move|p1a: Beedrill|U-turn|p2a: Alomomola","|-damage|p2a: Alomomola|184/497","|","|switch|p1a: Illumise|Illumise, F, shiny|334/334","|move|p2a: Alomomola|Wish|p2a: Alomomola","|","|-heal|p2a: Alomomola|215/497|[from] item: Leftovers","|turn|20","|","|move|p2a: Alomomola|Protect|p2a: Alomomola","|-singleturn|p2a: Alomomola|Protect","|move|p1a: Illumise|Encore|p2a: Alomomola","|-activate|p2a: Alomomola|Protect","|","|-heal|p2a: Alomomola|463/497|[from] move: Wish|[wisher] Alomomola","|-heal|p2a: Alomomola|494/497|[from] item: Leftovers","|turn|21","|","|move|p1a: Illumise|Encore|p2a: Alomomola","|-start|p2a: Alomomola|Encore","|move|p2a: Alomomola|Protect|p2a: Alomomola","|-fail|p2a: Alomomola","|","|-heal|p2a: Alomomola|497/497|[from] item: Leftovers","|turn|22","|","|move|p2a: Alomomola|Protect|p2a: Alomomola","|-singleturn|p2a: Alomomola|Protect","|move|p1a: Illumise|Tailwind|p1a: Illumise","|-sidestart|p1: Guard Darkrai|move: Tailwind","|","|turn|23","|","|move|p2a: Alomomola|Protect|p2a: Alomomola","|-fail|p2a: Alomomola","|move|p1a: Illumise|U-turn|p2a: Alomomola","|-damage|p2a: Alomomola|455/497","|","|switch|p1a: Venomoth|Venomoth, F, shiny|281/281","|","|-heal|p2a: Alomomola|486/497|[from] item: Leftovers","|-end|p2a: Alomomola|Encore","|turn|24","|","|switch|p2a: Lanturn|Lanturn, F|253/401","|move|p1a: Venomoth|Quiver Dance|p1a: Venomoth","|-boost|p1a: Venomoth|spa|1","|-boost|p1a: Venomoth|spd|1","|-boost|p1a: Venomoth|spe|1","|","|-heal|p2a: Lanturn|278/401|[from] item: Leftovers","|turn|25","|","|move|p1a: Venomoth|Energy Ball|p2a: Lanturn","|-supereffective|p2a: Lanturn","|-damage|p2a: Lanturn|54/401","|move|p2a: Lanturn|Scald|p1a: Venomoth","|-damage|p1a: Venomoth|217/281","|","|-heal|p2a: Lanturn|79/401|[from] item: Leftovers","|-sideend|p1: Guard Darkrai|move: Tailwind","|turn|26","|","|move|p1a: Venomoth|Energy Ball|p2a: Lanturn","|-supereffective|p2a: Lanturn","|-damage|p2a: Lanturn|0 fnt","|faint|p2a: Lanturn","|","|","|switch|p2a: Azumarill|Azumarill, M|404/404","|turn|27","|","|move|p1a: Venomoth|Sludge Bomb|p2a: Azumarill","|-supereffective|p2a: Azumarill","|-damage|p2a: Azumarill|6/404","|-status|p2a: Azumarill|psn","|move|p2a: Azumarill|Toxic|p1a: Venomoth|[miss]","|-miss|p2a: Azumarill|p1a: Venomoth","|","|-heal|p2a: Azumarill|31/404 psn|[from] item: Leftovers","|-damage|p2a: Azumarill|0 fnt|[from] psn","|faint|p2a: Azumarill","|","|switch|p2a: Alomomola|Alomomola, F|497/497","|turn|28","|","|move|p1a: Venomoth|Quiver Dance|p1a: Venomoth","|-boost|p1a: Venomoth|spa|1","|-boost|p1a: Venomoth|spd|1","|-boost|p1a: Venomoth|spe|1","|move|p2a: Alomomola|Scald|p1a: Venomoth","|-damage|p1a: Venomoth|186/281","|","|turn|29","|","|move|p1a: Venomoth|Energy Ball|p2a: Alomomola","|-supereffective|p2a: Alomomola","|-damage|p2a: Alomomola|1/497","|move|p2a: Alomomola|Mirror Coat|p1a: Venomoth","|-damage|p1a: Venomoth|0 fnt","|faint|p1a: Venomoth","|","|-heal|p2a: Alomomola|32/497|[from] item: Leftovers","|","|switch|p1a: Beedrill|Beedrill-Mega, F, shiny|271/271","|turn|30","|","|move|p1a: Beedrill|Fell Stinger|p2a: Alomomola","|-damage|p2a: Alomomola|0 fnt","|-boost|p1a: Beedrill|atk|2","|faint|p2a: Alomomola","|","|","|switch|p2a: Quagsire|Quagsire, F|394/394","|turn|31","|","|move|p1a: Beedrill|U-turn|p2a: Quagsire","|-damage|p2a: Quagsire|238/394","|","|switch|p1a: Illumise|Illumise, F, shiny|334/334","|move|p2a: Quagsire|Counter|p1a: Illumise","|-damage|p1a: Illumise|22/334","|","|-heal|p1a: Illumise|42/334|[from] item: Leftovers","|-heal|p2a: Quagsire|262/394|[from] item: Leftovers","|turn|32","|","|move|p1a: Illumise|Encore|p2a: Quagsire","|-start|p2a: Quagsire|Encore","|move|p2a: Quagsire|Counter|p1a: Illumise","|-fail|p1a: Illumise","|","|-heal|p1a: Illumise|62/334|[from] item: Leftovers","|-heal|p2a: Quagsire|286/394|[from] item: Leftovers","|turn|33","|","|switch|p2a: Tentacruel|Tentacruel, F|241/364 par","|move|p1a: Illumise|U-turn|p2a: Tentacruel","|-resisted|p2a: Tentacruel","|-damage|p2a: Tentacruel|210/364 par","|","|switch|p1a: Beedrill|Beedrill-Mega, F, shiny|271/271","|","|-heal|p2a: Tentacruel|232/364 par|[from] item: Black Sludge","|turn|34","|","|move|p1a: Beedrill|Poison Jab|p2a: Tentacruel","|-resisted|p2a: Tentacruel","|-damage|p2a: Tentacruel|92/364 par","|cant|p2a: Tentacruel|par","|","|-heal|p2a: Tentacruel|114/364 par|[from] item: Black Sludge","|turn|35","|","|switch|p2a: Quagsire|Quagsire, F|286/394","|move|p1a: Beedrill|Poison Jab|p2a: Quagsire","|-resisted|p2a: Quagsire","|-damage|p2a: Quagsire|206/394","|","|-heal|p2a: Quagsire|230/394|[from] item: Leftovers","|turn|36","|","|move|p1a: Beedrill|Poison Jab|p2a: Quagsire","|-resisted|p2a: Quagsire","|-damage|p2a: Quagsire|139/394","|move|p2a: Quagsire|Counter|p1a: Beedrill","|-damage|p1a: Beedrill|89/271","|","|-heal|p2a: Quagsire|163/394|[from] item: Leftovers","|turn|37","|","|move|p1a: Beedrill|U-turn|p2a: Quagsire","|-damage|p2a: Quagsire|9/394","|","|switch|p1a: Illumise|Illumise, F, shiny|62/334","|move|p2a: Quagsire|Scald|p1a: Illumise","|-damage|p1a: Illumise|4/334","|","|-heal|p1a: Illumise|24/334|[from] item: Leftovers","|-heal|p2a: Quagsire|33/394|[from] item: Leftovers","|turn|38","|","|move|p1a: Illumise|U-turn|p2a: Quagsire","|-crit|p2a: Quagsire","|-damage|p2a: Quagsire|0 fnt","|faint|p2a: Quagsire","|","|switch|p1a: Beedrill|Beedrill-Mega, F, shiny|89/271","|","|","|switch|p2a: Tentacruel|Tentacruel, F|114/364 par","|turn|39","|","|move|p1a: Beedrill|Poison Jab|p2a: Tentacruel","|-resisted|p2a: Tentacruel","|-damage|p2a: Tentacruel|0 fnt","|faint|p2a: Tentacruel","|","|win|Guard Darkrai"],"p1rating":{"entryid":"6034648","serverid":"eos","formatid":"monotype","userid":"guarddarkrai","username":"Guard Darkrai","w":64,"l":"78","t":"0","gxe":44.6,"r":"1460.1037078647","rd":"33.145922397542","sigma":"0","rptime":"1438678800","rpr":1459.1001005896,"rprd":32.483278174433,"rpsigma":"0","acre":1099.0690773817,"lacre":1099.0690773817,"oldacre":"1076.7800599053"},"p2rating":{"entryid":7394362,"formatid":"monotype","userid":"thunderthundurs","username":"Thunder ϟ Thundurs","r":1500,"rd":130,"sigma":0,"rpr":1452.602543129,"rprd":121.93380568864,"rpsigma":0,"rptime":1438678800,"w":0,"l":1,"t":0,"gxe":44.1,"acre":1000,"lacre":1000,"oldacre":1000},"endType":"normal"}