{"seed":[18651,39456,23152,32617],"turns":32,"p1":"Noah9280","p2":"Guard Wulf","p1team":[{"name":"Hoopa-Unbound","species":"Hoopa-Unbound","item":"lifeorb","ability":"Magician","moves":["drainpunch","firepunch","hyperspacefury","gunkshot"],"nature":"Jolly","evs":{"hp":0,"atk":252,"def":0,"spa":0,"spd":4,"spe":252},"ivs":{"hp":31,"atk":31,"def":31,"spa":31,"spd":31,"spe":31}},{"name":"Weavile","species":"Weavile","item":"lifeorb","ability":"Pressure","moves":["icepunch","iceshard","nightslash","lowkick"],"nature":"Jolly","evs":{"hp":0,"atk":252,"def":0,"spa":0,"spd":4,"spe":252},"gender":"M","ivs":{"hp":31,"atk":31,"def":31,"spa":31,"spd":31,"spe":31}},{"name":"Mandibuzz","species":"Mandibuzz","item":"leftovers","ability":"Overcoat","moves":["roost","defog","bravebird","whirlwind"],"nature":"Sassy","evs":{"hp":252,"atk":0,"def":4,"spa":0,"spd":252,"spe":0},"ivs":{"hp":31,"atk":31,"def":31,"spa":31,"spd":31,"spe":31}},{"name":"Sableye","species":"Sableye","item":"sablenite","ability":"Prankster","moves":["willowisp","calmmind","recover","shadowball"],"nature":"Calm","evs":{"hp":248,"atk":0,"def":0,"spa":8,"spd":252,"spe":0},"gender":"M","ivs":{"hp":31,"atk":31,"def":31,"spa":31,"spd":31,"spe":31}},{"name":"Hydreigon","species":"Hydreigon","item":"choicescarf","ability":"Levitate","moves":["dracometeor","fireblast","flashcannon","darkpulse"],"nature":"Timid","evs":{"hp":0,"atk":0,"def":0,"spa":252,"spd":4,"spe":252},"ivs":{"hp":31,"atk":31,"def":31,"spa":31,"spd":31,"spe":31}},{"name":"Tyranitar","species":"Tyranitar","item":"choicescarf","ability":"Sand Stream","moves":["fireblast","earthquake","stoneedge","crunch"],"nature":"Naive","evs":{"hp":0,"atk":252,"def":0,"spa":4,"spd":0,"spe":252},"ivs":{"hp":31,"atk":31,"def":31,"spa":31,"spd":31,"spe":31}}],"p2team":[{"name":"Camerupt","species":"Camerupt","item":"cameruptite","ability":"Solid Rock","moves":["ancientpower","fireblast","earthpower","protect"],"nature":"Modest","evs":{"hp":248,"atk":0,"def":0,"spa":252,"spd":8,"spe":0},"ivs":{"hp":31,"atk":31,"def":31,"spa":31,"spd":31,"spe":31}},{"name":"Seismitoad","species":"Seismitoad","item":"leftovers","ability":"Water Absorb","moves":["scald","knockoff","icepunch","drainpunch"],"nature":"Sassy","evs":{"hp":232,"atk":16,"def":0,"spa":8,"spd":252,"spe":0},"ivs":{"hp":31,"atk":31,"def":31,"spa":31,"spd":31,"spe":31}},{"name":"Landorus","species":"Landorus","item":"lifeorb","ability":"Sheer Force","moves":["earthpower","grassknot","psychic","sludgewave"],"nature":"Timid","evs":{"hp":0,"atk":0,"def":0,"spa":252,"spd":4,"spe":252},"ivs":{"hp":31,"atk":31,"def":31,"spa":31,"spd":31,"spe":31}},{"name":"Mamoswine","species":"Mamoswine","item":"focussash","ability":"Thick Fat","moves":["stealthrock","endeavor","iciclecrash","iceshard"],"nature":"Impish","evs":{"hp":0,"atk":32,"def":252,"spa":0,"spd":0,"spe":224},"ivs":{"hp":31,"atk":31,"def":31,"spa":31,"spd":31,"spe":31}},{"name":"Garchomp","species":"Garchomp","item":"choicescarf","ability":"Rough Skin","moves":["outrage","fireblast","earthquake","stoneedge"],"nature":"Naive","evs":{"hp":0,"atk":252,"def":0,"spa":4,"spd":0,"spe":252},"ivs":{"hp":31,"atk":31,"def":31,"spa":31,"spd":31,"spe":31}},{"name":"Gliscor","species":"Gliscor","item":"toxicorb","ability":"Poison Heal","moves":["swordsdance","earthquake","facade","roost"],"nature":"Careful","evs":{"hp":244,"atk":0,"def":8,"spa":0,"spd":200,"spe":56},"ivs":{"hp":31,"atk":31,"def":31,"spa":31,"spd":31,"spe":31}}],"log":["|player|p1|Noah9280|68","|player|p2|Guard Wulf|143","|gametype|singles","|gen|6","|tier|Monotype","|rated","|rule|Baton Pass Clause: Limit one Baton Passer, can't pass Spe and other stats simultaneously","|rule|Swagger Clause: Swagger is banned","|rule|Same Type Clause: Pokémon in a team must share a type","|clearpoke","|poke|p1|Hoopa-Unbound","|poke|p1|Weavile, M","|poke|p1|Mandibuzz, F","|poke|p1|Sableye, M","|poke|p1|Hydreigon, M","|poke|p1|Tyranitar, M","|poke|p2|Camerupt, F","|poke|p2|Seismitoad, M","|poke|p2|Landorus, M","|poke|p2|Mamoswine, F","|poke|p2|Garchomp, F","|poke|p2|Gliscor, M","|rule|Sleep Clause Mod: Limit one foe put to sleep","|rule|Species Clause: Limit one of each Pokémon","|rule|OHKO Clause: OHKO moves are banned","|rule|Moody Clause: Moody is banned","|rule|Evasion Moves Clause: Evasion moves are banned","|rule|Endless Battle Clause: Forcing endless battles is banned","|rule|HP Percentage Mod: HP is shown in percentages","|teampreview","|","|start","|switch|p1a: Hydreigon|Hydreigon, M|325/325","|switch|p2a: Camerupt|Camerupt, F|343/343","|turn|1","|","|detailschange|p2a: Camerupt|Camerupt-Mega, F","|-mega|p2a: Camerupt|Camerupt|Cameruptite","|move|p2a: Camerupt|Protect|p2a: Camerupt","|-singleturn|p2a: Camerupt|Protect","|move|p1a: Hydreigon|Draco Meteor|p2a: Camerupt","|-activate|p2a: Camerupt|Protect","|","|turn|2","|","|switch|p2a: Seismitoad|Seismitoad, M|409/409","|move|p1a: Hydreigon|Draco Meteor|p2a: Seismitoad","|-damage|p2a: Seismitoad|228/409","|-unboost|p1a: Hydreigon|spa|2","|","|-heal|p2a: Seismitoad|253/409|[from] item: Leftovers","|turn|3","|","|switch|p1a: Hoopa-Unbound|Hoopa-Unbound|301/301","|move|p2a: Seismitoad|Drain Punch|p1a: Hoopa-Unbound","|-damage|p1a: Hoopa-Unbound|208/301","|-heal|p2a: Seismitoad|300/409|[from] drain|[of] p1a: Hoopa-Unbound","|","|-heal|p2a: Seismitoad|325/409|[from] item: Leftovers","|turn|4","|","|switch|p2a: Landorus|Landorus, M|319/319","|move|p1a: Hoopa-Unbound|Hyperspace Fury|p2a: Landorus","|-damage|p2a: Landorus|14/319","|-unboost|p1a: Hoopa-Unbound|def|1","|-damage|p1a: Hoopa-Unbound|178/301|[from] item: Life Orb","|","|turn|5","|","|switch|p1a: Hydreigon|Hydreigon, M|325/325","|move|p2a: Landorus|Earth Power|p1a: Hydreigon","|-immune|p1a: Hydreigon|[msg]","|","|turn|6","|","|move|p1a: Hydreigon|Dark Pulse|p2a: Landorus","|-damage|p2a: Landorus|0 fnt","|faint|p2a: Landorus","|","|","|switch|p2a: Camerupt|Camerupt-Mega, F|343/343","|turn|7","|","|move|p1a: Hydreigon|Dark Pulse|p2a: Camerupt","|-damage|p2a: Camerupt|216/343","|move|p2a: Camerupt|Fire Blast|p1a: Hydreigon","|-resisted|p1a: Hydreigon","|-damage|p1a: Hydreigon|156/325","|","|turn|8","|","|move|p1a: Hydreigon|Dark Pulse|p2a: Camerupt","|-damage|p2a: Camerupt|74/343","|move|p2a: Camerupt|Fire Blast|p1a: Hydreigon","|-resisted|p1a: Hydreigon","|-damage|p1a: Hydreigon|5/325","|","|turn|9","|","|move|p1a: Hydreigon|Dark Pulse|p2a: Camerupt","|-damage|p2a: Camerupt|0 fnt","|faint|p2a: Camerupt","|","|","|switch|p2a: Mamoswine|Mamoswine, F|361/361","|turn|10","|","|move|p2a: Mamoswine|Ice Shard|p1a: Hydreigon","|-supereffective|p1a: Hydreigon","|-damage|p1a: Hydreigon|0 fnt","|faint|p1a: Hydreigon","|","|","|switch|p1a: Tyranitar|Tyranitar, M|341/341","|-weather|Sandstorm","|turn|11","|","|move|p1a: Tyranitar|Stone Edge|p2a: Mamoswine|[miss]","|-miss|p1a: Tyranitar|p2a: Mamoswine","|move|p2a: Mamoswine|Stealth Rock|p1a: Tyranitar","|-sidestart|p1: Noah9280|move: Stealth Rock","|","|-weather|Sandstorm|[upkeep]","|turn|12","|","|move|p1a: Tyranitar|Stone Edge|p2a: Mamoswine","|-damage|p2a: Mamoswine|217/361","|move|p2a: Mamoswine|Endeavor|p1a: Tyranitar","|-damage|p1a: Tyranitar|217/341","|","|-weather|Sandstorm|[upkeep]","|turn|13","|","|move|p1a: Tyranitar|Stone Edge|p2a: Mamoswine","|-damage|p2a: Mamoswine|64/361","|move|p2a: Mamoswine|Icicle Crash|p1a: Tyranitar","|-damage|p1a: Tyranitar|99/341","|","|-weather|Sandstorm|[upkeep]","|turn|14","|","|move|p2a: Mamoswine|Ice Shard|p1a: Tyranitar","|-damage|p1a: Tyranitar|48/341","|move|p1a: Tyranitar|Stone Edge|p2a: Mamoswine","|-damage|p2a: Mamoswine|0 fnt","|faint|p2a: Mamoswine","|","|-weather|Sandstorm|[upkeep]","|","|switch|p2a: Garchomp|Garchomp, F|357/357","|turn|15","|","|move|p2a: Garchomp|Earthquake|p1a: Tyranitar","|-supereffective|p1a: Tyranitar","|-damage|p1a: Tyranitar|0 fnt","|faint|p1a: Tyranitar","|","|-weather|none","|","|switch|p1a: Mandibuzz|Mandibuzz, F|424/424","|-damage|p1a: Mandibuzz|318/424|[from] Stealth Rock","|turn|16","|","|switch|p2a: Seismitoad|Seismitoad, M|325/409","|move|p1a: Mandibuzz|Defog|p2a: Seismitoad","|-unboost|p2a: Seismitoad|evasion|1","|-sideend|p1: Noah9280|Stealth Rock|[from] move: Defog|[of] p1a: Mandibuzz","|","|-heal|p1a: Mandibuzz|344/424|[from] item: Leftovers","|-heal|p2a: Seismitoad|350/409|[from] item: Leftovers","|turn|17","|","|move|p1a: Mandibuzz|Brave Bird|p2a: Seismitoad","|-damage|p2a: Seismitoad|227/409","|-damage|p1a: Mandibuzz|303/424|[from] recoil|[of] p2a: Seismitoad","|move|p2a: Seismitoad|Scald|p1a: Mandibuzz","|-damage|p1a: Mandibuzz|242/424","|-status|p1a: Mandibuzz|brn","|","|-heal|p1a: Mandibuzz|268/424 brn|[from] item: Leftovers","|-heal|p2a: Seismitoad|252/409|[from] item: Leftovers","|-damage|p1a: Mandibuzz|215/424 brn|[from] brn","|turn|18","|","|switch|p2a: Gliscor|Gliscor, M|352/352","|move|p1a: Mandibuzz|Whirlwind|p2a: Gliscor","|drag|p2a: Seismitoad|Seismitoad, M|252/409","|","|-heal|p1a: Mandibuzz|241/424 brn|[from] item: Leftovers","|-heal|p2a: Seismitoad|277/409|[from] item: Leftovers","|-damage|p1a: Mandibuzz|188/424 brn|[from] brn","|turn|19","|","|switch|p1a: Hoopa-Unbound|Hoopa-Unbound|178/301","|switch|p2a: Gliscor|Gliscor, M|352/352","|","|-status|p2a: Gliscor|tox|[from] item: Toxic Orb","|turn|20","|","|move|p1a: Hoopa-Unbound|Hyperspace Fury|p2a: Gliscor","|-damage|p2a: Gliscor|138/352 tox","|-unboost|p1a: Hoopa-Unbound|def|1","|-damage|p1a: Hoopa-Unbound|148/301|[from] item: Life Orb","|move|p2a: Gliscor|Earthquake|p1a: Hoopa-Unbound","|-damage|p1a: Hoopa-Unbound|0 fnt","|faint|p1a: Hoopa-Unbound","|","|-heal|p2a: Gliscor|182/352 tox|[from] ability: Poison Heal","|","|switch|p1a: Weavile|Weavile, M|281/281","|-ability|p1a: Weavile|Pressure","|turn|21","|","|move|p1a: Weavile|Ice Punch|p2a: Gliscor","|-supereffective|p2a: Gliscor","|-damage|p2a: Gliscor|0 fnt","|-damage|p1a: Weavile|253/281|[from] item: Life Orb","|faint|p2a: Gliscor","|","|","|switch|p2a: Seismitoad|Seismitoad, M|277/409","|turn|22","|","|switch|p1a: Mandibuzz|Mandibuzz, F|188/424 brn","|move|p2a: Seismitoad|Drain Punch|p1a: Mandibuzz","|-damage|p1a: Mandibuzz|129/424 brn","|-heal|p2a: Seismitoad|307/409|[from] drain|[of] p1a: Mandibuzz","|","|-heal|p1a: Mandibuzz|155/424 brn|[from] item: Leftovers","|-heal|p2a: Seismitoad|332/409|[from] item: Leftovers","|-damage|p1a: Mandibuzz|102/424 brn|[from] brn","|turn|23","|","|move|p1a: Mandibuzz|Roost|p1a: Mandibuzz","|-heal|p1a: Mandibuzz|314/424 brn","|move|p2a: Seismitoad|Scald|p1a: Mandibuzz","|-damage|p1a: Mandibuzz|251/424 brn","|","|-heal|p1a: Mandibuzz|277/424 brn|[from] item: Leftovers","|-heal|p2a: Seismitoad|357/409|[from] item: Leftovers","|-damage|p1a: Mandibuzz|224/424 brn|[from] brn","|turn|24","|","|move|p2a: Seismitoad|Ice Punch|p1a: Mandibuzz","|-supereffective|p1a: Mandibuzz","|-damage|p1a: Mandibuzz|116/424 brn","|move|p1a: Mandibuzz|Whirlwind|p2a: Seismitoad","|drag|p2a: Garchomp|Garchomp, F|357/357","|","|-heal|p1a: Mandibuzz|142/424 brn|[from] item: Leftovers","|-damage|p1a: Mandibuzz|89/424 brn|[from] brn","|turn|25","|","|move|p2a: Garchomp|Stone Edge|p1a: Mandibuzz","|-supereffective|p1a: Mandibuzz","|-damage|p1a: Mandibuzz|0 fnt","|faint|p1a: Mandibuzz","|","|","|switch|p1a: Sableye|Sableye, M|303/303","|turn|26","|","|switch|p2a: Seismitoad|Seismitoad, M|357/409","|detailschange|p1a: Sableye|Sableye-Mega, M","|-mega|p1a: Sableye|Sableye|Sablenite","|move|p1a: Sableye|Will-O-Wisp|p2a: Seismitoad","|-status|p2a: Seismitoad|brn","|","|-heal|p2a: Seismitoad|382/409 brn|[from] item: Leftovers","|-damage|p2a: Seismitoad|331/409 brn|[from] brn","|turn|27","|","|move|p2a: Seismitoad|Scald|p1a: Sableye","|-damage|p1a: Sableye|252/303","|-status|p1a: Sableye|brn","|move|p1a: Sableye|Calm Mind|p1a: Sableye","|-boost|p1a: Sableye|spa|1","|-boost|p1a: Sableye|spd|1","|","|-heal|p2a: Seismitoad|356/409 brn|[from] item: Leftovers","|-damage|p2a: Seismitoad|305/409 brn|[from] brn","|-damage|p1a: Sableye|215/303 brn|[from] brn","|turn|28","|","|switch|p2a: Garchomp|Garchomp, F|357/357","|move|p1a: Sableye|Shadow Ball|p2a: Garchomp","|-damage|p2a: Garchomp|203/357","|-unboost|p2a: Garchomp|spd|1","|","|-damage|p1a: Sableye|178/303 brn|[from] brn","|turn|29","|","|move|p2a: Garchomp|Outrage|p1a: Sableye","|-damage|p1a: Sableye|0 fnt","|faint|p1a: Sableye","|","|","|switch|p1a: Weavile|Weavile, M|253/281","|-ability|p1a: Weavile|Pressure","|turn|30","|","|move|p1a: Weavile|Ice Shard|p2a: Garchomp","|-supereffective|p2a: Garchomp","|-damage|p2a: Garchomp|0 fnt","|-damage|p1a: Weavile|225/281|[from] item: Life Orb","|faint|p2a: Garchomp","|","|","|switch|p2a: Seismitoad|Seismitoad, M|305/409 brn","|turn|31","|","|move|p1a: Weavile|Ice Punch|p2a: Seismitoad","|-damage|p2a: Seismitoad|110/409 brn","|-damage|p1a: Weavile|197/281|[from] item: Life Orb","|move|p2a: Seismitoad|Scald|p1a: Weavile","|-damage|p1a: Weavile|107/281","|","|-heal|p2a: Seismitoad|135/409 brn|[from] item: Leftovers","|-damage|p2a: Seismitoad|84/409 brn|[from] brn","|turn|32","|","|move|p1a: Weavile|Ice Punch|p2a: Seismitoad","|-damage|p2a: Seismitoad|0 fnt","|-damage|p1a: Weavile|79/281|[from] item: Life Orb","|faint|p2a: Seismitoad","|","|win|Noah9280"],"p1rating":{"entryid":"7319634","serverid":"eos","formatid":"monotype","userid":"noah9280","username":"noah9280","w":10,"l":"5","t":"0","gxe":61,"r":"1565.5960190227","rd":"80.792179256601","sigma":"0","rptime":"1438678800","rpr":1586.6223260453,"rprd":78.850208821411,"rpsigma":"0","acre":1178.4106056129,"lacre":1178.4106056129,"oldacre":"1145.8546811931"},"p2rating":{"entryid":"7326062","serverid":"eos","formatid":"monotype","userid":"guardwulf","username":"Guard Wulf","w":"23","l":11,"t":"0","gxe":63.6,"r":"1637.1416517052","rd":"64.153541804946","sigma":"0","rptime":"1438678800","rpr":1606.5288676587,"rprd":57.122272976983,"rpsigma":"0","acre":1221.6915855316,"lacre":1221.6915855316,"oldacre":"1254.2475099514"},"endType":"normal"}