{"seed":[42884,7013,37626,3677],"turns":32,"p1":"MÃSTA_X용의☆사용자","p2":"LTIL-Tahit","p1team":[{"name":"ヌメルゴン","species":"goodra","item":"leftovers","ability":"Sap Sipper","moves":["curse","dragontail","rest","sleeptalk"],"nature":"Careful","evs":{"hp":252,"atk":0,"def":4,"spa":0,"spd":252,"spe":0},"ivs":{"hp":31,"atk":31,"def":31,"spa":31,"spd":31,"spe":31}},{"name":"ボーマンダ","species":"salamence","item":"choicescarf","ability":"Moxie","moves":["outrage","aerialace","steelwing","earthquake"],"nature":"Jolly","evs":{"hp":0,"atk":252,"def":4,"spa":0,"spd":0,"spe":252},"ivs":{"hp":31,"atk":31,"def":31,"spa":31,"spd":31,"spe":31}},{"name":"キュレム","species":"kyuremblack","item":"powerherb","ability":"Teravolt","moves":["freezeshock","fusionbolt","outrage","dracometeor"],"nature":"Naive","evs":{"hp":0,"atk":252,"def":0,"spa":60,"spd":0,"spe":196},"shiny":true,"ivs":{"hp":31,"atk":31,"def":31,"spa":31,"spd":31,"spe":31}},{"name":"サザンドラ","species":"hydreigon","item":"lifeorb","ability":"Levitate","moves":["darkpulse","flamethrower","dracometeor","flashcannon"],"nature":"Timid","evs":{"hp":4,"atk":0,"def":0,"spa":252,"spd":0,"spe":252},"shiny":true,"ivs":{"hp":31,"atk":31,"def":31,"spa":31,"spd":31,"spe":31}},{"name":"ガチゴラス","species":"tyrantrum","item":"focussash","ability":"Rock Head","moves":["stealthrock","headsmash","earthquake","dragondance"],"nature":"Adamant","evs":{"hp":0,"atk":252,"def":4,"spa":0,"spd":0,"spe":252},"ivs":{"hp":31,"atk":31,"def":31,"spa":31,"spd":31,"spe":31}},{"name":"チルタリス","species":"altaria","item":"altarianite","ability":"Natural Cure","moves":["agility","hypervoice","fireblast","hiddenpowerground"],"nature":"Modest","evs":{"hp":0,"atk":0,"def":4,"spa":252,"spd":0,"spe":252},"ivs":{"hp":31,"atk":31,"def":31,"spa":30,"spd":30,"spe":31},"happiness":0}],"p2team":[{"name":"Aegi","species":"aegislash","item":"weaknesspolicy","ability":"Stance Change","moves":["kingsshield","shadowball","sacredsword","shadowsneak"],"nature":"Quiet","evs":{"hp":252,"atk":4,"def":0,"spa":252,"spd":0,"spe":0},"ivs":{"hp":31,"atk":31,"def":31,"spa":31,"spd":31,"spe":0}},{"name":"G gar","species":"gengar","item":"widelens","ability":"Levitate","moves":["ominouswind","sludgebomb","focusblast","destinybond"],"nature":"Timid","evs":{"hp":0,"atk":0,"def":0,"spa":252,"spd":4,"spe":252},"ivs":{"hp":31,"atk":31,"def":31,"spa":31,"spd":31,"spe":31}},{"name":"Treve","species":"trevenant","item":"sitrusberry","ability":"Harvest","moves":["substitute","leechseed","willowisp","hornleech"],"nature":"Impish","evs":{"hp":252,"atk":0,"def":148,"spa":0,"spd":108,"spe":0},"ivs":{"hp":31,"atk":31,"def":31,"spa":31,"spd":31,"spe":31}},{"name":"Sableye","species":"Sableye","item":"sablenite","ability":"Prankster","moves":["calmmind","willowisp","recover","dazzlinggleam"],"nature":"Calm","evs":{"hp":0,"atk":0,"def":248,"spa":0,"spd":252,"spe":8},"ivs":{"hp":31,"atk":31,"def":31,"spa":31,"spd":31,"spe":31}},{"name":"G-S","species":"gourgeistsuper","item":"leftovers","ability":"Frisk","moves":["flamecharge","willowisp","leechseed","painsplit"],"nature":"Careful","evs":{"hp":252,"atk":0,"def":252,"spa":0,"spd":4,"spe":0},"ivs":{"hp":31,"atk":31,"def":31,"spa":31,"spd":31,"spe":31}},{"name":"Drifblim","species":"Drifblim","item":"sitrusberry","ability":"Unburden","moves":["hex","willowisp","toxic","clearsmog"],"nature":"Bold","evs":{"hp":252,"atk":0,"def":4,"spa":0,"spd":252,"spe":0},"ivs":{"hp":31,"atk":31,"def":31,"spa":31,"spd":31,"spe":31}}],"log":["|player|p1|MÃSTA_X용의☆사용자|25","|player|p2|LTIL-Tahit|169","|gametype|singles","|gen|6","|tier|Monotype","|rated","|rule|Baton Pass Clause: Limit one Baton Passer, can't pass Spe and other stats simultaneously","|rule|Swagger Clause: Swagger is banned","|rule|Same Type Clause: Pokémon in a team must share a type","|clearpoke","|poke|p1|Goodra, M","|poke|p1|Salamence, F","|poke|p1|Kyurem-Black, shiny","|poke|p1|Hydreigon, M, shiny","|poke|p1|Tyrantrum, F","|poke|p1|Altaria, F","|poke|p2|Aegislash, M","|poke|p2|Gengar, M","|poke|p2|Trevenant, M","|poke|p2|Sableye, F","|poke|p2|Gourgeist-*, F","|poke|p2|Drifblim, M","|rule|Sleep Clause Mod: Limit one foe put to sleep","|rule|Species Clause: Limit one of each Pokémon","|rule|OHKO Clause: OHKO moves are banned","|rule|Moody Clause: Moody is banned","|rule|Evasion Moves Clause: Evasion moves are banned","|rule|Endless Battle Clause: Forcing endless battles is banned","|rule|HP Percentage Mod: HP is shown in percentages","|teampreview","|","|start","|switch|p1a: サザンドラ|Hydreigon, M, shiny|326/326","|switch|p2a: Drifblim|Drifblim, M|504/504","|turn|1","|","|move|p1a: サザンドラ|Dark Pulse|p2a: Drifblim","|-supereffective|p2a: Drifblim","|-damage|p2a: Drifblim|91/504","|-damage|p1a: サザンドラ|294/326|[from] item: Life Orb","|-enditem|p2a: Drifblim|Sitrus Berry|[eat]","|-heal|p2a: Drifblim|217/504|[from] item: Sitrus Berry","|move|p2a: Drifblim|Toxic|p1a: サザンドラ","|-status|p1a: サザンドラ|tox","|","|-damage|p1a: サザンドラ|274/326 tox|[from] psn","|turn|2","|","|switch|p1a: ヌメルゴン|Goodra, M|384/384","|move|p2a: Drifblim|Hex|p1a: ヌメルゴン","|-damage|p1a: ヌメルゴン|344/384","|","|-heal|p1a: ヌメルゴン|368/384|[from] item: Leftovers","|turn|3","|","|move|p2a: Drifblim|Toxic|p1a: ヌメルゴン","|-status|p1a: ヌメルゴン|tox","|move|p1a: ヌメルゴン|Curse|p1a: ヌメルゴン","|-unboost|p1a: ヌメルゴン|spe|1","|-boost|p1a: ヌメルゴン|atk|1","|-boost|p1a: ヌメルゴン|def|1","|","|-heal|p1a: ヌメルゴン|384/384 tox|[from] item: Leftovers","|-damage|p1a: ヌメルゴン|360/384 tox|[from] psn","|turn|4","|","|move|p2a: Drifblim|Clear Smog|p1a: ヌメルゴン","|-damage|p1a: ヌメルゴン|338/384 tox","|-clearboost|p1a: ヌメルゴン","|move|p1a: ヌメルゴン|Curse|p1a: ヌメルゴン","|-unboost|p1a: ヌメルゴン|spe|1","|-boost|p1a: ヌメルゴン|atk|1","|-boost|p1a: ヌメルゴン|def|1","|","|-heal|p1a: ヌメルゴン|362/384 tox|[from] item: Leftovers","|-damage|p1a: ヌメルゴン|314/384 tox|[from] psn","|turn|5","|","|switch|p1a: ガチゴラス|Tyrantrum, F|305/305","|move|p2a: Drifblim|Clear Smog|p1a: ガチゴラス","|-resisted|p1a: ガチゴラス","|-damage|p1a: ガチゴラス|278/305","|-clearboost|p1a: ガチゴラス","|","|turn|6","|","|move|p2a: Drifblim|Will-O-Wisp|p1a: ガチゴラス|[miss]","|-miss|p2a: Drifblim|p1a: ガチゴラス","|move|p1a: ガチゴラス|Stealth Rock|p2a: Drifblim","|-sidestart|p2: LTIL-Tahit|move: Stealth Rock","|","|turn|7","|","|move|p2a: Drifblim|Will-O-Wisp|p1a: ガチゴラス","|-status|p1a: ガチゴラス|brn","|move|p1a: ガチゴラス|Head Smash|p2a: Drifblim|[miss]","|-miss|p1a: ガチゴラス|p2a: Drifblim","|","|-damage|p1a: ガチゴラス|240/305 brn|[from] brn","|turn|8","|","|move|p2a: Drifblim|Hex|p1a: ガチゴラス","|-damage|p1a: ガチゴラス|27/305 brn","|move|p1a: ガチゴラス|Head Smash|p2a: Drifblim","|-supereffective|p2a: Drifblim","|-damage|p2a: Drifblim|0 fnt","|faint|p2a: Drifblim","|","|-damage|p1a: ガチゴラス|0 fnt|[from] brn","|faint|p1a: ガチゴラス","|","|switch|p1a: ヌメルゴン|Goodra, M|314/384 tox","|switch|p2a: Aegi|Aegislash, M|324/324","|-damage|p2a: Aegi|304/324|[from] Stealth Rock","|turn|9","|","|move|p1a: ヌメルゴン|Curse|p1a: ヌメルゴン","|-unboost|p1a: ヌメルゴン|spe|1","|-boost|p1a: ヌメルゴン|atk|1","|-boost|p1a: ヌメルゴン|def|1","|-formechange|p2a: Aegi|Aegislash-Blade","|move|p2a: Aegi|Shadow Ball|p1a: ヌメルゴン","|-damage|p1a: ヌメルゴン|218/384 tox","|","|-heal|p1a: ヌメルゴン|242/384 tox|[from] item: Leftovers","|-damage|p1a: ヌメルゴン|218/384 tox|[from] psn","|turn|10","|","|move|p1a: ヌメルゴン|Rest|p1a: ヌメルゴン","|-status|p1a: ヌメルゴン|slp","|-heal|p1a: ヌメルゴン|384/384 slp|[silent]","|-status|p1a: ヌメルゴン|slp|[from] move: Rest","|move|p2a: Aegi|Shadow Ball|p1a: ヌメルゴン","|-damage|p1a: ヌメルゴン|290/384 slp","|-unboost|p1a: ヌメルゴン|spd|1","|","|-heal|p1a: ヌメルゴン|314/384 slp|[from] item: Leftovers","|turn|11","|","|switch|p1a: サザンドラ|Hydreigon, M, shiny|274/326 tox","|move|p2a: Aegi|Shadow Ball|p1a: サザンドラ","|-crit|p1a: サザンドラ","|-resisted|p1a: サザンドラ","|-damage|p1a: サザンドラ|139/326 tox","|","|-damage|p1a: サザンドラ|119/326 tox|[from] psn","|turn|12","|","|-formechange|p2a: Aegi|Aegislash","|move|p2a: Aegi|King's Shield|p2a: Aegi","|-singleturn|p2a: Aegi|Protect","|move|p1a: サザンドラ|Dark Pulse|p2a: Aegi","|-activate|p2a: Aegi|Protect","|","|-damage|p1a: サザンドラ|79/326 tox|[from] psn","|turn|13","|","|-formechange|p2a: Aegi|Aegislash-Blade","|move|p2a: Aegi|Shadow Sneak|p1a: サザンドラ","|-resisted|p1a: サザンドラ","|-damage|p1a: サザンドラ|40/326 tox","|move|p1a: サザンドラ|Dark Pulse|p2a: Aegi","|-supereffective|p2a: Aegi","|-damage|p2a: Aegi|0 fnt","|-damage|p1a: サザンドラ|8/326 tox|[from] item: Life Orb","|faint|p2a: Aegi","|","|-damage|p1a: サザンドラ|0 fnt|[from] psn","|faint|p1a: サザンドラ","|","|switch|p1a: ヌメルゴン|Goodra, M|314/384 slp","|switch|p2a: G-S|Gourgeist-Super, F|374/374","|-damage|p2a: G-S|328/374|[from] Stealth Rock","|-item|p1a: ヌメルゴン|Leftovers|[from] ability: Frisk|[of] p2a: G-S|[identify]","|turn|14","|","|cant|p1a: ヌメルゴン|slp","|move|p2a: G-S|Flame Charge|p1a: ヌメルゴン","|-resisted|p1a: ヌメルゴン","|-damage|p1a: ヌメルゴン|286/384 slp","|-boost|p2a: G-S|spe|1","|","|-heal|p2a: G-S|351/374|[from] item: Leftovers","|-heal|p1a: ヌメルゴン|310/384 slp|[from] item: Leftovers","|turn|15","|","|move|p2a: G-S|Leech Seed|p1a: ヌメルゴン","|-boost|p1a: ヌメルゴン|atk|1|[from] ability: Sap Sipper","|cant|p1a: ヌメルゴン|slp","|move|p1a: ヌメルゴン|Sleep Talk|p1a: ヌメルゴン","|move|p1a: ヌメルゴン|Dragon Tail|p2a: G-S|[from]Sleep Talk","|-damage|p2a: G-S|273/374","|drag|p2a: Sableye|Sableye, F|241/241","|-damage|p2a: Sableye|211/241|[from] Stealth Rock","|","|-heal|p1a: ヌメルゴン|334/384 slp|[from] item: Leftovers","|turn|16","|","|detailschange|p2a: Sableye|Sableye-Mega, F","|-mega|p2a: Sableye|Sableye|Sablenite","|move|p2a: Sableye|Calm Mind|p2a: Sableye","|-boost|p2a: Sableye|spa|1","|-boost|p2a: Sableye|spd|1","|-curestatus|p1a: ヌメルゴン|slp","|move|p1a: ヌメルゴン|Curse|p1a: ヌメルゴン","|-unboost|p1a: ヌメルゴン|spe|1","|-boost|p1a: ヌメルゴン|atk|1","|-boost|p1a: ヌメルゴン|def|1","|","|-heal|p1a: ヌメルゴン|358/384|[from] item: Leftovers","|turn|17","|","|move|p2a: Sableye|Dazzling Gleam|p1a: ヌメルゴン","|-supereffective|p1a: ヌメルゴン","|-damage|p1a: ヌメルゴン|274/384","|move|p1a: ヌメルゴン|Dragon Tail|p2a: Sableye","|-damage|p2a: Sableye|109/241","|drag|p2a: Treve|Trevenant, M|374/374","|-damage|p2a: Treve|328/374|[from] Stealth Rock","|","|-heal|p1a: ヌメルゴン|298/384|[from] item: Leftovers","|turn|18","|","|move|p2a: Treve|Substitute|p2a: Treve","|-start|p2a: Treve|Substitute","|-damage|p2a: Treve|235/374","|move|p1a: ヌメルゴン|Curse|p1a: ヌメルゴン","|-unboost|p1a: ヌメルゴン|spe|1","|-boost|p1a: ヌメルゴン|atk|1","|-boost|p1a: ヌメルゴン|def|1","|","|-heal|p1a: ヌメルゴン|322/384|[from] item: Leftovers","|turn|19","|","|move|p2a: Treve|Will-O-Wisp|p1a: ヌメルゴン|[miss]","|-miss|p2a: Treve|p1a: ヌメルゴン","|move|p1a: ヌメルゴン|Curse|p1a: ヌメルゴン","|-unboost|p1a: ヌメルゴン|spe|1","|-boost|p1a: ヌメルゴン|atk|1","|-boost|p1a: ヌメルゴン|def|1","|","|-heal|p1a: ヌメルゴン|346/384|[from] item: Leftovers","|turn|20","|","|move|p2a: Treve|Will-O-Wisp|p1a: ヌメルゴン","|-status|p1a: ヌメルゴン|brn","|move|p1a: ヌメルゴン|Curse|p1a: ヌメルゴン","|-unboost|p1a: ヌメルゴン|spe|1","|-boost|p1a: ヌメルゴン|atk|1","|-boost|p1a: ヌメルゴン|def|1","|","|-heal|p1a: ヌメルゴン|370/384 brn|[from] item: Leftovers","|-damage|p1a: ヌメルゴン|322/384 brn|[from] brn","|turn|21","|","|switch|p1a: チルタリス|Altaria, F|291/291","|move|p2a: Treve|Horn Leech|p1a: チルタリス","|-resisted|p1a: チルタリス","|-damage|p1a: チルタリス|266/291","|-heal|p2a: Treve|248/374|[from] drain|[of] p1a: チルタリス","|","|turn|22","|","|detailschange|p1a: チルタリス|Altaria-Mega, F","|-mega|p1a: チルタリス|Altaria|Altarianite","|move|p1a: チルタリス|Hyper Voice|p2a: Treve","|-damage|p2a: Treve|34/374","|-enditem|p2a: Treve|Sitrus Berry|[eat]","|-heal|p2a: Treve|127/374|[from] item: Sitrus Berry","|move|p2a: Treve|Will-O-Wisp|p1a: チルタリス","|-status|p1a: チルタリス|brn","|","|-damage|p1a: チルタリス|230/291 brn|[from] brn","|-item|p2a: Treve|Sitrus Berry|[from] ability: Harvest","|-enditem|p2a: Treve|Sitrus Berry|[eat]","|-heal|p2a: Treve|220/374|[from] item: Sitrus Berry","|turn|23","|","|move|p1a: チルタリス|Hyper Voice|p2a: Treve","|-damage|p2a: Treve|16/374","|move|p2a: Treve|Leech Seed|p1a: チルタリス","|-start|p1a: チルタリス|move: Leech Seed","|","|-damage|p1a: チルタリス|194/291 brn|[from] Leech Seed|[of] p2a: Treve","|-heal|p2a: Treve|52/374|[silent]","|-damage|p1a: チルタリス|158/291 brn|[from] brn","|-item|p2a: Treve|Sitrus Berry|[from] ability: Harvest","|-enditem|p2a: Treve|Sitrus Berry|[eat]","|-heal|p2a: Treve|145/374|[from] item: Sitrus Berry","|turn|24","|","|move|p1a: チルタリス|Hyper Voice|p2a: Treve","|-damage|p2a: Treve|0 fnt","|faint|p2a: Treve","|","|-damage|p1a: チルタリス|122/291 brn|[from] brn","|","|switch|p2a: G gar|Gengar, M|261/261","|-damage|p2a: G gar|229/261|[from] Stealth Rock","|turn|25","|","|move|p2a: G gar|Sludge Bomb|p1a: チルタリス","|-supereffective|p1a: チルタリス","|-damage|p1a: チルタリス|0 fnt","|faint|p1a: チルタリス","|","|","|switch|p1a: ボーマンダ|Salamence, F|331/331","|turn|26","|","|move|p1a: ボーマンダ|Outrage|p2a: G gar","|-crit|p2a: G gar","|-damage|p2a: G gar|0 fnt","|faint|p2a: G gar","|-boost|p1a: ボーマンダ|atk|1|[from] ability: Moxie","|","|","|switch|p2a: G-S|Gourgeist-Super, F|273/374","|-damage|p2a: G-S|227/374|[from] Stealth Rock","|-item|p1a: ボーマンダ|Choice Scarf|[from] ability: Frisk|[of] p2a: G-S|[identify]","|turn|27","|","|move|p1a: ボーマンダ|Outrage|p2a: G-S|[from]lockedmove","|-damage|p2a: G-S|10/374","|-start|p1a: ボーマンダ|confusion|[fatigue]","|move|p2a: G-S|Leech Seed|p1a: ボーマンダ","|-start|p1a: ボーマンダ|move: Leech Seed","|","|-heal|p2a: G-S|33/374|[from] item: Leftovers","|-damage|p1a: ボーマンダ|290/331|[from] Leech Seed|[of] p2a: G-S","|-heal|p2a: G-S|74/374|[silent]","|turn|28","|","|switch|p1a: ヌメルゴン|Goodra, M|322/384 brn","|move|p2a: G-S|Will-O-Wisp|p1a: ヌメルゴン","|-fail|p1a: ヌメルゴン|brn","|","|-heal|p1a: ヌメルゴン|346/384 brn|[from] item: Leftovers","|-heal|p2a: G-S|97/374|[from] item: Leftovers","|-damage|p1a: ヌメルゴン|298/384 brn|[from] brn","|turn|29","|","|move|p2a: G-S|Pain Split|p1a: ヌメルゴン","|-sethp|p1a: ヌメルゴン|197/384 brn|p2a: G-S|197/374|[from] move: Pain Split","|move|p1a: ヌメルゴン|Dragon Tail|p2a: G-S","|-damage|p2a: G-S|171/374","|drag|p2a: Sableye|Sableye-Mega, F|109/241","|-damage|p2a: Sableye|79/241|[from] Stealth Rock","|","|-heal|p1a: ヌメルゴン|221/384 brn|[from] item: Leftovers","|-damage|p1a: ヌメルゴン|173/384 brn|[from] brn","|turn|30","|","|switch|p1a: キュレム|Kyurem-Black, shiny|391/391","|-ability|p1a: キュレム|Teravolt","|move|p2a: Sableye|Recover|p2a: Sableye","|-heal|p2a: Sableye|200/241","|","|turn|31","|","|move|p1a: キュレム|Freeze Shock|p2a: Sableye|[still]","|-prepare|p1a: キュレム|Freeze Shock|p2a: Sableye","|-enditem|p1a: キュレム|Power Herb","|-anim|p1a: キュレム|Freeze Shock|p2a: Sableye","|-damage|p2a: Sableye|0 fnt","|faint|p2a: Sableye","|","|","|switch|p2a: G-S|Gourgeist-Super, F|171/374","|-damage|p2a: G-S|125/374|[from] Stealth Rock","|turn|32","|","|move|p1a: キュレム|Draco Meteor|p2a: G-S","|-damage|p2a: G-S|0 fnt","|-unboost|p1a: キュレム|spa|2","|faint|p2a: G-S","|","|win|MÃSTA_X용의☆사용자"],"p1rating":{"entryid":"7386820","serverid":"eos","formatid":"monotype","userid":"mstax","username":"MÃSTA_X용의☆사용자","w":3,"l":"1","t":"0","gxe":58.8,"r":"1500","rd":"130","sigma":"0","rptime":"1438678800","rpr":1569.7857309487,"rprd":105.68661931494,"rpsigma":"0","acre":1111.918906125,"lacre":1111.918906125,"oldacre":"1081.8591197092"},"p2rating":{"entryid":"6925118","serverid":"eos","formatid":"monotype","userid":"ltiltahit","username":"LTIL-Tahit","w":"33","l":38,"t":"0","gxe":45.9,"r":"1487.0572827682","rd":"50.373019293434","sigma":"0","rptime":"1438678800","rpr":1468.5944970591,"rprd":48.201781691846,"rpsigma":"0","acre":1084.1307808794,"lacre":1084.1307808794,"oldacre":"1111.2398707684"},"endType":"normal"}