{"seed":[44158,21087,48919,57262],"turns":24,"p1":"logan333333","p2":"Alliance - Healer","p1team":[{"name":"Houndoom","species":"Houndoom","item":"blackglasses","ability":"Flash Fire","moves":["darkpulse","flamethrower","sludgebomb","toxic"],"nature":"Timid","evs":{"hp":0,"atk":0,"def":0,"spa":252,"spd":4,"spe":252},"ivs":{"hp":31,"atk":30,"def":30,"spa":31,"spd":31,"spe":31},"shiny":true},{"name":"Hydreigon","species":"Hydreigon","item":"dreadplate","ability":"Levitate","moves":["dragonpulse","darkpulse","earthquake","headsmash"],"nature":"Hasty","evs":{"hp":0,"atk":4,"def":0,"spa":252,"spd":0,"spe":252},"ivs":{"hp":31,"atk":31,"def":31,"spa":31,"spd":31,"spe":31}},{"name":"Honchkrow","species":"Honchkrow","item":"lifeorb","ability":"Super Luck","moves":["defog","darkpulse","calmmind","drillpeck"],"nature":"Hasty","evs":{"hp":0,"atk":4,"def":0,"spa":252,"spd":0,"spe":252},"ivs":{"hp":31,"atk":31,"def":31,"spa":31,"spd":31,"spe":31}},{"name":"Bisharp","species":"Bisharp","item":"airballoon","ability":"Inner Focus","moves":["darkpulse","hiddenpowerice","poisonjab","stoneedge"],"nature":"Naive","evs":{"hp":248,"atk":252,"def":0,"spa":8,"spd":0,"spe":0},"ivs":{"hp":31,"atk":30,"def":30,"spa":31,"spd":31,"spe":31},"shiny":true},{"name":"Sableye","species":"Sableye","item":"sablenite","ability":"Keen Eye","moves":["dazzlinggleam","darkpulse","firepunch","dynamicpunch"],"nature":"Naive","evs":{"hp":248,"atk":252,"def":0,"spa":8,"spd":0,"spe":0},"ivs":{"hp":31,"atk":31,"def":31,"spa":31,"spd":31,"spe":31}},{"name":"Umbreon","species":"Umbreon","item":"dreadplate","ability":"Inner Focus","moves":["darkpulse","hiddenpowerfire","shadowball","toxic"],"nature":"Modest","evs":{"hp":248,"atk":0,"def":0,"spa":252,"spd":8,"spe":0},"ivs":{"hp":31,"atk":30,"def":31,"spa":30,"spd":31,"spe":30},"shiny":true}],"p2team":[{"name":"Ice elemental","species":"mamoswine","item":"lifeorb","ability":"Thick Fat","moves":["earthquake","iciclecrash","knockoff","iceshard"],"nature":"Jolly","evs":{"hp":4,"atk":252,"def":0,"spa":0,"spd":0,"spe":252},"gender":"F","ivs":{"hp":31,"atk":31,"def":31,"spa":31,"spd":31,"spe":31}},{"name":"Water elemental","species":"seismitoad","item":"assaultvest","ability":"Water Absorb","moves":["earthquake","drainpunch","knockoff","poisonjab"],"nature":"Careful","evs":{"hp":4,"atk":252,"def":0,"spa":0,"spd":252,"spe":0},"gender":"F","ivs":{"hp":31,"atk":31,"def":31,"spa":31,"spd":31,"spe":31}},{"name":"Fire elemental","species":"nidoking","item":"choicescarf","ability":"Sheer Force","moves":["sludgewave","flamethrower","thunderbolt","icebeam"],"nature":"Timid","evs":{"hp":4,"atk":0,"def":0,"spa":252,"spd":0,"spe":252},"ivs":{"hp":31,"atk":0,"def":31,"spa":31,"spd":31,"spe":31}},{"name":"Earth elemental","species":"hippowdon","item":"leftovers","ability":"Sand Stream","moves":["earthquake","stealthrock","slackoff","whirlwind"],"nature":"Impish","evs":{"hp":252,"atk":0,"def":252,"spa":0,"spd":4,"spe":0},"gender":"F","ivs":{"hp":31,"atk":31,"def":31,"spa":31,"spd":31,"spe":31}},{"name":"Thunder elemental","species":"excadrill","item":"choiceband","ability":"Sand Rush","moves":["ironhead","earthquake","rockslide","rapidspin"],"nature":"Adamant","evs":{"hp":4,"atk":252,"def":0,"spa":0,"spd":0,"spe":252},"gender":"F","ivs":{"hp":31,"atk":31,"def":31,"spa":31,"spd":31,"spe":31}},{"name":"Air elemental","species":"landorus","item":"lifeorb","ability":"Sheer Force","moves":["earthpower","sludgewave","rockslide","gravity"],"nature":"Naive","evs":{"hp":4,"atk":0,"def":0,"spa":252,"spd":0,"spe":252},"ivs":{"hp":31,"atk":0,"def":31,"spa":31,"spd":31,"spe":31}}],"log":["|player|p1|logan333333|290","|player|p2|Alliance - Healer|144","|gametype|singles","|gen|6","|tier|Monotype","|rated","|rule|Baton Pass Clause: Limit one Baton Passer, can't pass Spe and other stats simultaneously","|rule|Swagger Clause: Swagger is banned","|rule|Same Type Clause: Pokémon in a team must share a type","|clearpoke","|poke|p1|Houndoom, M, shiny","|poke|p1|Hydreigon, M","|poke|p1|Honchkrow, M","|poke|p1|Bisharp, F, shiny","|poke|p1|Sableye, F","|poke|p1|Umbreon, F, shiny","|poke|p2|Mamoswine, F","|poke|p2|Seismitoad, F","|poke|p2|Nidoking, M","|poke|p2|Hippowdon, F","|poke|p2|Excadrill, F","|poke|p2|Landorus, M","|rule|Sleep Clause Mod: Limit one foe put to sleep","|rule|Species Clause: Limit one of each Pokémon","|rule|OHKO Clause: OHKO moves are banned","|rule|Moody Clause: Moody is banned","|rule|Evasion Moves Clause: Evasion moves are banned","|rule|Endless Battle Clause: Forcing endless battles is banned","|rule|HP Percentage Mod: HP is shown in percentages","|teampreview","|","|start","|switch|p1a: Hydreigon|Hydreigon, M|325/325","|switch|p2a: Air elemental|Landorus, M|320/320","|turn|1","|","|switch|p2a: Water elemental|Seismitoad, F|352/352","|move|p1a: Hydreigon|Head Smash|p2a: Water elemental","|-crit|p2a: Water elemental","|-resisted|p2a: Water elemental","|-damage|p2a: Water elemental|242/352","|-damage|p1a: Hydreigon|270/325|[from] recoil|[of] p2a: Water elemental","|","|turn|2","|","|move|p1a: Hydreigon|Earthquake|p2a: Water elemental","|-damage|p2a: Water elemental|139/352","|move|p2a: Water elemental|Drain Punch|p1a: Hydreigon","|-supereffective|p1a: Hydreigon","|-damage|p1a: Hydreigon|82/325","|-heal|p2a: Water elemental|233/352|[from] drain|[of] p1a: Hydreigon","|","|turn|3","|","|move|p1a: Hydreigon|Dark Pulse|p2a: Water elemental","|-damage|p2a: Water elemental|128/352","|cant|p2a: Water elemental|flinch","|","|turn|4","|","|move|p1a: Hydreigon|Dark Pulse|p2a: Water elemental","|-damage|p2a: Water elemental|23/352","|move|p2a: Water elemental|Drain Punch|p1a: Hydreigon","|-supereffective|p1a: Hydreigon","|-damage|p1a: Hydreigon|0 fnt","|-heal|p2a: Water elemental|64/352|[from] drain|[of] p1a: Hydreigon","|faint|p1a: Hydreigon","|","|","|switch|p1a: Sableye|Sableye, F|303/303","|turn|5","|","|switch|p2a: Air elemental|Landorus, M|320/320","|detailschange|p1a: Sableye|Sableye-Mega, F","|-mega|p1a: Sableye|Sableye|Sablenite","|move|p1a: Sableye|Dazzling Gleam|p2a: Air elemental","|-damage|p2a: Air elemental|244/320","|","|turn|6","|","|move|p2a: Air elemental|Earth Power|p1a: Sableye","|-damage|p1a: Sableye|50/303","|move|p1a: Sableye|Dynamic Punch|p2a: Air elemental|[miss]","|-miss|p1a: Sableye|p2a: Air elemental","|","|turn|7","|","|move|p2a: Air elemental|Earth Power|p1a: Sableye","|-damage|p1a: Sableye|0 fnt","|faint|p1a: Sableye","|","|","|switch|p1a: Bisharp|Bisharp, F, shiny|333/333","|-item|p1a: Bisharp|Air Balloon","|turn|8","|","|switch|p2a: Earth elemental|Hippowdon, F|420/420","|-weather|Sandstorm","|move|p1a: Bisharp|Hidden Power|p2a: Earth elemental","|-supereffective|p2a: Earth elemental","|-damage|p2a: Earth elemental|332/420","|","|-weather|Sandstorm|[upkeep]","|-heal|p2a: Earth elemental|358/420|[from] item: Leftovers","|turn|9","|","|move|p1a: Bisharp|Hidden Power|p2a: Earth elemental","|-supereffective|p2a: Earth elemental","|-damage|p2a: Earth elemental|272/420","|move|p2a: Earth elemental|Stealth Rock|p1a: Bisharp","|-sidestart|p1: logan333333|move: Stealth Rock","|","|-weather|Sandstorm|[upkeep]","|-heal|p2a: Earth elemental|298/420|[from] item: Leftovers","|turn|10","|","|move|p1a: Bisharp|Hidden Power|p2a: Earth elemental","|-supereffective|p2a: Earth elemental","|-damage|p2a: Earth elemental|212/420","|move|p2a: Earth elemental|Slack Off|p2a: Earth elemental","|-heal|p2a: Earth elemental|420/420","|","|-weather|Sandstorm|[upkeep]","|turn|11","|","|move|p1a: Bisharp|Poison Jab|p2a: Earth elemental","|-resisted|p2a: Earth elemental","|-damage|p2a: Earth elemental|390/420","|move|p2a: Earth elemental|Whirlwind|p1a: Bisharp","|drag|p1a: Umbreon|Umbreon, F, shiny|393/393","|-damage|p1a: Umbreon|344/393|[from] Stealth Rock","|","|-weather|Sandstorm|[upkeep]","|-damage|p1a: Umbreon|320/393|[from] sandstorm","|-heal|p2a: Earth elemental|416/420|[from] item: Leftovers","|turn|12","|","|switch|p2a: Water elemental|Seismitoad, F|64/352","|move|p1a: Umbreon|Shadow Ball|p2a: Water elemental","|-damage|p2a: Water elemental|25/352","|","|-weather|none","|turn|13","|","|move|p2a: Water elemental|Knock Off|p1a: Umbreon","|-resisted|p1a: Umbreon","|-damage|p1a: Umbreon|279/393","|-enditem|p1a: Umbreon|Dread Plate|[from] move: Knock Off|[of] p2a: Water elemental","|move|p1a: Umbreon|Shadow Ball|p2a: Water elemental","|-damage|p2a: Water elemental|0 fnt","|faint|p2a: Water elemental","|","|","|switch|p2a: Ice elemental|Mamoswine, F|362/362","|turn|14","|","|move|p2a: Ice elemental|Earthquake|p1a: Umbreon","|-damage|p1a: Umbreon|48/393","|-damage|p2a: Ice elemental|326/362|[from] item: Life Orb","|move|p1a: Umbreon|Hidden Power|p2a: Ice elemental","|-supereffective|p2a: Ice elemental","|-damage|p2a: Ice elemental|258/362","|","|turn|15","|","|move|p2a: Ice elemental|Earthquake|p1a: Umbreon","|-damage|p1a: Umbreon|0 fnt","|-damage|p2a: Ice elemental|222/362|[from] item: Life Orb","|faint|p1a: Umbreon","|","|","|switch|p1a: Houndoom|Houndoom, M, shiny|291/291","|-damage|p1a: Houndoom|219/291|[from] Stealth Rock","|turn|16","|","|move|p1a: Houndoom|Flamethrower|p2a: Ice elemental","|-supereffective|p2a: Ice elemental","|-damage|p2a: Ice elemental|0 fnt","|faint|p2a: Ice elemental","|","|","|switch|p2a: Earth elemental|Hippowdon, F|416/420","|-weather|Sandstorm","|turn|17","|","|move|p1a: Houndoom|Sludge Bomb|p2a: Earth elemental","|-resisted|p2a: Earth elemental","|-damage|p2a: Earth elemental|356/420","|move|p2a: Earth elemental|Earthquake|p1a: Houndoom","|-supereffective|p1a: Houndoom","|-damage|p1a: Houndoom|0 fnt","|faint|p1a: Houndoom","|","|-weather|Sandstorm|[upkeep]","|-heal|p2a: Earth elemental|382/420|[from] item: Leftovers","|","|switch|p1a: Honchkrow|Honchkrow, M|341/341","|-damage|p1a: Honchkrow|256/341|[from] Stealth Rock","|turn|18","|","|move|p1a: Honchkrow|Defog|p2a: Earth elemental","|-unboost|p2a: Earth elemental|evasion|1","|-sideend|p1: logan333333|Stealth Rock|[from] move: Defog|[of] p1a: Honchkrow","|move|p2a: Earth elemental|Slack Off|p2a: Earth elemental","|-heal|p2a: Earth elemental|420/420","|","|-weather|Sandstorm|[upkeep]","|-damage|p1a: Honchkrow|235/341|[from] sandstorm","|turn|19","|","|move|p1a: Honchkrow|Dark Pulse|p2a: Earth elemental","|-crit|p2a: Earth elemental","|-damage|p2a: Earth elemental|130/420","|-damage|p1a: Honchkrow|201/341|[from] item: Life Orb","|move|p2a: Earth elemental|Stealth Rock|p1a: Honchkrow","|-sidestart|p1: logan333333|move: Stealth Rock","|","|-weather|Sandstorm|[upkeep]","|-damage|p1a: Honchkrow|180/341|[from] sandstorm","|-heal|p2a: Earth elemental|156/420|[from] item: Leftovers","|turn|20","|","|switch|p2a: Thunder elemental|Excadrill, F|362/362","|move|p1a: Honchkrow|Dark Pulse|p2a: Thunder elemental","|-damage|p2a: Thunder elemental|150/362","|-damage|p1a: Honchkrow|146/341|[from] item: Life Orb","|","|-weather|Sandstorm|[upkeep]","|-damage|p1a: Honchkrow|125/341|[from] sandstorm","|turn|21","|","|move|p2a: Thunder elemental|Iron Head|p1a: Honchkrow","|-damage|p1a: Honchkrow|0 fnt","|faint|p1a: Honchkrow","|","|-weather|none","|","|switch|p1a: Bisharp|Bisharp, F, shiny|333/333","|-damage|p1a: Bisharp|313/333|[from] Stealth Rock","|-item|p1a: Bisharp|Air Balloon","|turn|22","|","|move|p2a: Thunder elemental|Iron Head|p1a: Bisharp","|-resisted|p1a: Bisharp","|-damage|p1a: Bisharp|182/333","|-enditem|p1a: Bisharp|Air Balloon","|move|p1a: Bisharp|Stone Edge|p2a: Thunder elemental|[miss]","|-miss|p1a: Bisharp|p2a: Thunder elemental","|","|turn|23","|","|move|p2a: Thunder elemental|Iron Head|p1a: Bisharp","|-resisted|p1a: Bisharp","|-damage|p1a: Bisharp|53/333","|move|p1a: Bisharp|Poison Jab|p2a: Thunder elemental","|-immune|p2a: Thunder elemental|[msg]","|","|turn|24","|","|move|p2a: Thunder elemental|Iron Head|p1a: Bisharp","|-resisted|p1a: Bisharp","|-damage|p1a: Bisharp|0 fnt","|faint|p1a: Bisharp","|","|win|Alliance - Healer"],"p1rating":{"entryid":"6410749","serverid":"eos","formatid":"monotype","userid":"logan333333","username":"logan333333","w":"6","l":20,"t":"0","gxe":30.4,"r":"1299.5741083593","rd":"80.559610267248","sigma":"0","rptime":"1438678800","rpr":1340.0721519251,"rprd":76.290006117876,"rpsigma":"0","acre":1081.2412350532,"lacre":1081.2412350532,"oldacre":"1088.2543625425"},"p2rating":{"entryid":"5885761","serverid":"eos","formatid":"monotype","userid":"alliancehealer","username":"Alliance - Healer","w":59,"l":"16","t":"0","gxe":76.9,"r":"1727.5366000913","rd":"50.058948738977","sigma":"0","rptime":"1438678800","rpr":1728.7061288313,"rprd":49.909213033876,"rpsigma":"0","acre":1394.4023790148,"lacre":1394.4023790148,"oldacre":"1388.3665059638"},"endType":"normal"}