{"seed":[3916,1381,4745,1642],"turns":28,"p1":"Shining Yin","p2":"Carnie Marston","p1team":[{"name":"Mamoswine","species":"Mamoswine","item":"lifeorb","ability":"Thick Fat","moves":["earthquake","iceshard","knockoff","iciclecrash"],"nature":"Naive","evs":{"hp":0,"atk":252,"def":4,"spa":0,"spd":0,"spe":252},"ivs":{"hp":31,"atk":31,"def":31,"spa":31,"spd":31,"spe":31}},{"name":"Kyurem-Black","species":"Kyurem-Black","item":"choicescarf","ability":"Teravolt","moves":["outrage","fusionbolt","ironhead","earthpower"],"nature":"Naughty","evs":{"hp":0,"atk":216,"def":0,"spa":40,"spd":0,"spe":252},"ivs":{"hp":31,"atk":31,"def":31,"spa":31,"spd":31,"spe":31}},{"name":"Avalugg","species":"Avalugg","item":"rockyhelmet","ability":"Sturdy","moves":["rapidspin","recover","avalanche","mirrorcoat"],"nature":"Impish","evs":{"hp":248,"atk":8,"def":252,"spa":0,"spd":0,"spe":0},"ivs":{"hp":31,"atk":31,"def":31,"spa":31,"spd":31,"spe":31}},{"name":"Cloyster","species":"Cloyster","item":"lumberry","ability":"Skill Link","moves":["shellsmash","iciclespear","rockblast","iceshard"],"nature":"Adamant","evs":{"hp":0,"atk":252,"def":0,"spa":0,"spd":4,"spe":252},"ivs":{"hp":31,"atk":31,"def":31,"spa":31,"spd":31,"spe":31}},{"name":"Abomasnow","species":"Abomasnow","item":"abomasite","ability":"Snow Warning","moves":["blizzard","gigadrain","iceshard","earthquake"],"nature":"Quiet","evs":{"hp":8,"atk":88,"def":80,"spa":252,"spd":80,"spe":0},"ivs":{"hp":31,"atk":31,"def":31,"spa":31,"spd":31,"spe":31}},{"name":"Jynx","species":"Jynx","item":"focussash","ability":"Dry Skin","moves":["trickroom","icebeam","lovelykiss","psyshock"],"nature":"Timid","evs":{"hp":0,"atk":0,"def":0,"spa":252,"spd":4,"spe":252},"ivs":{"hp":31,"atk":31,"def":31,"spa":31,"spd":31,"spe":31}}],"p2team":[{"name":"Terrakion","species":"Terrakion","item":"focussash","ability":"Justified","moves":["earthquake","closecombat","ironhead","rockslide"],"nature":"Jolly","evs":{"hp":0,"atk":252,"def":0,"spa":0,"spd":4,"spe":252},"ivs":{"hp":31,"atk":31,"def":31,"spa":31,"spd":31,"spe":31}},{"name":"Rhyperior","species":"Rhyperior","item":"assaultvest","ability":"Solid Rock","moves":["earthquake","megahorn","icefang","rockwrecker"],"nature":"Adamant","evs":{"hp":248,"atk":252,"def":0,"spa":0,"spd":8,"spe":0},"ivs":{"hp":31,"atk":31,"def":31,"spa":31,"spd":31,"spe":31}},{"name":"Crustle","species":"Crustle","item":"airballoon","ability":"Sturdy","moves":["shellsmash","rockblast","xscissor","earthquake"],"nature":"Adamant","evs":{"hp":0,"atk":252,"def":0,"spa":0,"spd":4,"spe":252},"ivs":{"hp":31,"atk":31,"def":31,"spa":31,"spd":31,"spe":31}},{"name":"Aerodactyl","species":"Aerodactyl","item":"expertbelt","ability":"Rock Head","moves":["earthquake","thunderfang","firefang","rockslide"],"nature":"Jolly","evs":{"hp":0,"atk":252,"def":0,"spa":0,"spd":4,"spe":252},"ivs":{"hp":31,"atk":31,"def":31,"spa":31,"spd":31,"spe":31}},{"name":"Cradily","species":"Cradily","item":"airballoon","ability":"Suction Cups","moves":["sludgewave","ancientpower","stealthrock","energyball"],"nature":"Modest","evs":{"hp":248,"atk":0,"def":0,"spa":252,"spd":8,"spe":0},"ivs":{"hp":31,"atk":31,"def":31,"spa":31,"spd":31,"spe":31}},{"name":"Aggron","species":"Aggron","item":"aggronite","ability":"Sturdy","moves":["earthquake","facade","heavyslam","poweruppunch"],"nature":"","evs":{"hp":0,"atk":0,"def":0,"spa":0,"spd":0,"spe":0},"ivs":{"hp":31,"atk":31,"def":31,"spa":31,"spd":31,"spe":31}}],"log":["|player|p1|Shining Yin|167","|player|p2|Carnie Marston|238","|gametype|singles","|gen|6","|tier|Monotype","|rated","|rule|Baton Pass Clause: Limit one Baton Passer, can't pass Spe and other stats simultaneously","|rule|Swagger Clause: Swagger is banned","|rule|Same Type Clause: Pokémon in a team must share a type","|clearpoke","|poke|p1|Mamoswine, F","|poke|p1|Kyurem-Black","|poke|p1|Avalugg, F","|poke|p1|Cloyster, F","|poke|p1|Abomasnow, F","|poke|p1|Jynx, F","|poke|p2|Terrakion","|poke|p2|Rhyperior, F","|poke|p2|Crustle, M","|poke|p2|Aerodactyl, F","|poke|p2|Cradily, M","|poke|p2|Aggron, M","|rule|Sleep Clause Mod: Limit one foe put to sleep","|rule|Species Clause: Limit one of each Pokémon","|rule|OHKO Clause: OHKO moves are banned","|rule|Moody Clause: Moody is banned","|rule|Evasion Moves Clause: Evasion moves are banned","|rule|Endless Battle Clause: Forcing endless battles is banned","|rule|HP Percentage Mod: HP is shown in percentages","|teampreview","|","|start","|switch|p1a: Kyurem-Black|Kyurem-Black|391/391","|switch|p2a: Aerodactyl|Aerodactyl, F|301/301","|-ability|p1a: Kyurem-Black|Teravolt","|turn|1","|","|move|p1a: Kyurem-Black|Iron Head|p2a: Aerodactyl","|-supereffective|p2a: Aerodactyl","|-damage|p2a: Aerodactyl|0 fnt","|faint|p2a: Aerodactyl","|","|","|switch|p2a: Aggron|Aggron, M|281/281","|turn|2","|","|switch|p1a: Avalugg|Avalugg, F|393/393","|detailschange|p2a: Aggron|Aggron-Mega, M","|-mega|p2a: Aggron|Aggron|Aggronite","|move|p2a: Aggron|Power-Up Punch|p1a: Avalugg","|-supereffective|p1a: Avalugg","|-damage|p1a: Avalugg|355/393","|-damage|p2a: Aggron|235/281|[from] item: Rocky Helmet|[of] p1a: Avalugg","|-boost|p2a: Aggron|atk|1","|","|turn|3","|","|move|p2a: Aggron|Power-Up Punch|p1a: Avalugg","|-supereffective|p1a: Avalugg","|-damage|p1a: Avalugg|297/393","|-damage|p2a: Aggron|189/281|[from] item: Rocky Helmet|[of] p1a: Avalugg","|-boost|p2a: Aggron|atk|1","|move|p1a: Avalugg|Recover|p1a: Avalugg","|-heal|p1a: Avalugg|393/393","|","|turn|4","|","|move|p2a: Aggron|Heavy Slam|p1a: Avalugg","|-supereffective|p1a: Avalugg","|-damage|p1a: Avalugg|265/393","|-damage|p2a: Aggron|143/281|[from] item: Rocky Helmet|[of] p1a: Avalugg","|move|p1a: Avalugg|Recover|p1a: Avalugg","|-heal|p1a: Avalugg|393/393","|","|turn|5","|","|move|p2a: Aggron|Earthquake|p1a: Avalugg","|-crit|p1a: Avalugg","|-damage|p1a: Avalugg|260/393","|move|p1a: Avalugg|Recover|p1a: Avalugg","|-heal|p1a: Avalugg|393/393","|","|turn|6","|","|move|p2a: Aggron|Earthquake|p1a: Avalugg","|-damage|p1a: Avalugg|295/393","|move|p1a: Avalugg|Avalanche|p2a: Aggron","|-resisted|p2a: Aggron","|-damage|p2a: Aggron|104/281","|","|turn|7","|","|move|p2a: Aggron|Earthquake|p1a: Avalugg","|-damage|p1a: Avalugg|201/393","|move|p1a: Avalugg|Recover|p1a: Avalugg","|-heal|p1a: Avalugg|393/393","|","|turn|8","|","|move|p2a: Aggron|Power-Up Punch|p1a: Avalugg","|-supereffective|p1a: Avalugg","|-damage|p1a: Avalugg|315/393","|-damage|p2a: Aggron|58/281|[from] item: Rocky Helmet|[of] p1a: Avalugg","|-boost|p2a: Aggron|atk|1","|move|p1a: Avalugg|Avalanche|p2a: Aggron","|-resisted|p2a: Aggron","|-damage|p2a: Aggron|18/281","|","|turn|9","|","|move|p2a: Aggron|Earthquake|p1a: Avalugg","|-damage|p1a: Avalugg|198/393","|move|p1a: Avalugg|Recover|p1a: Avalugg","|-heal|p1a: Avalugg|393/393","|","|turn|10","|","|move|p2a: Aggron|Earthquake|p1a: Avalugg","|-damage|p1a: Avalugg|266/393","|move|p1a: Avalugg|Recover|p1a: Avalugg","|-heal|p1a: Avalugg|393/393","|","|turn|11","|","|switch|p2a: Rhyperior|Rhyperior, F|433/433","|move|p1a: Avalugg|Recover|p1a: Avalugg","|-fail|p1a: Avalugg","|","|turn|12","|","|move|p2a: Rhyperior|Rock Wrecker|p1a: Avalugg","|-supereffective|p1a: Avalugg","|-damage|p1a: Avalugg|115/393","|move|p1a: Avalugg|Avalanche|p2a: Rhyperior","|-supereffective|p2a: Rhyperior","|-damage|p2a: Rhyperior|247/433","|","|turn|13","|-mustrecharge|p2a: Rhyperior","|-mustrecharge|p2a: Rhyperior","|","|cant|p2a: Rhyperior|recharge","|move|p1a: Avalugg|Recover|p1a: Avalugg","|-heal|p1a: Avalugg|312/393","|","|turn|14","|","|move|p2a: Rhyperior|Rock Wrecker|p1a: Avalugg","|-supereffective|p1a: Avalugg","|-damage|p1a: Avalugg|18/393","|move|p1a: Avalugg|Recover|p1a: Avalugg","|-heal|p1a: Avalugg|215/393","|","|turn|15","|-mustrecharge|p2a: Rhyperior","|-mustrecharge|p2a: Rhyperior","|","|cant|p2a: Rhyperior|recharge","|move|p1a: Avalugg|Recover|p1a: Avalugg","|-heal|p1a: Avalugg|393/393","|","|turn|16","|","|switch|p1a: Jynx|Jynx, F|271/271","|move|p2a: Rhyperior|Earthquake|p1a: Jynx","|-enditem|p1a: Jynx|Focus Sash","|-damage|p1a: Jynx|1/271","|","|turn|17","|","|move|p1a: Jynx|Lovely Kiss|p2a: Rhyperior","|-status|p2a: Rhyperior|slp","|cant|p2a: Rhyperior|slp","|","|turn|18","|","|switch|p2a: Crustle|Crustle, M|281/281","|-item|p2a: Crustle|Air Balloon","|move|p1a: Jynx|Trick Room|p1a: Jynx","|-fieldstart|move: Trick Room|[of] p1a: Jynx","|","|turn|19","|","|move|p2a: Crustle|Rock Blast|p1a: Jynx","|-supereffective|p1a: Jynx","|-damage|p1a: Jynx|0 fnt","|-hitcount|p1a: Jynx|1","|faint|p1a: Jynx","|","|","|switch|p1a: Abomasnow|Abomasnow, F|323/323","|-weather|Hail","|turn|20","|","|detailschange|p1a: Abomasnow|Abomasnow-Mega, F","|-mega|p1a: Abomasnow|Abomasnow|Abomasite","|move|p1a: Abomasnow|Blizzard|p2a: Crustle","|-ability|p2a: Crustle|Sturdy","|-damage|p2a: Crustle|1/281","|-enditem|p2a: Crustle|Air Balloon","|move|p2a: Crustle|Rock Blast|p1a: Abomasnow","|-supereffective|p1a: Abomasnow","|-damage|p1a: Abomasnow|257/323","|-supereffective|p1a: Abomasnow","|-damage|p1a: Abomasnow|183/323","|-supereffective|p1a: Abomasnow","|-damage|p1a: Abomasnow|105/323","|-supereffective|p1a: Abomasnow","|-damage|p1a: Abomasnow|27/323","|-supereffective|p1a: Abomasnow","|-damage|p1a: Abomasnow|0 fnt","|-hitcount|p1a: Abomasnow|5","|faint|p1a: Abomasnow","|","|-weather|Hail|[upkeep]","|-damage|p2a: Crustle|0 fnt|[from] hail","|faint|p2a: Crustle","|","|switch|p1a: Mamoswine|Mamoswine, F|361/361","|switch|p2a: Aggron|Aggron-Mega, M|18/281","|turn|21","|","|switch|p1a: Avalugg|Avalugg, F|393/393","|move|p2a: Aggron|Heavy Slam|p1a: Avalugg","|-supereffective|p1a: Avalugg","|-damage|p1a: Avalugg|339/393","|-damage|p2a: Aggron|0 fnt|[from] item: Rocky Helmet|[of] p1a: Avalugg","|faint|p2a: Aggron","|","|-weather|Hail|[upkeep]","|","|switch|p2a: Terrakion|Terrakion|323/323","|turn|22","|","|move|p2a: Terrakion|Rock Slide|p1a: Avalugg","|-supereffective|p1a: Avalugg","|-damage|p1a: Avalugg|219/393","|move|p1a: Avalugg|Avalanche|p2a: Terrakion","|-damage|p2a: Terrakion|158/323","|","|-weather|Hail|[upkeep]","|-damage|p2a: Terrakion|138/323|[from] hail","|-fieldend|move: Trick Room","|turn|23","|","|move|p2a: Terrakion|Rock Slide|p1a: Avalugg","|-supereffective|p1a: Avalugg","|-damage|p1a: Avalugg|103/393","|move|p1a: Avalugg|Avalanche|p2a: Terrakion","|-damage|p2a: Terrakion|0 fnt","|faint|p2a: Terrakion","|","|-weather|Hail|[upkeep]","|","|switch|p2a: Cradily|Cradily, M|375/375","|-item|p2a: Cradily|Air Balloon","|turn|24","|","|switch|p1a: Kyurem-Black|Kyurem-Black|391/391","|-ability|p1a: Kyurem-Black|Teravolt","|move|p2a: Cradily|Ancient Power|p1a: Kyurem-Black","|-crit|p1a: Kyurem-Black","|-supereffective|p1a: Kyurem-Black","|-damage|p1a: Kyurem-Black|67/391","|","|-weather|none","|turn|25","|","|move|p1a: Kyurem-Black|Iron Head|p2a: Cradily","|-supereffective|p2a: Cradily","|-damage|p2a: Cradily|127/375","|-enditem|p2a: Cradily|Air Balloon","|cant|p2a: Cradily|flinch","|","|turn|26","|","|move|p1a: Kyurem-Black|Iron Head|p2a: Cradily","|-supereffective|p2a: Cradily","|-damage|p2a: Cradily|0 fnt","|faint|p2a: Cradily","|","|","|switch|p2a: Rhyperior|Rhyperior, F|247/433 slp","|turn|27","|","|move|p1a: Kyurem-Black|Iron Head|p2a: Rhyperior","|-supereffective|p2a: Rhyperior","|-damage|p2a: Rhyperior|43/433 slp","|cant|p2a: Rhyperior|slp","|","|turn|28","|","|move|p1a: Kyurem-Black|Iron Head|p2a: Rhyperior","|-supereffective|p2a: Rhyperior","|-damage|p2a: Rhyperior|0 fnt","|faint|p2a: Rhyperior","|","|win|Shining Yin"],"p1rating":{"entryid":"7208708","serverid":"eos","formatid":"monotype","userid":"shiningyin","username":"Shining Yin","w":27,"l":"12","t":"0","gxe":66.1,"r":"1643.1491220581","rd":"56.673090184006","sigma":"0","rptime":"1438678800","rpr":1626.8576741616,"rprd":54.981211872087,"rpsigma":"0","acre":1293.1903367281,"lacre":1293.1903367281,"oldacre":"1281.1293102721"},"p2rating":{"entryid":"6128703","serverid":"eos","formatid":"monotype","userid":"carniemarston","username":"Carnie Marston","w":"26","l":87,"t":"0","gxe":26.1,"r":1304.3420043967,"rd":47.641782318708,"sigma":"0","rptime":1438678800,"rpr":1302.7103756581,"rprd":47.449358626244,"rpsigma":"0","acre":1071.2868214652,"lacre":1071.2868214652,"oldacre":"1082.0487876379"},"endType":"normal"}