{"seed":[19189,31331,59753,45544],"turns":28,"p1":"LTIL-Tahit","p2":"Carnie Marx","p1team":[{"name":"Terrakion","species":"Terrakion","item":"choicescarf","ability":"Justified","moves":["closecombat","stoneedge","ironhead","xscissor"],"nature":"Jolly","evs":{"hp":4,"atk":252,"def":0,"spa":0,"spd":0,"spe":252},"ivs":{"hp":31,"atk":31,"def":31,"spa":31,"spd":31,"spe":31}},{"name":"Medicham","species":"Medicham","item":"medichamite","ability":"Pure Power","moves":["highjumpkick","zenheadbutt","fakeout","bulletpunch"],"nature":"Jolly","evs":{"hp":0,"atk":252,"def":4,"spa":0,"spd":0,"spe":252},"ivs":{"hp":31,"atk":31,"def":31,"spa":31,"spd":31,"spe":31}},{"name":"Conkeldurr","species":"Conkeldurr","item":"leftovers","ability":"Guts","moves":["drainpunch","bulkup","machpunch","icepunch"],"nature":"Adamant","evs":{"hp":252,"atk":252,"def":0,"spa":0,"spd":4,"spe":0},"ivs":{"hp":31,"atk":31,"def":31,"spa":31,"spd":31,"spe":31}},{"name":"Chesnaught","species":"Chesnaught","item":"leftovers","ability":"Bulletproof","moves":["spikes","leechseed","spikyshield","drainpunch"],"nature":"Careful","evs":{"hp":252,"atk":0,"def":4,"spa":0,"spd":252,"spe":0},"ivs":{"hp":31,"atk":31,"def":31,"spa":31,"spd":31,"spe":31}},{"name":"Hawlucha","species":"Hawlucha","item":"sitrusberry","ability":"Unburden","moves":["substitute","swordsdance","highjumpkick","acrobatics"],"nature":"Jolly","evs":{"hp":12,"atk":252,"def":0,"spa":0,"spd":0,"spe":244},"ivs":{"hp":31,"atk":31,"def":31,"spa":31,"spd":31,"spe":31}},{"name":"Hitmonlee","species":"Hitmonlee","item":"whiteherb","ability":"Unburden","moves":["closecombat","bulkup","fakeout","blazekick"],"nature":"Adamant","evs":{"hp":4,"atk":252,"def":0,"spa":0,"spd":0,"spe":252},"ivs":{"hp":31,"atk":31,"def":31,"spa":31,"spd":31,"spe":31}}],"p2team":[{"name":"Glalie","species":"Glalie","item":"glalitite","ability":"Inner Focus","moves":["iceshard","explosion","earthquake","avalanche"],"nature":"Jolly","evs":{"hp":0,"atk":252,"def":0,"spa":0,"spd":4,"spe":252},"ivs":{"hp":31,"atk":31,"def":31,"spa":31,"spd":31,"spe":31}},{"name":"Froslass","species":"Froslass","item":"focussash","ability":"Cursed Body","moves":["destinybond","icebeam","taunt","shadowball"],"nature":"Timid","evs":{"hp":0,"atk":0,"def":0,"spa":252,"spd":4,"spe":252},"ivs":{"hp":31,"atk":31,"def":31,"spa":31,"spd":31,"spe":31}},{"name":"Ice Age","species":"mamoswine","item":"choicescarf","ability":"Thick Fat","moves":["superpower","earthquake","iciclecrash","stoneedge"],"nature":"Jolly","evs":{"hp":0,"atk":252,"def":0,"spa":0,"spd":4,"spe":252},"gender":"M","shiny":true,"ivs":{"hp":31,"atk":31,"def":31,"spa":31,"spd":31,"spe":31}},{"name":"The Titanic","species":"avalugg","item":"rockyhelmet","ability":"Sturdy","moves":["rapidspin","toxic","recover","avalanche"],"nature":"Bold","evs":{"hp":248,"atk":0,"def":252,"spa":0,"spd":8,"spe":0},"gender":"M","shiny":true,"ivs":{"hp":31,"atk":31,"def":31,"spa":31,"spd":31,"spe":31}},{"name":"Kyurem-Black","species":"Kyurem-Black","item":"muscleband","ability":"Teravolt","moves":["fusionbolt","outrage","icebeam","shadowclaw"],"nature":"Naughty","evs":{"hp":248,"atk":252,"def":0,"spa":8,"spd":0,"spe":0},"ivs":{"hp":31,"atk":31,"def":31,"spa":31,"spd":31,"spe":31}},{"name":"King Kold","species":"rotomfrost","item":"leftovers","ability":"Levitate","moves":["discharge","willowisp","painsplit","charge"],"nature":"Calm","evs":{"hp":248,"atk":0,"def":0,"spa":252,"spd":8,"spe":0},"shiny":true,"ivs":{"hp":31,"atk":31,"def":31,"spa":31,"spd":31,"spe":31}}],"log":["|player|p1|LTIL-Tahit|169","|player|p2|Carnie Marx|238","|gametype|singles","|gen|6","|tier|Monotype","|rated","|rule|Baton Pass Clause: Limit one Baton Passer, can't pass Spe and other stats simultaneously","|rule|Swagger Clause: Swagger is banned","|rule|Same Type Clause: Pokémon in a team must share a type","|clearpoke","|poke|p1|Terrakion","|poke|p1|Medicham, M","|poke|p1|Conkeldurr, F","|poke|p1|Chesnaught, F","|poke|p1|Hawlucha, F","|poke|p1|Hitmonlee, M","|poke|p2|Glalie, F","|poke|p2|Froslass, F","|poke|p2|Mamoswine, M, shiny","|poke|p2|Avalugg, M, shiny","|poke|p2|Kyurem-Black","|poke|p2|Rotom-Frost, shiny","|rule|Sleep Clause Mod: Limit one foe put to sleep","|rule|Species Clause: Limit one of each Pokémon","|rule|OHKO Clause: OHKO moves are banned","|rule|Moody Clause: Moody is banned","|rule|Evasion Moves Clause: Evasion moves are banned","|rule|Endless Battle Clause: Forcing endless battles is banned","|rule|HP Percentage Mod: HP is shown in percentages","|teampreview","|","|start","|switch|p1a: Hawlucha|Hawlucha, F|300/300","|switch|p2a: Froslass|Froslass, F|281/281","|turn|1","|","|move|p1a: Hawlucha|Substitute|p1a: Hawlucha","|-start|p1a: Hawlucha|Substitute","|-damage|p1a: Hawlucha|225/300","|move|p2a: Froslass|Destiny Bond|p2a: Froslass","|-singlemove|p2a: Froslass|Destiny Bond","|","|turn|2","|","|move|p1a: Hawlucha|Swords Dance|p1a: Hawlucha","|-boost|p1a: Hawlucha|atk|2","|move|p2a: Froslass|Destiny Bond|p2a: Froslass","|-singlemove|p2a: Froslass|Destiny Bond","|","|turn|3","|","|move|p1a: Hawlucha|Swords Dance|p1a: Hawlucha","|-boost|p1a: Hawlucha|atk|2","|move|p2a: Froslass|Ice Beam|p1a: Hawlucha","|-supereffective|p1a: Hawlucha","|-end|p1a: Hawlucha|Substitute","|","|turn|4","|","|move|p1a: Hawlucha|Substitute|p1a: Hawlucha","|-start|p1a: Hawlucha|Substitute","|-damage|p1a: Hawlucha|150/300","|-enditem|p1a: Hawlucha|Sitrus Berry|[eat]","|-heal|p1a: Hawlucha|225/300|[from] item: Sitrus Berry","|move|p2a: Froslass|Taunt|p1a: Hawlucha","|-start|p1a: Hawlucha|move: Taunt","|","|turn|5","|","|move|p1a: Hawlucha|Acrobatics|p2a: Froslass","|-enditem|p2a: Froslass|Focus Sash","|-damage|p2a: Froslass|1/281","|-start|p1a: Hawlucha|Disable|Acrobatics","|move|p2a: Froslass|Destiny Bond|p2a: Froslass","|-singlemove|p2a: Froslass|Destiny Bond","|","|turn|6","|","|move|p1a: Hawlucha|High Jump Kick|p2a: Froslass","|-immune|p2a: Froslass|[msg]","|-damage|p1a: Hawlucha|75/300|[from] highjumpkick","|move|p2a: Froslass|Destiny Bond|p2a: Froslass","|-singlemove|p2a: Froslass|Destiny Bond","|","|turn|7","|","|switch|p1a: Terrakion|Terrakion|324/324","|move|p2a: Froslass|Ice Beam|p1a: Terrakion","|-crit|p1a: Terrakion","|-damage|p1a: Terrakion|147/324","|-status|p1a: Terrakion|frz","|","|turn|8","|","|-curestatus|p1a: Terrakion|frz","|move|p1a: Terrakion|Iron Head|p2a: Froslass","|-supereffective|p2a: Froslass","|-damage|p2a: Froslass|0 fnt","|faint|p2a: Froslass","|","|","|switch|p2a: The Titanic|Avalugg, M, shiny|393/393","|turn|9","|","|move|p1a: Terrakion|Iron Head|p2a: The Titanic","|-supereffective|p2a: The Titanic","|-damage|p2a: The Titanic|311/393","|-damage|p1a: Terrakion|93/324|[from] item: Rocky Helmet|[of] p2a: The Titanic","|cant|p2a: The Titanic|flinch","|","|turn|10","|","|move|p1a: Terrakion|Iron Head|p2a: The Titanic","|-supereffective|p2a: The Titanic","|-damage|p2a: The Titanic|223/393","|-damage|p1a: Terrakion|39/324|[from] item: Rocky Helmet|[of] p2a: The Titanic","|move|p2a: The Titanic|Recover|p2a: The Titanic","|-heal|p2a: The Titanic|393/393","|","|turn|11","|","|move|p1a: Terrakion|Iron Head|p2a: The Titanic","|-supereffective|p2a: The Titanic","|-damage|p2a: The Titanic|311/393","|-damage|p1a: Terrakion|0 fnt|[from] item: Rocky Helmet|[of] p2a: The Titanic","|faint|p1a: Terrakion","|cant|p2a: The Titanic|flinch","|","|","|switch|p1a: Hawlucha|Hawlucha, F|75/300","|turn|12","|","|move|p1a: Hawlucha|High Jump Kick|p2a: The Titanic","|-supereffective|p2a: The Titanic","|-damage|p2a: The Titanic|141/393","|-damage|p1a: Hawlucha|25/300|[from] item: Rocky Helmet|[of] p2a: The Titanic","|move|p2a: The Titanic|Avalanche|p1a: Hawlucha","|-supereffective|p1a: Hawlucha","|-damage|p1a: Hawlucha|0 fnt","|faint|p1a: Hawlucha","|","|","|switch|p1a: Chesnaught|Chesnaught, F|380/380","|turn|13","|","|move|p1a: Chesnaught|Leech Seed|p2a: The Titanic","|-start|p2a: The Titanic|move: Leech Seed","|move|p2a: The Titanic|Recover|p2a: The Titanic","|-heal|p2a: The Titanic|338/393","|","|-damage|p2a: The Titanic|289/393|[from] Leech Seed|[of] p1a: Chesnaught","|turn|14","|","|switch|p2a: King Kold|Rotom-Frost, shiny|303/303","|move|p1a: Chesnaught|Spikes|p2a: King Kold","|-sidestart|p2: Carnie Marx|Spikes","|","|turn|15","|","|move|p2a: King Kold|Will-O-Wisp|p1a: Chesnaught","|-status|p1a: Chesnaught|brn","|move|p1a: Chesnaught|Leech Seed|p2a: King Kold","|-start|p2a: King Kold|move: Leech Seed","|","|-damage|p2a: King Kold|266/303|[from] Leech Seed|[of] p1a: Chesnaught","|-damage|p1a: Chesnaught|333/380 brn|[from] brn","|turn|16","|","|move|p2a: King Kold|Charge|p2a: King Kold","|-boost|p2a: King Kold|spd|1","|-activate|p2a: King Kold|move: Charge","|move|p1a: Chesnaught|Spikes|p2a: King Kold","|-sidestart|p2: Carnie Marx|Spikes","|","|-heal|p2a: King Kold|284/303|[from] item: Leftovers","|-heal|p1a: Chesnaught|356/380 brn|[from] item: Leftovers","|-damage|p2a: King Kold|247/303|[from] Leech Seed|[of] p1a: Chesnaught","|-heal|p1a: Chesnaught|380/380 brn|[silent]","|-damage|p1a: Chesnaught|333/380 brn|[from] brn","|turn|17","|","|move|p2a: King Kold|Discharge|p1a: Chesnaught","|-resisted|p1a: Chesnaught","|-damage|p1a: Chesnaught|221/380 brn","|move|p1a: Chesnaught|Spikes|p2a: King Kold","|-sidestart|p2: Carnie Marx|Spikes","|","|-heal|p2a: King Kold|265/303|[from] item: Leftovers","|-heal|p1a: Chesnaught|244/380 brn|[from] item: Leftovers","|-damage|p2a: King Kold|228/303|[from] Leech Seed|[of] p1a: Chesnaught","|-heal|p1a: Chesnaught|281/380 brn|[silent]","|-damage|p1a: Chesnaught|234/380 brn|[from] brn","|turn|18","|","|switch|p2a: The Titanic|Avalugg, M, shiny|289/393","|-damage|p2a: The Titanic|191/393|[from] Spikes","|move|p1a: Chesnaught|Drain Punch|p2a: The Titanic","|-supereffective|p2a: The Titanic","|-damage|p2a: The Titanic|145/393","|-heal|p1a: Chesnaught|257/380 brn|[from] drain|[of] p2a: The Titanic","|-damage|p1a: Chesnaught|194/380 brn|[from] item: Rocky Helmet|[of] p2a: The Titanic","|","|-heal|p1a: Chesnaught|217/380 brn|[from] item: Leftovers","|-damage|p1a: Chesnaught|170/380 brn|[from] brn","|turn|19","|","|move|p1a: Chesnaught|Spiky Shield|p1a: Chesnaught","|-singleturn|p1a: Chesnaught|move: Protect","|move|p2a: The Titanic|Recover|p2a: The Titanic","|-heal|p2a: The Titanic|342/393","|","|-heal|p1a: Chesnaught|193/380 brn|[from] item: Leftovers","|-damage|p1a: Chesnaught|146/380 brn|[from] brn","|turn|20","|","|move|p1a: Chesnaught|Leech Seed|p2a: The Titanic","|-start|p2a: The Titanic|move: Leech Seed","|move|p2a: The Titanic|Rapid Spin|p1a: Chesnaught","|-damage|p1a: Chesnaught|132/380 brn","|-end|p2a: The Titanic|Leech Seed|[from] move: Rapid Spin|[of] p2a: The Titanic","|-sideend|p2: Carnie Marx|Spikes|[from] move: Rapid Spin|[of] p2a: The Titanic","|","|-heal|p1a: Chesnaught|155/380 brn|[from] item: Leftovers","|-damage|p1a: Chesnaught|108/380 brn|[from] brn","|turn|21","|","|move|p1a: Chesnaught|Leech Seed|p2a: The Titanic","|-start|p2a: The Titanic|move: Leech Seed","|move|p2a: The Titanic|Avalanche|p1a: Chesnaught","|-supereffective|p1a: Chesnaught","|-damage|p1a: Chesnaught|0 fnt","|faint|p1a: Chesnaught","|","|","|switch|p1a: Conkeldurr|Conkeldurr, F|414/414","|turn|22","|","|move|p1a: Conkeldurr|Bulk Up|p1a: Conkeldurr","|-boost|p1a: Conkeldurr|atk|1","|-boost|p1a: Conkeldurr|def|1","|move|p2a: The Titanic|Recover|p2a: The Titanic","|-heal|p2a: The Titanic|393/393","|","|-damage|p2a: The Titanic|344/393|[from] Leech Seed|[of] p1a: Conkeldurr","|turn|23","|","|move|p1a: Conkeldurr|Bulk Up|p1a: Conkeldurr","|-boost|p1a: Conkeldurr|atk|1","|-boost|p1a: Conkeldurr|def|1","|move|p2a: The Titanic|Toxic|p1a: Conkeldurr","|-status|p1a: Conkeldurr|tox","|","|-damage|p2a: The Titanic|295/393|[from] Leech Seed|[of] p1a: Conkeldurr","|-damage|p1a: Conkeldurr|389/414 tox|[from] psn","|turn|24","|","|move|p1a: Conkeldurr|Drain Punch|p2a: The Titanic","|-supereffective|p2a: The Titanic","|-damage|p2a: The Titanic|0 fnt","|-heal|p1a: Conkeldurr|414/414 tox|[from] drain|[of] p2a: The Titanic","|-damage|p1a: Conkeldurr|345/414 tox|[from] item: Rocky Helmet|[of] p2a: The Titanic","|faint|p2a: The Titanic","|","|-heal|p1a: Conkeldurr|370/414 tox|[from] item: Leftovers","|-damage|p1a: Conkeldurr|320/414 tox|[from] psn","|","|switch|p2a: Glalie|Glalie, F|301/301","|turn|25","|","|detailschange|p2a: Glalie|Glalie-Mega, F","|-mega|p2a: Glalie|Glalie|Glalitite","|move|p1a: Conkeldurr|Mach Punch|p2a: Glalie","|-supereffective|p2a: Glalie","|-damage|p2a: Glalie|0 fnt","|faint|p2a: Glalie","|","|-heal|p1a: Conkeldurr|345/414 tox|[from] item: Leftovers","|-damage|p1a: Conkeldurr|270/414 tox|[from] psn","|","|switch|p2a: Kyurem-Black|Kyurem-Black|453/453","|-ability|p2a: Kyurem-Black|Teravolt","|turn|26","|","|move|p1a: Conkeldurr|Mach Punch|p2a: Kyurem-Black","|-supereffective|p2a: Kyurem-Black","|-damage|p2a: Kyurem-Black|0 fnt","|faint|p2a: Kyurem-Black","|","|-heal|p1a: Conkeldurr|295/414 tox|[from] item: Leftovers","|-damage|p1a: Conkeldurr|195/414 tox|[from] psn","|","|switch|p2a: King Kold|Rotom-Frost, shiny|228/303","|turn|27","|","|move|p1a: Conkeldurr|Mach Punch|p2a: King Kold","|-supereffective|p2a: King Kold","|-damage|p2a: King Kold|0 fnt","|faint|p2a: King Kold","|","|-heal|p1a: Conkeldurr|220/414 tox|[from] item: Leftovers","|-damage|p1a: Conkeldurr|95/414 tox|[from] psn","|","|switch|p2a: Ice Age|Mamoswine, M, shiny|361/361","|turn|28","|","|move|p1a: Conkeldurr|Mach Punch|p2a: Ice Age","|-supereffective|p2a: Ice Age","|-damage|p2a: Ice Age|0 fnt","|faint|p2a: Ice Age","|","|win|LTIL-Tahit"],"p1rating":{"entryid":"6925118","serverid":"eos","formatid":"monotype","userid":"ltiltahit","username":"LTIL-Tahit","w":38,"l":"40","t":"0","gxe":49.6,"r":"1487.0572827682","rd":"50.373019293434","sigma":"0","rptime":"1438678800","rpr":1496.8189513406,"rprd":45.548962693703,"rpsigma":"0","acre":1198.0229548025,"lacre":1198.0229548025,"oldacre":"1178.0912798785"},"p2rating":{"entryid":"5821777","serverid":"eos","formatid":"monotype","userid":"carniemarx","username":"Carnie Marx","w":"62","l":70,"t":"0","gxe":47.6,"r":1486.0439468262,"rd":37.970696333481,"sigma":"0","rptime":1438678800,"rpr":1482.0050622765,"rprd":37.751501709029,"rpsigma":"0","acre":1086.7334283784,"lacre":1086.7334283784,"oldacre":"1106.6651033024"},"endType":"normal"}