{"seed":[54441,44796,27847,39217],"turns":23,"p1":"THE MEGA POLIWRATH","p2":"KGBeast","p1team":[{"name":"Peligod","species":"pelipper","item":"focussash","ability":"Keen Eye","moves":["airslash","roost","protect","scald"],"nature":"Bold","evs":{"hp":248,"atk":0,"def":252,"spa":8,"spd":0,"spe":0},"shiny":true,"ivs":{"hp":31,"atk":31,"def":31,"spa":31,"spd":31,"spe":31}},{"name":"Power bunny","species":"azumarill","item":"leftovers","ability":"Huge Power","moves":["aquajet","superpower","icepunch","playrough"],"nature":"Adamant","evs":{"hp":248,"atk":0,"def":0,"spa":0,"spd":4,"spe":0},"shiny":true,"ivs":{"hp":31,"atk":31,"def":31,"spa":31,"spd":31,"spe":31}},{"name":"Emperor penguin","species":"empoleon","item":"focussash","ability":"Defiant","moves":["aquajet","drillpeck","stealthrock","flashcannon"],"nature":"Lonely","evs":{"hp":248,"atk":252,"def":0,"spa":4,"spd":0,"spe":0},"shiny":true,"ivs":{"hp":31,"atk":31,"def":31,"spa":31,"spd":31,"spe":31}},{"name":"Tortoise man","species":"blastoise","item":"blastoisinite","ability":"Torrent","moves":["dragonpulse","darkpulse","waterpulse","waterspout"],"nature":"Modest","evs":{"hp":248,"atk":252,"def":0,"spa":4,"spd":0,"spe":0},"shiny":true,"ivs":{"hp":31,"atk":31,"def":31,"spa":31,"spd":31,"spe":31}},{"name":"Pigacorn","species":"keldeo","item":"focussash","ability":"Justified","moves":["scald","hydropump","focusblast","toxic"],"nature":"Timid","evs":{"hp":248,"atk":252,"def":0,"spa":4,"spd":0,"spe":0},"ivs":{"hp":31,"atk":31,"def":31,"spa":31,"spd":31,"spe":31}},{"name":"Mario","species":"ludicolo","item":"leftovers","ability":"Own Tempo","moves":["energyball","synthesis","gigadrain","hydropump"],"nature":"Modest","evs":{"hp":248,"atk":252,"def":0,"spa":4,"spd":0,"spe":0},"shiny":true,"ivs":{"hp":31,"atk":31,"def":31,"spa":31,"spd":31,"spe":31}}],"p2team":[{"name":"Garchomp","species":"Garchomp","item":"rockyhelmet","ability":"Rough Skin","moves":["stealthrock","earthquake","dragontail","rest"],"nature":"Impish","evs":{"hp":252,"atk":0,"def":252,"spa":0,"spd":0,"spe":4},"ivs":{"hp":31,"atk":31,"def":31,"spa":31,"spd":31,"spe":31}},{"name":"Steelix","species":"Steelix","item":"steelixite","ability":"Sturdy","moves":["heavyslam","earthquake","stoneedge","toxic"],"nature":"Adamant","evs":{"hp":252,"atk":252,"def":0,"spa":0,"spd":0,"spe":4},"ivs":{"hp":31,"atk":31,"def":31,"spa":31,"spd":31,"spe":31}},{"name":"Hippowdon","species":"Hippowdon","item":"leftovers","ability":"Sand Stream","moves":["stockpile","earthquake","stoneedge","slackoff"],"nature":"Impish","evs":{"hp":252,"atk":4,"def":252,"spa":0,"spd":0,"spe":0},"ivs":{"hp":31,"atk":31,"def":31,"spa":31,"spd":31,"spe":31}},{"name":"Landorus","species":"Landorus","item":"lifeorb","ability":"Sheer Force","moves":["earthpower","sludgewave","calmmind","gravity"],"nature":"Modest","evs":{"hp":0,"atk":0,"def":4,"spa":252,"spd":0,"spe":252},"ivs":{"hp":31,"atk":0,"def":31,"spa":31,"spd":31,"spe":31}},{"name":"Excadrill","species":"Excadrill","item":"choiceband","ability":"Sand Rush","moves":["ironhead","earthquake","rockslide","rapidspin"],"nature":"Adamant","evs":{"hp":0,"atk":252,"def":0,"spa":0,"spd":4,"spe":252},"ivs":{"hp":31,"atk":31,"def":31,"spa":31,"spd":31,"spe":31}},{"name":"Gastrodon","species":"Gastrodon","item":"leftovers","ability":"Storm Drain","moves":["scald","earthquake","toxic","recover"],"nature":"Calm","evs":{"hp":252,"atk":0,"def":0,"spa":4,"spd":252,"spe":0},"ivs":{"hp":31,"atk":31,"def":31,"spa":31,"spd":31,"spe":31}}],"log":["|player|p1|THE MEGA POLIWRATH|10","|player|p2|KGBeast|kgbeast.png","|gametype|singles","|gen|6","|tier|Monotype","|rated","|rule|Baton Pass Clause: Limit one Baton Passer, can't pass Spe and other stats simultaneously","|rule|Swagger Clause: Swagger is banned","|rule|Same Type Clause: Pokémon in a team must share a type","|clearpoke","|poke|p1|Pelipper, F, shiny","|poke|p1|Azumarill, F, shiny","|poke|p1|Empoleon, F, shiny","|poke|p1|Blastoise, M, shiny","|poke|p1|Keldeo","|poke|p1|Ludicolo, F, shiny","|poke|p2|Garchomp, F","|poke|p2|Steelix, F","|poke|p2|Hippowdon, F","|poke|p2|Landorus, M","|poke|p2|Excadrill, F","|poke|p2|Gastrodon, M","|rule|Sleep Clause Mod: Limit one foe put to sleep","|rule|Species Clause: Limit one of each Pokémon","|rule|OHKO Clause: OHKO moves are banned","|rule|Moody Clause: Moody is banned","|rule|Evasion Moves Clause: Evasion moves are banned","|rule|Endless Battle Clause: Forcing endless battles is banned","|rule|HP Percentage Mod: HP is shown in percentages","|teampreview","|","|start","|switch|p1a: Mario|Ludicolo, F, shiny|363/363","|switch|p2a: Landorus|Landorus, M|319/319","|turn|1","|","|move|p2a: Landorus|Sludge Wave|p1a: Mario","|-supereffective|p1a: Mario","|-damage|p1a: Mario|0 fnt","|faint|p1a: Mario","|","|","|switch|p1a: Tortoise man|Blastoise, M, shiny|361/361","|turn|2","|","|switch|p2a: Gastrodon|Gastrodon, M|426/426","|detailschange|p1a: Tortoise man|Blastoise-Mega, M, shiny","|-mega|p1a: Tortoise man|Blastoise|Blastoisinite","|move|p1a: Tortoise man|Water Pulse|p2a: Gastrodon","|-boost|p2a: Gastrodon|spa|1|[from] ability: Storm Drain","|","|turn|3","|","|move|p1a: Tortoise man|Dragon Pulse|p2a: Gastrodon","|-damage|p2a: Gastrodon|304/426","|move|p2a: Gastrodon|Earthquake|p1a: Tortoise man","|-damage|p1a: Tortoise man|280/361","|","|-heal|p2a: Gastrodon|330/426|[from] item: Leftovers","|turn|4","|","|move|p1a: Tortoise man|Dark Pulse|p2a: Gastrodon","|-damage|p2a: Gastrodon|220/426","|cant|p2a: Gastrodon|flinch","|","|-heal|p2a: Gastrodon|246/426|[from] item: Leftovers","|turn|5","|","|move|p1a: Tortoise man|Water Spout|p2a: Gastrodon","|-boost|p2a: Gastrodon|spa|1|[from] ability: Storm Drain","|move|p2a: Gastrodon|Recover|p2a: Gastrodon","|-heal|p2a: Gastrodon|426/426","|","|turn|6","|","|move|p1a: Tortoise man|Dragon Pulse|p2a: Gastrodon","|-damage|p2a: Gastrodon|318/426","|move|p2a: Gastrodon|Toxic|p1a: Tortoise man","|-status|p1a: Tortoise man|tox","|","|-heal|p2a: Gastrodon|344/426|[from] item: Leftovers","|-damage|p1a: Tortoise man|258/361 tox|[from] psn","|turn|7","|","|move|p1a: Tortoise man|Dark Pulse|p2a: Gastrodon","|-damage|p2a: Gastrodon|234/426","|move|p2a: Gastrodon|Earthquake|p1a: Tortoise man","|-damage|p1a: Tortoise man|185/361 tox","|","|-heal|p2a: Gastrodon|260/426|[from] item: Leftovers","|-damage|p1a: Tortoise man|141/361 tox|[from] psn","|turn|8","|","|move|p1a: Tortoise man|Dark Pulse|p2a: Gastrodon","|-damage|p2a: Gastrodon|151/426","|move|p2a: Gastrodon|Recover|p2a: Gastrodon","|-heal|p2a: Gastrodon|364/426","|","|-heal|p2a: Gastrodon|390/426|[from] item: Leftovers","|-damage|p1a: Tortoise man|75/361 tox|[from] psn","|turn|9","|","|move|p1a: Tortoise man|Water Spout|p2a: Gastrodon","|-boost|p2a: Gastrodon|spa|1|[from] ability: Storm Drain","|move|p2a: Gastrodon|Earthquake|p1a: Tortoise man","|-damage|p1a: Tortoise man|0 fnt","|faint|p1a: Tortoise man","|","|-heal|p2a: Gastrodon|416/426|[from] item: Leftovers","|","|switch|p1a: Pigacorn|Keldeo|385/385","|turn|10","|","|move|p1a: Pigacorn|Toxic|p2a: Gastrodon","|-status|p2a: Gastrodon|tox","|move|p2a: Gastrodon|Toxic|p1a: Pigacorn","|-status|p1a: Pigacorn|tox","|","|-heal|p2a: Gastrodon|426/426 tox|[from] item: Leftovers","|-damage|p1a: Pigacorn|361/385 tox|[from] psn","|-damage|p2a: Gastrodon|400/426 tox|[from] psn","|turn|11","|","|switch|p2a: Hippowdon|Hippowdon, F|420/420","|-weather|Sandstorm","|move|p1a: Pigacorn|Scald|p2a: Hippowdon","|-supereffective|p2a: Hippowdon","|-damage|p2a: Hippowdon|106/420","|-status|p2a: Hippowdon|brn","|","|-weather|Sandstorm|[upkeep]","|-damage|p1a: Pigacorn|337/385 tox|[from] sandstorm","|-heal|p2a: Hippowdon|132/420 brn|[from] item: Leftovers","|-damage|p1a: Pigacorn|289/385 tox|[from] psn","|-damage|p2a: Hippowdon|80/420 brn|[from] brn","|turn|12","|","|move|p1a: Pigacorn|Scald|p2a: Hippowdon","|-supereffective|p2a: Hippowdon","|-damage|p2a: Hippowdon|0 fnt","|faint|p2a: Hippowdon","|","|-weather|Sandstorm|[upkeep]","|-damage|p1a: Pigacorn|265/385 tox|[from] sandstorm","|-damage|p1a: Pigacorn|193/385 tox|[from] psn","|","|switch|p2a: Excadrill|Excadrill, F|361/361","|turn|13","|","|move|p2a: Excadrill|Earthquake|p1a: Pigacorn","|-damage|p1a: Pigacorn|0 fnt","|faint|p1a: Pigacorn","|","|-weather|Sandstorm|[upkeep]","|","|switch|p1a: Power bunny|Azumarill, F, shiny|403/403","|turn|14","|","|switch|p2a: Garchomp|Garchomp, F|420/420","|move|p1a: Power bunny|Play Rough|p2a: Garchomp","|-supereffective|p2a: Garchomp","|-damage|p2a: Garchomp|228/420","|-damage|p1a: Power bunny|353/403|[from] ability: Rough Skin|[of] p2a: Garchomp","|-damage|p1a: Power bunny|286/403|[from] item: Rocky Helmet|[of] p2a: Garchomp","|-unboost|p2a: Garchomp|atk|1","|","|-weather|Sandstorm|[upkeep]","|-damage|p1a: Power bunny|261/403|[from] sandstorm","|-heal|p1a: Power bunny|286/403|[from] item: Leftovers","|turn|15","|","|move|p2a: Garchomp|Stealth Rock|p1a: Power bunny","|-sidestart|p1: THE MEGA POLIWRATH|move: Stealth Rock","|move|p1a: Power bunny|Play Rough|p2a: Garchomp","|-supereffective|p2a: Garchomp","|-damage|p2a: Garchomp|18/420","|-damage|p1a: Power bunny|236/403|[from] ability: Rough Skin|[of] p2a: Garchomp","|-damage|p1a: Power bunny|169/403|[from] item: Rocky Helmet|[of] p2a: Garchomp","|","|-weather|none","|-heal|p1a: Power bunny|194/403|[from] item: Leftovers","|turn|16","|","|move|p1a: Power bunny|Aqua Jet|p2a: Garchomp","|-damage|p2a: Garchomp|0 fnt","|-damage|p1a: Power bunny|144/403|[from] ability: Rough Skin|[of] p2a: Garchomp","|-damage|p1a: Power bunny|77/403|[from] item: Rocky Helmet|[of] p2a: Garchomp","|faint|p2a: Garchomp","|","|-heal|p1a: Power bunny|102/403|[from] item: Leftovers","|","|switch|p2a: Steelix|Steelix, F|354/354","|turn|17","|","|detailschange|p2a: Steelix|Steelix-Mega, F","|-mega|p2a: Steelix|Steelix|Steelixite","|move|p1a: Power bunny|Play Rough|p2a: Steelix","|-resisted|p2a: Steelix","|-damage|p2a: Steelix|322/354","|move|p2a: Steelix|Heavy Slam|p1a: Power bunny","|-damage|p1a: Power bunny|0 fnt","|faint|p1a: Power bunny","|","|","|switch|p1a: Emperor penguin|Empoleon, F, shiny|371/371","|-damage|p1a: Emperor penguin|348/371|[from] Stealth Rock","|turn|18","|","|move|p1a: Emperor penguin|Drill Peck|p2a: Steelix","|-resisted|p2a: Steelix","|-damage|p2a: Steelix|304/354","|move|p2a: Steelix|Earthquake|p1a: Emperor penguin","|-supereffective|p1a: Emperor penguin","|-damage|p1a: Emperor penguin|0 fnt","|faint|p1a: Emperor penguin","|","|","|switch|p1a: Peligod|Pelipper, F, shiny|323/323","|-damage|p1a: Peligod|243/323|[from] Stealth Rock","|turn|19","|","|move|p1a: Peligod|Protect|p1a: Peligod","|-singleturn|p1a: Peligod|Protect","|move|p2a: Steelix|Stone Edge|p1a: Peligod","|-activate|p1a: Peligod|Protect","|","|turn|20","|","|move|p1a: Peligod|Roost|p1a: Peligod","|-heal|p1a: Peligod|323/323","|move|p2a: Steelix|Stone Edge|p1a: Peligod","|-damage|p1a: Peligod|229/323","|","|turn|21","|","|move|p1a: Peligod|Scald|p2a: Steelix","|-supereffective|p2a: Steelix","|-damage|p2a: Steelix|122/354","|move|p2a: Steelix|Toxic|p1a: Peligod","|-status|p1a: Peligod|tox","|","|-damage|p1a: Peligod|209/323 tox|[from] psn","|turn|22","|","|move|p1a: Peligod|Protect|p1a: Peligod","|-singleturn|p1a: Peligod|Protect","|move|p2a: Steelix|Stone Edge|p1a: Peligod","|-activate|p1a: Peligod|Protect","|","|-damage|p1a: Peligod|169/323 tox|[from] psn","|turn|23","|","|win|THE MEGA POLIWRATH"],"p1rating":{"entryid":"7210585","serverid":"eos","formatid":"monotype","userid":"themegapoliwrath","username":"The mega poliwrath","w":11,"l":"26","t":"0","gxe":33.9,"r":1358.2892058246,"rd":56.964644261896,"sigma":"0","rptime":1438678800,"rpr":1372.7888565771,"rprd":56.493808959836,"rpsigma":"0","acre":1066.4971117162,"lacre":1066.4971117162,"oldacre":"1005.6826173712"},"p2rating":{"entryid":"6349485","serverid":"eos","formatid":"monotype","userid":"kgbeast","username":"KGBeast","w":"42","l":21,"t":"0","gxe":63.1,"r":"1602.4834527501","rd":"52.388991108415","sigma":"0","rptime":"1438678800","rpr":1602.2398966982,"rprd":49.732033641265,"rpsigma":"0","acre":1183.4250653575,"lacre":1183.4250653575,"oldacre":"1222.2617263905"},"endType":"forfeit"}