{"seed":[44094,42778,46816,39287],"turns":21,"p1":"V Monocle","p2":"LightOfAKnowing","p1team":[{"name":"Terrakion","species":"Terrakion","item":"choicescarf","ability":"Justified","moves":["earthquake","closecombat","stoneedge","poisonjab"],"nature":"Jolly","evs":{"hp":0,"atk":252,"def":0,"spa":0,"spd":4,"spe":252},"ivs":{"hp":31,"atk":31,"def":31,"spa":31,"spd":31,"spe":31}},{"name":"Archeops","species":"Archeops","item":"choicespecs","ability":"Defeatist","moves":["ancientpower","earthpower","dragonpulse","heatwave"],"nature":"Hasty","evs":{"hp":4,"atk":0,"def":0,"spa":252,"spd":0,"spe":252},"ivs":{"hp":31,"atk":31,"def":31,"spa":31,"spd":31,"spe":31}},{"name":"Carracosta","species":"Carracosta","item":"whiteherb","ability":"Sturdy","moves":["aquajet","shellsmash","knockoff","earthquake"],"nature":"Adamant","evs":{"hp":0,"atk":252,"def":0,"spa":0,"spd":4,"spe":252},"ivs":{"hp":31,"atk":31,"def":31,"spa":31,"spd":31,"spe":31}},{"name":"Cradily","species":"Cradily","item":"leftovers","ability":"Storm Drain","moves":["ancientpower","gigadrain","recover","toxic"],"nature":"Calm","evs":{"hp":252,"atk":0,"def":0,"spa":4,"spd":252,"spe":0},"ivs":{"hp":31,"atk":31,"def":31,"spa":31,"spd":31,"spe":31}},{"name":"Aggron","species":"Aggron","item":"aggronite","ability":"Sturdy","moves":["heavyslam","curse","rest","sleeptalk"],"nature":"Impish","evs":{"hp":248,"atk":8,"def":252,"spa":0,"spd":0,"spe":0},"ivs":{"hp":31,"atk":31,"def":31,"spa":31,"spd":31,"spe":31}},{"name":"Tyranitar","species":"Tyranitar","item":"focussash","ability":"Sand Stream","moves":["crunch","stealthrock","earthquake","superpower"],"nature":"Adamant","evs":{"hp":248,"atk":252,"def":0,"spa":0,"spd":8,"spe":0},"ivs":{"hp":31,"atk":31,"def":31,"spa":31,"spd":31,"spe":31}}],"p2team":[{"name":"Chesnaught","species":"Chesnaught","item":"leftovers","ability":"Bulletproof","moves":["spikyshield","leechseed","seedbomb","drainpunch"],"nature":"Impish","evs":{"hp":248,"atk":8,"def":252,"spa":0,"spd":0,"spe":0},"ivs":{"hp":31,"atk":31,"def":31,"spa":31,"spd":31,"spe":31}},{"name":"Ferrothorn","species":"Ferrothorn","item":"rockyhelmet","ability":"Iron Barbs","moves":["leechseed","powerwhip","ironhead","stealthrock"],"nature":"Impish","evs":{"hp":248,"atk":8,"def":252,"spa":0,"spd":0,"spe":0},"ivs":{"hp":31,"atk":31,"def":31,"spa":31,"spd":31,"spe":31}},{"name":"Roserade","species":"Roserade","item":"focussash","ability":"Technician","moves":["weatherball","sludgebomb","gigadrain","sleeppowder"],"nature":"Timid","evs":{"hp":248,"atk":0,"def":0,"spa":8,"spd":0,"spe":252},"ivs":{"hp":31,"atk":30,"def":30,"spa":31,"spd":31,"spe":31}},{"name":"Ludicolo","species":"Ludicolo","item":"damprock","ability":"Swift Swim","moves":["raindance","icebeam","scald","focusblast"],"nature":"Modest","evs":{"hp":0,"atk":0,"def":0,"spa":252,"spd":4,"spe":252},"ivs":{"hp":31,"atk":31,"def":31,"spa":31,"spd":31,"spe":31}},{"name":"Sceptile","species":"Sceptile","item":"sceptilite","ability":"Overgrow","moves":["dragonpulse","energyball","synthesis","hiddenpowerice"],"nature":"Timid","evs":{"hp":0,"atk":0,"def":0,"spa":252,"spd":4,"spe":252},"ivs":{"hp":31,"atk":30,"def":30,"spa":31,"spd":31,"spe":31}},{"name":"Rotom-Mow","species":"Rotom-Mow","item":"choicescarf","ability":"Levitate","moves":["thunderbolt","raindance","willowisp","leafstorm"],"nature":"Timid","evs":{"hp":0,"atk":0,"def":0,"spa":252,"spd":4,"spe":252},"ivs":{"hp":31,"atk":31,"def":31,"spa":31,"spd":31,"spe":31}}],"log":["|player|p1|V Monocle|vmonocle.png","|player|p2|LightOfAKnowing|lightofaknowing.gif","|gametype|singles","|gen|6","|tier|Monotype","|rated","|rule|Baton Pass Clause: Limit one Baton Passer, can't pass Spe and other stats simultaneously","|rule|Swagger Clause: Swagger is banned","|rule|Same Type Clause: Pokémon in a team must share a type","|clearpoke","|poke|p1|Terrakion","|poke|p1|Archeops, M","|poke|p1|Carracosta, F","|poke|p1|Cradily, M","|poke|p1|Aggron, F","|poke|p1|Tyranitar, M","|poke|p2|Chesnaught, F","|poke|p2|Ferrothorn, F","|poke|p2|Roserade, M","|poke|p2|Ludicolo, M","|poke|p2|Sceptile, F","|poke|p2|Rotom-Mow","|rule|Sleep Clause Mod: Limit one foe put to sleep","|rule|Species Clause: Limit one of each Pokémon","|rule|OHKO Clause: OHKO moves are banned","|rule|Moody Clause: Moody is banned","|rule|Evasion Moves Clause: Evasion moves are banned","|rule|Endless Battle Clause: Forcing endless battles is banned","|rule|HP Percentage Mod: HP is shown in percentages","|teampreview","|","|start","|switch|p1a: Tyranitar|Tyranitar, M|403/403","|switch|p2a: Ludicolo|Ludicolo, M|301/301","|-weather|Sandstorm","|turn|1","|","|move|p2a: Ludicolo|Rain Dance|p2a: Ludicolo","|-weather|RainDance","|move|p1a: Tyranitar|Stealth Rock|p2a: Ludicolo","|-sidestart|p2: LightOfAKnowing|move: Stealth Rock","|","|-weather|RainDance|[upkeep]","|turn|2","|","|switch|p1a: Cradily|Cradily, M|376/376","|move|p2a: Ludicolo|Scald|p1a: Cradily","|-boost|p1a: Cradily|spa|1|[from] ability: Storm Drain","|","|-weather|RainDance|[upkeep]","|turn|3","|","|move|p2a: Ludicolo|Focus Blast|p1a: Cradily","|-supereffective|p1a: Cradily","|-damage|p1a: Cradily|216/376","|move|p1a: Cradily|Toxic|p2a: Ludicolo","|-status|p2a: Ludicolo|tox","|","|-weather|RainDance|[upkeep]","|-heal|p1a: Cradily|239/376|[from] item: Leftovers","|-damage|p2a: Ludicolo|283/301 tox|[from] psn","|turn|4","|","|switch|p2a: Ferrothorn|Ferrothorn, F|351/351","|-damage|p2a: Ferrothorn|330/351|[from] Stealth Rock","|move|p1a: Cradily|Recover|p1a: Cradily","|-heal|p1a: Cradily|376/376","|","|-weather|RainDance|[upkeep]","|turn|5","|","|move|p1a: Cradily|Giga Drain|p2a: Ferrothorn","|-resisted|p2a: Ferrothorn","|-damage|p2a: Ferrothorn|304/351","|move|p2a: Ferrothorn|Stealth Rock|p1a: Cradily","|-sidestart|p1: V Monocle|move: Stealth Rock","|","|-weather|RainDance|[upkeep]","|turn|6","|","|switch|p1a: Tyranitar|Tyranitar, M|403/403","|-damage|p1a: Tyranitar|353/403|[from] Stealth Rock","|-weather|Sandstorm","|move|p2a: Ferrothorn|Iron Head|p1a: Tyranitar","|-supereffective|p1a: Tyranitar","|-damage|p1a: Tyranitar|201/403","|","|-weather|Sandstorm|[upkeep]","|turn|7","|","|move|p1a: Tyranitar|Superpower|p2a: Ferrothorn","|-supereffective|p2a: Ferrothorn","|-damage|p2a: Ferrothorn|108/351","|-damage|p1a: Tyranitar|151/403|[from] ability: Iron Barbs|[of] p2a: Ferrothorn","|-damage|p1a: Tyranitar|84/403|[from] item: Rocky Helmet|[of] p2a: Ferrothorn","|-unboost|p1a: Tyranitar|atk|1","|-unboost|p1a: Tyranitar|def|1","|move|p2a: Ferrothorn|Iron Head|p1a: Tyranitar","|-supereffective|p1a: Tyranitar","|-damage|p1a: Tyranitar|0 fnt","|faint|p1a: Tyranitar","|","|-weather|Sandstorm|[upkeep]","|","|switch|p1a: Archeops|Archeops, M|292/292","|-damage|p1a: Archeops|219/292|[from] Stealth Rock","|turn|8","|","|move|p1a: Archeops|Heat Wave|p2a: Ferrothorn","|-supereffective|p2a: Ferrothorn","|-damage|p2a: Ferrothorn|0 fnt","|faint|p2a: Ferrothorn","|","|-weather|Sandstorm|[upkeep]","|","|switch|p2a: Rotom-Mow|Rotom-Mow|241/241","|-damage|p2a: Rotom-Mow|211/241|[from] Stealth Rock","|turn|9","|","|move|p2a: Rotom-Mow|Thunderbolt|p1a: Archeops","|-supereffective|p1a: Archeops","|-damage|p1a: Archeops|0 fnt","|faint|p1a: Archeops","|","|-weather|Sandstorm|[upkeep]","|-damage|p2a: Rotom-Mow|196/241|[from] sandstorm","|","|switch|p1a: Terrakion|Terrakion|323/323","|-damage|p1a: Terrakion|303/323|[from] Stealth Rock","|turn|10","|","|switch|p2a: Sceptile|Sceptile, F|281/281","|-damage|p2a: Sceptile|246/281|[from] Stealth Rock","|move|p1a: Terrakion|Poison Jab|p2a: Sceptile","|-supereffective|p2a: Sceptile","|-damage|p2a: Sceptile|0 fnt","|faint|p2a: Sceptile","|","|-weather|none","|","|switch|p2a: Chesnaught|Chesnaught, F|379/379","|-damage|p2a: Chesnaught|356/379|[from] Stealth Rock","|turn|11","|","|switch|p1a: Carracosta|Carracosta, F|289/289","|-damage|p1a: Carracosta|253/289|[from] Stealth Rock","|move|p2a: Chesnaught|Spiky Shield|p2a: Chesnaught","|-fail|p2a: Chesnaught","|","|-heal|p2a: Chesnaught|379/379|[from] item: Leftovers","|turn|12","|","|move|p2a: Chesnaught|Seed Bomb|p1a: Carracosta","|-supereffective|p1a: Carracosta","|-damage|p1a: Carracosta|0 fnt","|faint|p1a: Carracosta","|","|","|switch|p1a: Aggron|Aggron, F|343/343","|-damage|p1a: Aggron|322/343|[from] Stealth Rock","|turn|13","|","|detailschange|p1a: Aggron|Aggron-Mega, F","|-mega|p1a: Aggron|Aggron|Aggronite","|move|p2a: Chesnaught|Leech Seed|p1a: Aggron","|-start|p1a: Aggron|move: Leech Seed","|move|p1a: Aggron|Curse|p1a: Aggron","|-unboost|p1a: Aggron|spe|1","|-boost|p1a: Aggron|atk|1","|-boost|p1a: Aggron|def|1","|","|-damage|p1a: Aggron|280/343|[from] Leech Seed|[of] p2a: Chesnaught","|turn|14","|","|switch|p2a: Ludicolo|Ludicolo, M|283/301 tox","|-damage|p2a: Ludicolo|246/301 tox|[from] Stealth Rock","|move|p1a: Aggron|Heavy Slam|p2a: Ludicolo","|-resisted|p2a: Ludicolo","|-damage|p2a: Ludicolo|67/301 tox","|","|-damage|p1a: Aggron|238/343|[from] Leech Seed|[of] p2a: Ludicolo","|-heal|p2a: Ludicolo|109/301 tox|[silent]","|-damage|p2a: Ludicolo|91/301 tox|[from] psn","|turn|15","|","|move|p2a: Ludicolo|Rain Dance|p2a: Ludicolo","|-weather|RainDance","|move|p1a: Aggron|Curse|p1a: Aggron","|-unboost|p1a: Aggron|spe|1","|-boost|p1a: Aggron|atk|1","|-boost|p1a: Aggron|def|1","|","|-weather|RainDance|[upkeep]","|-damage|p1a: Aggron|196/343|[from] Leech Seed|[of] p2a: Ludicolo","|-heal|p2a: Ludicolo|133/301 tox|[silent]","|-damage|p2a: Ludicolo|97/301 tox|[from] psn","|turn|16","|","|move|p2a: Ludicolo|Scald|p1a: Aggron","|-damage|p1a: Aggron|0 fnt","|faint|p1a: Aggron","|","|-weather|RainDance|[upkeep]","|-damage|p2a: Ludicolo|43/301 tox|[from] psn","|","|switch|p1a: Terrakion|Terrakion|303/323","|-damage|p1a: Terrakion|283/323|[from] Stealth Rock","|turn|17","|","|switch|p1a: Cradily|Cradily, M|376/376","|-damage|p1a: Cradily|329/376|[from] Stealth Rock","|move|p2a: Ludicolo|Focus Blast|p1a: Cradily","|-supereffective|p1a: Cradily","|-damage|p1a: Cradily|161/376","|","|-weather|RainDance|[upkeep]","|-heal|p1a: Cradily|184/376|[from] item: Leftovers","|-damage|p2a: Ludicolo|0 fnt|[from] psn","|faint|p2a: Ludicolo","|","|switch|p2a: Chesnaught|Chesnaught, F|379/379","|-damage|p2a: Chesnaught|356/379|[from] Stealth Rock","|turn|18","|","|move|p2a: Chesnaught|Drain Punch|p1a: Cradily","|-supereffective|p1a: Cradily","|-damage|p1a: Cradily|2/376","|-heal|p2a: Chesnaught|379/379|[from] drain|[of] p1a: Cradily","|move|p1a: Cradily|Toxic|p2a: Chesnaught","|-status|p2a: Chesnaught|tox","|","|-weather|RainDance|[upkeep]","|-heal|p1a: Cradily|25/376|[from] item: Leftovers","|-damage|p2a: Chesnaught|356/379 tox|[from] psn","|turn|19","|","|move|p2a: Chesnaught|Drain Punch|p1a: Cradily","|-supereffective|p1a: Cradily","|-damage|p1a: Cradily|0 fnt","|-heal|p2a: Chesnaught|369/379 tox|[from] drain|[of] p1a: Cradily","|faint|p1a: Cradily","|","|-weather|RainDance|[upkeep]","|-heal|p2a: Chesnaught|379/379 tox|[from] item: Leftovers","|-damage|p2a: Chesnaught|333/379 tox|[from] psn","|","|switch|p1a: Terrakion|Terrakion|283/323","|-damage|p1a: Terrakion|263/323|[from] Stealth Rock","|turn|20","|","|move|p1a: Terrakion|Poison Jab|p2a: Chesnaught","|-supereffective|p2a: Chesnaught","|-damage|p2a: Chesnaught|217/379 tox","|move|p2a: Chesnaught|Drain Punch|p1a: Terrakion","|-supereffective|p1a: Terrakion","|-damage|p1a: Terrakion|51/323","|-heal|p2a: Chesnaught|323/379 tox|[from] drain|[of] p1a: Terrakion","|","|-weather|RainDance|[upkeep]","|-heal|p2a: Chesnaught|346/379 tox|[from] item: Leftovers","|-damage|p2a: Chesnaught|277/379 tox|[from] psn","|turn|21","|","|move|p1a: Terrakion|Poison Jab|p2a: Chesnaught","|-supereffective|p2a: Chesnaught","|-damage|p2a: Chesnaught|159/379 tox","|move|p2a: Chesnaught|Drain Punch|p1a: Terrakion","|-supereffective|p1a: Terrakion","|-damage|p1a: Terrakion|0 fnt","|-heal|p2a: Chesnaught|185/379 tox|[from] drain|[of] p1a: Terrakion","|faint|p1a: Terrakion","|","|win|LightOfAKnowing"],"p1rating":{"entryid":"7320079","serverid":"eos","formatid":"monotype","userid":"vmonocle","username":"V Monocle","w":"7","l":14,"t":"0","gxe":37.6,"r":"1433.2039997822","rd":"72.246670611234","sigma":"0","rptime":"1438678800","rpr":1403.1754145868,"rprd":69.5026907482,"rpsigma":"0","acre":1056.7305702225,"lacre":1056.7305702225,"oldacre":"1074.4075673529"},"p2rating":{"entryid":"6481865","serverid":"eos","formatid":"monotype","userid":"lightofaknowing","username":"Light-Of-A-Knowing","w":112,"l":"145","t":"0","gxe":42.6,"r":"1444.273637527","rd":"30.915964434767","sigma":"0","rptime":"1438678800","rpr":1443.5163120915,"rprd":30.696998451587,"rpsigma":"0","acre":1153.0214253347,"lacre":1153.0214253347,"oldacre":"1132.137624626"},"endType":"normal"}