{"seed":[64952,26319,42029,52407],"turns":24,"p1":"SWL Neßki","p2":"JusAnAlt","p1team":[{"name":"Dragonite","species":"Dragonite","item":"choiceband","ability":"Multiscale","moves":["extremespeed","outrage","superpower","earthquake"],"nature":"Adamant","evs":{"hp":4,"atk":252,"def":0,"spa":0,"spd":0,"spe":252},"ivs":{"hp":31,"atk":31,"def":31,"spa":31,"spd":31,"spe":31}},{"name":"Mandibuzz","species":"Mandibuzz","item":"rockyhelmet","ability":"Overcoat","moves":["taunt","foulplay","defog","roost"],"nature":"Bold","evs":{"hp":248,"atk":0,"def":252,"spa":0,"spd":0,"spe":8},"ivs":{"hp":31,"atk":31,"def":31,"spa":31,"spd":31,"spe":31}},{"name":"Thundurus-Therian","species":"Thundurus-Therian","item":"assaultvest","ability":"Volt Absorb","moves":["voltswitch","discharge","knockoff","hiddenpowerice"],"nature":"Timid","evs":{"hp":0,"atk":0,"def":0,"spa":252,"spd":4,"spe":252},"ivs":{"hp":31,"atk":2,"def":30,"spa":31,"spd":31,"spe":31}},{"name":"All Falls Down","species":"charizard","item":"charizarditey","ability":"Blaze","moves":["flamethrower","solarbeam","earthquake","overheat"],"nature":"Modest","evs":{"hp":4,"atk":0,"def":0,"spa":252,"spd":0,"spe":252},"ivs":{"hp":31,"atk":31,"def":31,"spa":31,"spd":31,"spe":31}},{"name":"Landorus-Therian","species":"Landorus-Therian","item":"choicescarf","ability":"Intimidate","moves":["uturn","rockslide","earthquake","outrage"],"nature":"Adamant","evs":{"hp":0,"atk":252,"def":0,"spa":0,"spd":0,"spe":252},"ivs":{"hp":31,"atk":31,"def":31,"spa":31,"spd":31,"spe":31}},{"name":"Archeops","species":"Archeops","item":"focussash","ability":"Defeatist","moves":["taunt","stealthrock","defog","endeavor"],"nature":"Naive","evs":{"hp":0,"atk":252,"def":0,"spa":0,"spd":0,"spe":252},"ivs":{"hp":0,"atk":31,"def":0,"spa":0,"spd":0,"spe":31}}],"p2team":[{"name":"Sylveon","species":"Sylveon","item":"choicespecs","ability":"Pixilate","moves":["hiddenpowerfire","hypervoice","psyshock","shadowball"],"nature":"Modest","evs":{"hp":248,"atk":0,"def":0,"spa":252,"spd":8,"spe":0},"gender":"F","ivs":{"hp":31,"atk":30,"def":31,"spa":30,"spd":31,"spe":30},"shiny":true},{"name":"Gardevoir","species":"Gardevoir","item":"gardevoirite","ability":"Trace","moves":["energyball","hiddenpowerground","hypervoice","psyshock"],"nature":"Timid","evs":{"hp":0,"atk":0,"def":4,"spa":252,"spd":0,"spe":252},"gender":"F","ivs":{"hp":31,"atk":31,"def":31,"spa":30,"spd":30,"spe":31},"shiny":true},{"name":"Azumarill","species":"Azumarill","item":"choiceband","ability":"Huge Power","moves":["aquajet","brickbreak","playrough","waterfall"],"nature":"Adamant","evs":{"hp":248,"atk":252,"def":0,"spa":0,"spd":8,"spe":0},"gender":"F","shiny":true,"ivs":{"hp":31,"atk":31,"def":31,"spa":31,"spd":31,"spe":31}},{"name":"Klefki","species":"Klefki","item":"lightclay","ability":"Prankster","moves":["foulplay","lightscreen","reflect","thunderwave"],"nature":"Bold","evs":{"hp":248,"atk":0,"def":252,"spa":0,"spd":8,"spe":0},"gender":"F","ivs":{"hp":31,"atk":0,"def":31,"spa":31,"spd":31,"spe":31},"shiny":true},{"name":"Togekiss","species":"Togekiss","item":"choicescarf","ability":"Serene Grace","moves":["airslash","aurasphere","dazzlinggleam","flamethrower"],"nature":"Timid","evs":{"hp":0,"atk":0,"def":0,"spa":252,"spd":4,"spe":252},"gender":"F","ivs":{"hp":31,"atk":0,"def":31,"spa":31,"spd":31,"spe":31},"shiny":true},{"name":"Granbull","species":"Granbull","item":"leftovers","ability":"Intimidate","moves":["earthquake","firepunch","playrough","thunderwave"],"nature":"Impish","evs":{"hp":248,"atk":8,"def":252,"spa":0,"spd":0,"spe":0},"gender":"F","shiny":true,"ivs":{"hp":31,"atk":31,"def":31,"spa":31,"spd":31,"spe":31}}],"log":["|player|p1|SWL Neßki|swlneki.png","|player|p2|JusAnAlt|99","|gametype|singles","|gen|6","|tier|Monotype","|rated","|rule|Baton Pass Clause: Limit one Baton Passer, can't pass Spe and other stats simultaneously","|rule|Swagger Clause: Swagger is banned","|rule|Same Type Clause: Pokémon in a team must share a type","|clearpoke","|poke|p1|Dragonite, F","|poke|p1|Mandibuzz, F","|poke|p1|Thundurus-Therian, M","|poke|p1|Charizard, F","|poke|p1|Landorus-Therian, M","|poke|p1|Archeops, M","|poke|p2|Sylveon, F, shiny","|poke|p2|Gardevoir, F, shiny","|poke|p2|Azumarill, F, shiny","|poke|p2|Klefki, F, shiny","|poke|p2|Togekiss, F, shiny","|poke|p2|Granbull, F, shiny","|rule|Sleep Clause Mod: Limit one foe put to sleep","|rule|Species Clause: Limit one of each Pokémon","|rule|OHKO Clause: OHKO moves are banned","|rule|Moody Clause: Moody is banned","|rule|Evasion Moves Clause: Evasion moves are banned","|rule|Endless Battle Clause: Forcing endless battles is banned","|rule|HP Percentage Mod: HP is shown in percentages","|teampreview","|","|start","|switch|p1a: Thundurus-Therian|Thundurus-Therian, M|299/299","|switch|p2a: Granbull|Granbull, F, shiny|383/383","|-ability|p2a: Granbull|Intimidate","|-unboost|p1a: Thundurus-Therian|atk|1","|turn|1","|","|switch|p2a: Klefki|Klefki, F, shiny|317/317","|move|p1a: Thundurus-Therian|Volt Switch|p2a: Klefki","|-damage|p2a: Klefki|167/317","|","|switch|p1a: Landorus-Therian|Landorus-Therian, M|319/319","|-ability|p1a: Landorus-Therian|Intimidate","|-unboost|p2a: Klefki|atk|1","|","|turn|2","|","|switch|p2a: Togekiss|Togekiss, F, shiny|311/311","|move|p1a: Landorus-Therian|Earthquake|p2a: Togekiss","|-immune|p2a: Togekiss|[msg]","|","|turn|3","|","|switch|p1a: Thundurus-Therian|Thundurus-Therian, M|299/299","|move|p2a: Togekiss|Dazzling Gleam|p1a: Thundurus-Therian","|-damage|p1a: Thundurus-Therian|191/299","|","|turn|4","|","|switch|p2a: Klefki|Klefki, F, shiny|167/317","|move|p1a: Thundurus-Therian|Knock Off|p2a: Klefki","|-resisted|p2a: Klefki","|-damage|p2a: Klefki|144/317","|-enditem|p2a: Klefki|Light Clay|[from] move: Knock Off|[of] p1a: Thundurus-Therian","|","|turn|5","|","|move|p2a: Klefki|Reflect|p2a: Klefki","|-sidestart|p2: JusAnAlt|Reflect","|move|p1a: Thundurus-Therian|Discharge|p2a: Klefki","|-damage|p2a: Klefki|0 fnt","|faint|p2a: Klefki","|","|","|switch|p2a: Sylveon|Sylveon, F, shiny|393/393","|turn|6","|","|switch|p1a: Archeops|Archeops, M|260/260","|move|p2a: Sylveon|Hyper Voice|p1a: Archeops","|-enditem|p1a: Archeops|Focus Sash","|-damage|p1a: Archeops|1/260","|","|turn|7","|","|switch|p2a: Togekiss|Togekiss, F, shiny|311/311","|move|p1a: Archeops|Endeavor|p2a: Togekiss","|-damage|p2a: Togekiss|1/311","|","|turn|8","|","|switch|p1a: Landorus-Therian|Landorus-Therian, M|319/319","|-ability|p1a: Landorus-Therian|Intimidate","|-unboost|p2a: Togekiss|atk|1","|move|p2a: Togekiss|Air Slash|p1a: Landorus-Therian","|-damage|p1a: Landorus-Therian|159/319","|","|turn|9","|","|switch|p2a: Azumarill|Azumarill, F, shiny|403/403","|move|p1a: Landorus-Therian|U-turn|p2a: Azumarill","|-resisted|p2a: Azumarill","|-damage|p2a: Azumarill|374/403","|","|switch|p1a: All Falls Down|Charizard, F|298/298","|","|-sideend|p2: JusAnAlt|Reflect","|turn|10","|","|switch|p2a: Togekiss|Togekiss, F, shiny|1/311","|detailschange|p1a: All Falls Down|Charizard-Mega-Y, F","|-mega|p1a: All Falls Down|Charizard|Charizardite Y","|-weather|SunnyDay","|move|p1a: All Falls Down|Solar Beam|p2a: Togekiss|[still]","|-prepare|p1a: All Falls Down|Solar Beam|p2a: Togekiss","|-anim|p1a: All Falls Down|Solar Beam|p2a: Togekiss","|-resisted|p2a: Togekiss","|-damage|p2a: Togekiss|0 fnt","|faint|p2a: Togekiss","|","|-weather|SunnyDay|[upkeep]","|","|switch|p2a: Sylveon|Sylveon, F, shiny|393/393","|turn|11","|","|move|p1a: All Falls Down|Flamethrower|p2a: Sylveon","|-damage|p2a: Sylveon|159/393","|-status|p2a: Sylveon|brn","|move|p2a: Sylveon|Psyshock|p1a: All Falls Down","|-damage|p1a: All Falls Down|119/298","|","|-weather|SunnyDay|[upkeep]","|-damage|p2a: Sylveon|110/393 brn|[from] brn","|turn|12","|","|move|p1a: All Falls Down|Flamethrower|p2a: Sylveon","|-damage|p2a: Sylveon|0 fnt","|faint|p2a: Sylveon","|","|-weather|SunnyDay|[upkeep]","|","|switch|p2a: Azumarill|Azumarill, F, shiny|374/403","|turn|13","|","|switch|p1a: Mandibuzz|Mandibuzz, F|423/423","|move|p2a: Azumarill|Aqua Jet|p1a: Mandibuzz","|-damage|p1a: Mandibuzz|381/423","|-damage|p2a: Azumarill|307/403|[from] item: Rocky Helmet|[of] p1a: Mandibuzz","|","|-weather|SunnyDay|[upkeep]","|turn|14","|","|switch|p1a: Archeops|Archeops, M|1/260","|switch|p2a: Gardevoir|Gardevoir, F, shiny|277/277","|-ability|p2a: Gardevoir|Defeatist|[from] ability: Trace|[of] p1a: Archeops","|","|-weather|none","|turn|15","|","|switch|p2a: Azumarill|Azumarill, F, shiny|307/403","|move|p1a: Archeops|Endeavor|p2a: Azumarill","|-damage|p2a: Azumarill|1/403","|","|turn|16","|","|switch|p1a: Mandibuzz|Mandibuzz, F|381/423","|move|p2a: Azumarill|Play Rough|p1a: Mandibuzz","|-supereffective|p1a: Mandibuzz","|-damage|p1a: Mandibuzz|0 fnt","|-damage|p2a: Azumarill|0 fnt|[from] item: Rocky Helmet|[of] p1a: Mandibuzz","|faint|p2a: Azumarill","|faint|p1a: Mandibuzz","|","|","|switch|p1a: All Falls Down|Charizard-Mega-Y, F|119/298","|switch|p2a: Gardevoir|Gardevoir, F, shiny|277/277","|-weather|SunnyDay","|-ability|p2a: Gardevoir|Drought|[from] ability: Trace|[of] p1a: All Falls Down","|turn|17","|","|detailschange|p2a: Gardevoir|Gardevoir-Mega, F, shiny","|-mega|p2a: Gardevoir|Gardevoir|Gardevoirite","|move|p1a: All Falls Down|Overheat|p2a: Gardevoir|[miss]","|-miss|p1a: All Falls Down|p2a: Gardevoir","|move|p2a: Gardevoir|Psyshock|p1a: All Falls Down","|-damage|p1a: All Falls Down|0 fnt","|faint|p1a: All Falls Down","|","|-weather|SunnyDay|[upkeep]","|","|switch|p1a: Landorus-Therian|Landorus-Therian, M|159/319","|-ability|p1a: Landorus-Therian|Intimidate","|-unboost|p2a: Gardevoir|atk|1","|turn|18","|","|switch|p2a: Granbull|Granbull, F, shiny|383/383","|-ability|p2a: Granbull|Intimidate","|-unboost|p1a: Landorus-Therian|atk|1","|move|p1a: Landorus-Therian|Earthquake|p2a: Granbull","|-damage|p2a: Granbull|259/383","|","|-weather|SunnyDay|[upkeep]","|-heal|p2a: Granbull|282/383|[from] item: Leftovers","|turn|19","|","|switch|p1a: Thundurus-Therian|Thundurus-Therian, M|191/299","|move|p2a: Granbull|Fire Punch|p1a: Thundurus-Therian","|-damage|p1a: Thundurus-Therian|62/299","|","|-weather|SunnyDay|[upkeep]","|-heal|p2a: Granbull|305/383|[from] item: Leftovers","|turn|20","|","|switch|p2a: Gardevoir|Gardevoir-Mega, F, shiny|277/277","|move|p1a: Thundurus-Therian|Discharge|p2a: Gardevoir","|-damage|p2a: Gardevoir|157/277","|","|-weather|SunnyDay|[upkeep]","|turn|21","|","|move|p1a: Thundurus-Therian|Discharge|p2a: Gardevoir","|-damage|p2a: Gardevoir|45/277","|-status|p2a: Gardevoir|par","|cant|p2a: Gardevoir|par","|","|-weather|none","|turn|22","|","|move|p1a: Thundurus-Therian|Discharge|p2a: Gardevoir","|-damage|p2a: Gardevoir|0 fnt","|faint|p2a: Gardevoir","|","|","|switch|p2a: Granbull|Granbull, F, shiny|305/383","|-ability|p2a: Granbull|Intimidate","|-unboost|p1a: Thundurus-Therian|atk|1","|turn|23","|","|move|p1a: Thundurus-Therian|Discharge|p2a: Granbull","|-damage|p2a: Granbull|70/383","|move|p2a: Granbull|Play Rough|p1a: Thundurus-Therian","|-damage|p1a: Thundurus-Therian|0 fnt","|faint|p1a: Thundurus-Therian","|","|-heal|p2a: Granbull|93/383|[from] item: Leftovers","|","|switch|p1a: Landorus-Therian|Landorus-Therian, M|159/319","|-ability|p1a: Landorus-Therian|Intimidate","|-unboost|p2a: Granbull|atk|1","|turn|24","|","|move|p1a: Landorus-Therian|Earthquake|p2a: Granbull","|-damage|p2a: Granbull|0 fnt","|faint|p2a: Granbull","|","|win|SWL Neßki"],"p1rating":{"entryid":"6746789","serverid":"eos","formatid":"monotype","userid":"swlneki","username":"SWL Neßki","w":25,"l":"12","t":"0","gxe":67.7,"r":"1655.5784159023","rd":"62.349765214186","sigma":"0","rptime":"1438678800","rpr":1640.8824354034,"rprd":57.897675765331,"rpsigma":"0","acre":1336.09275066,"lacre":1336.09275066,"oldacre":"1315.6317992932"},"p2rating":{"entryid":"6680044","serverid":"eos","formatid":"monotype","userid":"jusanalt","username":"JusAnAlt","w":"36","l":14,"t":"0","gxe":67.6,"r":"1647.5512537907","rd":"62.015178179722","sigma":"0","rptime":"1438678800","rpr":1639.6842494657,"rprd":54.998985904189,"rpsigma":"0","acre":1303.1798116226,"lacre":1303.1798116226,"oldacre":"1323.6407629894"},"endType":"normal"}