{"seed":[56735,22100,16287,19537],"turns":37,"p1":"DownSyndromeDMOC","p2":"Orchestromic","p1team":[{"name":"Kiwi","species":"gardevoir","item":"gardevoirite","ability":"Trace","moves":["hypervoice","psyshock","focusblast","calmmind"],"nature":"Timid","evs":{"hp":0,"atk":4,"def":0,"spa":252,"spd":0,"spe":252},"shiny":true,"ivs":{"hp":31,"atk":31,"def":31,"spa":31,"spd":31,"spe":31}},{"name":"Victini","species":"Victini","item":"choicescarf","ability":"Victory Star","moves":["vcreate","uturn","boltstrike","trick"],"nature":"Jolly","evs":{"hp":0,"atk":252,"def":0,"spa":0,"spd":4,"spe":252},"ivs":{"hp":31,"atk":31,"def":31,"spa":31,"spd":31,"spe":31}},{"name":"Soul Train","species":"latias","item":"lifeorb","ability":"Levitate","moves":["dracometeor","psyshock","defog","healingwish"],"nature":"Timid","evs":{"hp":0,"atk":0,"def":0,"spa":252,"spd":4,"spe":252},"ivs":{"hp":31,"atk":31,"def":31,"spa":31,"spd":31,"spe":31}},{"name":"First Class","species":"metagross","item":"assaultvest","ability":"Clear Body","moves":["meteormash","bulletpunch","zenheadbutt","earthquake"],"nature":"Adamant","evs":{"hp":248,"atk":252,"def":0,"spa":0,"spd":8,"spe":0},"shiny":true,"ivs":{"hp":31,"atk":31,"def":31,"spa":31,"spd":31,"spe":31}},{"name":"BigPapaLongDong","species":"slowbro","item":"rockyhelmet","ability":"Regenerator","moves":["scald","thunderwave","icebeam","slackoff"],"nature":"Bold","evs":{"hp":248,"atk":0,"def":252,"spa":8,"spd":0,"spe":0},"ivs":{"hp":31,"atk":31,"def":31,"spa":31,"spd":31,"spe":31}},{"name":"McBiggleDiggles","species":"meloetta","item":"choicespecs","ability":"Serene Grace","moves":["shadowball","hypervoice","dazzlinggleam","psyshock"],"nature":"Modest","evs":{"hp":248,"atk":0,"def":0,"spa":252,"spd":8,"spe":0},"ivs":{"hp":31,"atk":31,"def":31,"spa":31,"spd":31,"spe":31}}],"p2team":[{"name":"Hippowdon","species":"Hippowdon","item":"leftovers","ability":"Sand Stream","moves":["slackoff","earthquake","stealthrock","roar"],"nature":"Adamant","evs":{"hp":188,"atk":72,"def":184,"spa":0,"spd":64,"spe":0},"gender":"M","shiny":true,"ivs":{"hp":31,"atk":31,"def":31,"spa":31,"spd":31,"spe":31}},{"name":"Excadrill","species":"Excadrill","item":"lifeorb","ability":"Sand Rush","moves":["earthquake","shadowclaw","ironhead","rockslide"],"nature":"Jolly","evs":{"hp":4,"atk":252,"def":0,"spa":0,"spd":0,"spe":252},"gender":"M","shiny":true,"ivs":{"hp":31,"atk":31,"def":31,"spa":31,"spd":31,"spe":31}},{"name":"Landorus","species":"Landorus","item":"lifeorb","ability":"Sheer Force","moves":["psychic","earthpower","sludgewave","grassknot"],"nature":"Timid","evs":{"hp":4,"atk":0,"def":0,"spa":252,"spd":0,"spe":252},"shiny":true,"ivs":{"hp":31,"atk":31,"def":31,"spa":31,"spd":31,"spe":31}},{"name":"Garchomp","species":"Garchomp","item":"garchompite","ability":"Rough Skin","moves":["firefang","earthquake","outrage","ironhead"],"nature":"Jolly","evs":{"hp":4,"atk":252,"def":0,"spa":0,"spd":0,"spe":252},"gender":"M","shiny":true,"ivs":{"hp":31,"atk":31,"def":31,"spa":31,"spd":31,"spe":31}},{"name":"Torterra","species":"Torterra","item":"leftovers","ability":"Shell Armor","moves":["stockpile","leechseed","protect","earthquake"],"nature":"Careful","evs":{"hp":252,"atk":0,"def":252,"spa":0,"spd":4,"spe":0},"gender":"M","shiny":true,"ivs":{"hp":31,"atk":31,"def":31,"spa":31,"spd":31,"spe":31}},{"name":"Gliscor","species":"Gliscor","item":"toxicorb","ability":"Poison Heal","moves":["aerialace","toxic","protect","roost"],"nature":"Adamant","evs":{"hp":252,"atk":0,"def":252,"spa":0,"spd":4,"spe":0},"gender":"M","shiny":true,"ivs":{"hp":31,"atk":31,"def":31,"spa":31,"spd":31,"spe":31}}],"log":["|player|p1|DownSyndromeDMOC|1","|player|p2|Orchestromic|orchestromic.png","|gametype|singles","|gen|6","|tier|Monotype","|rated","|rule|Baton Pass Clause: Limit one Baton Passer, can't pass Spe and other stats simultaneously","|rule|Swagger Clause: Swagger is banned","|rule|Same Type Clause: Pokémon in a team must share a type","|clearpoke","|poke|p1|Gardevoir, M, shiny","|poke|p1|Victini","|poke|p1|Latias, F","|poke|p1|Metagross, shiny","|poke|p1|Slowbro, M","|poke|p1|Meloetta","|poke|p2|Hippowdon, M, shiny","|poke|p2|Excadrill, M, shiny","|poke|p2|Landorus, M, shiny","|poke|p2|Garchomp, M, shiny","|poke|p2|Torterra, M, shiny","|poke|p2|Gliscor, M, shiny","|rule|Sleep Clause Mod: Limit one foe put to sleep","|rule|Species Clause: Limit one of each Pokémon","|rule|OHKO Clause: OHKO moves are banned","|rule|Moody Clause: Moody is banned","|rule|Evasion Moves Clause: Evasion moves are banned","|rule|Endless Battle Clause: Forcing endless battles is banned","|rule|HP Percentage Mod: HP is shown in percentages","|teampreview","|","|start","|switch|p1a: Kiwi|Gardevoir, M, shiny|277/277","|switch|p2a: Landorus|Landorus, M, shiny|320/320","|-ability|p1a: Kiwi|Sheer Force|[from] ability: Trace|[of] p2a: Landorus","|turn|1","|","|switch|p1a: McBiggleDiggles|Meloetta|403/403","|move|p2a: Landorus|Sludge Wave|p1a: McBiggleDiggles","|-damage|p1a: McBiggleDiggles|255/403","|","|turn|2","|","|move|p2a: Landorus|Psychic|p1a: McBiggleDiggles","|-resisted|p1a: McBiggleDiggles","|-damage|p1a: McBiggleDiggles|190/403","|move|p1a: McBiggleDiggles|Hyper Voice|p2a: Landorus","|-damage|p2a: Landorus|1/320","|","|turn|3","|","|switch|p1a: Soul Train|Latias, F|301/301","|move|p2a: Landorus|Earth Power|p1a: Soul Train","|-immune|p1a: Soul Train|[msg]","|","|turn|4","|","|switch|p2a: Hippowdon|Hippowdon, M, shiny|404/404","|-weather|Sandstorm","|move|p1a: Soul Train|Psyshock|p2a: Hippowdon","|-damage|p2a: Hippowdon|286/404","|-damage|p1a: Soul Train|271/301|[from] item: Life Orb","|","|-weather|Sandstorm|[upkeep]","|-damage|p1a: Soul Train|253/301|[from] sandstorm","|-heal|p2a: Hippowdon|311/404|[from] item: Leftovers","|turn|5","|","|move|p1a: Soul Train|Draco Meteor|p2a: Hippowdon","|-damage|p2a: Hippowdon|6/404","|-unboost|p1a: Soul Train|spa|2","|-damage|p1a: Soul Train|223/301|[from] item: Life Orb","|move|p2a: Hippowdon|Stealth Rock|p1a: Soul Train","|-sidestart|p1: DownSyndromeDMOC|move: Stealth Rock","|","|-weather|Sandstorm|[upkeep]","|-damage|p1a: Soul Train|205/301|[from] sandstorm","|-heal|p2a: Hippowdon|31/404|[from] item: Leftovers","|turn|6","|","|move|p1a: Soul Train|Defog|p2a: Hippowdon","|-unboost|p2a: Hippowdon|evasion|1","|-sideend|p1: DownSyndromeDMOC|Stealth Rock|[from] move: Defog|[of] p1a: Soul Train","|move|p2a: Hippowdon|Slack Off|p2a: Hippowdon","|-heal|p2a: Hippowdon|233/404","|","|-weather|Sandstorm|[upkeep]","|-damage|p1a: Soul Train|187/301|[from] sandstorm","|-heal|p2a: Hippowdon|258/404|[from] item: Leftovers","|turn|7","|","|switch|p1a: McBiggleDiggles|Meloetta|190/403","|move|p2a: Hippowdon|Stealth Rock|p1a: McBiggleDiggles","|-sidestart|p1: DownSyndromeDMOC|move: Stealth Rock","|","|-weather|Sandstorm|[upkeep]","|-damage|p1a: McBiggleDiggles|165/403|[from] sandstorm","|-heal|p2a: Hippowdon|283/404|[from] item: Leftovers","|turn|8","|","|move|p1a: McBiggleDiggles|Hyper Voice|p2a: Hippowdon","|-damage|p2a: Hippowdon|0 fnt","|faint|p2a: Hippowdon","|","|-weather|none","|","|switch|p2a: Excadrill|Excadrill, M, shiny|362/362","|turn|9","|","|switch|p1a: BigPapaLongDong|Slowbro, M|393/393","|-damage|p1a: BigPapaLongDong|344/393|[from] Stealth Rock","|move|p2a: Excadrill|Earthquake|p1a: BigPapaLongDong","|-damage|p1a: BigPapaLongDong|169/393","|-damage|p2a: Excadrill|326/362|[from] item: Life Orb","|","|turn|10","|","|switch|p1a: McBiggleDiggles|Meloetta|165/403","|-damage|p1a: McBiggleDiggles|115/403|[from] Stealth Rock","|move|p2a: Excadrill|Shadow Claw|p1a: McBiggleDiggles","|-immune|p1a: McBiggleDiggles|[msg]","|","|turn|11","|","|move|p2a: Excadrill|Earthquake|p1a: McBiggleDiggles","|-damage|p1a: McBiggleDiggles|0 fnt","|-damage|p2a: Excadrill|290/362|[from] item: Life Orb","|faint|p1a: McBiggleDiggles","|","|","|switch|p1a: BigPapaLongDong|Slowbro, M|300/393","|-damage|p1a: BigPapaLongDong|251/393|[from] Stealth Rock","|turn|12","|","|move|p2a: Excadrill|Shadow Claw|p1a: BigPapaLongDong","|-supereffective|p1a: BigPapaLongDong","|-damage|p1a: BigPapaLongDong|103/393","|-damage|p2a: Excadrill|230/362|[from] item: Rocky Helmet|[of] p1a: BigPapaLongDong","|-damage|p2a: Excadrill|194/362|[from] item: Life Orb","|move|p1a: BigPapaLongDong|Scald|p2a: Excadrill","|-supereffective|p2a: Excadrill","|-damage|p2a: Excadrill|0 fnt","|faint|p2a: Excadrill","|","|","|switch|p2a: Garchomp|Garchomp, M, shiny|358/358","|turn|13","|","|switch|p1a: Soul Train|Latias, F|187/301","|-damage|p1a: Soul Train|150/301|[from] Stealth Rock","|detailschange|p2a: Garchomp|Garchomp-Mega, M, shiny","|-mega|p2a: Garchomp|Garchomp|Garchompite","|move|p2a: Garchomp|Earthquake|p1a: Soul Train","|-immune|p1a: Soul Train|[msg]","|","|turn|14","|","|switch|p2a: Torterra|Torterra, M, shiny|394/394","|move|p1a: Soul Train|Draco Meteor|p2a: Torterra|[miss]","|-miss|p1a: Soul Train|p2a: Torterra","|","|turn|15","|","|move|p1a: Soul Train|Defog|p2a: Torterra","|-unboost|p2a: Torterra|evasion|1","|-sideend|p1: DownSyndromeDMOC|Stealth Rock|[from] move: Defog|[of] p1a: Soul Train","|move|p2a: Torterra|Leech Seed|p1a: Soul Train","|-start|p1a: Soul Train|move: Leech Seed","|","|-damage|p1a: Soul Train|113/301|[from] Leech Seed|[of] p2a: Torterra","|turn|16","|","|switch|p1a: Victini|Victini|341/341","|move|p2a: Torterra|Stockpile|p2a: Torterra","|-start|p2a: Torterra|stockpile1","|-boost|p2a: Torterra|def|1","|-boost|p2a: Torterra|spd|1","|","|turn|17","|","|move|p1a: Victini|U-turn|p2a: Torterra","|-supereffective|p2a: Torterra","|-damage|p2a: Torterra|326/394","|","|switch|p1a: Soul Train|Latias, F|113/301","|move|p2a: Torterra|Leech Seed|p1a: Soul Train","|-start|p1a: Soul Train|move: Leech Seed","|","|-heal|p2a: Torterra|350/394|[from] item: Leftovers","|-damage|p1a: Soul Train|76/301|[from] Leech Seed|[of] p2a: Torterra","|-heal|p2a: Torterra|387/394|[silent]","|turn|18","|","|switch|p1a: Victini|Victini|341/341","|move|p2a: Torterra|Stockpile|p2a: Torterra","|-start|p2a: Torterra|stockpile2","|-boost|p2a: Torterra|def|1","|-boost|p2a: Torterra|spd|1","|","|-heal|p2a: Torterra|394/394|[from] item: Leftovers","|turn|19","|","|move|p2a: Torterra|Protect|p2a: Torterra","|-singleturn|p2a: Torterra|Protect","|move|p1a: Victini|Trick|p2a: Torterra","|-activate|p2a: Torterra|Protect","|","|turn|20","|","|switch|p1a: Soul Train|Latias, F|76/301","|move|p2a: Torterra|Earthquake|p1a: Soul Train","|-immune|p1a: Soul Train|[msg]","|","|turn|21","|","|switch|p1a: Victini|Victini|341/341","|move|p2a: Torterra|Stockpile|p2a: Torterra","|-start|p2a: Torterra|stockpile3","|-boost|p2a: Torterra|def|1","|-boost|p2a: Torterra|spd|1","|","|turn|22","|","|move|p2a: Torterra|Protect|p2a: Torterra","|-singleturn|p2a: Torterra|Protect","|move|p1a: Victini|V-create|p2a: Torterra","|-activate|p2a: Torterra|Protect","|","|turn|23","|","|move|p1a: Victini|V-create|p2a: Torterra","|-supereffective|p2a: Torterra","|-damage|p2a: Torterra|238/394","|-unboost|p1a: Victini|spe|1","|-unboost|p1a: Victini|def|1","|-unboost|p1a: Victini|spd|1","|move|p2a: Torterra|Leech Seed|p1a: Victini","|-start|p1a: Victini|move: Leech Seed","|","|-heal|p2a: Torterra|262/394|[from] item: Leftovers","|-damage|p1a: Victini|299/341|[from] Leech Seed|[of] p2a: Torterra","|-heal|p2a: Torterra|304/394|[silent]","|turn|24","|","|switch|p1a: BigPapaLongDong|Slowbro, M|234/393","|move|p2a: Torterra|Leech Seed|p1a: BigPapaLongDong","|-start|p1a: BigPapaLongDong|move: Leech Seed","|","|-heal|p2a: Torterra|328/394|[from] item: Leftovers","|-damage|p1a: BigPapaLongDong|185/393|[from] Leech Seed|[of] p2a: Torterra","|-heal|p2a: Torterra|377/394|[silent]","|turn|25","|","|move|p2a: Torterra|Earthquake|p1a: BigPapaLongDong","|-damage|p1a: BigPapaLongDong|94/393","|move|p1a: BigPapaLongDong|Slack Off|p1a: BigPapaLongDong","|-heal|p1a: BigPapaLongDong|291/393","|","|-heal|p2a: Torterra|394/394|[from] item: Leftovers","|-damage|p1a: BigPapaLongDong|242/393|[from] Leech Seed|[of] p2a: Torterra","|turn|26","|","|move|p2a: Torterra|Protect|p2a: Torterra","|-singleturn|p2a: Torterra|Protect","|move|p1a: BigPapaLongDong|Ice Beam|p2a: Torterra","|-activate|p2a: Torterra|Protect","|","|-damage|p1a: BigPapaLongDong|193/393|[from] Leech Seed|[of] p2a: Torterra","|turn|27","|","|switch|p2a: Gliscor|Gliscor, M, shiny|354/354","|move|p1a: BigPapaLongDong|Slack Off|p1a: BigPapaLongDong","|-heal|p1a: BigPapaLongDong|390/393","|","|-damage|p1a: BigPapaLongDong|341/393|[from] Leech Seed|[of] p2a: Gliscor","|-status|p2a: Gliscor|tox|[from] item: Toxic Orb","|turn|28","|","|move|p2a: Gliscor|Toxic|p1a: BigPapaLongDong","|-status|p1a: BigPapaLongDong|tox","|move|p1a: BigPapaLongDong|Ice Beam|p2a: Gliscor","|-supereffective|p2a: Gliscor","|-damage|p2a: Gliscor|6/354 tox","|","|-damage|p1a: BigPapaLongDong|292/393 tox|[from] Leech Seed|[of] p2a: Gliscor","|-heal|p2a: Gliscor|55/354 tox|[silent]","|-heal|p2a: Gliscor|99/354 tox|[from] ability: Poison Heal","|-damage|p1a: BigPapaLongDong|268/393 tox|[from] psn","|turn|29","|","|switch|p1a: Kiwi|Gardevoir, M, shiny|277/277","|-ability|p1a: Kiwi|Poison Heal|[from] ability: Trace|[of] p2a: Gliscor","|move|p2a: Gliscor|Protect|p2a: Gliscor","|-fail|p2a: Gliscor","|","|-heal|p2a: Gliscor|143/354 tox|[from] ability: Poison Heal","|turn|30","|","|detailschange|p1a: Kiwi|Gardevoir-Mega, M, shiny","|-mega|p1a: Kiwi|Gardevoir|Gardevoirite","|move|p1a: Kiwi|Hyper Voice|p2a: Gliscor","|-damage|p2a: Gliscor|0 fnt","|faint|p2a: Gliscor","|","|","|switch|p2a: Garchomp|Garchomp-Mega, M, shiny|358/358","|turn|31","|","|move|p1a: Kiwi|Hyper Voice|p2a: Garchomp","|-supereffective|p2a: Garchomp","|-damage|p2a: Garchomp|0 fnt","|faint|p2a: Garchomp","|","|","|switch|p2a: Landorus|Landorus, M, shiny|1/320","|turn|32","|","|switch|p1a: Soul Train|Latias, F|76/301","|move|p2a: Landorus|Sludge Wave|p1a: Soul Train","|-damage|p1a: Soul Train|0 fnt","|faint|p1a: Soul Train","|","|","|switch|p1a: Victini|Victini|299/341","|turn|33","|","|switch|p2a: Torterra|Torterra, M, shiny|394/394","|move|p1a: Victini|U-turn|p2a: Torterra","|-supereffective|p2a: Torterra","|-damage|p2a: Torterra|282/394","|","|switch|p1a: Kiwi|Gardevoir-Mega, M, shiny|277/277","|","|-heal|p2a: Torterra|306/394|[from] item: Leftovers","|turn|34","|","|move|p1a: Kiwi|Hyper Voice|p2a: Torterra","|-damage|p2a: Torterra|32/394","|move|p2a: Torterra|Leech Seed|p1a: Kiwi","|-start|p1a: Kiwi|move: Leech Seed","|","|-heal|p2a: Torterra|56/394|[from] item: Leftovers","|-damage|p1a: Kiwi|243/277|[from] Leech Seed|[of] p2a: Torterra","|-heal|p2a: Torterra|90/394|[silent]","|turn|35","|","|move|p2a: Torterra|Protect|p2a: Torterra","|-singleturn|p2a: Torterra|Protect","|move|p1a: Kiwi|Calm Mind|p1a: Kiwi","|-boost|p1a: Kiwi|spa|1","|-boost|p1a: Kiwi|spd|1","|","|-heal|p2a: Torterra|114/394|[from] item: Leftovers","|-damage|p1a: Kiwi|209/277|[from] Leech Seed|[of] p2a: Torterra","|-heal|p2a: Torterra|148/394|[silent]","|turn|36","|","|move|p2a: Torterra|Protect|p2a: Torterra","|-fail|p2a: Torterra","|move|p1a: Kiwi|Hyper Voice|p2a: Torterra","|-damage|p2a: Torterra|0 fnt","|faint|p2a: Torterra","|","|","|switch|p2a: Landorus|Landorus, M, shiny|1/320","|turn|37","|","|move|p2a: Landorus|Sludge Wave|p1a: Kiwi","|-supereffective|p1a: Kiwi","|-damage|p1a: Kiwi|35/277","|move|p1a: Kiwi|Hyper Voice|p2a: Landorus","|-damage|p2a: Landorus|0 fnt","|faint|p2a: Landorus","|","|win|DownSyndromeDMOC"],"p1rating":{"entryid":"7212085","serverid":"eos","formatid":"monotype","userid":"downsyndromedmoc","username":"DownSyndromeDMOC","w":17,"l":"3","t":"0","gxe":72.3,"r":"1570.8388632309","rd":"118.42084550315","sigma":"0","rptime":"1438678800","rpr":1684.3148909338,"rprd":70.9685379369,"rpsigma":"0","acre":1290.5083553155,"lacre":1290.5083553155,"oldacre":"1272.9029119332"},"p2rating":{"entryid":"6980159","serverid":"eos","formatid":"monotype","userid":"orchestromic","username":"Orchestromic","w":"9","l":12,"t":"0","gxe":46.6,"r":"1406.9725743283","rd":"78.541907170568","sigma":"0","rptime":"1438678800","rpr":1473.6315163495,"rprd":71.95346345486,"rpsigma":"0","acre":1149.3674392799,"lacre":1149.3674392799,"oldacre":"1166.9728826622"},"endType":"normal"}