{"seed":[48546,56647,48582,4024],"turns":35,"p1":"Sovereign♚Cactus","p2":"DJMadness","p1team":[{"name":"Sharkisha","species":"swampert","item":"leftovers","ability":"Torrent","moves":["scald","earthquake","stealthrock","roar"],"nature":"Impish","evs":{"hp":252,"atk":4,"def":252,"spa":0,"spd":0,"spe":0},"gender":"M","shiny":true,"ivs":{"hp":31,"atk":31,"def":31,"spa":31,"spd":31,"spe":31}},{"name":"Butters","species":"azumarill","item":"choiceband","ability":"Sap Sipper","moves":["aquajet","icepunch","knockoff","playrough"],"nature":"Adamant","evs":{"hp":248,"atk":252,"def":0,"spa":0,"spd":8,"spe":0},"gender":"M","shiny":true,"ivs":{"hp":31,"atk":31,"def":31,"spa":31,"spd":31,"spe":31}},{"name":"Mr.WasheeWashee","species":"rotomwash","item":"leftovers","ability":"Levitate","moves":["voltswitch","willowisp","hydropump","painsplit"],"nature":"Calm","evs":{"hp":252,"atk":0,"def":0,"spa":4,"spd":252,"spe":0},"ivs":{"hp":31,"atk":31,"def":31,"spa":31,"spd":31,"spe":31}},{"name":"TheHellThisThing?","species":"manaphy","item":"wacanberry","ability":"Hydration","moves":["tailglow","icebeam","energyball","surf"],"nature":"Timid","evs":{"hp":0,"atk":0,"def":0,"spa":252,"spd":4,"spe":252},"shiny":true,"ivs":{"hp":31,"atk":31,"def":31,"spa":31,"spd":31,"spe":31}},{"name":"Cotton The D-bag","species":"politoed","item":"assaultvest","ability":"Drizzle","moves":["focusblast","icebeam","scald","psychic"],"nature":"Modest","evs":{"hp":248,"atk":0,"def":0,"spa":252,"spd":8,"spe":0},"gender":"F","shiny":true,"ivs":{"hp":31,"atk":31,"def":31,"spa":31,"spd":31,"spe":31}},{"name":"Fat Skrelp","species":"kingdra","item":"lifeorb","ability":"Swift Swim","moves":["dracometeor","hydropump","waterfall","outrage"],"nature":"Lonely","evs":{"hp":0,"atk":252,"def":0,"spa":4,"spd":0,"spe":252},"gender":"M","shiny":true,"ivs":{"hp":31,"atk":31,"def":31,"spa":31,"spd":31,"spe":31}}],"p2team":[{"name":"The Champ","species":"venusaur","item":"venusaurite","ability":"Chlorophyll","moves":["growth","synthesis","sludgebomb","hiddenpowerfire"],"nature":"Bold","evs":{"hp":252,"atk":0,"def":252,"spa":4,"spd":0,"spe":0},"gender":"F","ivs":{"hp":31,"atk":30,"def":31,"spa":30,"spd":31,"spe":30},"shiny":true},{"name":"QueenSnake","species":"serperior","item":"assaultvest","ability":"Contrary","moves":["dragonpulse","leafstorm","hiddenpowerfire","dragontail"],"nature":"Hasty","evs":{"hp":0,"atk":4,"def":0,"spa":252,"spd":0,"spe":252},"gender":"F","ivs":{"hp":31,"atk":30,"def":31,"spa":30,"spd":31,"spe":30},"shiny":true},{"name":"Kawaii :3","species":"whimsicott","item":"heatrock","ability":"Prankster","moves":["sunnyday","memento","encore","moonblast"],"nature":"Calm","evs":{"hp":252,"atk":0,"def":0,"spa":4,"spd":252,"spe":0},"gender":"F","shiny":true,"ivs":{"hp":31,"atk":31,"def":31,"spa":31,"spd":31,"spe":31}},{"name":"Thorns Bru","species":"ferrothorn","item":"rockyhelmet","ability":"Iron Barbs","moves":["leechseed","thunderwave","protect","knockoff"],"nature":"Impish","evs":{"hp":248,"atk":8,"def":252,"spa":0,"spd":0,"spe":0},"gender":"M","shiny":true,"ivs":{"hp":31,"atk":31,"def":31,"spa":31,"spd":31,"spe":31}},{"name":"Breloom","species":"Breloom","item":"choicescarf","ability":"Technician","moves":["bulletseed","rocktomb","forcepalm","machpunch"],"nature":"Adamant","evs":{"hp":4,"atk":252,"def":0,"spa":0,"spd":0,"spe":252},"gender":"M","shiny":true,"ivs":{"hp":31,"atk":31,"def":31,"spa":31,"spd":31,"spe":31}},{"name":"This Is My Pet","species":"leafeon","item":"lumberry","ability":"Chlorophyll","moves":["swordsdance","leafblade","aerialace","synthesis"],"nature":"Adamant","evs":{"hp":252,"atk":252,"def":0,"spa":0,"spd":4,"spe":0},"gender":"M","shiny":true,"ivs":{"hp":31,"atk":31,"def":31,"spa":31,"spd":31,"spe":31}}],"log":["|player|p1|Sovereign♚Cactus|251","|player|p2|DJMadness|92","|gametype|singles","|gen|6","|tier|Monotype","|rated","|rule|Baton Pass Clause: Limit one Baton Passer, can't pass Spe and other stats simultaneously","|rule|Swagger Clause: Swagger is banned","|rule|Same Type Clause: Pokémon in a team must share a type","|clearpoke","|poke|p1|Swampert, M, shiny","|poke|p1|Azumarill, M, shiny","|poke|p1|Rotom-Wash","|poke|p1|Manaphy, shiny","|poke|p1|Politoed, F, shiny","|poke|p1|Kingdra, M, shiny","|poke|p2|Venusaur, F, shiny","|poke|p2|Serperior, F, shiny","|poke|p2|Whimsicott, F, shiny","|poke|p2|Ferrothorn, M, shiny","|poke|p2|Breloom, M, shiny","|poke|p2|Leafeon, M, shiny","|rule|Sleep Clause Mod: Limit one foe put to sleep","|rule|Species Clause: Limit one of each Pokémon","|rule|OHKO Clause: OHKO moves are banned","|rule|Moody Clause: Moody is banned","|rule|Evasion Moves Clause: Evasion moves are banned","|rule|Endless Battle Clause: Forcing endless battles is banned","|rule|HP Percentage Mod: HP is shown in percentages","|teampreview","|","|start","|switch|p1a: Butters|Azumarill, M, shiny|403/403","|switch|p2a: QueenSnake|Serperior, F, shiny|291/291","|turn|1","|","|switch|p2a: The Champ|Venusaur, F, shiny|364/364","|move|p1a: Butters|Ice Punch|p2a: The Champ","|-supereffective|p2a: The Champ","|-damage|p2a: The Champ|232/364","|","|turn|2","|","|detailschange|p2a: The Champ|Venusaur-Mega, F, shiny","|-mega|p2a: The Champ|Venusaur|Venusaurite","|move|p2a: The Champ|Synthesis|p2a: The Champ","|-heal|p2a: The Champ|364/364","|move|p1a: Butters|Ice Punch|p2a: The Champ","|-supereffective|p2a: The Champ","|-damage|p2a: The Champ|314/364","|-status|p2a: The Champ|frz","|","|turn|3","|","|switch|p1a: TheHellThisThing?|Manaphy, shiny|341/341","|cant|p2a: The Champ|frz","|","|turn|4","|","|switch|p2a: Kawaii :3|Whimsicott, F, shiny|324/324","|move|p1a: TheHellThisThing?|Tail Glow|p1a: TheHellThisThing?","|-boost|p1a: TheHellThisThing?|spa|3","|","|turn|5","|","|move|p2a: Kawaii :3|Encore|p1a: TheHellThisThing?","|-start|p1a: TheHellThisThing?|Encore","|move|p1a: TheHellThisThing?|Tail Glow|p1a: TheHellThisThing?","|-boost|p1a: TheHellThisThing?|spa|3","|","|turn|6","|","|switch|p1a: Mr.WasheeWashee|Rotom-Wash|304/304","|move|p2a: Kawaii :3|Moonblast|p1a: Mr.WasheeWashee","|-damage|p1a: Mr.WasheeWashee|238/304","|","|-heal|p1a: Mr.WasheeWashee|257/304|[from] item: Leftovers","|turn|7","|","|switch|p2a: The Champ|Venusaur-Mega, F, shiny|314/364 frz","|move|p1a: Mr.WasheeWashee|Will-O-Wisp|p2a: The Champ","|-fail|p2a: The Champ","|","|-heal|p1a: Mr.WasheeWashee|276/304|[from] item: Leftovers","|turn|8","|","|switch|p1a: Cotton The D-bag|Politoed, F, shiny|383/383","|-weather|RainDance","|cant|p2a: The Champ|frz","|","|-weather|RainDance|[upkeep]","|turn|9","|","|cant|p2a: The Champ|frz","|move|p1a: Cotton The D-bag|Psychic|p2a: The Champ","|-supereffective|p2a: The Champ","|-damage|p2a: The Champ|146/364 frz","|","|-weather|RainDance|[upkeep]","|turn|10","|","|switch|p2a: Thorns Bru|Ferrothorn, M, shiny|351/351","|move|p1a: Cotton The D-bag|Psychic|p2a: Thorns Bru","|-resisted|p2a: Thorns Bru","|-damage|p2a: Thorns Bru|313/351","|","|-weather|RainDance|[upkeep]","|turn|11","|","|move|p1a: Cotton The D-bag|Focus Blast|p2a: Thorns Bru","|-crit|p2a: Thorns Bru","|-supereffective|p2a: Thorns Bru","|-damage|p2a: Thorns Bru|0 fnt","|faint|p2a: Thorns Bru","|","|-weather|RainDance|[upkeep]","|","|switch|p2a: Kawaii :3|Whimsicott, F, shiny|324/324","|turn|12","|","|move|p2a: Kawaii :3|Encore|p1a: Cotton The D-bag","|-start|p1a: Cotton The D-bag|Encore","|move|p1a: Cotton The D-bag|Focus Blast|p2a: Kawaii :3","|-resisted|p2a: Kawaii :3","|-damage|p2a: Kawaii :3|269/324","|-unboost|p2a: Kawaii :3|spd|1","|","|-weather|none","|turn|13","|","|switch|p1a: Butters|Azumarill, M, shiny|403/403","|move|p2a: Kawaii :3|Sunny Day|p2a: Kawaii :3","|-weather|SunnyDay","|","|-weather|SunnyDay|[upkeep]","|turn|14","|","|switch|p2a: The Champ|Venusaur-Mega, F, shiny|146/364 frz","|move|p1a: Butters|Ice Punch|p2a: The Champ","|-supereffective|p2a: The Champ","|-damage|p2a: The Champ|92/364 frz","|","|-weather|SunnyDay|[upkeep]","|turn|15","|","|cant|p2a: The Champ|frz","|move|p1a: Butters|Ice Punch|p2a: The Champ","|-supereffective|p2a: The Champ","|-damage|p2a: The Champ|38/364 frz","|","|-weather|SunnyDay|[upkeep]","|turn|16","|","|-curestatus|p2a: The Champ|frz","|move|p2a: The Champ|Synthesis|p2a: The Champ","|-heal|p2a: The Champ|281/364","|move|p1a: Butters|Ice Punch|p2a: The Champ","|-supereffective|p2a: The Champ","|-damage|p2a: The Champ|229/364","|","|-weather|SunnyDay|[upkeep]","|turn|17","|","|move|p2a: The Champ|Synthesis|p2a: The Champ","|-heal|p2a: The Champ|364/364","|move|p1a: Butters|Ice Punch|p2a: The Champ","|-supereffective|p2a: The Champ","|-damage|p2a: The Champ|312/364","|","|-weather|SunnyDay|[upkeep]","|turn|18","|","|move|p2a: The Champ|Sludge Bomb|p1a: Butters","|-supereffective|p1a: Butters","|-damage|p1a: Butters|103/403","|-status|p1a: Butters|psn","|move|p1a: Butters|Ice Punch|p2a: The Champ","|-supereffective|p2a: The Champ","|-damage|p2a: The Champ|262/364","|","|-weather|SunnyDay|[upkeep]","|-damage|p1a: Butters|53/403 psn|[from] psn","|turn|19","|","|switch|p1a: Cotton The D-bag|Politoed, F, shiny|383/383","|-weather|RainDance","|move|p2a: The Champ|Growth|p2a: The Champ","|-boost|p2a: The Champ|atk|1","|-boost|p2a: The Champ|spa|1","|","|-weather|RainDance|[upkeep]","|turn|20","|","|switch|p2a: Kawaii :3|Whimsicott, F, shiny|269/324","|move|p1a: Cotton The D-bag|Psychic|p2a: Kawaii :3","|-damage|p2a: Kawaii :3|193/324","|","|-weather|RainDance|[upkeep]","|turn|21","|","|switch|p1a: Butters|Azumarill, M, shiny|53/403 psn","|move|p2a: Kawaii :3|Sunny Day|p2a: Kawaii :3","|-weather|SunnyDay","|","|-weather|SunnyDay|[upkeep]","|-damage|p1a: Butters|3/403 psn|[from] psn","|turn|22","|","|move|p2a: Kawaii :3|Moonblast|p1a: Butters","|-damage|p1a: Butters|0 fnt","|faint|p1a: Butters","|","|-weather|SunnyDay|[upkeep]","|","|switch|p1a: Cotton The D-bag|Politoed, F, shiny|383/383","|-weather|RainDance","|turn|23","|","|move|p2a: Kawaii :3|Sunny Day|p2a: Kawaii :3","|-weather|SunnyDay","|move|p1a: Cotton The D-bag|Ice Beam|p2a: Kawaii :3","|-supereffective|p2a: Kawaii :3","|-damage|p2a: Kawaii :3|45/324","|","|-weather|SunnyDay|[upkeep]","|turn|24","|","|switch|p2a: QueenSnake|Serperior, F, shiny|291/291","|move|p1a: Cotton The D-bag|Ice Beam|p2a: QueenSnake","|-supereffective|p2a: QueenSnake","|-damage|p2a: QueenSnake|159/291","|","|-weather|SunnyDay|[upkeep]","|turn|25","|","|switch|p1a: Sharkisha|Swampert, M, shiny|404/404","|move|p2a: QueenSnake|Leaf Storm|p1a: Sharkisha","|-supereffective|p1a: Sharkisha","|-damage|p1a: Sharkisha|0 fnt","|-boost|p2a: QueenSnake|spa|2","|faint|p1a: Sharkisha","|","|-weather|SunnyDay|[upkeep]","|","|switch|p1a: Cotton The D-bag|Politoed, F, shiny|383/383","|-weather|RainDance","|turn|26","|","|move|p2a: QueenSnake|Leaf Storm|p1a: Cotton The D-bag","|-supereffective|p1a: Cotton The D-bag","|-damage|p1a: Cotton The D-bag|0 fnt","|-boost|p2a: QueenSnake|spa|2","|faint|p1a: Cotton The D-bag","|","|-weather|RainDance|[upkeep]","|","|switch|p1a: Fat Skrelp|Kingdra, M, shiny|291/291","|turn|27","|","|move|p1a: Fat Skrelp|Outrage|p2a: QueenSnake","|-damage|p2a: QueenSnake|0 fnt","|-damage|p1a: Fat Skrelp|262/291|[from] item: Life Orb","|faint|p2a: QueenSnake","|","|-weather|RainDance|[upkeep]","|","|switch|p2a: Kawaii :3|Whimsicott, F, shiny|45/324","|turn|28","|","|move|p2a: Kawaii :3|Sunny Day|p2a: Kawaii :3","|-weather|SunnyDay","|move|p1a: Fat Skrelp|Outrage|p2a: Kawaii :3|[from]lockedmove","|-immune|p2a: Kawaii :3|[msg]","|","|-weather|SunnyDay|[upkeep]","|turn|29","|","|switch|p1a: TheHellThisThing?|Manaphy, shiny|341/341","|move|p2a: Kawaii :3|Moonblast|p1a: TheHellThisThing?","|-damage|p1a: TheHellThisThing?|257/341","|-unboost|p1a: TheHellThisThing?|spa|1","|","|-weather|SunnyDay|[upkeep]","|turn|30","|","|switch|p2a: This Is My Pet|Leafeon, M, shiny|334/334","|move|p1a: TheHellThisThing?|Tail Glow|p1a: TheHellThisThing?","|-boost|p1a: TheHellThisThing?|spa|3","|","|-weather|SunnyDay|[upkeep]","|turn|31","|","|move|p2a: This Is My Pet|Leaf Blade|p1a: TheHellThisThing?","|-crit|p1a: TheHellThisThing?","|-supereffective|p1a: TheHellThisThing?","|-damage|p1a: TheHellThisThing?|0 fnt","|faint|p1a: TheHellThisThing?","|","|-weather|SunnyDay|[upkeep]","|","|switch|p1a: Fat Skrelp|Kingdra, M, shiny|262/291","|turn|32","|","|move|p2a: This Is My Pet|Swords Dance|p2a: This Is My Pet","|-boost|p2a: This Is My Pet|atk|2","|move|p1a: Fat Skrelp|Draco Meteor|p2a: This Is My Pet","|-damage|p2a: This Is My Pet|53/334","|-unboost|p1a: Fat Skrelp|spa|2","|-damage|p1a: Fat Skrelp|233/291|[from] item: Life Orb","|","|-weather|SunnyDay|[upkeep]","|turn|33","|","|move|p2a: This Is My Pet|Synthesis|p2a: This Is My Pet","|-heal|p2a: This Is My Pet|276/334","|move|p1a: Fat Skrelp|Waterfall|p2a: This Is My Pet","|-resisted|p2a: This Is My Pet","|-damage|p2a: This Is My Pet|244/334","|-damage|p1a: Fat Skrelp|204/291|[from] item: Life Orb","|","|-weather|SunnyDay|[upkeep]","|turn|34","|","|switch|p1a: Mr.WasheeWashee|Rotom-Wash|276/304","|move|p2a: This Is My Pet|Leaf Blade|p1a: Mr.WasheeWashee","|-supereffective|p1a: Mr.WasheeWashee","|-damage|p1a: Mr.WasheeWashee|0 fnt","|faint|p1a: Mr.WasheeWashee","|","|-weather|SunnyDay|[upkeep]","|","|switch|p1a: Fat Skrelp|Kingdra, M, shiny|204/291","|turn|35","|","|move|p2a: This Is My Pet|Leaf Blade|p1a: Fat Skrelp","|-damage|p1a: Fat Skrelp|0 fnt","|faint|p1a: Fat Skrelp","|","|win|DJMadness"],"p1rating":{"entryid":"6867552","serverid":"eos","formatid":"monotype","userid":"sovereigncactus","username":"Sovereign♕Cactus","w":"87","l":99,"t":"0","gxe":46.4,"r":"1477.6967967484","rd":"27.962104385794","sigma":"0","rptime":"1438678800","rpr":1472.8305739708,"rprd":26.816888129688,"rpsigma":"0","acre":1098.2775407126,"lacre":1098.2775407126,"oldacre":"1127.7282994306"},"p2rating":{"entryid":"7355209","serverid":"eos","formatid":"monotype","userid":"djmadness","username":"DJMadness","w":16,"l":"19","t":"0","gxe":47,"r":"1344.0194674362","rd":"88.375044745558","sigma":"0","rptime":"1438678800","rpr":1477.3610995156,"rprd":59.83562991952,"rpsigma":"0","acre":1100.8066807631,"lacre":1100.8066807631,"oldacre":"1065.2080209661"},"endType":"normal"}