{"seed":[12351,1747,10343,57838],"turns":21,"p1":"Shining Yin","p2":"LTIL-Tahit","p1team":[{"name":"Mamoswine","species":"Mamoswine","item":"lifeorb","ability":"Thick Fat","moves":["earthquake","iceshard","knockoff","iciclecrash"],"nature":"Naive","evs":{"hp":0,"atk":252,"def":4,"spa":0,"spd":0,"spe":252},"ivs":{"hp":31,"atk":31,"def":31,"spa":31,"spd":31,"spe":31}},{"name":"Kyurem-Black","species":"Kyurem-Black","item":"choicescarf","ability":"Teravolt","moves":["outrage","fusionbolt","ironhead","earthpower"],"nature":"Naughty","evs":{"hp":0,"atk":216,"def":0,"spa":40,"spd":0,"spe":252},"ivs":{"hp":31,"atk":31,"def":31,"spa":31,"spd":31,"spe":31}},{"name":"Avalugg","species":"Avalugg","item":"rockyhelmet","ability":"Sturdy","moves":["rapidspin","recover","avalanche","mirrorcoat"],"nature":"Impish","evs":{"hp":248,"atk":8,"def":252,"spa":0,"spd":0,"spe":0},"ivs":{"hp":31,"atk":31,"def":31,"spa":31,"spd":31,"spe":31}},{"name":"Cloyster","species":"Cloyster","item":"focussash","ability":"Skill Link","moves":["shellsmash","iciclespear","rockblast","iceshard"],"nature":"Adamant","evs":{"hp":0,"atk":252,"def":0,"spa":0,"spd":4,"spe":252},"ivs":{"hp":31,"atk":31,"def":31,"spa":31,"spd":31,"spe":31}},{"name":"Abomasnow","species":"Abomasnow","item":"abomasite","ability":"Snow Warning","moves":["blizzard","gigadrain","iceshard","earthquake"],"nature":"Quiet","evs":{"hp":8,"atk":88,"def":80,"spa":252,"spd":80,"spe":0},"ivs":{"hp":31,"atk":31,"def":31,"spa":31,"spd":31,"spe":31}},{"name":"Jynx","species":"Jynx","item":"focussash","ability":"Dry Skin","moves":["trickroom","icebeam","lovelykiss","psyshock"],"nature":"Timid","evs":{"hp":0,"atk":0,"def":0,"spa":252,"spd":4,"spe":252},"ivs":{"hp":31,"atk":31,"def":31,"spa":31,"spd":31,"spe":31}}],"p2team":[{"name":"Terrakion","species":"Terrakion","item":"choicescarf","ability":"Justified","moves":["closecombat","stoneedge","ironhead","xscissor"],"nature":"Jolly","evs":{"hp":4,"atk":252,"def":0,"spa":0,"spd":0,"spe":252},"ivs":{"hp":31,"atk":31,"def":31,"spa":31,"spd":31,"spe":31}},{"name":"Gallade","species":"Gallade","item":"galladite","ability":"Justified","moves":["drainpunch","shadowsneak","swordsdance","psychocut"],"nature":"Jolly","evs":{"hp":4,"atk":252,"def":0,"spa":0,"spd":0,"spe":252},"ivs":{"hp":31,"atk":31,"def":31,"spa":31,"spd":31,"spe":31}},{"name":"Conkeldurr","species":"Conkeldurr","item":"leftovers","ability":"Guts","moves":["drainpunch","bulkup","machpunch","icepunch"],"nature":"Adamant","evs":{"hp":252,"atk":252,"def":0,"spa":0,"spd":4,"spe":0},"ivs":{"hp":31,"atk":31,"def":31,"spa":31,"spd":31,"spe":31}},{"name":"Chesnaught","species":"Chesnaught","item":"leftovers","ability":"Bulletproof","moves":["spikes","leechseed","spikyshield","drainpunch"],"nature":"Careful","evs":{"hp":252,"atk":0,"def":4,"spa":0,"spd":252,"spe":0},"ivs":{"hp":31,"atk":31,"def":31,"spa":31,"spd":31,"spe":31}},{"name":"Hawlucha","species":"Hawlucha","item":"sitrusberry","ability":"Unburden","moves":["substitute","swordsdance","highjumpkick","acrobatics"],"nature":"Jolly","evs":{"hp":12,"atk":252,"def":0,"spa":0,"spd":0,"spe":244},"ivs":{"hp":31,"atk":31,"def":31,"spa":31,"spd":31,"spe":31}},{"name":"Hitmonlee","species":"Hitmonlee","item":"whiteherb","ability":"Unburden","moves":["closecombat","bulkup","fakeout","blazekick"],"nature":"Adamant","evs":{"hp":4,"atk":252,"def":0,"spa":0,"spd":0,"spe":252},"ivs":{"hp":31,"atk":31,"def":31,"spa":31,"spd":31,"spe":31}}],"log":["|player|p1|Shining Yin|167","|player|p2|LTIL-Tahit|169","|gametype|singles","|gen|6","|tier|Monotype","|rated","|rule|Baton Pass Clause: Limit one Baton Passer, can't pass Spe and other stats simultaneously","|rule|Swagger Clause: Swagger is banned","|rule|Same Type Clause: Pokémon in a team must share a type","|clearpoke","|poke|p1|Mamoswine, F","|poke|p1|Kyurem-Black","|poke|p1|Avalugg, M","|poke|p1|Cloyster, M","|poke|p1|Abomasnow, M","|poke|p1|Jynx, F","|poke|p2|Terrakion","|poke|p2|Gallade, M","|poke|p2|Conkeldurr, M","|poke|p2|Chesnaught, M","|poke|p2|Hawlucha, M","|poke|p2|Hitmonlee, M","|rule|Sleep Clause Mod: Limit one foe put to sleep","|rule|Species Clause: Limit one of each Pokémon","|rule|OHKO Clause: OHKO moves are banned","|rule|Moody Clause: Moody is banned","|rule|Evasion Moves Clause: Evasion moves are banned","|rule|Endless Battle Clause: Forcing endless battles is banned","|rule|HP Percentage Mod: HP is shown in percentages","|teampreview","|","|start","|switch|p1a: Avalugg|Avalugg, M|393/393","|switch|p2a: Chesnaught|Chesnaught, M|380/380","|turn|1","|","|move|p2a: Chesnaught|Spikes|p1a: Avalugg","|-sidestart|p1: Shining Yin|Spikes","|move|p1a: Avalugg|Avalanche|p2a: Chesnaught","|-supereffective|p2a: Chesnaught","|-damage|p2a: Chesnaught|236/380","|","|-heal|p2a: Chesnaught|259/380|[from] item: Leftovers","|turn|2","|","|move|p2a: Chesnaught|Leech Seed|p1a: Avalugg","|-start|p1a: Avalugg|move: Leech Seed","|move|p1a: Avalugg|Recover|p1a: Avalugg","|-fail|p1a: Avalugg","|","|-heal|p2a: Chesnaught|282/380|[from] item: Leftovers","|-damage|p1a: Avalugg|344/393|[from] Leech Seed|[of] p2a: Chesnaught","|-heal|p2a: Chesnaught|331/380|[silent]","|turn|3","|","|move|p2a: Chesnaught|Spikes|p1a: Avalugg","|-sidestart|p1: Shining Yin|Spikes","|move|p1a: Avalugg|Rapid Spin|p2a: Chesnaught","|-damage|p2a: Chesnaught|315/380","|-end|p1a: Avalugg|Leech Seed|[from] move: Rapid Spin|[of] p1a: Avalugg","|-sideend|p1: Shining Yin|Spikes|[from] move: Rapid Spin|[of] p1a: Avalugg","|","|-heal|p2a: Chesnaught|338/380|[from] item: Leftovers","|turn|4","|","|move|p2a: Chesnaught|Leech Seed|p1a: Avalugg","|-start|p1a: Avalugg|move: Leech Seed","|move|p1a: Avalugg|Recover|p1a: Avalugg","|-heal|p1a: Avalugg|393/393","|","|-heal|p2a: Chesnaught|361/380|[from] item: Leftovers","|-damage|p1a: Avalugg|344/393|[from] Leech Seed|[of] p2a: Chesnaught","|-heal|p2a: Chesnaught|380/380|[silent]","|turn|5","|","|move|p2a: Chesnaught|Drain Punch|p1a: Avalugg","|-supereffective|p1a: Avalugg","|-damage|p1a: Avalugg|254/393","|-damage|p2a: Chesnaught|317/380|[from] item: Rocky Helmet|[of] p1a: Avalugg","|move|p1a: Avalugg|Rapid Spin|p2a: Chesnaught","|-damage|p2a: Chesnaught|300/380","|-end|p1a: Avalugg|Leech Seed|[from] move: Rapid Spin|[of] p1a: Avalugg","|","|-heal|p2a: Chesnaught|323/380|[from] item: Leftovers","|turn|6","|","|move|p2a: Chesnaught|Leech Seed|p1a: Avalugg","|-start|p1a: Avalugg|move: Leech Seed","|move|p1a: Avalugg|Avalanche|p2a: Chesnaught","|-supereffective|p2a: Chesnaught","|-damage|p2a: Chesnaught|179/380","|","|-heal|p2a: Chesnaught|202/380|[from] item: Leftovers","|-damage|p1a: Avalugg|205/393|[from] Leech Seed|[of] p2a: Chesnaught","|-heal|p2a: Chesnaught|251/380|[silent]","|turn|7","|","|move|p2a: Chesnaught|Spiky Shield|p2a: Chesnaught","|-singleturn|p2a: Chesnaught|move: Protect","|move|p1a: Avalugg|Rapid Spin|p2a: Chesnaught","|-activate|p2a: Chesnaught|Protect","|-damage|p1a: Avalugg|156/393|[from] Spiky Shield|[of] p2a: Chesnaught","|","|-heal|p2a: Chesnaught|274/380|[from] item: Leftovers","|-damage|p1a: Avalugg|107/393|[from] Leech Seed|[of] p2a: Chesnaught","|-heal|p2a: Chesnaught|323/380|[silent]","|turn|8","|","|move|p2a: Chesnaught|Drain Punch|p1a: Avalugg","|-supereffective|p1a: Avalugg","|-damage|p1a: Avalugg|15/393","|-heal|p2a: Chesnaught|369/380|[from] drain|[of] p1a: Avalugg","|-damage|p2a: Chesnaught|306/380|[from] item: Rocky Helmet|[of] p1a: Avalugg","|move|p1a: Avalugg|Recover|p1a: Avalugg","|-heal|p1a: Avalugg|212/393","|","|-heal|p2a: Chesnaught|329/380|[from] item: Leftovers","|-damage|p1a: Avalugg|163/393|[from] Leech Seed|[of] p2a: Chesnaught","|-heal|p2a: Chesnaught|378/380|[silent]","|turn|9","|","|move|p2a: Chesnaught|Spikes|p1a: Avalugg","|-sidestart|p1: Shining Yin|Spikes","|move|p1a: Avalugg|Recover|p1a: Avalugg","|-heal|p1a: Avalugg|360/393","|","|-heal|p2a: Chesnaught|380/380|[from] item: Leftovers","|-damage|p1a: Avalugg|311/393|[from] Leech Seed|[of] p2a: Chesnaught","|turn|10","|","|move|p2a: Chesnaught|Spiky Shield|p2a: Chesnaught","|-singleturn|p2a: Chesnaught|move: Protect","|move|p1a: Avalugg|Rapid Spin|p2a: Chesnaught","|-activate|p2a: Chesnaught|Protect","|-damage|p1a: Avalugg|262/393|[from] Spiky Shield|[of] p2a: Chesnaught","|","|-damage|p1a: Avalugg|213/393|[from] Leech Seed|[of] p2a: Chesnaught","|turn|11","|","|move|p2a: Chesnaught|Drain Punch|p1a: Avalugg","|-supereffective|p1a: Avalugg","|-damage|p1a: Avalugg|123/393","|-damage|p2a: Chesnaught|317/380|[from] item: Rocky Helmet|[of] p1a: Avalugg","|move|p1a: Avalugg|Rapid Spin|p2a: Chesnaught","|-damage|p2a: Chesnaught|301/380","|-end|p1a: Avalugg|Leech Seed|[from] move: Rapid Spin|[of] p1a: Avalugg","|-sideend|p1: Shining Yin|Spikes|[from] move: Rapid Spin|[of] p1a: Avalugg","|","|-heal|p2a: Chesnaught|324/380|[from] item: Leftovers","|turn|12","|","|switch|p1a: Abomasnow|Abomasnow, M|323/323","|-weather|Hail","|move|p2a: Chesnaught|Leech Seed|p1a: Abomasnow","|-immune|p1a: Abomasnow|[msg]","|","|-weather|Hail|[upkeep]","|-damage|p2a: Chesnaught|301/380|[from] hail","|-heal|p2a: Chesnaught|324/380|[from] item: Leftovers","|turn|13","|","|detailschange|p1a: Abomasnow|Abomasnow-Mega, M","|-mega|p1a: Abomasnow|Abomasnow|Abomasite","|move|p2a: Chesnaught|Spikes|p1a: Abomasnow","|-sidestart|p1: Shining Yin|Spikes","|move|p1a: Abomasnow|Blizzard|p2a: Chesnaught","|-supereffective|p2a: Chesnaught","|-damage|p2a: Chesnaught|0 fnt","|faint|p2a: Chesnaught","|","|-weather|Hail|[upkeep]","|","|switch|p2a: Hitmonlee|Hitmonlee, M|242/242","|turn|14","|","|move|p2a: Hitmonlee|Fake Out|p1a: Abomasnow","|-crit|p1a: Abomasnow","|-damage|p1a: Abomasnow|260/323","|cant|p1a: Abomasnow|flinch","|","|-weather|Hail|[upkeep]","|-damage|p2a: Hitmonlee|227/242|[from] hail","|turn|15","|","|move|p2a: Hitmonlee|Bulk Up|p2a: Hitmonlee","|-boost|p2a: Hitmonlee|atk|1","|-boost|p2a: Hitmonlee|def|1","|move|p1a: Abomasnow|Blizzard|p2a: Hitmonlee","|-damage|p2a: Hitmonlee|37/242","|","|-weather|Hail|[upkeep]","|-damage|p2a: Hitmonlee|22/242|[from] hail","|turn|16","|","|move|p1a: Abomasnow|Ice Shard|p2a: Hitmonlee","|-crit|p2a: Hitmonlee","|-damage|p2a: Hitmonlee|0 fnt","|faint|p2a: Hitmonlee","|","|-weather|none","|","|switch|p2a: Hawlucha|Hawlucha, M|300/300","|turn|17","|","|move|p2a: Hawlucha|Swords Dance|p2a: Hawlucha","|-boost|p2a: Hawlucha|atk|2","|move|p1a: Abomasnow|Blizzard|p2a: Hawlucha","|-supereffective|p2a: Hawlucha","|-damage|p2a: Hawlucha|0 fnt","|faint|p2a: Hawlucha","|","|","|switch|p2a: Conkeldurr|Conkeldurr, M|414/414","|turn|18","|","|move|p2a: Conkeldurr|Bulk Up|p2a: Conkeldurr","|-boost|p2a: Conkeldurr|atk|1","|-boost|p2a: Conkeldurr|def|1","|move|p1a: Abomasnow|Blizzard|p2a: Conkeldurr","|-miss|p1a: Abomasnow|p2a: Conkeldurr","|","|turn|19","|","|move|p2a: Conkeldurr|Bulk Up|p2a: Conkeldurr","|-boost|p2a: Conkeldurr|atk|1","|-boost|p2a: Conkeldurr|def|1","|move|p1a: Abomasnow|Blizzard|p2a: Conkeldurr","|-miss|p1a: Abomasnow|p2a: Conkeldurr","|","|turn|20","|","|switch|p1a: Avalugg|Avalugg, M|123/393","|-damage|p1a: Avalugg|74/393|[from] Spikes","|move|p2a: Conkeldurr|Drain Punch|p1a: Avalugg","|-supereffective|p1a: Avalugg","|-damage|p1a: Avalugg|0 fnt","|-damage|p2a: Conkeldurr|345/414|[from] item: Rocky Helmet|[of] p1a: Avalugg","|faint|p1a: Avalugg","|","|-heal|p2a: Conkeldurr|370/414|[from] item: Leftovers","|","|switch|p1a: Jynx|Jynx, F|271/271","|-damage|p1a: Jynx|238/271|[from] Spikes","|turn|21","|","|move|p2a: Conkeldurr|Mach Punch|p1a: Jynx","|-damage|p1a: Jynx|0 fnt","|faint|p1a: Jynx","|","|-heal|p2a: Conkeldurr|395/414|[from] item: Leftovers","|","|win|LTIL-Tahit"],"p1rating":{"entryid":"7208708","serverid":"eos","formatid":"monotype","userid":"shiningyin","username":"Shining Yin","w":"28","l":14,"t":"0","gxe":64.4,"r":"1643.1491220581","rd":"56.673090184006","sigma":"0","rptime":"1438678800","rpr":1612.5345827184,"rprd":53.280224931266,"rpsigma":"0","acre":1243.425777204,"lacre":1243.425777204,"oldacre":"1279.7596495322"},"p2rating":{"entryid":"6925118","serverid":"eos","formatid":"monotype","userid":"ltiltahit","username":"LTIL-Tahit","w":36,"l":"40","t":"0","gxe":47.7,"r":"1487.0572827682","rd":"50.373019293434","sigma":"0","rptime":"1438678800","rpr":1482.7093144522,"rprd":46.286945263987,"rpsigma":"0","acre":1146.2270370055,"lacre":1146.2270370055,"oldacre":"1109.8931646773"},"endType":"forfeit"}