{"seed":[20200,27802,62042,59489],"turns":27,"p1":"DJMadness","p2":"Doupu","p1team":[{"name":"Beedrill","species":"Beedrill","item":"beedrillite","ability":"Swarm","moves":["uturn","protect","poisonjab","aerialace"],"nature":"Jolly","evs":{"hp":0,"atk":252,"def":0,"spa":0,"spd":4,"spe":252},"gender":"M","shiny":true,"ivs":{"hp":31,"atk":31,"def":31,"spa":31,"spd":31,"spe":31}},{"name":"Volcarona","species":"Volcarona","item":"sitrusberry","ability":"Flame Body","moves":["bugbuzz","fierydance","quiverdance","gigadrain"],"nature":"Timid","evs":{"hp":252,"atk":0,"def":0,"spa":0,"spd":4,"spe":252},"gender":"F","shiny":true,"ivs":{"hp":31,"atk":31,"def":31,"spa":31,"spd":31,"spe":31}},{"name":"Armaldo","species":"Armaldo","item":"leftovers","ability":"Battle Armor","moves":["stealthrock","rapidspin","toxic","xscissor"],"nature":"Impish","evs":{"hp":252,"atk":4,"def":252,"spa":0,"spd":0,"spe":0},"gender":"M","shiny":true,"ivs":{"hp":31,"atk":31,"def":31,"spa":31,"spd":31,"spe":31}},{"name":"Galvantula","species":"Galvantula","item":"focussash","ability":"Compound Eyes","moves":["stickyweb","thunder","energyball","bugbuzz"],"nature":"Timid","evs":{"hp":0,"atk":0,"def":0,"spa":252,"spd":4,"spe":252},"gender":"F","shiny":true,"ivs":{"hp":31,"atk":31,"def":31,"spa":31,"spd":31,"spe":31}},{"name":"Scyther","species":"Scyther","item":"eviolite","ability":"Technician","moves":["aerialace","swordsdance","roost","pursuit"],"nature":"Adamant","evs":{"hp":248,"atk":252,"def":0,"spa":0,"spd":8,"spe":0},"gender":"M","shiny":true,"ivs":{"hp":31,"atk":31,"def":31,"spa":31,"spd":31,"spe":31}},{"name":"Vivillon","species":"Vivillon","item":"lifeorb","ability":"Compound Eyes","moves":["hurricane","sleeppowder","drainingkiss","quiverdance"],"nature":"Timid","evs":{"hp":0,"atk":0,"def":0,"spa":252,"spd":0,"spe":252},"gender":"F","shiny":true,"ivs":{"hp":31,"atk":31,"def":31,"spa":31,"spd":31,"spe":31}}],"p2team":[{"name":"Mienshao","species":"Mienshao","item":"choicespecs","ability":"Regenerator","moves":["aurasphere","grassknot","hiddenpowerrock","focusblast"],"nature":"Timid","evs":{"hp":4,"atk":0,"def":0,"spa":252,"spd":0,"spe":252},"ivs":{"hp":31,"atk":31,"def":30,"spa":31,"spd":30,"spe":30}},{"name":"Machamp","species":"Machamp","item":"assaultvest","ability":"No Guard","moves":["dynamicpunch","bulletpunch","knockoff","stoneedge"],"nature":"Adamant","evs":{"hp":252,"atk":252,"def":0,"spa":0,"spd":4,"spe":0},"ivs":{"hp":31,"atk":31,"def":31,"spa":31,"spd":31,"spe":31}},{"name":"Breloom","species":"Breloom","item":"focussash","ability":"Technician","moves":["spore","machpunch","rocktomb","bulletseed"],"nature":"Adamant","evs":{"hp":4,"atk":252,"def":0,"spa":0,"spd":0,"spe":252},"ivs":{"hp":31,"atk":31,"def":31,"spa":31,"spd":31,"spe":31}},{"name":"Cobalion","species":"Cobalion","item":"leftovers","ability":"Justified","moves":["stealthrock","flashcannon","thunderwave","hiddenpowerghost"],"nature":"Bold","evs":{"hp":0,"atk":0,"def":252,"spa":252,"spd":4,"spe":0},"ivs":{"hp":31,"atk":31,"def":30,"spa":31,"spd":30,"spe":31}},{"name":"Toxicroak","species":"Toxicroak","item":"blacksludge","ability":"Dry Skin","moves":["swordsdance","gunkshot","drainpunch","suckerpunch"],"nature":"Jolly","evs":{"hp":0,"atk":252,"def":0,"spa":0,"spd":4,"spe":252},"ivs":{"hp":31,"atk":31,"def":31,"spa":31,"spd":31,"spe":31}},{"name":"Medicham","species":"Medicham","item":"medichamite","ability":"Pure Power","moves":["bulletpunch","fakeout","thunderpunch","psychocut"],"nature":"Jolly","evs":{"hp":0,"atk":252,"def":0,"spa":0,"spd":4,"spe":252},"ivs":{"hp":31,"atk":31,"def":31,"spa":31,"spd":31,"spe":31}}],"log":["|player|p1|DJMadness|92","|player|p2|Doupu|285","|gametype|singles","|gen|6","|tier|Monotype","|rated","|rule|Baton Pass Clause: Limit one Baton Passer, can't pass Spe and other stats simultaneously","|rule|Swagger Clause: Swagger is banned","|rule|Same Type Clause: Pokémon in a team must share a type","|clearpoke","|poke|p1|Beedrill, M, shiny","|poke|p1|Volcarona, F, shiny","|poke|p1|Armaldo, M, shiny","|poke|p1|Galvantula, F, shiny","|poke|p1|Scyther, M, shiny","|poke|p1|Vivillon, F, shiny","|poke|p2|Mienshao, M","|poke|p2|Machamp, M","|poke|p2|Breloom, M","|poke|p2|Cobalion","|poke|p2|Toxicroak, M","|poke|p2|Medicham, F","|rule|Sleep Clause Mod: Limit one foe put to sleep","|rule|Species Clause: Limit one of each Pokémon","|rule|OHKO Clause: OHKO moves are banned","|rule|Moody Clause: Moody is banned","|rule|Evasion Moves Clause: Evasion moves are banned","|rule|Endless Battle Clause: Forcing endless battles is banned","|rule|HP Percentage Mod: HP is shown in percentages","|teampreview","|","|start","|switch|p1a: Beedrill|Beedrill, M, shiny|271/271","|switch|p2a: Breloom|Breloom, M|262/262","|turn|1","|","|detailschange|p1a: Beedrill|Beedrill-Mega, M, shiny","|-mega|p1a: Beedrill|Beedrill|Beedrillite","|move|p1a: Beedrill|Protect|p1a: Beedrill","|-singleturn|p1a: Beedrill|Protect","|move|p2a: Breloom|Rock Tomb|p1a: Beedrill","|-activate|p1a: Beedrill|Protect","|","|turn|2","|","|move|p1a: Beedrill|U-turn|p2a: Breloom","|-damage|p2a: Breloom|40/262","|","|switch|p1a: Armaldo|Armaldo, M, shiny|354/354","|move|p2a: Breloom|Spore|p1a: Armaldo","|-status|p1a: Armaldo|slp","|","|turn|3","|","|move|p2a: Breloom|Bullet Seed|p1a: Armaldo","|-damage|p1a: Armaldo|299/354 slp","|-damage|p1a: Armaldo|245/354 slp","|-hitcount|p1a: Armaldo|2","|cant|p1a: Armaldo|slp","|","|-heal|p1a: Armaldo|267/354 slp|[from] item: Leftovers","|turn|4","|","|move|p2a: Breloom|Rock Tomb|p1a: Armaldo","|-supereffective|p1a: Armaldo","|-damage|p1a: Armaldo|109/354 slp","|-unboost|p1a: Armaldo|spe|1","|-curestatus|p1a: Armaldo|slp","|move|p1a: Armaldo|X-Scissor|p2a: Breloom","|-damage|p2a: Breloom|0 fnt","|faint|p2a: Breloom","|","|-heal|p1a: Armaldo|131/354|[from] item: Leftovers","|","|switch|p2a: Medicham|Medicham, F|261/261","|turn|5","|","|detailschange|p2a: Medicham|Medicham-Mega, F","|-mega|p2a: Medicham|Medicham|Medichamite","|move|p2a: Medicham|Fake Out|p1a: Armaldo","|-resisted|p1a: Armaldo","|-damage|p1a: Armaldo|101/354","|cant|p1a: Armaldo|flinch","|","|-heal|p1a: Armaldo|123/354|[from] item: Leftovers","|turn|6","|","|move|p2a: Medicham|Bullet Punch|p1a: Armaldo","|-supereffective|p1a: Armaldo","|-damage|p1a: Armaldo|1/354","|move|p1a: Armaldo|Stealth Rock|p2a: Medicham","|-sidestart|p2: Doupu|move: Stealth Rock","|","|-heal|p1a: Armaldo|23/354|[from] item: Leftovers","|turn|7","|","|move|p2a: Medicham|Bullet Punch|p1a: Armaldo","|-supereffective|p1a: Armaldo","|-damage|p1a: Armaldo|0 fnt","|faint|p1a: Armaldo","|","|","|switch|p1a: Beedrill|Beedrill-Mega, M, shiny|271/271","|turn|8","|","|switch|p2a: Mienshao|Mienshao, M|272/272","|-damage|p2a: Mienshao|255/272|[from] Stealth Rock","|move|p1a: Beedrill|U-turn|p2a: Mienshao","|-resisted|p2a: Mienshao","|-damage|p2a: Mienshao|112/272","|","|switch|p1a: Scyther|Scyther, M, shiny|343/343","|","|turn|9","|","|move|p2a: Mienshao|Hidden Power|p1a: Scyther","|-supereffective|p1a: Scyther","|-damage|p1a: Scyther|79/343","|move|p1a: Scyther|Swords Dance|p1a: Scyther","|-boost|p1a: Scyther|atk|2","|","|turn|10","|","|move|p2a: Mienshao|Hidden Power|p1a: Scyther","|-supereffective|p1a: Scyther","|-damage|p1a: Scyther|0 fnt","|faint|p1a: Scyther","|","|","|switch|p1a: Beedrill|Beedrill-Mega, M, shiny|271/271","|turn|11","|","|move|p1a: Beedrill|Aerial Ace|p2a: Mienshao","|-supereffective|p2a: Mienshao","|-damage|p2a: Mienshao|0 fnt","|faint|p2a: Mienshao","|","|","|switch|p2a: Cobalion|Cobalion|323/323","|-damage|p2a: Cobalion|313/323|[from] Stealth Rock","|turn|12","|","|move|p1a: Beedrill|U-turn|p2a: Cobalion","|-resisted|p2a: Cobalion","|-damage|p2a: Cobalion|287/323","|","|switch|p1a: Galvantula|Galvantula, F, shiny|281/281","|move|p2a: Cobalion|Thunder Wave|p1a: Galvantula","|-immune|p1a: Galvantula|[msg]","|","|-heal|p2a: Cobalion|307/323|[from] item: Leftovers","|turn|13","|","|move|p1a: Galvantula|Sticky Web|p2a: Cobalion","|-sidestart|p2: Doupu|move: Sticky Web","|move|p2a: Cobalion|Stealth Rock|p1a: Galvantula","|-sidestart|p1: DJMadness|move: Stealth Rock","|","|-heal|p2a: Cobalion|323/323|[from] item: Leftovers","|turn|14","|","|move|p1a: Galvantula|Thunder|p2a: Cobalion","|-damage|p2a: Cobalion|101/323","|move|p2a: Cobalion|Hidden Power|p1a: Galvantula","|-damage|p1a: Galvantula|196/281","|","|-heal|p2a: Cobalion|121/323|[from] item: Leftovers","|turn|15","|","|move|p1a: Galvantula|Thunder|p2a: Cobalion","|-damage|p2a: Cobalion|0 fnt","|faint|p2a: Cobalion","|","|","|switch|p2a: Medicham|Medicham-Mega, F|261/261","|-activate|p2a: Medicham|move: Sticky Web","|-unboost|p2a: Medicham|spe|1","|-damage|p2a: Medicham|245/261|[from] Stealth Rock","|turn|16","|","|move|p2a: Medicham|Fake Out|p1a: Galvantula","|-damage|p1a: Galvantula|86/281","|cant|p1a: Galvantula|flinch","|","|turn|17","|","|move|p2a: Medicham|Bullet Punch|p1a: Galvantula","|-resisted|p1a: Galvantula","|-damage|p1a: Galvantula|30/281","|move|p1a: Galvantula|Thunder|p2a: Medicham|[miss]","|-miss|p1a: Galvantula|p2a: Medicham","|","|turn|18","|","|move|p2a: Medicham|Bullet Punch|p1a: Galvantula","|-resisted|p1a: Galvantula","|-damage|p1a: Galvantula|0 fnt","|faint|p1a: Galvantula","|","|","|switch|p1a: Beedrill|Beedrill-Mega, M, shiny|271/271","|-damage|p1a: Beedrill|204/271|[from] Stealth Rock","|turn|19","|","|switch|p2a: Toxicroak|Toxicroak, M|307/307","|-activate|p2a: Toxicroak|move: Sticky Web","|-unboost|p2a: Toxicroak|spe|1","|-damage|p2a: Toxicroak|288/307|[from] Stealth Rock","|move|p1a: Beedrill|Aerial Ace|p2a: Toxicroak","|-supereffective|p2a: Toxicroak","|-damage|p2a: Toxicroak|74/307","|","|-heal|p2a: Toxicroak|93/307|[from] item: Black Sludge","|turn|20","|","|move|p1a: Beedrill|Aerial Ace|p2a: Toxicroak","|-supereffective|p2a: Toxicroak","|-damage|p2a: Toxicroak|0 fnt","|faint|p2a: Toxicroak","|","|","|switch|p2a: Medicham|Medicham-Mega, F|245/261","|-damage|p2a: Medicham|229/261|[from] Stealth Rock","|-activate|p2a: Medicham|move: Sticky Web","|-unboost|p2a: Medicham|spe|1","|turn|21","|","|move|p1a: Beedrill|Protect|p1a: Beedrill","|-singleturn|p1a: Beedrill|Protect","|move|p2a: Medicham|Fake Out|p1a: Beedrill","|-activate|p1a: Beedrill|Protect","|","|turn|22","|","|move|p2a: Medicham|Bullet Punch|p1a: Beedrill","|-damage|p1a: Beedrill|45/271","|move|p1a: Beedrill|Poison Jab|p2a: Medicham","|-damage|p2a: Medicham|0 fnt","|faint|p2a: Medicham","|","|","|switch|p2a: Machamp|Machamp, M|384/384","|-activate|p2a: Machamp|move: Sticky Web","|-unboost|p2a: Machamp|spe|1","|-damage|p2a: Machamp|360/384|[from] Stealth Rock","|turn|23","|","|move|p1a: Beedrill|Protect|p1a: Beedrill","|-singleturn|p1a: Beedrill|Protect","|move|p2a: Machamp|Bullet Punch|p1a: Beedrill","|-activate|p1a: Beedrill|Protect","|","|turn|24","|","|move|p2a: Machamp|Bullet Punch|p1a: Beedrill","|-damage|p1a: Beedrill|0 fnt","|faint|p1a: Beedrill","|","|","|switch|p1a: Vivillon|Vivillon, F, shiny|301/301","|-damage|p1a: Vivillon|151/301|[from] Stealth Rock","|turn|25","|","|move|p1a: Vivillon|Sleep Powder|p2a: Machamp","|-status|p2a: Machamp|slp","|cant|p2a: Machamp|slp","|","|turn|26","|","|move|p1a: Vivillon|Quiver Dance|p1a: Vivillon","|-boost|p1a: Vivillon|spa|1","|-boost|p1a: Vivillon|spd|1","|-boost|p1a: Vivillon|spe|1","|-curestatus|p2a: Machamp|slp","|move|p2a: Machamp|Stone Edge|p1a: Vivillon","|-supereffective|p1a: Vivillon","|-damage|p1a: Vivillon|0 fnt","|faint|p1a: Vivillon","|","|","|switch|p1a: Volcarona|Volcarona, F, shiny|374/374","|-damage|p1a: Volcarona|187/374|[from] Stealth Rock","|-enditem|p1a: Volcarona|Sitrus Berry|[eat]","|-heal|p1a: Volcarona|280/374|[from] item: Sitrus Berry","|turn|27","|","|move|p1a: Volcarona|Fiery Dance|p2a: Machamp","|-damage|p2a: Machamp|270/384","|move|p2a: Machamp|Stone Edge|p1a: Volcarona","|-supereffective|p1a: Volcarona","|-damage|p1a: Volcarona|0 fnt","|faint|p1a: Volcarona","|","|win|Doupu"],"p1rating":{"entryid":"7355209","serverid":"eos","formatid":"monotype","userid":"djmadness","username":"DJMadness","w":"2","l":10,"t":"0","gxe":29.6,"r":1344.0194674362,"rd":88.375044745558,"sigma":"0","rptime":1438678800,"rpr":1331.9638085126,"rprd":86.378497365564,"rpsigma":"0","acre":1050.2992423117,"lacre":1050.2992423117,"oldacre":"1076.4047591435"},"p2rating":{"entryid":7388852,"formatid":"monotype","userid":"doupu","username":"Doupu","r":1500,"rd":130,"sigma":0,"rpr":1521.4729897639,"rprd":124.15097684472,"rpsigma":0,"rptime":1438678800,"w":1,"l":0,"t":0,"gxe":52.7,"acre":1048.6573130569,"lacre":1048.6573130569,"oldacre":1000},"endType":"normal"}