{"seed":[3668,52595,49553,51257],"turns":25,"p1":"DJ Biggie","p2":"V Monocle","p1team":[{"name":"Faildra","species":"kingdra","item":"scopelens","ability":"Sniper","moves":["focusenergy","dracometeor","surf","agility"],"nature":"Modest","evs":{"hp":0,"atk":0,"def":4,"spa":252,"spd":0,"spe":252},"ivs":{"hp":31,"atk":31,"def":31,"spa":31,"spd":31,"spe":31}},{"name":"Hen + Tie","species":"tentacruel","item":"blacksludge","ability":"Liquid Ooze","moves":["scald","rapidspin","acidspray","knockoff"],"nature":"Timid","evs":{"hp":248,"atk":0,"def":216,"spa":0,"spd":28,"spe":16},"ivs":{"hp":31,"atk":31,"def":31,"spa":31,"spd":31,"spe":31}},{"name":"Kenny (The Bae)","species":"azumarill","item":"assaultvest","ability":"Sap Sipper","moves":["playrough","waterfall","aquajet","knockoff"],"nature":"Adamant","evs":{"hp":240,"atk":252,"def":0,"spa":0,"spd":16,"spe":0},"gender":"F","ivs":{"hp":31,"atk":31,"def":31,"spa":31,"spd":31,"spe":31}},{"name":"Slippy","species":"politoed","item":"choicespecs","ability":"Drizzle","moves":["scald","hydropump","hiddenpowergrass","mudbomb"],"nature":"Modest","evs":{"hp":248,"atk":0,"def":0,"spa":252,"spd":8,"spe":0},"ivs":{"hp":31,"atk":30,"def":31,"spa":30,"spd":31,"spe":31}},{"name":"Samba de Amigo","species":"ludicolo","item":"lifeorb","ability":"Swift Swim","moves":["hydropump","gigadrain","icebeam","focusblast"],"nature":"Modest","evs":{"hp":0,"atk":0,"def":0,"spa":252,"spd":4,"spe":252},"ivs":{"hp":31,"atk":31,"def":31,"spa":31,"spd":31,"spe":31}},{"name":"JUST DO IT!","species":"swampert","item":"swampertite","ability":"Damp","moves":["waterfall","earthquake","icepunch","poweruppunch"],"nature":"Adamant","evs":{"hp":0,"atk":252,"def":4,"spa":0,"spd":0,"spe":252},"ivs":{"hp":31,"atk":31,"def":31,"spa":31,"spd":31,"spe":31}}],"p2team":[{"name":"Aeroducktyl","species":"aerodactyl","item":"aerodactylite","ability":"Pressure","moves":["aerialace","stoneedge","icefang","earthquake"],"nature":"Adamant","evs":{"hp":0,"atk":252,"def":0,"spa":0,"spd":4,"spe":252},"ivs":{"hp":31,"atk":31,"def":31,"spa":31,"spd":31,"spe":31}},{"name":"Berry Bad","species":"shuckle","item":"mentalherb","ability":"Sturdy","moves":["stealthrock","stickyweb","encore","knockoff"],"nature":"Bold","evs":{"hp":248,"atk":0,"def":252,"spa":0,"spd":8,"spe":0},"ivs":{"hp":31,"atk":31,"def":31,"spa":31,"spd":31,"spe":31}},{"name":"Spore CC","species":"cradily","item":"leftovers","ability":"Storm Drain","moves":["stealthrock","gigadrain","mirrorcoat","recover"],"nature":"Calm","evs":{"hp":252,"atk":0,"def":0,"spa":4,"spd":252,"spe":0},"ivs":{"hp":31,"atk":31,"def":31,"spa":31,"spd":31,"spe":31}},{"name":"Tyranitard","species":"tyranitar","item":"assaultvest","ability":"Sand Stream","moves":["stoneedge","crunch","fireblast","icepunch"],"nature":"Sassy","evs":{"hp":248,"atk":0,"def":0,"spa":8,"spd":252,"spe":0},"ivs":{"hp":31,"atk":31,"def":31,"spa":31,"spd":31,"spe":31}},{"name":"Terry","species":"terrakion","item":"choiceband","ability":"Justified","moves":["closecombat","stoneedge","earthquake","ironhead"],"nature":"Jolly","evs":{"hp":0,"atk":252,"def":0,"spa":0,"spd":4,"spe":252},"ivs":{"hp":31,"atk":31,"def":31,"spa":31,"spd":31,"spe":31}},{"name":"Larry","species":"omastar","item":"focussash","ability":"Weak Armor","moves":["shellsmash","surf","icebeam","hiddenpowergrass"],"nature":"Timid","evs":{"hp":0,"atk":0,"def":0,"spa":252,"spd":4,"spe":252},"ivs":{"hp":31,"atk":30,"def":31,"spa":30,"spd":31,"spe":31}}],"log":["|player|p1|DJ Biggie|djbiggie.png","|player|p2|V Monocle|vmonocle.png","|gametype|singles","|gen|6","|tier|Monotype","|rated","|rule|Baton Pass Clause: Limit one Baton Passer, can't pass Spe and other stats simultaneously","|rule|Swagger Clause: Swagger is banned","|rule|Same Type Clause: Pokémon in a team must share a type","|clearpoke","|poke|p1|Kingdra, F","|poke|p1|Tentacruel, M","|poke|p1|Azumarill, F","|poke|p1|Politoed, F","|poke|p1|Ludicolo, F","|poke|p1|Swampert, M","|poke|p2|Aerodactyl, F","|poke|p2|Shuckle, F","|poke|p2|Cradily, F","|poke|p2|Tyranitar, M","|poke|p2|Terrakion","|poke|p2|Omastar, M","|rule|Sleep Clause Mod: Limit one foe put to sleep","|rule|Species Clause: Limit one of each Pokémon","|rule|OHKO Clause: OHKO moves are banned","|rule|Moody Clause: Moody is banned","|rule|Evasion Moves Clause: Evasion moves are banned","|rule|Endless Battle Clause: Forcing endless battles is banned","|rule|HP Percentage Mod: HP is shown in percentages","|teampreview","|","|start","|switch|p1a: Slippy|Politoed, F|383/383","|switch|p2a: Berry Bad|Shuckle, F|243/243","|-weather|RainDance","|turn|1","|","|move|p1a: Slippy|Hydro Pump|p2a: Berry Bad","|-supereffective|p2a: Berry Bad","|-ability|p2a: Berry Bad|Sturdy","|-damage|p2a: Berry Bad|1/243","|move|p2a: Berry Bad|Sticky Web|p1a: Slippy","|-sidestart|p1: DJ Biggie|move: Sticky Web","|","|-weather|RainDance|[upkeep]","|turn|2","|","|switch|p2a: Spore CC|Cradily, F|376/376","|move|p1a: Slippy|Hydro Pump|p2a: Spore CC","|-boost|p2a: Spore CC|spa|1|[from] ability: Storm Drain","|","|-weather|RainDance|[upkeep]","|turn|3","|","|switch|p1a: Hen + Tie|Tentacruel, M|363/363","|-activate|p1a: Hen + Tie|move: Sticky Web","|-unboost|p1a: Hen + Tie|spe|1","|move|p2a: Spore CC|Stealth Rock|p1a: Hen + Tie","|-sidestart|p1: DJ Biggie|move: Stealth Rock","|","|-weather|RainDance|[upkeep]","|turn|4","|","|move|p1a: Hen + Tie|Acid Spray|p2a: Spore CC","|-damage|p2a: Spore CC|348/376","|-unboost|p2a: Spore CC|spd|2","|move|p2a: Spore CC|Mirror Coat|p1a: Hen + Tie","|-damage|p1a: Hen + Tie|307/363","|","|-weather|RainDance|[upkeep]","|-heal|p1a: Hen + Tie|329/363|[from] item: Black Sludge","|-heal|p2a: Spore CC|371/376|[from] item: Leftovers","|turn|5","|","|move|p1a: Hen + Tie|Knock Off|p2a: Spore CC","|-damage|p2a: Spore CC|321/376","|-enditem|p2a: Spore CC|Leftovers|[from] move: Knock Off|[of] p1a: Hen + Tie","|move|p2a: Spore CC|Giga Drain|p1a: Hen + Tie","|-damage|p1a: Hen + Tie|242/363","|-damage|p2a: Spore CC|277/376|[from] ability: Liquid Ooze|[of] p1a: Hen + Tie","|","|-weather|none","|-heal|p1a: Hen + Tie|264/363|[from] item: Black Sludge","|turn|6","|","|move|p1a: Hen + Tie|Rapid Spin|p2a: Spore CC","|-resisted|p2a: Spore CC","|-damage|p2a: Spore CC|272/376","|-sideend|p1: DJ Biggie|Stealth Rock|[from] move: Rapid Spin|[of] p1a: Hen + Tie","|-sideend|p1: DJ Biggie|Sticky Web|[from] move: Rapid Spin|[of] p1a: Hen + Tie","|move|p2a: Spore CC|Recover|p2a: Spore CC","|-heal|p2a: Spore CC|376/376","|","|-heal|p1a: Hen + Tie|286/363|[from] item: Black Sludge","|turn|7","|","|switch|p1a: Samba de Amigo|Ludicolo, F|301/301","|switch|p2a: Berry Bad|Shuckle, F|1/243","|","|turn|8","|","|move|p1a: Samba de Amigo|Giga Drain|p2a: Berry Bad","|-damage|p2a: Berry Bad|0 fnt","|-damage|p1a: Samba de Amigo|271/301|[from] item: Life Orb","|faint|p2a: Berry Bad","|","|","|switch|p2a: Aeroducktyl|Aerodactyl, F|301/301","|-ability|p2a: Aeroducktyl|Pressure","|turn|9","|","|detailschange|p2a: Aeroducktyl|Aerodactyl-Mega, F","|-mega|p2a: Aeroducktyl|Aerodactyl|Aerodactylite","|move|p2a: Aeroducktyl|Aerial Ace|p1a: Samba de Amigo","|-supereffective|p1a: Samba de Amigo","|-damage|p1a: Samba de Amigo|0 fnt","|faint|p1a: Samba de Amigo","|","|","|switch|p1a: Slippy|Politoed, F|383/383","|-weather|RainDance","|turn|10","|","|switch|p2a: Spore CC|Cradily, F|376/376","|move|p1a: Slippy|Scald|p2a: Spore CC","|-boost|p2a: Spore CC|spa|1|[from] ability: Storm Drain","|","|-weather|RainDance|[upkeep]","|turn|11","|","|switch|p1a: Hen + Tie|Tentacruel, M|286/363","|move|p2a: Spore CC|Giga Drain|p1a: Hen + Tie","|-damage|p1a: Hen + Tie|196/363","|-damage|p2a: Spore CC|331/376|[from] ability: Liquid Ooze|[of] p1a: Hen + Tie","|","|-weather|RainDance|[upkeep]","|-heal|p1a: Hen + Tie|218/363|[from] item: Black Sludge","|turn|12","|","|move|p1a: Hen + Tie|Acid Spray|p2a: Spore CC","|-damage|p2a: Spore CC|301/376","|-unboost|p2a: Spore CC|spd|2","|move|p2a: Spore CC|Giga Drain|p1a: Hen + Tie","|-damage|p1a: Hen + Tie|127/363","|-damage|p2a: Spore CC|255/376|[from] ability: Liquid Ooze|[of] p1a: Hen + Tie","|","|-weather|RainDance|[upkeep]","|-heal|p1a: Hen + Tie|149/363|[from] item: Black Sludge","|turn|13","|","|move|p1a: Hen + Tie|Acid Spray|p2a: Spore CC","|-damage|p2a: Spore CC|200/376","|-unboost|p2a: Spore CC|spd|2","|move|p2a: Spore CC|Recover|p2a: Spore CC","|-heal|p2a: Spore CC|376/376","|","|-weather|RainDance|[upkeep]","|-heal|p1a: Hen + Tie|171/363|[from] item: Black Sludge","|turn|14","|","|move|p1a: Hen + Tie|Acid Spray|p2a: Spore CC","|-damage|p2a: Spore CC|301/376","|-unboost|p2a: Spore CC|spd|2","|move|p2a: Spore CC|Giga Drain|p1a: Hen + Tie","|-damage|p1a: Hen + Tie|78/363","|-damage|p2a: Spore CC|254/376|[from] ability: Liquid Ooze|[of] p1a: Hen + Tie","|","|-weather|none","|-heal|p1a: Hen + Tie|100/363|[from] item: Black Sludge","|turn|15","|","|switch|p1a: Faildra|Kingdra, F|291/291","|move|p2a: Spore CC|Recover|p2a: Spore CC","|-heal|p2a: Spore CC|376/376","|","|turn|16","|","|move|p1a: Faildra|Draco Meteor|p2a: Spore CC","|-crit|p2a: Spore CC","|-damage|p2a: Spore CC|0 fnt","|-unboost|p1a: Faildra|spa|2","|faint|p2a: Spore CC","|","|","|switch|p2a: Larry|Omastar, M|281/281","|turn|17","|","|move|p1a: Faildra|Surf|p2a: Larry","|-damage|p2a: Larry|184/281","|move|p2a: Larry|Shell Smash|p2a: Larry","|-unboost|p2a: Larry|def|1","|-unboost|p2a: Larry|spd|1","|-boost|p2a: Larry|atk|2","|-boost|p2a: Larry|spa|2","|-boost|p2a: Larry|spe|2","|","|turn|18","|","|move|p2a: Larry|Ice Beam|p1a: Faildra","|-damage|p1a: Faildra|86/291","|move|p1a: Faildra|Surf|p2a: Larry","|-damage|p2a: Larry|42/281","|","|turn|19","|","|switch|p1a: Kenny (The Bae)|Azumarill, F|401/401","|move|p2a: Larry|Hidden Power|p1a: Kenny (The Bae)","|-boost|p1a: Kenny (The Bae)|atk|1|[from] ability: Sap Sipper","|","|turn|20","|","|move|p1a: Kenny (The Bae)|Aqua Jet|p2a: Larry","|-damage|p2a: Larry|0 fnt","|faint|p2a: Larry","|","|","|switch|p2a: Terry|Terrakion|323/323","|turn|21","|","|move|p2a: Terry|Stone Edge|p1a: Kenny (The Bae)","|-damage|p1a: Kenny (The Bae)|80/401","|move|p1a: Kenny (The Bae)|Waterfall|p2a: Terry","|-supereffective|p2a: Terry","|-damage|p2a: Terry|59/323","|","|turn|22","|","|move|p1a: Kenny (The Bae)|Aqua Jet|p2a: Terry","|-supereffective|p2a: Terry","|-damage|p2a: Terry|0 fnt","|faint|p2a: Terry","|","|","|switch|p2a: Tyranitard|Tyranitar, M|403/403","|-weather|Sandstorm","|turn|23","|","|move|p1a: Kenny (The Bae)|Aqua Jet|p2a: Tyranitard","|-supereffective|p2a: Tyranitard","|-damage|p2a: Tyranitard|283/403","|move|p2a: Tyranitard|Crunch|p1a: Kenny (The Bae)","|-resisted|p1a: Kenny (The Bae)","|-damage|p1a: Kenny (The Bae)|7/401","|","|-weather|Sandstorm|[upkeep]","|-damage|p1a: Kenny (The Bae)|0 fnt|[from] sandstorm","|faint|p1a: Kenny (The Bae)","|","|switch|p1a: Slippy|Politoed, F|383/383","|-weather|RainDance","|turn|24","|","|move|p1a: Slippy|Scald|p2a: Tyranitard","|-supereffective|p2a: Tyranitard","|-damage|p2a: Tyranitard|0 fnt","|faint|p2a: Tyranitard","|","|-weather|RainDance|[upkeep]","|","|switch|p2a: Aeroducktyl|Aerodactyl-Mega, F|301/301","|turn|25","|","|move|p2a: Aeroducktyl|Stone Edge|p1a: Slippy","|-damage|p1a: Slippy|119/383","|move|p1a: Slippy|Scald|p2a: Aeroducktyl","|-supereffective|p2a: Aeroducktyl","|-damage|p2a: Aeroducktyl|0 fnt","|faint|p2a: Aeroducktyl","|","|win|DJ Biggie"],"p1rating":{"entryid":"7236327","serverid":"eos","formatid":"monotype","userid":"djbiggie","username":"DJ Biggie","w":16,"l":"10","t":"0","gxe":57.1,"r":"1524.1693725529","rd":"71.603359091834","sigma":"0","rptime":"1438678800","rpr":1554.9823106735,"rprd":63.511339084893,"rpsigma":"0","acre":1175.7293737136,"lacre":1175.7293737136,"oldacre":"1156.0356016091"},"p2rating":{"entryid":"7320079","serverid":"eos","formatid":"monotype","userid":"vmonocle","username":"V Monocle","w":"10","l":21,"t":"0","gxe":36,"r":"1433.2039997822","rd":"72.246670611234","sigma":"0","rptime":"1438678800","rpr":1389.8782560966,"rprd":59.843199432324,"rpsigma":"0","acre":1063.6874832348,"lacre":1063.6874832348,"oldacre":"1081.1544109202"},"endType":"normal"}