{"seed":[14460,57500,28379,64667],"turns":25,"p1":"DJMadness","p2":"Doctor Glumanda","p1team":[{"name":"The Drill","species":"beedrill","item":"beedrillite","ability":"Swarm","moves":["uturn","protect","poisonjab","aerialace"],"nature":"Jolly","evs":{"hp":0,"atk":252,"def":0,"spa":0,"spd":4,"spe":252},"gender":"M","shiny":true,"ivs":{"hp":31,"atk":31,"def":31,"spa":31,"spd":31,"spe":31}},{"name":"A Monster","species":"volcarona","item":"sitrusberry","ability":"Flame Body","moves":["bugbuzz","fierydance","quiverdance","gigadrain"],"nature":"Timid","evs":{"hp":252,"atk":0,"def":0,"spa":0,"spd":4,"spe":252},"gender":"F","shiny":true,"ivs":{"hp":31,"atk":31,"def":31,"spa":31,"spd":31,"spe":31}},{"name":"What Am I?","species":"armaldo","item":"leftovers","ability":"Battle Armor","moves":["stealthrock","rapidspin","toxic","xscissor"],"nature":"Impish","evs":{"hp":252,"atk":4,"def":252,"spa":0,"spd":0,"spe":0},"gender":"M","shiny":true,"ivs":{"hp":31,"atk":31,"def":31,"spa":31,"spd":31,"spe":31}},{"name":"SpiderQueen","species":"galvantula","item":"focussash","ability":"Compound Eyes","moves":["stickyweb","thunder","energyball","bugbuzz"],"nature":"Timid","evs":{"hp":0,"atk":0,"def":0,"spa":252,"spd":4,"spe":252},"gender":"F","shiny":true,"ivs":{"hp":31,"atk":31,"def":31,"spa":31,"spd":31,"spe":31}},{"name":"Dual Blade","species":"scyther","item":"eviolite","ability":"Technician","moves":["aerialace","swordsdance","roost","quickattack"],"nature":"Jolly","evs":{"hp":252,"atk":4,"def":0,"spa":0,"spd":0,"spe":252},"gender":"M","shiny":true,"ivs":{"hp":31,"atk":31,"def":31,"spa":31,"spd":31,"spe":31}},{"name":"Soo Kawaii :3","species":"vivillon","item":"lifeorb","ability":"Compound Eyes","moves":["hurricane","sleeppowder","drainingkiss","quiverdance"],"nature":"Timid","evs":{"hp":0,"atk":0,"def":0,"spa":252,"spd":0,"spe":252},"gender":"F","shiny":true,"ivs":{"hp":31,"atk":31,"def":31,"spa":31,"spd":31,"spe":31}}],"p2team":[{"name":"Streamers","species":"deoxysdefense","item":"mentalherb","ability":"Pressure","moves":["thunderwave","spikes","stealthrock","taunt"],"nature":"Timid","evs":{"hp":252,"atk":0,"def":4,"spa":0,"spd":0,"spe":252},"ivs":{"hp":31,"atk":0,"def":31,"spa":31,"spd":31,"spe":31}},{"name":"Astral","species":"jirachi","item":"choicescarf","ability":"Serene Grace","moves":["uturn","trick","healingwish","ironhead"],"nature":"Jolly","evs":{"hp":0,"atk":252,"def":0,"spa":0,"spd":4,"spe":252},"ivs":{"hp":31,"atk":31,"def":31,"spa":31,"spd":31,"spe":31}},{"name":"Sheep","species":"slowbro","item":"rockyhelmet","ability":"Regenerator","moves":["slackoff","flamethrower","scald","thunderwave"],"nature":"Bold","evs":{"hp":252,"atk":0,"def":252,"spa":4,"spd":0,"spe":0},"ivs":{"hp":31,"atk":0,"def":31,"spa":31,"spd":31,"spe":31}},{"name":"Princess","species":"gardevoir","item":"gardevoirite","ability":"Trace","moves":["hypervoice","psyshock","focusblast","substitute"],"nature":"Timid","evs":{"hp":0,"atk":0,"def":24,"spa":232,"spd":0,"spe":252},"ivs":{"hp":31,"atk":0,"def":31,"spa":31,"spd":31,"spe":31},"shiny":true},{"name":"Vendetta","species":"victini","item":"choiceband","ability":"Victory Star","moves":["vcreate","uturn","boltstrike","zenheadbutt"],"nature":"Adamant","evs":{"hp":0,"atk":252,"def":0,"spa":0,"spd":4,"spe":252},"ivs":{"hp":31,"atk":31,"def":31,"spa":31,"spd":31,"spe":31}},{"name":"Melee","species":"meloetta","item":"assaultvest","ability":"Serene Grace","moves":["energyball","psyshock","focusblast","shadowball"],"nature":"Modest","evs":{"hp":248,"atk":0,"def":0,"spa":252,"spd":8,"spe":0},"ivs":{"hp":31,"atk":0,"def":31,"spa":31,"spd":31,"spe":31}}],"log":["|player|p1|DJMadness|92","|player|p2|Doctor Glumanda|doctorglumanda.gif","|gametype|singles","|gen|6","|tier|Monotype","|rated","|rule|Baton Pass Clause: Limit one Baton Passer, can't pass Spe and other stats simultaneously","|rule|Swagger Clause: Swagger is banned","|rule|Same Type Clause: Pokémon in a team must share a type","|clearpoke","|poke|p1|Beedrill, M, shiny","|poke|p1|Volcarona, F, shiny","|poke|p1|Armaldo, M, shiny","|poke|p1|Galvantula, F, shiny","|poke|p1|Scyther, M, shiny","|poke|p1|Vivillon, F, shiny","|poke|p2|Deoxys-Defense","|poke|p2|Jirachi","|poke|p2|Slowbro, F","|poke|p2|Gardevoir, M, shiny","|poke|p2|Victini","|poke|p2|Meloetta","|rule|Sleep Clause Mod: Limit one foe put to sleep","|rule|Species Clause: Limit one of each Pokémon","|rule|OHKO Clause: OHKO moves are banned","|rule|Moody Clause: Moody is banned","|rule|Evasion Moves Clause: Evasion moves are banned","|rule|Endless Battle Clause: Forcing endless battles is banned","|rule|HP Percentage Mod: HP is shown in percentages","|teampreview","|","|start","|switch|p1a: SpiderQueen|Galvantula, F, shiny|281/281","|switch|p2a: Streamers|Deoxys-Defense|304/304","|-ability|p2a: Streamers|Pressure","|turn|1","|","|move|p1a: SpiderQueen|Sticky Web|p2a: Streamers","|-sidestart|p2: Doctor Glumanda|move: Sticky Web","|move|p2a: Streamers|Taunt|p1a: SpiderQueen","|-start|p1a: SpiderQueen|move: Taunt","|","|turn|2","|","|move|p1a: SpiderQueen|Bug Buzz|p2a: Streamers","|-supereffective|p2a: Streamers","|-damage|p2a: Streamers|128/304","|move|p2a: Streamers|Stealth Rock|p1a: SpiderQueen","|-sidestart|p1: DJMadness|move: Stealth Rock","|","|turn|3","|","|move|p1a: SpiderQueen|Bug Buzz|p2a: Streamers","|-supereffective|p2a: Streamers","|-damage|p2a: Streamers|0 fnt","|faint|p2a: Streamers","|","|","|switch|p2a: Melee|Meloetta|403/403","|-activate|p2a: Melee|move: Sticky Web","|-unboost|p2a: Melee|spe|1","|turn|4","|","|move|p1a: SpiderQueen|Bug Buzz|p2a: Melee","|-supereffective|p2a: Melee","|-damage|p2a: Melee|269/403","|move|p2a: Melee|Psyshock|p1a: SpiderQueen","|-damage|p1a: SpiderQueen|55/281","|","|-end|p1a: SpiderQueen|move: Taunt","|turn|5","|","|move|p1a: SpiderQueen|Bug Buzz|p2a: Melee","|-supereffective|p2a: Melee","|-damage|p2a: Melee|129/403","|move|p2a: Melee|Psyshock|p1a: SpiderQueen","|-damage|p1a: SpiderQueen|0 fnt","|faint|p1a: SpiderQueen","|","|","|switch|p1a: What Am I?|Armaldo, M, shiny|354/354","|-damage|p1a: What Am I?|266/354|[from] Stealth Rock","|turn|6","|","|move|p2a: Melee|Focus Blast|p1a: What Am I?","|-damage|p1a: What Am I?|67/354","|move|p1a: What Am I?|Rapid Spin|p2a: Melee","|-damage|p2a: Melee|104/403","|-sideend|p1: DJMadness|Stealth Rock|[from] move: Rapid Spin|[of] p1a: What Am I?","|","|-heal|p1a: What Am I?|89/354|[from] item: Leftovers","|turn|7","|","|move|p2a: Melee|Shadow Ball|p1a: What Am I?","|-damage|p1a: What Am I?|0 fnt","|faint|p1a: What Am I?","|","|","|switch|p1a: The Drill|Beedrill, M, shiny|271/271","|turn|8","|","|detailschange|p1a: The Drill|Beedrill-Mega, M, shiny","|-mega|p1a: The Drill|Beedrill|Beedrillite","|move|p1a: The Drill|Protect|p1a: The Drill","|-singleturn|p1a: The Drill|Protect","|move|p2a: Melee|Psyshock|p1a: The Drill","|-activate|p1a: The Drill|Protect","|","|turn|9","|","|move|p1a: The Drill|U-turn|p2a: Melee","|-supereffective|p2a: Melee","|-damage|p2a: Melee|0 fnt","|faint|p2a: Melee","|","|switch|p1a: Soo Kawaii :3|Vivillon, F, shiny|301/301","|","|","|switch|p2a: Princess|Gardevoir, M, shiny|277/277","|-activate|p2a: Princess|move: Sticky Web","|-unboost|p2a: Princess|spe|1","|-ability|p2a: Princess|Compound Eyes|[from] ability: Trace|[of] p1a: Soo Kawaii :3","|turn|10","|","|detailschange|p2a: Princess|Gardevoir-Mega, M, shiny","|-mega|p2a: Princess|Gardevoir|Gardevoirite","|move|p1a: Soo Kawaii :3|Sleep Powder|p2a: Princess","|-status|p2a: Princess|slp","|cant|p2a: Princess|slp","|","|turn|11","|","|move|p1a: Soo Kawaii :3|Quiver Dance|p1a: Soo Kawaii :3","|-boost|p1a: Soo Kawaii :3|spa|1","|-boost|p1a: Soo Kawaii :3|spd|1","|-boost|p1a: Soo Kawaii :3|spe|1","|cant|p2a: Princess|slp","|","|turn|12","|","|move|p1a: Soo Kawaii :3|Hurricane|p2a: Princess","|-damage|p2a: Princess|50/277 slp","|-start|p2a: Princess|confusion","|-damage|p1a: Soo Kawaii :3|271/301|[from] item: Life Orb","|-curestatus|p2a: Princess|slp","|-activate|p2a: Princess|confusion","|-damage|p2a: Princess|23/277|[from] confusion","|","|turn|13","|","|move|p1a: Soo Kawaii :3|Hurricane|p2a: Princess","|-damage|p2a: Princess|0 fnt","|-damage|p1a: Soo Kawaii :3|241/301|[from] item: Life Orb","|faint|p2a: Princess","|","|","|switch|p2a: Vendetta|Victini|341/341","|-activate|p2a: Vendetta|move: Sticky Web","|-unboost|p2a: Vendetta|spe|1","|turn|14","|","|move|p1a: Soo Kawaii :3|Sleep Powder|p2a: Vendetta","|-status|p2a: Vendetta|slp","|cant|p2a: Vendetta|slp","|","|turn|15","|","|move|p1a: Soo Kawaii :3|Hurricane|p2a: Vendetta","|-damage|p2a: Vendetta|71/341 slp","|-damage|p1a: Soo Kawaii :3|211/301|[from] item: Life Orb","|-curestatus|p2a: Vendetta|slp","|move|p2a: Vendetta|V-create|p1a: Soo Kawaii :3","|-supereffective|p1a: Soo Kawaii :3","|-damage|p1a: Soo Kawaii :3|0 fnt","|-unboost|p2a: Vendetta|spe|1","|-unboost|p2a: Vendetta|def|1","|-unboost|p2a: Vendetta|spd|1","|faint|p1a: Soo Kawaii :3","|","|","|switch|p1a: The Drill|Beedrill-Mega, M, shiny|271/271","|turn|16","|","|move|p1a: The Drill|U-turn|p2a: Vendetta","|-damage|p2a: Vendetta|0 fnt","|faint|p2a: Vendetta","|","|switch|p1a: A Monster|Volcarona, F, shiny|374/374","|","|","|switch|p2a: Astral|Jirachi|341/341","|-activate|p2a: Astral|move: Sticky Web","|-unboost|p2a: Astral|spe|1","|turn|17","|","|move|p1a: A Monster|Quiver Dance|p1a: A Monster","|-boost|p1a: A Monster|spa|1","|-boost|p1a: A Monster|spd|1","|-boost|p1a: A Monster|spe|1","|move|p2a: Astral|Trick|p1a: A Monster","|-activate|p2a: Astral|move: Trick|[of] p1a: A Monster","|-item|p1a: A Monster|Choice Scarf|[from] move: Trick","|-item|p2a: Astral|Sitrus Berry|[from] move: Trick","|","|turn|18","|","|move|p1a: A Monster|Fiery Dance|p2a: Astral","|-supereffective|p2a: Astral","|-damage|p2a: Astral|0 fnt","|-boost|p1a: A Monster|spa|1","|faint|p2a: Astral","|","|","|switch|p2a: Sheep|Slowbro, F|394/394","|-activate|p2a: Sheep|move: Sticky Web","|-unboost|p2a: Sheep|spe|1","|turn|19","|","|move|p1a: A Monster|Fiery Dance|p2a: Sheep","|-resisted|p2a: Sheep","|-damage|p2a: Sheep|253/394","|move|p2a: Sheep|Thunder Wave|p1a: A Monster","|-status|p1a: A Monster|par","|","|turn|20","|","|move|p1a: A Monster|Fiery Dance|p2a: Sheep","|-resisted|p2a: Sheep","|-damage|p2a: Sheep|109/394","|move|p2a: Sheep|Scald|p1a: A Monster","|-supereffective|p1a: A Monster","|-damage|p1a: A Monster|240/374 par","|","|turn|21","|","|cant|p1a: A Monster|par","|move|p2a: Sheep|Slack Off|p2a: Sheep","|-heal|p2a: Sheep|306/394","|","|turn|22","|","|move|p1a: A Monster|Fiery Dance|p2a: Sheep","|-resisted|p2a: Sheep","|-damage|p2a: Sheep|166/394","|-boost|p1a: A Monster|spa|1","|move|p2a: Sheep|Slack Off|p2a: Sheep","|-heal|p2a: Sheep|363/394","|","|turn|23","|","|move|p1a: A Monster|Fiery Dance|p2a: Sheep","|-resisted|p2a: Sheep","|-damage|p2a: Sheep|183/394","|-boost|p1a: A Monster|spa|1","|move|p2a: Sheep|Scald|p1a: A Monster","|-supereffective|p1a: A Monster","|-damage|p1a: A Monster|108/374 par","|","|turn|24","|","|cant|p1a: A Monster|par","|move|p2a: Sheep|Scald|p1a: A Monster","|-supereffective|p1a: A Monster","|-damage|p1a: A Monster|0 fnt","|faint|p1a: A Monster","|","|","|switch|p1a: The Drill|Beedrill-Mega, M, shiny|271/271","|turn|25","|","|move|p1a: The Drill|U-turn|p2a: Sheep","|-supereffective|p2a: Sheep","|-damage|p2a: Sheep|0 fnt","|-damage|p1a: The Drill|226/271|[from] item: Rocky Helmet|[of] p2a: Sheep","|faint|p2a: Sheep","|","|win|DJMadness"],"p1rating":{"entryid":"7355209","serverid":"eos","formatid":"monotype","userid":"djmadness","username":"DJMadness","w":8,"l":"12","t":"0","gxe":43.1,"r":"1344.0194674362","rd":"88.375044745558","sigma":"0","rptime":"1438678800","rpr":1446.8607700736,"rprd":74.080860741611,"rpsigma":"0","acre":1143.7938282783,"lacre":1143.7938282783,"oldacre":"1118.8830567509"},"p2rating":{"entryid":"6022760","serverid":"eos","formatid":"monotype","userid":"doctorglumanda","username":"Doctor Glumanda","w":"3","l":1,"t":"0","gxe":55.2,"r":"1599.5388564818","rd":"117.98807642547","sigma":"0","rptime":"1438678800","rpr":1541.3549246265,"rprd":114.21302377759,"rpsigma":"0","acre":1092.7322340931,"lacre":1092.7322340931,"oldacre":"1117.6430056205"},"endType":"normal"}