{"seed":[57640,42543,16278,57388],"turns":33,"p1":"Twizz","p2":"DJMadness","p1team":[{"name":"Magnezone","species":"Magnezone","item":"leftovers","ability":"Sturdy","moves":["flashcannon","thunderbolt","protect","hiddenpowerice"],"nature":"Modest","evs":{"hp":76,"atk":0,"def":180,"spa":252,"spd":0,"spe":0},"ivs":{"hp":31,"atk":30,"def":30,"spa":31,"spd":31,"spe":31}},{"name":"Zapdos","species":"Zapdos","item":"leftovers","ability":"Pressure","moves":["discharge","heatwave","toxic","roost"],"nature":"Bold","evs":{"hp":4,"atk":0,"def":252,"spa":0,"spd":252,"spe":0},"ivs":{"hp":31,"atk":31,"def":31,"spa":31,"spd":31,"spe":31}},{"name":"Ampharos","species":"Ampharos","item":"ampharosite","ability":"Static","moves":["cottonguard","rest","sleeptalk","dragonpulse"],"nature":"Bold","evs":{"hp":0,"atk":0,"def":252,"spa":136,"spd":120,"spe":0},"ivs":{"hp":31,"atk":31,"def":31,"spa":31,"spd":31,"spe":31}},{"name":"Raikou","species":"Raikou","item":"leftovers","ability":"Pressure","moves":["calmmind","substitute","thunderbolt","extrasensory"],"nature":"Timid","evs":{"hp":0,"atk":0,"def":0,"spa":252,"spd":4,"spe":252},"ivs":{"hp":31,"atk":31,"def":31,"spa":31,"spd":31,"spe":31}},{"name":"Rotom-Wash","species":"Rotom-Wash","item":"choicescarf","ability":"Levitate","moves":["voltswitch","hydropump","willowisp","trick"],"nature":"Timid","evs":{"hp":0,"atk":0,"def":0,"spa":252,"spd":4,"spe":252},"ivs":{"hp":31,"atk":31,"def":31,"spa":31,"spd":31,"spe":31}},{"name":"Condom","species":"eelektross","item":"assaultvest","ability":"Levitate","moves":["gigadrain","thunderbolt","drainpunch","knockoff"],"nature":"Quiet","evs":{"hp":3,"atk":136,"def":0,"spa":108,"spd":252,"spe":0},"ivs":{"hp":31,"atk":31,"def":31,"spa":31,"spd":31,"spe":31}}],"p2team":[{"name":"The Champ","species":"venusaur","item":"venusaurite","ability":"Chlorophyll","moves":["growth","synthesis","sludgebomb","hiddenpowerfire"],"nature":"Bold","evs":{"hp":252,"atk":0,"def":252,"spa":4,"spd":0,"spe":0},"gender":"F","ivs":{"hp":31,"atk":30,"def":31,"spa":30,"spd":31,"spe":30},"shiny":true},{"name":"QueenSnake","species":"serperior","item":"assaultvest","ability":"Contrary","moves":["dragonpulse","leafstorm","hiddenpowerfire","dragontail"],"nature":"Hasty","evs":{"hp":0,"atk":4,"def":0,"spa":252,"spd":0,"spe":252},"gender":"F","ivs":{"hp":31,"atk":30,"def":31,"spa":30,"spd":31,"spe":30},"shiny":true},{"name":"Kawaii","species":"whimsicott","item":"heatrock","ability":"Prankster","moves":["sunnyday","leechseed","rest","cottonguard"],"nature":"Calm","evs":{"hp":252,"atk":0,"def":0,"spa":4,"spd":252,"spe":0},"gender":"F","shiny":true,"ivs":{"hp":31,"atk":31,"def":31,"spa":31,"spd":31,"spe":31}},{"name":"Thorns Bru","species":"ferrothorn","item":"rockyhelmet","ability":"Iron Barbs","moves":["leechseed","thunderwave","protect","knockoff"],"nature":"Impish","evs":{"hp":248,"atk":8,"def":252,"spa":0,"spd":0,"spe":0},"gender":"M","shiny":true,"ivs":{"hp":31,"atk":31,"def":31,"spa":31,"spd":31,"spe":31}},{"name":"Breloom","species":"Breloom","item":"choicescarf","ability":"Technician","moves":["bulletseed","rocktomb","forcepalm","machpunch"],"nature":"Adamant","evs":{"hp":4,"atk":252,"def":0,"spa":0,"spd":0,"spe":252},"gender":"M","shiny":true,"ivs":{"hp":31,"atk":31,"def":31,"spa":31,"spd":31,"spe":31}},{"name":"This Is My Pet","species":"leafeon","item":"lumberry","ability":"Chlorophyll","moves":["swordsdance","leafblade","aerialace","synthesis"],"nature":"Adamant","evs":{"hp":252,"atk":252,"def":0,"spa":0,"spd":4,"spe":0},"gender":"M","shiny":true,"ivs":{"hp":31,"atk":31,"def":31,"spa":31,"spd":31,"spe":31}}],"log":["|player|p1|Twizz|122","|player|p2|DJMadness|92","|gametype|singles","|gen|6","|tier|Monotype","|rated","|rule|Baton Pass Clause: Limit one Baton Passer, can't pass Spe and other stats simultaneously","|rule|Swagger Clause: Swagger is banned","|rule|Same Type Clause: Pokémon in a team must share a type","|clearpoke","|poke|p1|Magnezone","|poke|p1|Zapdos","|poke|p1|Ampharos, M","|poke|p1|Raikou","|poke|p1|Rotom-Wash","|poke|p1|Eelektross, M","|poke|p2|Venusaur, F, shiny","|poke|p2|Serperior, F, shiny","|poke|p2|Whimsicott, F, shiny","|poke|p2|Ferrothorn, M, shiny","|poke|p2|Breloom, M, shiny","|poke|p2|Leafeon, M, shiny","|rule|Sleep Clause Mod: Limit one foe put to sleep","|rule|Species Clause: Limit one of each Pokémon","|rule|OHKO Clause: OHKO moves are banned","|rule|Moody Clause: Moody is banned","|rule|Evasion Moves Clause: Evasion moves are banned","|rule|Endless Battle Clause: Forcing endless battles is banned","|rule|HP Percentage Mod: HP is shown in percentages","|teampreview","|","|start","|switch|p1a: Rotom-Wash|Rotom-Wash|241/241","|switch|p2a: Kawaii|Whimsicott, F, shiny|324/324","|turn|1","|","|move|p2a: Kawaii|Cotton Guard|p2a: Kawaii","|-boost|p2a: Kawaii|def|3","|move|p1a: Rotom-Wash|Volt Switch|p2a: Kawaii","|-resisted|p2a: Kawaii","|-damage|p2a: Kawaii|276/324","|","|switch|p1a: Raikou|Raikou|321/321","|-ability|p1a: Raikou|Pressure","|","|turn|2","|","|switch|p1a: Rotom-Wash|Rotom-Wash|241/241","|move|p2a: Kawaii|Leech Seed|p1a: Rotom-Wash","|-start|p1a: Rotom-Wash|move: Leech Seed","|","|-damage|p1a: Rotom-Wash|211/241|[from] Leech Seed|[of] p2a: Kawaii","|-heal|p2a: Kawaii|306/324|[silent]","|turn|3","|","|move|p2a: Kawaii|Cotton Guard|p2a: Kawaii","|-boost|p2a: Kawaii|def|3","|move|p1a: Rotom-Wash|Trick|p2a: Kawaii","|-activate|p1a: Rotom-Wash|move: Trick|[of] p2a: Kawaii","|-item|p2a: Kawaii|Choice Scarf|[from] move: Trick","|-item|p1a: Rotom-Wash|Heat Rock|[from] move: Trick","|","|-damage|p1a: Rotom-Wash|181/241|[from] Leech Seed|[of] p2a: Kawaii","|-heal|p2a: Kawaii|324/324|[silent]","|turn|4","|","|move|p2a: Kawaii|Leech Seed|p1a: Rotom-Wash","|-fail|p1a: Rotom-Wash","|move|p1a: Rotom-Wash|Will-O-Wisp|p2a: Kawaii","|-status|p2a: Kawaii|brn","|","|-damage|p1a: Rotom-Wash|151/241|[from] Leech Seed|[of] p2a: Kawaii","|-damage|p2a: Kawaii|284/324 brn|[from] brn","|turn|5","|","|move|p2a: Kawaii|Leech Seed|p1a: Rotom-Wash","|-fail|p1a: Rotom-Wash","|move|p1a: Rotom-Wash|Volt Switch|p2a: Kawaii","|-resisted|p2a: Kawaii","|-damage|p2a: Kawaii|236/324 brn","|","|switch|p1a: Zapdos|Zapdos|322/322","|-ability|p1a: Zapdos|Pressure","|","|-damage|p2a: Kawaii|196/324 brn|[from] brn","|turn|6","|","|switch|p2a: Thorns Bru|Ferrothorn, M, shiny|351/351","|switch|p1a: Rotom-Wash|Rotom-Wash|151/241","|","|turn|7","|","|move|p2a: Thorns Bru|Protect|p2a: Thorns Bru","|-singleturn|p2a: Thorns Bru|Protect","|move|p1a: Rotom-Wash|Will-O-Wisp|p2a: Thorns Bru","|-activate|p2a: Thorns Bru|Protect","|","|turn|8","|","|move|p1a: Rotom-Wash|Will-O-Wisp|p2a: Thorns Bru","|-status|p2a: Thorns Bru|brn","|move|p2a: Thorns Bru|Knock Off|p1a: Rotom-Wash","|-damage|p1a: Rotom-Wash|114/241","|-enditem|p1a: Rotom-Wash|Heat Rock|[from] move: Knock Off|[of] p2a: Thorns Bru","|","|-damage|p2a: Thorns Bru|308/351 brn|[from] brn","|turn|9","|","|move|p1a: Rotom-Wash|Volt Switch|p2a: Thorns Bru","|-crit|p2a: Thorns Bru","|-resisted|p2a: Thorns Bru","|-damage|p2a: Thorns Bru|237/351 brn","|","|switch|p1a: Zapdos|Zapdos|322/322","|-ability|p1a: Zapdos|Pressure","|move|p2a: Thorns Bru|Leech Seed|p1a: Zapdos","|-start|p1a: Zapdos|move: Leech Seed","|","|-damage|p1a: Zapdos|282/322|[from] Leech Seed|[of] p2a: Thorns Bru","|-heal|p2a: Thorns Bru|277/351 brn|[silent]","|-damage|p2a: Thorns Bru|234/351 brn|[from] brn","|turn|10","|","|switch|p1a: Raikou|Raikou|321/321","|-ability|p1a: Raikou|Pressure","|move|p2a: Thorns Bru|Protect|p2a: Thorns Bru","|-fail|p2a: Thorns Bru","|","|-damage|p2a: Thorns Bru|191/351 brn|[from] brn","|turn|11","|","|switch|p2a: Kawaii|Whimsicott, F, shiny|196/324 brn","|move|p1a: Raikou|Substitute|p1a: Raikou","|-start|p1a: Raikou|Substitute","|-damage|p1a: Raikou|241/321","|","|-heal|p1a: Raikou|261/321|[from] item: Leftovers","|-damage|p2a: Kawaii|156/324 brn|[from] brn","|turn|12","|","|move|p2a: Kawaii|Sunny Day|p2a: Kawaii","|-weather|SunnyDay","|move|p1a: Raikou|Calm Mind|p1a: Raikou","|-boost|p1a: Raikou|spa|1","|-boost|p1a: Raikou|spd|1","|","|-weather|SunnyDay|[upkeep]","|-heal|p1a: Raikou|281/321|[from] item: Leftovers","|-damage|p2a: Kawaii|116/324 brn|[from] brn","|turn|13","|","|switch|p2a: This Is My Pet|Leafeon, M, shiny|334/334","|move|p1a: Raikou|Calm Mind|p1a: Raikou","|-boost|p1a: Raikou|spa|1","|-boost|p1a: Raikou|spd|1","|","|-weather|SunnyDay|[upkeep]","|-heal|p1a: Raikou|301/321|[from] item: Leftovers","|turn|14","|","|move|p2a: This Is My Pet|Leaf Blade|p1a: Raikou","|-end|p1a: Raikou|Substitute","|move|p1a: Raikou|Extrasensory|p2a: This Is My Pet","|-damage|p2a: This Is My Pet|90/334","|","|-weather|SunnyDay|[upkeep]","|-heal|p1a: Raikou|321/321|[from] item: Leftovers","|turn|15","|","|switch|p1a: Zapdos|Zapdos|282/322","|-ability|p1a: Zapdos|Pressure","|move|p2a: This Is My Pet|Leaf Blade|p1a: Zapdos","|-resisted|p1a: Zapdos","|-damage|p1a: Zapdos|215/322","|","|-weather|SunnyDay|[upkeep]","|-heal|p1a: Zapdos|235/322|[from] item: Leftovers","|turn|16","|","|move|p2a: This Is My Pet|Synthesis|p2a: This Is My Pet","|-heal|p2a: This Is My Pet|313/334","|move|p1a: Zapdos|Roost|p1a: Zapdos","|-heal|p1a: Zapdos|322/322","|","|-weather|none","|turn|17","|","|move|p1a: Zapdos|Toxic|p2a: This Is My Pet","|-status|p2a: This Is My Pet|tox","|-enditem|p2a: This Is My Pet|Lum Berry|[eat]","|-curestatus|p2a: This Is My Pet|tox","|move|p2a: This Is My Pet|Swords Dance|p2a: This Is My Pet","|-boost|p2a: This Is My Pet|atk|2","|","|turn|18","|","|move|p1a: Zapdos|Heat Wave|p2a: This Is My Pet","|-supereffective|p2a: This Is My Pet","|-damage|p2a: This Is My Pet|43/334","|-status|p2a: This Is My Pet|brn","|move|p2a: This Is My Pet|Aerial Ace|p1a: Zapdos","|-resisted|p1a: Zapdos","|-damage|p1a: Zapdos|293/322","|","|-heal|p1a: Zapdos|313/322|[from] item: Leftovers","|-damage|p2a: This Is My Pet|2/334 brn|[from] brn","|turn|19","|","|move|p1a: Zapdos|Roost|p1a: Zapdos","|-heal|p1a: Zapdos|322/322","|move|p2a: This Is My Pet|Leaf Blade|p1a: Zapdos","|-damage|p1a: Zapdos|196/322","|","|-heal|p1a: Zapdos|216/322|[from] item: Leftovers","|-damage|p2a: This Is My Pet|0 fnt|[from] brn","|faint|p2a: This Is My Pet","|","|switch|p2a: Breloom|Breloom, M, shiny|262/262","|turn|20","|","|switch|p1a: Ampharos|Ampharos, M|321/321","|move|p2a: Breloom|Rock Tomb|p1a: Ampharos|[miss]","|-miss|p2a: Breloom|p1a: Ampharos","|","|turn|21","|","|switch|p2a: Kawaii|Whimsicott, F, shiny|116/324 brn","|detailschange|p1a: Ampharos|Ampharos-Mega, M","|-mega|p1a: Ampharos|Ampharos|Ampharosite","|-ability|p1a: Ampharos|Mold Breaker","|move|p1a: Ampharos|Cotton Guard|p1a: Ampharos","|-boost|p1a: Ampharos|def|3","|","|-damage|p2a: Kawaii|76/324 brn|[from] brn","|turn|22","|","|switch|p1a: Zapdos|Zapdos|216/322","|-ability|p1a: Zapdos|Pressure","|move|p2a: Kawaii|Leech Seed|p1a: Zapdos|[miss]","|-miss|p2a: Kawaii|p1a: Zapdos","|","|-heal|p1a: Zapdos|236/322|[from] item: Leftovers","|-damage|p2a: Kawaii|36/324 brn|[from] brn","|turn|23","|","|switch|p2a: Thorns Bru|Ferrothorn, M, shiny|191/351 brn","|switch|p1a: Rotom-Wash|Rotom-Wash|114/241","|","|-damage|p2a: Thorns Bru|148/351 brn|[from] brn","|turn|24","|","|move|p1a: Rotom-Wash|Volt Switch|p2a: Thorns Bru","|-resisted|p2a: Thorns Bru","|-damage|p2a: Thorns Bru|100/351 brn","|","|switch|p1a: Zapdos|Zapdos|236/322","|-ability|p1a: Zapdos|Pressure","|move|p2a: Thorns Bru|Leech Seed|p1a: Zapdos","|-start|p1a: Zapdos|move: Leech Seed","|","|-heal|p1a: Zapdos|256/322|[from] item: Leftovers","|-damage|p1a: Zapdos|216/322|[from] Leech Seed|[of] p2a: Thorns Bru","|-heal|p2a: Thorns Bru|140/351 brn|[silent]","|-damage|p2a: Thorns Bru|97/351 brn|[from] brn","|turn|25","|","|switch|p1a: Raikou|Raikou|321/321","|-ability|p1a: Raikou|Pressure","|move|p2a: Thorns Bru|Knock Off|p1a: Raikou","|-damage|p1a: Raikou|274/321","|-enditem|p1a: Raikou|Leftovers|[from] move: Knock Off|[of] p2a: Thorns Bru","|","|-damage|p2a: Thorns Bru|54/351 brn|[from] brn","|turn|26","|","|move|p1a: Raikou|Substitute|p1a: Raikou","|-start|p1a: Raikou|Substitute","|-damage|p1a: Raikou|194/321","|move|p2a: Thorns Bru|Leech Seed|p1a: Raikou","|-fail|p1a: Raikou","|","|-damage|p2a: Thorns Bru|11/351 brn|[from] brn","|turn|27","|","|move|p1a: Raikou|Calm Mind|p1a: Raikou","|-boost|p1a: Raikou|spa|1","|-boost|p1a: Raikou|spd|1","|move|p2a: Thorns Bru|Knock Off|p1a: Raikou","|-activate|p1a: Raikou|Substitute|[damage]","|","|-damage|p2a: Thorns Bru|0 fnt|[from] brn","|faint|p2a: Thorns Bru","|","|switch|p2a: Kawaii|Whimsicott, F, shiny|36/324 brn","|turn|28","|","|move|p2a: Kawaii|Sunny Day|p2a: Kawaii","|-weather|SunnyDay","|move|p1a: Raikou|Calm Mind|p1a: Raikou","|-boost|p1a: Raikou|spa|1","|-boost|p1a: Raikou|spd|1","|","|-weather|SunnyDay|[upkeep]","|-damage|p2a: Kawaii|0 fnt|[from] brn","|faint|p2a: Kawaii","|","|switch|p2a: The Champ|Venusaur, F, shiny|364/364","|turn|29","|","|detailschange|p2a: The Champ|Venusaur-Mega, F, shiny","|-mega|p2a: The Champ|Venusaur|Venusaurite","|move|p2a: The Champ|Sludge Bomb|p1a: Raikou","|-end|p1a: Raikou|Substitute","|move|p1a: Raikou|Extrasensory|p2a: The Champ","|-supereffective|p2a: The Champ","|-damage|p2a: The Champ|70/364","|","|-weather|SunnyDay|[upkeep]","|turn|30","|","|move|p1a: Raikou|Extrasensory|p2a: The Champ","|-supereffective|p2a: The Champ","|-damage|p2a: The Champ|0 fnt","|faint|p2a: The Champ","|","|-weather|SunnyDay|[upkeep]","|","|switch|p2a: Breloom|Breloom, M, shiny|262/262","|turn|31","|","|move|p1a: Raikou|Extrasensory|p2a: Breloom","|-supereffective|p2a: Breloom","|-damage|p2a: Breloom|0 fnt","|faint|p2a: Breloom","|","|-weather|SunnyDay|[upkeep]","|","|switch|p2a: QueenSnake|Serperior, F, shiny|291/291","|turn|32","|","|move|p1a: Raikou|Extrasensory|p2a: QueenSnake","|-damage|p2a: QueenSnake|174/291","|move|p2a: QueenSnake|Leaf Storm|p1a: Raikou|[miss]","|-miss|p2a: QueenSnake|p1a: Raikou","|","|-weather|none","|turn|33","|","|win|Twizz"],"p1rating":{"entryid":"6985408","serverid":"eos","formatid":"monotype","userid":"twizz","username":"Twizz","w":16,"l":"20","t":"0","gxe":43.1,"r":"1447.5914490269","rd":"62.407849616918","sigma":"0","rptime":"1438678800","rpr":1446.8141758844,"rprd":59.049064958216,"rpsigma":"0","acre":1114.3055410882,"lacre":1114.3055410882,"oldacre":"1081.4159418027"},"p2rating":{"entryid":"7355209","serverid":"eos","formatid":"monotype","userid":"djmadness","username":"DJMadness","w":"15","l":17,"t":"0","gxe":48,"r":"1344.0194674362","rd":"88.375044745558","sigma":"0","rptime":"1438678800","rpr":1485.0092014888,"rprd":62.127808134534,"rpsigma":"0","acre":1116.3489604788,"lacre":1116.3489604788,"oldacre":"1145.9391274536"},"endType":"forfeit"}