{"seed":[46845,45371,46944,19658],"turns":23,"p1":"Emg Gl Storm","p2":"GLReshiram","p1team":[{"name":"Gardevoir","species":"Gardevoir","item":"gardevoirite","ability":"Synchronize","moves":["hypervoice","psyshock","hiddenpowerfire","protect"],"nature":"Timid","evs":{"hp":0,"atk":0,"def":0,"spa":252,"spd":4,"spe":252},"ivs":{"hp":31,"atk":30,"def":31,"spa":30,"spd":31,"spe":30}},{"name":"Slowbro","species":"Slowbro","item":"leftovers","ability":"Regenerator","moves":["slackoff","thunderwave","scald","flamethrower"],"nature":"Bold","evs":{"hp":252,"atk":0,"def":252,"spa":4,"spd":0,"spe":0},"ivs":{"hp":31,"atk":31,"def":31,"spa":31,"spd":31,"spe":31}},{"name":"Deoxys-Defense","species":"Deoxys-Defense","item":"leftovers","ability":"Pressure","moves":["cosmicpower","recover","taunt","seismictoss"],"nature":"Impish","evs":{"hp":252,"atk":0,"def":128,"spa":0,"spd":128,"spe":0},"ivs":{"hp":31,"atk":31,"def":31,"spa":31,"spd":31,"spe":31}},{"name":"Victini","species":"Victini","item":"choiceband","ability":"Victory Star","moves":["boltstrike","vcreate","zenheadbutt","uturn"],"nature":"Jolly","evs":{"hp":0,"atk":252,"def":0,"spa":0,"spd":4,"spe":252},"ivs":{"hp":31,"atk":31,"def":31,"spa":31,"spd":31,"spe":31}},{"name":"Jirachi","species":"Jirachi","item":"leftovers","ability":"Serene Grace","moves":["substitute","thunderwave","ironhead","icepunch"],"nature":"Adamant","evs":{"hp":224,"atk":252,"def":0,"spa":0,"spd":0,"spe":32},"ivs":{"hp":31,"atk":31,"def":31,"spa":31,"spd":31,"spe":31}},{"name":"Hoopa-Unbound","species":"Hoopa-Unbound","item":"choicescarf","ability":"Magician","moves":["drainpunch","firepunch","hyperspacefury","zenheadbutt"],"nature":"Jolly","evs":{"hp":0,"atk":252,"def":68,"spa":0,"spd":4,"spe":184},"ivs":{"hp":31,"atk":31,"def":31,"spa":31,"spd":31,"spe":31}}],"p2team":[{"name":"Infernape","species":"Infernape","item":"choiceband","ability":"Iron Fist","moves":["firepunch","machpunch","thunderpunch","uturn"],"nature":"Jolly","evs":{"hp":4,"atk":252,"def":0,"spa":0,"spd":0,"spe":252},"ivs":{"hp":31,"atk":31,"def":31,"spa":31,"spd":31,"spe":31}},{"name":"Ninetales","species":"Ninetales","item":"focussash","ability":"Drought","moves":["fireblast","solarbeam","roar","nastyplot"],"nature":"Timid","evs":{"hp":0,"atk":0,"def":0,"spa":252,"spd":4,"spe":252},"ivs":{"hp":31,"atk":31,"def":31,"spa":31,"spd":31,"spe":31}},{"name":"Heatran","species":"Heatran","item":"leftovers","ability":"Flash Fire","moves":["lavaplume","toxic","taunt","stealthrock"],"nature":"Calm","evs":{"hp":248,"atk":0,"def":0,"spa":0,"spd":192,"spe":68},"ivs":{"hp":31,"atk":31,"def":31,"spa":31,"spd":31,"spe":31}},{"name":"Torkoal","species":"Torkoal","item":"leftovers","ability":"Shell Armor","moves":["protect","rapidspin","toxic","lavaplume"],"nature":"Bold","evs":{"hp":248,"atk":0,"def":252,"spa":8,"spd":0,"spe":0},"ivs":{"hp":31,"atk":31,"def":31,"spa":31,"spd":31,"spe":31}},{"name":"Rotom-Heat","species":"Rotom-Heat","item":"choicespecs","ability":"Levitate","moves":["voltswitch","overheat","hiddenpowergrass","trick"],"nature":"Timid","evs":{"hp":0,"atk":0,"def":0,"spa":252,"spd":4,"spe":252},"ivs":{"hp":31,"atk":30,"def":31,"spa":30,"spd":31,"spe":31}},{"name":"Charizard","species":"Charizard","item":"charizarditex","ability":"Blaze","moves":["dragondance","dragonclaw","earthquake","roost"],"nature":"Adamant","evs":{"hp":144,"atk":252,"def":0,"spa":0,"spd":0,"spe":112},"ivs":{"hp":31,"atk":31,"def":31,"spa":31,"spd":31,"spe":31}}],"log":["|player|p1|Emg Gl Storm|99","|player|p2|GLReshiram|266","|gametype|singles","|gen|6","|tier|Monotype","|rated","|rule|Baton Pass Clause: Limit one Baton Passer, can't pass Spe and other stats simultaneously","|rule|Swagger Clause: Swagger is banned","|rule|Same Type Clause: Pokémon in a team must share a type","|clearpoke","|poke|p1|Gardevoir, M","|poke|p1|Slowbro, M","|poke|p1|Deoxys-Defense","|poke|p1|Victini","|poke|p1|Jirachi","|poke|p1|Hoopa-Unbound","|poke|p2|Infernape, F","|poke|p2|Ninetales, M","|poke|p2|Heatran, M","|poke|p2|Torkoal, M","|poke|p2|Rotom-Heat","|poke|p2|Charizard, F","|rule|Sleep Clause Mod: Limit one foe put to sleep","|rule|Species Clause: Limit one of each Pokémon","|rule|OHKO Clause: OHKO moves are banned","|rule|Moody Clause: Moody is banned","|rule|Evasion Moves Clause: Evasion moves are banned","|rule|Endless Battle Clause: Forcing endless battles is banned","|rule|HP Percentage Mod: HP is shown in percentages","|teampreview","|","|start","|switch|p1a: Slowbro|Slowbro, M|394/394","|switch|p2a: Heatran|Heatran, M|385/385","|turn|1","|","|move|p2a: Heatran|Toxic|p1a: Slowbro","|-status|p1a: Slowbro|tox","|move|p1a: Slowbro|Thunder Wave|p2a: Heatran","|-status|p2a: Heatran|par","|","|-damage|p1a: Slowbro|370/394 tox|[from] psn","|turn|2","|","|move|p1a: Slowbro|Scald|p2a: Heatran","|-supereffective|p2a: Heatran","|-damage|p2a: Heatran|257/385 par","|move|p2a: Heatran|Stealth Rock|p1a: Slowbro","|-sidestart|p1: Emg Gl Storm|move: Stealth Rock","|","|-heal|p1a: Slowbro|394/394 tox|[from] item: Leftovers","|-heal|p2a: Heatran|281/385 par|[from] item: Leftovers","|-damage|p1a: Slowbro|346/394 tox|[from] psn","|turn|3","|","|move|p1a: Slowbro|Scald|p2a: Heatran","|-supereffective|p2a: Heatran","|-damage|p2a: Heatran|143/385 par","|move|p2a: Heatran|Lava Plume|p1a: Slowbro","|-resisted|p1a: Slowbro","|-damage|p1a: Slowbro|274/394 tox","|","|-heal|p1a: Slowbro|298/394 tox|[from] item: Leftovers","|-heal|p2a: Heatran|167/385 par|[from] item: Leftovers","|-damage|p1a: Slowbro|226/394 tox|[from] psn","|turn|4","|","|move|p1a: Slowbro|Scald|p2a: Heatran","|-supereffective|p2a: Heatran","|-damage|p2a: Heatran|39/385 par","|move|p2a: Heatran|Lava Plume|p1a: Slowbro","|-resisted|p1a: Slowbro","|-damage|p1a: Slowbro|161/394 tox","|","|-heal|p1a: Slowbro|185/394 tox|[from] item: Leftovers","|-heal|p2a: Heatran|63/385 par|[from] item: Leftovers","|-damage|p1a: Slowbro|89/394 tox|[from] psn","|turn|5","|","|move|p1a: Slowbro|Scald|p2a: Heatran","|-supereffective|p2a: Heatran","|-damage|p2a: Heatran|0 fnt","|faint|p2a: Heatran","|","|-heal|p1a: Slowbro|113/394 tox|[from] item: Leftovers","|-damage|p1a: Slowbro|0 fnt|[from] psn","|faint|p1a: Slowbro","|","|switch|p1a: Hoopa-Unbound|Hoopa-Unbound|301/301","|switch|p2a: Torkoal|Torkoal, M|343/343","|-damage|p1a: Hoopa-Unbound|264/301|[from] Stealth Rock","|turn|6","|","|switch|p1a: Deoxys-Defense|Deoxys-Defense|304/304","|-damage|p1a: Deoxys-Defense|266/304|[from] Stealth Rock","|-ability|p1a: Deoxys-Defense|Pressure","|move|p2a: Torkoal|Toxic|p1a: Deoxys-Defense","|-status|p1a: Deoxys-Defense|tox","|","|-heal|p1a: Deoxys-Defense|285/304 tox|[from] item: Leftovers","|-damage|p1a: Deoxys-Defense|266/304 tox|[from] psn","|turn|7","|","|move|p2a: Torkoal|Protect|p2a: Torkoal","|-singleturn|p2a: Torkoal|Protect","|move|p1a: Deoxys-Defense|Taunt|p2a: Torkoal","|-activate|p2a: Torkoal|Protect","|","|-heal|p1a: Deoxys-Defense|285/304 tox|[from] item: Leftovers","|-damage|p1a: Deoxys-Defense|247/304 tox|[from] psn","|turn|8","|","|switch|p1a: Victini|Victini|341/341","|-damage|p1a: Victini|256/341|[from] Stealth Rock","|switch|p2a: Ninetales|Ninetales, M|287/287","|-weather|SunnyDay","|","|-weather|SunnyDay|[upkeep]","|turn|9","|","|move|p1a: Victini|Bolt Strike|p2a: Ninetales","|-damage|p2a: Ninetales|25/287","|move|p2a: Ninetales|Roar|p1a: Victini","|drag|p1a: Jirachi|Jirachi|397/397","|-damage|p1a: Jirachi|373/397|[from] Stealth Rock","|","|-weather|SunnyDay|[upkeep]","|-heal|p1a: Jirachi|397/397|[from] item: Leftovers","|turn|10","|","|move|p2a: Ninetales|Fire Blast|p1a: Jirachi","|-supereffective|p1a: Jirachi","|-damage|p1a: Jirachi|0 fnt","|faint|p1a: Jirachi","|","|-weather|SunnyDay|[upkeep]","|","|switch|p1a: Victini|Victini|256/341","|-damage|p1a: Victini|171/341|[from] Stealth Rock","|turn|11","|","|move|p2a: Ninetales|Solar Beam|p1a: Victini|[still]","|-prepare|p2a: Ninetales|Solar Beam|p1a: Victini","|-anim|p2a: Ninetales|Solar Beam|p1a: Victini","|-resisted|p1a: Victini","|-damage|p1a: Victini|122/341","|move|p1a: Victini|Bolt Strike|p2a: Ninetales","|-damage|p2a: Ninetales|0 fnt","|faint|p2a: Ninetales","|","|-weather|SunnyDay|[upkeep]","|","|switch|p2a: Charizard|Charizard, F|333/333","|turn|12","|","|detailschange|p2a: Charizard|Charizard-Mega-X, F","|-mega|p2a: Charizard|Charizard|Charizardite X","|move|p1a: Victini|Bolt Strike|p2a: Charizard","|-resisted|p2a: Charizard","|-damage|p2a: Charizard|246/333","|-status|p2a: Charizard|par","|move|p2a: Charizard|Dragon Dance|p2a: Charizard","|-boost|p2a: Charizard|atk|1","|-boost|p2a: Charizard|spe|1","|","|-weather|none","|turn|13","|","|move|p1a: Victini|Bolt Strike|p2a: Charizard","|-resisted|p2a: Charizard","|-damage|p2a: Charizard|164/333 par","|move|p2a: Charizard|Dragon Dance|p2a: Charizard","|-boost|p2a: Charizard|atk|1","|-boost|p2a: Charizard|spe|1","|","|turn|14","|","|move|p1a: Victini|Bolt Strike|p2a: Charizard","|-resisted|p2a: Charizard","|-damage|p2a: Charizard|77/333 par","|move|p2a: Charizard|Roost|p2a: Charizard","|-heal|p2a: Charizard|244/333 par","|","|turn|15","|","|move|p1a: Victini|Bolt Strike|p2a: Charizard","|-resisted|p2a: Charizard","|-damage|p2a: Charizard|161/333 par","|move|p2a: Charizard|Dragon Dance|p2a: Charizard","|-boost|p2a: Charizard|atk|1","|-boost|p2a: Charizard|spe|1","|","|turn|16","|","|move|p1a: Victini|Bolt Strike|p2a: Charizard|[miss]","|-miss|p1a: Victini|p2a: Charizard","|move|p2a: Charizard|Roost|p2a: Charizard","|-heal|p2a: Charizard|328/333 par","|","|turn|17","|","|switch|p1a: Gardevoir|Gardevoir, M|277/277","|-damage|p1a: Gardevoir|243/277|[from] Stealth Rock","|move|p2a: Charizard|Dragon Dance|p2a: Charizard","|-boost|p2a: Charizard|atk|1","|-boost|p2a: Charizard|spe|1","|","|turn|18","|","|detailschange|p1a: Gardevoir|Gardevoir-Mega, M","|-mega|p1a: Gardevoir|Gardevoir|Gardevoirite","|move|p1a: Gardevoir|Hyper Voice|p2a: Charizard","|-damage|p2a: Charizard|42/333 par","|move|p2a: Charizard|Earthquake|p1a: Gardevoir","|-damage|p1a: Gardevoir|0 fnt","|faint|p1a: Gardevoir","|","|","|switch|p1a: Victini|Victini|122/341","|-damage|p1a: Victini|37/341|[from] Stealth Rock","|turn|19","|","|move|p1a: Victini|Zen Headbutt|p2a: Charizard","|-damage|p2a: Charizard|0 fnt","|faint|p2a: Charizard","|","|","|switch|p2a: Torkoal|Torkoal, M|343/343","|turn|20","|","|move|p1a: Victini|Zen Headbutt|p2a: Torkoal","|-damage|p2a: Torkoal|241/343","|move|p2a: Torkoal|Lava Plume|p1a: Victini","|-resisted|p1a: Victini","|-damage|p1a: Victini|0 fnt","|faint|p1a: Victini","|","|-heal|p2a: Torkoal|262/343|[from] item: Leftovers","|","|switch|p1a: Deoxys-Defense|Deoxys-Defense|247/304 tox","|-damage|p1a: Deoxys-Defense|209/304 tox|[from] Stealth Rock","|-ability|p1a: Deoxys-Defense|Pressure","|turn|21","|","|move|p1a: Deoxys-Defense|Taunt|p2a: Torkoal","|-start|p2a: Torkoal|move: Taunt","|move|p2a: Torkoal|Lava Plume|p1a: Deoxys-Defense","|-damage|p1a: Deoxys-Defense|160/304 tox","|","|-heal|p1a: Deoxys-Defense|179/304 tox|[from] item: Leftovers","|-heal|p2a: Torkoal|283/343|[from] item: Leftovers","|-damage|p1a: Deoxys-Defense|160/304 tox|[from] psn","|turn|22","|","|move|p1a: Deoxys-Defense|Seismic Toss|p2a: Torkoal","|-damage|p2a: Torkoal|183/343","|move|p2a: Torkoal|Lava Plume|p1a: Deoxys-Defense","|-damage|p1a: Deoxys-Defense|109/304 tox","|","|-heal|p1a: Deoxys-Defense|128/304 tox|[from] item: Leftovers","|-heal|p2a: Torkoal|204/343|[from] item: Leftovers","|-damage|p1a: Deoxys-Defense|90/304 tox|[from] psn","|turn|23","|","|win|GLReshiram"],"p1rating":{"entryid":"7392651","serverid":"eos","formatid":"monotype","userid":"emgglstorm","username":"Emg Gl Storm","w":"1","l":3,"t":"0","gxe":40,"r":"1500","rd":"130","sigma":"0","rptime":"1438678800","rpr":1419.7821379453,"rprd":106.420080447,"rpsigma":"0","acre":1029.764598501,"lacre":1029.764598501,"oldacre":"1042.5598827603"},"p2rating":{"entryid":"6886801","serverid":"eos","formatid":"monotype","userid":"glreshiram","username":"GL♅Reshiram","w":14,"l":"11","t":"0","gxe":51.5,"r":"1515.8289885018","rd":"76.096798481401","sigma":"0","rptime":"1438678800","rpr":1511.6763781822,"rprd":66.099984352766,"rpsigma":"0","acre":1139.4385251151,"lacre":1139.4385251151,"oldacre":"1119.9144498079"},"endType":"forfeit"}