{"seed":[60832,34366,20927,6093],"turns":20,"p1":"Rain ☆ Fae","p2":"Sovereign♕Cactus","p1team":[{"name":"Conkeldurr","species":"Conkeldurr","item":"assaultvest","ability":"Guts","moves":["drainpunch","machpunch","knockoff","poisonjab"],"nature":"Adamant","evs":{"hp":0,"atk":252,"def":0,"spa":0,"spd":236,"spe":20},"ivs":{"hp":31,"atk":31,"def":31,"spa":31,"spd":31,"spe":31}},{"name":"Keldeo","species":"Keldeo","item":"choicespecs","ability":"Justified","moves":["secretsword","hydropump","icywind","scald"],"nature":"Timid","evs":{"hp":0,"atk":0,"def":0,"spa":252,"spd":4,"spe":252},"ivs":{"hp":31,"atk":31,"def":31,"spa":31,"spd":31,"spe":31}},{"name":"Heracross","species":"Heracross","item":"heracronite","ability":"Moxie","moves":["closecombat","pinmissile","rockblast","substitute"],"nature":"Jolly","evs":{"hp":0,"atk":252,"def":4,"spa":0,"spd":0,"spe":252},"ivs":{"hp":31,"atk":31,"def":31,"spa":31,"spd":31,"spe":31}},{"name":"Infernape","species":"Infernape","item":"focussash","ability":"Blaze","moves":["nastyplot","fireblast","vacuumwave","grassknot"],"nature":"Naive","evs":{"hp":0,"atk":136,"def":0,"spa":120,"spd":0,"spe":252},"ivs":{"hp":31,"atk":31,"def":31,"spa":31,"spd":31,"spe":31}},{"name":"Medicham","species":"Medicham","item":"choicescarf","ability":"Pure Power","moves":["highjumpkick","zenheadbutt","bulletpunch","icepunch"],"nature":"Jolly","evs":{"hp":0,"atk":252,"def":0,"spa":0,"spd":4,"spe":252},"ivs":{"hp":31,"atk":31,"def":31,"spa":31,"spd":31,"spe":31}},{"name":"Hawlucha","species":"Hawlucha","item":"redcard","ability":"Unburden","moves":["swordsdance","batonpass","acrobatics","highjumpkick"],"nature":"Impish","evs":{"hp":128,"atk":0,"def":128,"spa":0,"spd":252,"spe":0},"ivs":{"hp":31,"atk":31,"def":31,"spa":31,"spd":31,"spe":31}}],"p2team":[{"name":"Sharkisha","species":"swampert","item":"leftovers","ability":"Torrent","moves":["scald","earthquake","stealthrock","roar"],"nature":"Impish","evs":{"hp":252,"atk":4,"def":252,"spa":0,"spd":0,"spe":0},"gender":"M","shiny":true,"ivs":{"hp":31,"atk":31,"def":31,"spa":31,"spd":31,"spe":31}},{"name":"Butters","species":"azumarill","item":"choiceband","ability":"Sap Sipper","moves":["aquajet","icepunch","knockoff","playrough"],"nature":"Adamant","evs":{"hp":248,"atk":252,"def":0,"spa":0,"spd":8,"spe":0},"gender":"M","shiny":true,"ivs":{"hp":31,"atk":31,"def":31,"spa":31,"spd":31,"spe":31}},{"name":"Mr.WasheeWashee","species":"rotomwash","item":"leftovers","ability":"Levitate","moves":["voltswitch","willowisp","hydropump","painsplit"],"nature":"Calm","evs":{"hp":252,"atk":0,"def":0,"spa":4,"spd":252,"spe":0},"ivs":{"hp":31,"atk":31,"def":31,"spa":31,"spd":31,"spe":31}},{"name":"TheHellThisThing?","species":"manaphy","item":"wacanberry","ability":"Hydration","moves":["tailglow","icebeam","psychic","surf"],"nature":"Timid","evs":{"hp":0,"atk":0,"def":0,"spa":252,"spd":4,"spe":252},"shiny":true,"ivs":{"hp":31,"atk":31,"def":31,"spa":31,"spd":31,"spe":31}},{"name":"Cotton The D-bag","species":"politoed","item":"assaultvest","ability":"Drizzle","moves":["focusblast","icebeam","scald","psychic"],"nature":"Modest","evs":{"hp":248,"atk":0,"def":0,"spa":252,"spd":8,"spe":0},"gender":"F","shiny":true,"ivs":{"hp":31,"atk":31,"def":31,"spa":31,"spd":31,"spe":31}},{"name":"Fat Skrelp","species":"kingdra","item":"lifeorb","ability":"Swift Swim","moves":["dracometeor","hydropump","waterfall","outrage"],"nature":"Lonely","evs":{"hp":0,"atk":252,"def":0,"spa":4,"spd":0,"spe":252},"gender":"M","shiny":true,"ivs":{"hp":31,"atk":31,"def":31,"spa":31,"spd":31,"spe":31}}],"log":["|player|p1|Rain ☆ Fae|289","|player|p2|Sovereign♕Cactus|251","|gametype|singles","|gen|6","|tier|Monotype","|rated","|rule|Baton Pass Clause: Limit one Baton Passer, can't pass Spe and other stats simultaneously","|rule|Swagger Clause: Swagger is banned","|rule|Same Type Clause: Pokémon in a team must share a type","|clearpoke","|poke|p1|Conkeldurr, F","|poke|p1|Keldeo","|poke|p1|Heracross, F","|poke|p1|Infernape, F","|poke|p1|Medicham, M","|poke|p1|Hawlucha, F","|poke|p2|Swampert, M, shiny","|poke|p2|Azumarill, M, shiny","|poke|p2|Rotom-Wash","|poke|p2|Manaphy, shiny","|poke|p2|Politoed, F, shiny","|poke|p2|Kingdra, M, shiny","|rule|Sleep Clause Mod: Limit one foe put to sleep","|rule|Species Clause: Limit one of each Pokémon","|rule|OHKO Clause: OHKO moves are banned","|rule|Moody Clause: Moody is banned","|rule|Evasion Moves Clause: Evasion moves are banned","|rule|Endless Battle Clause: Forcing endless battles is banned","|rule|HP Percentage Mod: HP is shown in percentages","|teampreview","|","|start","|switch|p1a: Infernape|Infernape, F|293/293","|switch|p2a: Sharkisha|Swampert, M, shiny|404/404","|turn|1","|","|move|p1a: Infernape|Nasty Plot|p1a: Infernape","|-boost|p1a: Infernape|spa|2","|move|p2a: Sharkisha|Stealth Rock|p1a: Infernape","|-sidestart|p1: Rain ☆ Fae|move: Stealth Rock","|","|turn|2","|","|move|p1a: Infernape|Grass Knot|p2a: Sharkisha","|-supereffective|p2a: Sharkisha","|-damage|p2a: Sharkisha|0 fnt","|faint|p2a: Sharkisha","|","|","|switch|p2a: Cotton The D-bag|Politoed, F, shiny|383/383","|-weather|RainDance","|turn|3","|","|switch|p2a: Butters|Azumarill, M, shiny|403/403","|move|p1a: Infernape|Grass Knot|p2a: Butters","|-boost|p2a: Butters|atk|1|[from] ability: Sap Sipper","|","|-weather|RainDance|[upkeep]","|turn|4","|","|move|p1a: Infernape|Fire Blast|p2a: Butters|[miss]","|-miss|p1a: Infernape|p2a: Butters","|move|p2a: Butters|Play Rough|p1a: Infernape","|-crit|p1a: Infernape","|-enditem|p1a: Infernape|Focus Sash","|-damage|p1a: Infernape|1/293","|","|-weather|RainDance|[upkeep]","|turn|5","|","|move|p1a: Infernape|Fire Blast|p2a: Butters","|-resisted|p2a: Butters","|-damage|p2a: Butters|265/403","|-status|p2a: Butters|brn","|move|p2a: Butters|Play Rough|p1a: Infernape","|-damage|p1a: Infernape|0 fnt","|faint|p1a: Infernape","|","|-weather|RainDance|[upkeep]","|-damage|p2a: Butters|215/403 brn|[from] brn","|","|switch|p1a: Hawlucha|Hawlucha, F|329/329","|-damage|p1a: Hawlucha|288/329|[from] Stealth Rock","|turn|6","|","|move|p1a: Hawlucha|Swords Dance|p1a: Hawlucha","|-boost|p1a: Hawlucha|atk|2","|move|p2a: Butters|Play Rough|p1a: Hawlucha","|-supereffective|p1a: Hawlucha","|-damage|p1a: Hawlucha|69/329","|-enditem|p1a: Hawlucha|Red Card|[of] p2a: Butters","|drag|p2a: TheHellThisThing?|Manaphy, shiny|341/341","|","|-weather|RainDance|[upkeep]","|turn|7","|","|move|p1a: Hawlucha|Baton Pass|p1a: Hawlucha","|","|switch|p1a: Heracross|Heracross, F|301/301","|-damage|p1a: Heracross|264/301|[from] Stealth Rock","|move|p2a: TheHellThisThing?|Ice Beam|p1a: Heracross","|-damage|p1a: Heracross|172/301","|","|-weather|none","|turn|8","|","|detailschange|p1a: Heracross|Heracross-Mega, F","|-mega|p1a: Heracross|Heracross|Heracronite","|move|p2a: TheHellThisThing?|Psychic|p1a: Heracross","|-crit|p1a: Heracross","|-supereffective|p1a: Heracross","|-damage|p1a: Heracross|0 fnt","|faint|p1a: Heracross","|","|","|switch|p1a: Conkeldurr|Conkeldurr, F|351/351","|-damage|p1a: Conkeldurr|330/351|[from] Stealth Rock","|turn|9","|","|move|p2a: TheHellThisThing?|Psychic|p1a: Conkeldurr","|-supereffective|p1a: Conkeldurr","|-damage|p1a: Conkeldurr|196/351","|-unboost|p1a: Conkeldurr|spd|1","|move|p1a: Conkeldurr|Knock Off|p2a: TheHellThisThing?","|-damage|p2a: TheHellThisThing?|211/341","|-enditem|p2a: TheHellThisThing?|Wacan Berry|[from] move: Knock Off|[of] p1a: Conkeldurr","|","|turn|10","|","|move|p2a: TheHellThisThing?|Psychic|p1a: Conkeldurr","|-supereffective|p1a: Conkeldurr","|-damage|p1a: Conkeldurr|6/351","|-unboost|p1a: Conkeldurr|spd|1","|move|p1a: Conkeldurr|Poison Jab|p2a: TheHellThisThing?","|-crit|p2a: TheHellThisThing?","|-damage|p2a: TheHellThisThing?|53/341","|","|turn|11","|","|move|p1a: Conkeldurr|Mach Punch|p2a: TheHellThisThing?","|-damage|p2a: TheHellThisThing?|0 fnt","|faint|p2a: TheHellThisThing?","|","|","|switch|p2a: Cotton The D-bag|Politoed, F, shiny|383/383","|-weather|RainDance","|turn|12","|","|move|p2a: Cotton The D-bag|Psychic|p1a: Conkeldurr","|-supereffective|p1a: Conkeldurr","|-damage|p1a: Conkeldurr|0 fnt","|faint|p1a: Conkeldurr","|","|-weather|RainDance|[upkeep]","|","|switch|p1a: Medicham|Medicham, M|261/261","|-damage|p1a: Medicham|245/261|[from] Stealth Rock","|turn|13","|","|move|p1a: Medicham|High Jump Kick|p2a: Cotton The D-bag","|-damage|p2a: Cotton The D-bag|38/383","|move|p2a: Cotton The D-bag|Scald|p1a: Medicham","|-damage|p1a: Medicham|7/261","|","|-weather|RainDance|[upkeep]","|turn|14","|","|switch|p2a: Butters|Azumarill, M, shiny|215/403 brn","|move|p1a: Medicham|High Jump Kick|p2a: Butters","|-resisted|p2a: Butters","|-damage|p2a: Butters|41/403 brn","|","|-weather|RainDance|[upkeep]","|-damage|p2a: Butters|0 fnt|[from] brn","|faint|p2a: Butters","|","|switch|p2a: Fat Skrelp|Kingdra, M, shiny|291/291","|turn|15","|","|move|p2a: Fat Skrelp|Outrage|p1a: Medicham","|-damage|p1a: Medicham|0 fnt","|-damage|p2a: Fat Skrelp|262/291|[from] item: Life Orb","|faint|p1a: Medicham","|","|-weather|RainDance|[upkeep]","|","|switch|p1a: Hawlucha|Hawlucha, F|69/329","|-damage|p1a: Hawlucha|28/329|[from] Stealth Rock","|turn|16","|","|move|p2a: Fat Skrelp|Outrage|p1a: Hawlucha|[from]lockedmove","|-crit|p1a: Hawlucha","|-damage|p1a: Hawlucha|0 fnt","|-damage|p2a: Fat Skrelp|233/291|[from] item: Life Orb","|-start|p2a: Fat Skrelp|confusion|[fatigue]","|faint|p1a: Hawlucha","|","|-weather|none","|","|switch|p1a: Keldeo|Keldeo|323/323","|-damage|p1a: Keldeo|303/323|[from] Stealth Rock","|turn|17","|","|switch|p2a: Cotton The D-bag|Politoed, F, shiny|38/383","|-weather|RainDance","|move|p1a: Keldeo|Secret Sword|p2a: Cotton The D-bag","|-damage|p2a: Cotton The D-bag|0 fnt","|faint|p2a: Cotton The D-bag","|","|-weather|RainDance|[upkeep]","|","|switch|p2a: Mr.WasheeWashee|Rotom-Wash|304/304","|turn|18","|","|move|p1a: Keldeo|Secret Sword|p2a: Mr.WasheeWashee","|-damage|p2a: Mr.WasheeWashee|109/304","|move|p2a: Mr.WasheeWashee|Will-O-Wisp|p1a: Keldeo","|-status|p1a: Keldeo|brn","|","|-weather|RainDance|[upkeep]","|-heal|p2a: Mr.WasheeWashee|128/304|[from] item: Leftovers","|-damage|p1a: Keldeo|263/323 brn|[from] brn","|turn|19","|","|move|p1a: Keldeo|Secret Sword|p2a: Mr.WasheeWashee","|-damage|p2a: Mr.WasheeWashee|0 fnt","|faint|p2a: Mr.WasheeWashee","|","|-weather|RainDance|[upkeep]","|-damage|p1a: Keldeo|223/323 brn|[from] brn","|","|switch|p2a: Fat Skrelp|Kingdra, M, shiny|233/291","|turn|20","|","|move|p2a: Fat Skrelp|Outrage|p1a: Keldeo","|-damage|p1a: Keldeo|0 fnt","|-damage|p2a: Fat Skrelp|204/291|[from] item: Life Orb","|faint|p1a: Keldeo","|","|win|Sovereign♕Cactus"],"p1rating":{"entryid":"7105533","serverid":"eos","formatid":"monotype","userid":"rainfae","username":"Rain ☆ Fae","w":"19","l":13,"t":"0","gxe":55.5,"r":"1554.7630827338","rd":"61.886972693948","sigma":"0","rptime":"1438678800","rpr":1541.7845060285,"rprd":60.979268994209,"rpsigma":"0","acre":1130.9516602989,"lacre":1130.9516602989,"oldacre":"1155.624174268"},"p2rating":{"entryid":"6867552","serverid":"eos","formatid":"monotype","userid":"sovereigncactus","username":"Sovereign♕Cactus","w":86,"l":"95","t":"0","gxe":47.2,"r":"1477.6967967484","rd":"27.962104385794","sigma":"0","rptime":"1438678800","rpr":1478.7608975599,"rprd":27.173883720711,"rpsigma":"0","acre":1184.8481606224,"lacre":1184.8481606224,"oldacre":"1160.1756466533"},"endType":"normal"}