{"seed":[752,49559,15368,11522],"turns":27,"p1":"V Monocle","p2":"Sovereign♕Cactus","p1team":[{"name":"Aerodactyl","species":"Aerodactyl","item":"aerodactylite","ability":"Pressure","moves":["aerialace","stoneedge","icefang","earthquake"],"nature":"Adamant","evs":{"hp":0,"atk":252,"def":0,"spa":0,"spd":4,"spe":252},"ivs":{"hp":31,"atk":31,"def":31,"spa":31,"spd":31,"spe":31}},{"name":"Shuckle","species":"Shuckle","item":"mentalherb","ability":"Sturdy","moves":["stealthrock","stickyweb","encore","knockoff"],"nature":"Bold","evs":{"hp":248,"atk":0,"def":252,"spa":0,"spd":8,"spe":0},"ivs":{"hp":31,"atk":31,"def":31,"spa":31,"spd":31,"spe":31}},{"name":"Cradily","species":"Cradily","item":"leftovers","ability":"Storm Drain","moves":["stealthrock","gigadrain","mirrorcoat","recover"],"nature":"Calm","evs":{"hp":252,"atk":0,"def":0,"spa":4,"spd":252,"spe":0},"ivs":{"hp":31,"atk":31,"def":31,"spa":31,"spd":31,"spe":31}},{"name":"Tyranitar","species":"Tyranitar","item":"assaultvest","ability":"Sand Stream","moves":["stoneedge","crunch","fireblast","icepunch"],"nature":"Sassy","evs":{"hp":248,"atk":0,"def":0,"spa":8,"spd":252,"spe":0},"ivs":{"hp":31,"atk":31,"def":31,"spa":31,"spd":31,"spe":31}},{"name":"Terrakion","species":"Terrakion","item":"choiceband","ability":"Justified","moves":["closecombat","stoneedge","earthquake","ironhead"],"nature":"Jolly","evs":{"hp":0,"atk":252,"def":0,"spa":0,"spd":4,"spe":252},"ivs":{"hp":31,"atk":31,"def":31,"spa":31,"spd":31,"spe":31}},{"name":"Omastar","species":"Omastar","item":"focussash","ability":"Weak Armor","moves":["shellsmash","surf","icebeam","hiddenpowergrass"],"nature":"Timid","evs":{"hp":0,"atk":0,"def":0,"spa":252,"spd":4,"spe":252},"ivs":{"hp":31,"atk":30,"def":31,"spa":30,"spd":31,"spe":31}}],"p2team":[{"name":"Sharkisha","species":"swampert","item":"leftovers","ability":"Torrent","moves":["scald","earthquake","stealthrock","roar"],"nature":"Impish","evs":{"hp":252,"atk":4,"def":252,"spa":0,"spd":0,"spe":0},"gender":"M","shiny":true,"ivs":{"hp":31,"atk":31,"def":31,"spa":31,"spd":31,"spe":31}},{"name":"Butters","species":"azumarill","item":"choiceband","ability":"Sap Sipper","moves":["aquajet","icepunch","knockoff","playrough"],"nature":"Adamant","evs":{"hp":248,"atk":252,"def":0,"spa":0,"spd":8,"spe":0},"gender":"M","shiny":true,"ivs":{"hp":31,"atk":31,"def":31,"spa":31,"spd":31,"spe":31}},{"name":"Mr.WasheeWashee","species":"rotomwash","item":"leftovers","ability":"Levitate","moves":["voltswitch","willowisp","hydropump","painsplit"],"nature":"Calm","evs":{"hp":252,"atk":0,"def":0,"spa":4,"spd":252,"spe":0},"ivs":{"hp":31,"atk":31,"def":31,"spa":31,"spd":31,"spe":31}},{"name":"TheHellThisThing?","species":"manaphy","item":"wacanberry","ability":"Hydration","moves":["tailglow","icebeam","energyball","surf"],"nature":"Timid","evs":{"hp":0,"atk":0,"def":0,"spa":252,"spd":4,"spe":252},"shiny":true,"ivs":{"hp":31,"atk":31,"def":31,"spa":31,"spd":31,"spe":31}},{"name":"Cotton The D-bag","species":"politoed","item":"assaultvest","ability":"Drizzle","moves":["focusblast","icebeam","scald","psychic"],"nature":"Modest","evs":{"hp":248,"atk":0,"def":0,"spa":252,"spd":8,"spe":0},"gender":"F","shiny":true,"ivs":{"hp":31,"atk":31,"def":31,"spa":31,"spd":31,"spe":31}},{"name":"Fat Skrelp","species":"kingdra","item":"lifeorb","ability":"Swift Swim","moves":["dracometeor","hydropump","waterfall","outrage"],"nature":"Lonely","evs":{"hp":0,"atk":252,"def":0,"spa":4,"spd":0,"spe":252},"gender":"M","shiny":true,"ivs":{"hp":31,"atk":31,"def":31,"spa":31,"spd":31,"spe":31}}],"log":["|player|p1|V Monocle|vmonocle.png","|player|p2|Sovereign♕Cactus|251","|gametype|singles","|gen|6","|tier|Monotype","|rated","|rule|Baton Pass Clause: Limit one Baton Passer, can't pass Spe and other stats simultaneously","|rule|Swagger Clause: Swagger is banned","|rule|Same Type Clause: Pokémon in a team must share a type","|clearpoke","|poke|p1|Aerodactyl, F","|poke|p1|Shuckle, F","|poke|p1|Cradily, F","|poke|p1|Tyranitar, F","|poke|p1|Terrakion","|poke|p1|Omastar, M","|poke|p2|Swampert, M, shiny","|poke|p2|Azumarill, M, shiny","|poke|p2|Rotom-Wash","|poke|p2|Manaphy, shiny","|poke|p2|Politoed, F, shiny","|poke|p2|Kingdra, M, shiny","|rule|Sleep Clause Mod: Limit one foe put to sleep","|rule|Species Clause: Limit one of each Pokémon","|rule|OHKO Clause: OHKO moves are banned","|rule|Moody Clause: Moody is banned","|rule|Evasion Moves Clause: Evasion moves are banned","|rule|Endless Battle Clause: Forcing endless battles is banned","|rule|HP Percentage Mod: HP is shown in percentages","|teampreview","|","|start","|switch|p1a: Shuckle|Shuckle, F|243/243","|switch|p2a: Sharkisha|Swampert, M, shiny|404/404","|turn|1","|","|switch|p1a: Cradily|Cradily, F|376/376","|move|p2a: Sharkisha|Scald|p1a: Cradily","|-boost|p1a: Cradily|spa|1|[from] ability: Storm Drain","|","|turn|2","|","|move|p2a: Sharkisha|Stealth Rock|p1a: Cradily","|-sidestart|p1: V Monocle|move: Stealth Rock","|move|p1a: Cradily|Stealth Rock|p2a: Sharkisha","|-sidestart|p2: Sovereign♕Cactus|move: Stealth Rock","|","|turn|3","|","|switch|p2a: Butters|Azumarill, M, shiny|403/403","|-damage|p2a: Butters|353/403|[from] Stealth Rock","|move|p1a: Cradily|Giga Drain|p2a: Butters","|-boost|p2a: Butters|atk|1|[from] ability: Sap Sipper","|","|turn|4","|","|switch|p1a: Shuckle|Shuckle, F|243/243","|-damage|p1a: Shuckle|183/243|[from] Stealth Rock","|move|p2a: Butters|Ice Punch|p1a: Shuckle","|-damage|p1a: Shuckle|139/243","|","|turn|5","|","|move|p2a: Butters|Ice Punch|p1a: Shuckle","|-damage|p1a: Shuckle|90/243","|move|p1a: Shuckle|Encore|p2a: Butters","|-start|p2a: Butters|Encore","|","|turn|6","|","|switch|p2a: TheHellThisThing?|Manaphy, shiny|341/341","|-damage|p2a: TheHellThisThing?|299/341|[from] Stealth Rock","|switch|p1a: Omastar|Omastar, M|281/281","|-damage|p1a: Omastar|246/281|[from] Stealth Rock","|","|turn|7","|","|move|p2a: TheHellThisThing?|Tail Glow|p2a: TheHellThisThing?","|-boost|p2a: TheHellThisThing?|spa|3","|move|p1a: Omastar|Shell Smash|p1a: Omastar","|-unboost|p1a: Omastar|def|1","|-unboost|p1a: Omastar|spd|1","|-boost|p1a: Omastar|atk|2","|-boost|p1a: Omastar|spa|2","|-boost|p1a: Omastar|spe|2","|","|turn|8","|","|move|p1a: Omastar|Hidden Power|p2a: TheHellThisThing?","|-supereffective|p2a: TheHellThisThing?","|-damage|p2a: TheHellThisThing?|29/341","|move|p2a: TheHellThisThing?|Energy Ball|p1a: Omastar","|-supereffective|p1a: Omastar","|-damage|p1a: Omastar|0 fnt","|faint|p1a: Omastar","|","|","|switch|p1a: Aerodactyl|Aerodactyl, F|301/301","|-damage|p1a: Aerodactyl|226/301|[from] Stealth Rock","|-ability|p1a: Aerodactyl|Pressure","|turn|9","|","|detailschange|p1a: Aerodactyl|Aerodactyl-Mega, F","|-mega|p1a: Aerodactyl|Aerodactyl|Aerodactylite","|move|p1a: Aerodactyl|Aerial Ace|p2a: TheHellThisThing?","|-damage|p2a: TheHellThisThing?|0 fnt","|faint|p2a: TheHellThisThing?","|","|","|switch|p2a: Cotton The D-bag|Politoed, F, shiny|383/383","|-damage|p2a: Cotton The D-bag|336/383|[from] Stealth Rock","|-weather|RainDance","|turn|10","|","|move|p1a: Aerodactyl|Stone Edge|p2a: Cotton The D-bag","|-damage|p2a: Cotton The D-bag|99/383","|move|p2a: Cotton The D-bag|Ice Beam|p1a: Aerodactyl","|-supereffective|p1a: Aerodactyl","|-damage|p1a: Aerodactyl|38/301","|","|-weather|RainDance|[upkeep]","|turn|11","|","|switch|p2a: Sharkisha|Swampert, M, shiny|404/404","|-damage|p2a: Sharkisha|379/404|[from] Stealth Rock","|move|p1a: Aerodactyl|Aerial Ace|p2a: Sharkisha","|-damage|p2a: Sharkisha|247/404","|","|-weather|RainDance|[upkeep]","|-heal|p2a: Sharkisha|272/404|[from] item: Leftovers","|turn|12","|","|move|p1a: Aerodactyl|Earthquake|p2a: Sharkisha","|-damage|p2a: Sharkisha|176/404","|move|p2a: Sharkisha|Scald|p1a: Aerodactyl","|-supereffective|p1a: Aerodactyl","|-damage|p1a: Aerodactyl|0 fnt","|faint|p1a: Aerodactyl","|","|-weather|RainDance|[upkeep]","|-heal|p2a: Sharkisha|201/404|[from] item: Leftovers","|","|switch|p1a: Cradily|Cradily, F|376/376","|-damage|p1a: Cradily|329/376|[from] Stealth Rock","|turn|13","|","|switch|p2a: Butters|Azumarill, M, shiny|353/403","|-damage|p2a: Butters|303/403|[from] Stealth Rock","|move|p1a: Cradily|Recover|p1a: Cradily","|-heal|p1a: Cradily|376/376","|","|-weather|RainDance|[upkeep]","|turn|14","|","|switch|p1a: Tyranitar|Tyranitar, F|403/403","|-damage|p1a: Tyranitar|353/403|[from] Stealth Rock","|-weather|Sandstorm","|move|p2a: Butters|Ice Punch|p1a: Tyranitar","|-damage|p1a: Tyranitar|283/403","|","|-weather|Sandstorm|[upkeep]","|-damage|p2a: Butters|278/403|[from] sandstorm","|turn|15","|","|switch|p2a: Cotton The D-bag|Politoed, F, shiny|99/383","|-damage|p2a: Cotton The D-bag|52/383|[from] Stealth Rock","|-weather|RainDance","|move|p1a: Tyranitar|Stone Edge|p2a: Cotton The D-bag","|-damage|p2a: Cotton The D-bag|0 fnt","|faint|p2a: Cotton The D-bag","|","|-weather|RainDance|[upkeep]","|","|switch|p2a: Fat Skrelp|Kingdra, M, shiny|291/291","|-damage|p2a: Fat Skrelp|255/291|[from] Stealth Rock","|turn|16","|","|switch|p1a: Cradily|Cradily, F|376/376","|-damage|p1a: Cradily|329/376|[from] Stealth Rock","|move|p2a: Fat Skrelp|Waterfall|p1a: Cradily","|-boost|p1a: Cradily|spa|1|[from] ability: Storm Drain","|","|-weather|RainDance|[upkeep]","|-heal|p1a: Cradily|352/376|[from] item: Leftovers","|turn|17","|","|switch|p2a: Mr.WasheeWashee|Rotom-Wash|304/304","|-damage|p2a: Mr.WasheeWashee|266/304|[from] Stealth Rock","|move|p1a: Cradily|Mirror Coat|p2a: Mr.WasheeWashee","|-fail|p2a: Mr.WasheeWashee","|","|-weather|RainDance|[upkeep]","|-heal|p2a: Mr.WasheeWashee|285/304|[from] item: Leftovers","|-heal|p1a: Cradily|375/376|[from] item: Leftovers","|turn|18","|","|move|p2a: Mr.WasheeWashee|Volt Switch|p1a: Cradily","|-resisted|p1a: Cradily","|-damage|p1a: Cradily|344/376","|","|switch|p2a: Butters|Azumarill, M, shiny|278/403","|-damage|p2a: Butters|228/403|[from] Stealth Rock","|move|p1a: Cradily|Recover|p1a: Cradily","|-heal|p1a: Cradily|376/376","|","|-weather|RainDance|[upkeep]","|turn|19","|","|move|p2a: Butters|Ice Punch|p1a: Cradily","|-supereffective|p1a: Cradily","|-damage|p1a: Cradily|214/376","|move|p1a: Cradily|Mirror Coat|p2a: Butters","|-fail|p2a: Butters","|","|-weather|none","|-heal|p1a: Cradily|237/376|[from] item: Leftovers","|turn|20","|","|move|p2a: Butters|Ice Punch|p1a: Cradily","|-crit|p1a: Cradily","|-supereffective|p1a: Cradily","|-damage|p1a: Cradily|0 fnt","|faint|p1a: Cradily","|","|","|switch|p1a: Terrakion|Terrakion|323/323","|-damage|p1a: Terrakion|303/323|[from] Stealth Rock","|turn|21","|","|switch|p2a: Sharkisha|Swampert, M, shiny|201/404","|-damage|p2a: Sharkisha|176/404|[from] Stealth Rock","|move|p1a: Terrakion|Iron Head|p2a: Sharkisha","|-resisted|p2a: Sharkisha","|-damage|p2a: Sharkisha|125/404","|","|-heal|p2a: Sharkisha|150/404|[from] item: Leftovers","|turn|22","|","|switch|p1a: Tyranitar|Tyranitar, F|283/403","|-damage|p1a: Tyranitar|233/403|[from] Stealth Rock","|-weather|Sandstorm","|move|p2a: Sharkisha|Earthquake|p1a: Tyranitar","|-supereffective|p1a: Tyranitar","|-damage|p1a: Tyranitar|0 fnt","|faint|p1a: Tyranitar","|","|-weather|Sandstorm|[upkeep]","|-heal|p2a: Sharkisha|175/404|[from] item: Leftovers","|","|switch|p1a: Terrakion|Terrakion|303/323","|-damage|p1a: Terrakion|283/323|[from] Stealth Rock","|turn|23","|","|move|p1a: Terrakion|Close Combat|p2a: Sharkisha","|-damage|p2a: Sharkisha|0 fnt","|-unboost|p1a: Terrakion|def|1","|-unboost|p1a: Terrakion|spd|1","|faint|p2a: Sharkisha","|","|-weather|Sandstorm|[upkeep]","|","|switch|p2a: Mr.WasheeWashee|Rotom-Wash|285/304","|-damage|p2a: Mr.WasheeWashee|247/304|[from] Stealth Rock","|turn|24","|","|move|p1a: Terrakion|Close Combat|p2a: Mr.WasheeWashee","|-damage|p2a: Mr.WasheeWashee|0 fnt","|-unboost|p1a: Terrakion|def|1","|-unboost|p1a: Terrakion|spd|1","|faint|p2a: Mr.WasheeWashee","|","|-weather|Sandstorm|[upkeep]","|","|switch|p2a: Fat Skrelp|Kingdra, M, shiny|255/291","|-damage|p2a: Fat Skrelp|219/291|[from] Stealth Rock","|turn|25","|","|move|p1a: Terrakion|Close Combat|p2a: Fat Skrelp","|-damage|p2a: Fat Skrelp|0 fnt","|-unboost|p1a: Terrakion|def|1","|-unboost|p1a: Terrakion|spd|1","|faint|p2a: Fat Skrelp","|","|-weather|Sandstorm|[upkeep]","|","|switch|p2a: Butters|Azumarill, M, shiny|228/403","|-damage|p2a: Butters|178/403|[from] Stealth Rock","|turn|26","|","|switch|p1a: Shuckle|Shuckle, F|90/243","|-damage|p1a: Shuckle|30/243|[from] Stealth Rock","|move|p2a: Butters|Aqua Jet|p1a: Shuckle","|-supereffective|p1a: Shuckle","|-damage|p1a: Shuckle|0 fnt","|faint|p1a: Shuckle","|","|-weather|none","|","|switch|p1a: Terrakion|Terrakion|283/323","|-damage|p1a: Terrakion|263/323|[from] Stealth Rock","|turn|27","|","|move|p2a: Butters|Aqua Jet|p1a: Terrakion","|-supereffective|p1a: Terrakion","|-damage|p1a: Terrakion|111/323","|move|p1a: Terrakion|Earthquake|p2a: Butters","|-crit|p2a: Butters","|-damage|p2a: Butters|0 fnt","|faint|p2a: Butters","|","|win|V Monocle"],"p1rating":{"entryid":"7320079","serverid":"eos","formatid":"monotype","userid":"vmonocle","username":"V Monocle","w":10,"l":"19","t":"0","gxe":37.5,"r":"1433.2039997822","rd":"72.246670611234","sigma":"0","rptime":"1438678800","rpr":1402.1150886428,"rprd":61.371144162986,"rpsigma":"0","acre":1096.2588263718,"lacre":1096.2588263718,"oldacre":"1055.2648844095"},"p2rating":{"entryid":"6867552","serverid":"eos","formatid":"monotype","userid":"sovereigncactus","username":"Sovereign♕Cactus","w":"87","l":98,"t":"0","gxe":46.8,"r":"1477.6967967484","rd":"27.962104385794","sigma":"0","rptime":"1438678800","rpr":1475.5193100141,"rprd":26.881878453075,"rpsigma":"0","acre":1127.7282994306,"lacre":1127.7282994306,"oldacre":"1160.0474387843"},"endType":"normal"}