{"seed":[25489,209,25076,51630],"turns":24,"p1":"Twizz","p2":"Sovereign♕Cactus","p1team":[{"name":"Magnezone","species":"Magnezone","item":"leftovers","ability":"Sturdy","moves":["flashcannon","thunderbolt","protect","hiddenpowerice"],"nature":"Modest","evs":{"hp":76,"atk":0,"def":180,"spa":252,"spd":0,"spe":0},"ivs":{"hp":31,"atk":30,"def":30,"spa":31,"spd":31,"spe":31}},{"name":"Zapdos","species":"Zapdos","item":"leftovers","ability":"Pressure","moves":["discharge","heatwave","toxic","roost"],"nature":"Bold","evs":{"hp":4,"atk":0,"def":252,"spa":0,"spd":252,"spe":0},"ivs":{"hp":31,"atk":31,"def":31,"spa":31,"spd":31,"spe":31}},{"name":"Ampharos","species":"Ampharos","item":"ampharosite","ability":"Static","moves":["cottonguard","rest","sleeptalk","dragonpulse"],"nature":"Bold","evs":{"hp":0,"atk":0,"def":252,"spa":136,"spd":120,"spe":0},"ivs":{"hp":31,"atk":31,"def":31,"spa":31,"spd":31,"spe":31}},{"name":"Raikou","species":"Raikou","item":"leftovers","ability":"Pressure","moves":["calmmind","substitute","thunderbolt","extrasensory"],"nature":"Timid","evs":{"hp":0,"atk":0,"def":0,"spa":252,"spd":4,"spe":252},"ivs":{"hp":31,"atk":31,"def":31,"spa":31,"spd":31,"spe":31}},{"name":"Rotom-Wash","species":"Rotom-Wash","item":"choicescarf","ability":"Levitate","moves":["voltswitch","hydropump","willowisp","trick"],"nature":"Timid","evs":{"hp":0,"atk":0,"def":0,"spa":252,"spd":4,"spe":252},"ivs":{"hp":31,"atk":31,"def":31,"spa":31,"spd":31,"spe":31}},{"name":"Condom","species":"eelektross","item":"assaultvest","ability":"Levitate","moves":["gigadrain","thunderbolt","drainpunch","knockoff"],"nature":"Quiet","evs":{"hp":3,"atk":136,"def":0,"spa":108,"spd":252,"spe":0},"ivs":{"hp":31,"atk":31,"def":31,"spa":31,"spd":31,"spe":31}}],"p2team":[{"name":"Sharkisha","species":"swampert","item":"leftovers","ability":"Torrent","moves":["scald","earthquake","stealthrock","roar"],"nature":"Impish","evs":{"hp":252,"atk":4,"def":252,"spa":0,"spd":0,"spe":0},"gender":"M","shiny":true,"ivs":{"hp":31,"atk":31,"def":31,"spa":31,"spd":31,"spe":31}},{"name":"Butters","species":"azumarill","item":"choiceband","ability":"Sap Sipper","moves":["aquajet","icepunch","knockoff","playrough"],"nature":"Adamant","evs":{"hp":248,"atk":252,"def":0,"spa":0,"spd":8,"spe":0},"gender":"M","shiny":true,"ivs":{"hp":31,"atk":31,"def":31,"spa":31,"spd":31,"spe":31}},{"name":"Mr.WasheeWashee","species":"rotomwash","item":"leftovers","ability":"Levitate","moves":["voltswitch","willowisp","hydropump","painsplit"],"nature":"Calm","evs":{"hp":252,"atk":0,"def":0,"spa":4,"spd":252,"spe":0},"ivs":{"hp":31,"atk":31,"def":31,"spa":31,"spd":31,"spe":31}},{"name":"TheHellThisThing?","species":"manaphy","item":"wacanberry","ability":"Hydration","moves":["tailglow","icebeam","psychic","surf"],"nature":"Timid","evs":{"hp":0,"atk":0,"def":0,"spa":252,"spd":4,"spe":252},"shiny":true,"ivs":{"hp":31,"atk":31,"def":31,"spa":31,"spd":31,"spe":31}},{"name":"Cotton The D-bag","species":"politoed","item":"assaultvest","ability":"Drizzle","moves":["focusblast","icebeam","scald","psychic"],"nature":"Modest","evs":{"hp":248,"atk":0,"def":0,"spa":252,"spd":8,"spe":0},"gender":"F","shiny":true,"ivs":{"hp":31,"atk":31,"def":31,"spa":31,"spd":31,"spe":31}},{"name":"Fat Skrelp","species":"kingdra","item":"lifeorb","ability":"Swift Swim","moves":["dracometeor","hydropump","waterfall","outrage"],"nature":"Lonely","evs":{"hp":0,"atk":252,"def":0,"spa":4,"spd":0,"spe":252},"gender":"M","shiny":true,"ivs":{"hp":31,"atk":31,"def":31,"spa":31,"spd":31,"spe":31}}],"log":["|player|p1|Twizz|122","|player|p2|Sovereign♕Cactus|251","|gametype|singles","|gen|6","|tier|Monotype","|rated","|rule|Baton Pass Clause: Limit one Baton Passer, can't pass Spe and other stats simultaneously","|rule|Swagger Clause: Swagger is banned","|rule|Same Type Clause: Pokémon in a team must share a type","|clearpoke","|poke|p1|Magnezone","|poke|p1|Zapdos","|poke|p1|Ampharos, F","|poke|p1|Raikou","|poke|p1|Rotom-Wash","|poke|p1|Eelektross, M","|poke|p2|Swampert, M, shiny","|poke|p2|Azumarill, M, shiny","|poke|p2|Rotom-Wash","|poke|p2|Manaphy, shiny","|poke|p2|Politoed, F, shiny","|poke|p2|Kingdra, M, shiny","|rule|Sleep Clause Mod: Limit one foe put to sleep","|rule|Species Clause: Limit one of each Pokémon","|rule|OHKO Clause: OHKO moves are banned","|rule|Moody Clause: Moody is banned","|rule|Evasion Moves Clause: Evasion moves are banned","|rule|Endless Battle Clause: Forcing endless battles is banned","|rule|HP Percentage Mod: HP is shown in percentages","|teampreview","|","|start","|switch|p1a: Rotom-Wash|Rotom-Wash|241/241","|switch|p2a: Sharkisha|Swampert, M, shiny|404/404","|turn|1","|","|move|p1a: Rotom-Wash|Will-O-Wisp|p2a: Sharkisha","|-status|p2a: Sharkisha|brn","|move|p2a: Sharkisha|Stealth Rock|p1a: Rotom-Wash","|-sidestart|p1: Twizz|move: Stealth Rock","|","|-damage|p2a: Sharkisha|354/404 brn|[from] brn","|turn|2","|","|switch|p1a: Magnezone|Magnezone|300/300","|-damage|p1a: Magnezone|282/300|[from] Stealth Rock","|switch|p2a: Cotton The D-bag|Politoed, F, shiny|383/383","|-weather|RainDance","|","|-weather|RainDance|[upkeep]","|-heal|p1a: Magnezone|300/300|[from] item: Leftovers","|turn|3","|","|move|p2a: Cotton The D-bag|Scald|p1a: Magnezone","|-damage|p1a: Magnezone|117/300","|move|p1a: Magnezone|Thunderbolt|p2a: Cotton The D-bag","|-supereffective|p2a: Cotton The D-bag","|-damage|p2a: Cotton The D-bag|141/383","|","|-weather|RainDance|[upkeep]","|-heal|p1a: Magnezone|135/300|[from] item: Leftovers","|turn|4","|","|move|p1a: Magnezone|Protect|p1a: Magnezone","|-singleturn|p1a: Magnezone|Protect","|move|p2a: Cotton The D-bag|Scald|p1a: Magnezone","|-activate|p1a: Magnezone|Protect","|","|-weather|RainDance|[upkeep]","|-heal|p1a: Magnezone|153/300|[from] item: Leftovers","|turn|5","|","|move|p2a: Cotton The D-bag|Scald|p1a: Magnezone","|-damage|p1a: Magnezone|0 fnt","|faint|p1a: Magnezone","|","|-weather|RainDance|[upkeep]","|","|switch|p1a: Condom|Eelektross, M|311/311","|-damage|p1a: Condom|273/311|[from] Stealth Rock","|turn|6","|","|switch|p2a: Sharkisha|Swampert, M, shiny|354/404 brn","|move|p1a: Condom|Thunderbolt|p2a: Sharkisha","|-immune|p2a: Sharkisha|[msg]","|","|-weather|none","|-heal|p2a: Sharkisha|379/404 brn|[from] item: Leftovers","|-damage|p2a: Sharkisha|329/404 brn|[from] brn","|turn|7","|","|switch|p2a: Butters|Azumarill, M, shiny|403/403","|move|p1a: Condom|Giga Drain|p2a: Butters","|-boost|p2a: Butters|atk|1|[from] ability: Sap Sipper","|","|turn|8","|","|move|p2a: Butters|Knock Off|p1a: Condom","|-damage|p1a: Condom|89/311","|-enditem|p1a: Condom|Assault Vest|[from] move: Knock Off|[of] p2a: Butters","|move|p1a: Condom|Knock Off|p2a: Butters","|-resisted|p2a: Butters","|-damage|p2a: Butters|343/403","|-enditem|p2a: Butters|Choice Band|[from] move: Knock Off|[of] p1a: Condom","|","|turn|9","|","|switch|p2a: Sharkisha|Swampert, M, shiny|329/404 brn","|move|p1a: Condom|Thunderbolt|p2a: Sharkisha","|-immune|p2a: Sharkisha|[msg]","|","|-heal|p2a: Sharkisha|354/404 brn|[from] item: Leftovers","|-damage|p2a: Sharkisha|304/404 brn|[from] brn","|turn|10","|","|move|p2a: Sharkisha|Scald|p1a: Condom","|-damage|p1a: Condom|19/311","|move|p1a: Condom|Giga Drain|p2a: Sharkisha","|-supereffective|p2a: Sharkisha","|-damage|p2a: Sharkisha|0 fnt","|-heal|p1a: Condom|171/311|[from] drain|[of] p2a: Sharkisha","|faint|p2a: Sharkisha","|","|","|switch|p2a: Cotton The D-bag|Politoed, F, shiny|141/383","|-weather|RainDance","|turn|11","|","|move|p2a: Cotton The D-bag|Scald|p1a: Condom","|-damage|p1a: Condom|0 fnt","|faint|p1a: Condom","|","|-weather|RainDance|[upkeep]","|","|switch|p1a: Ampharos|Ampharos, F|321/321","|-damage|p1a: Ampharos|281/321|[from] Stealth Rock","|turn|12","|","|switch|p2a: Mr.WasheeWashee|Rotom-Wash|304/304","|detailschange|p1a: Ampharos|Ampharos-Mega, F","|-mega|p1a: Ampharos|Ampharos|Ampharosite","|-ability|p1a: Ampharos|Mold Breaker","|move|p1a: Ampharos|Dragon Pulse|p2a: Mr.WasheeWashee","|-damage|p2a: Mr.WasheeWashee|177/304","|","|-weather|RainDance|[upkeep]","|-heal|p2a: Mr.WasheeWashee|196/304|[from] item: Leftovers","|turn|13","|","|switch|p1a: Rotom-Wash|Rotom-Wash|241/241","|-damage|p1a: Rotom-Wash|211/241|[from] Stealth Rock","|move|p2a: Mr.WasheeWashee|Will-O-Wisp|p1a: Rotom-Wash","|-status|p1a: Rotom-Wash|brn","|","|-weather|RainDance|[upkeep]","|-heal|p2a: Mr.WasheeWashee|215/304|[from] item: Leftovers","|-damage|p1a: Rotom-Wash|181/241 brn|[from] brn","|turn|14","|","|move|p1a: Rotom-Wash|Trick|p2a: Mr.WasheeWashee","|-activate|p1a: Rotom-Wash|move: Trick|[of] p2a: Mr.WasheeWashee","|-item|p2a: Mr.WasheeWashee|Choice Scarf|[from] move: Trick","|-item|p1a: Rotom-Wash|Leftovers|[from] move: Trick","|move|p2a: Mr.WasheeWashee|Volt Switch|p1a: Rotom-Wash","|-damage|p1a: Rotom-Wash|97/241 brn","|","|switch|p2a: Butters|Azumarill, M, shiny|343/403","|","|-weather|RainDance|[upkeep]","|-heal|p1a: Rotom-Wash|112/241 brn|[from] item: Leftovers","|-damage|p1a: Rotom-Wash|82/241 brn|[from] brn","|turn|15","|","|move|p1a: Rotom-Wash|Will-O-Wisp|p2a: Butters","|-status|p2a: Butters|brn","|move|p2a: Butters|Knock Off|p1a: Rotom-Wash","|-damage|p1a: Rotom-Wash|48/241 brn","|-enditem|p1a: Rotom-Wash|Leftovers|[from] move: Knock Off|[of] p2a: Butters","|","|-weather|none","|-damage|p1a: Rotom-Wash|18/241 brn|[from] brn","|-damage|p2a: Butters|293/403 brn|[from] brn","|turn|16","|","|move|p2a: Butters|Aqua Jet|p1a: Rotom-Wash","|-resisted|p1a: Rotom-Wash","|-damage|p1a: Rotom-Wash|8/241 brn","|move|p1a: Rotom-Wash|Volt Switch|p2a: Butters","|-supereffective|p2a: Butters","|-damage|p2a: Butters|41/403 brn","|","|switch|p1a: Zapdos|Zapdos|322/322","|-damage|p1a: Zapdos|242/322|[from] Stealth Rock","|-ability|p1a: Zapdos|Pressure","|","|-heal|p1a: Zapdos|262/322|[from] item: Leftovers","|-damage|p2a: Butters|0 fnt|[from] brn","|faint|p2a: Butters","|","|switch|p2a: Cotton The D-bag|Politoed, F, shiny|141/383","|-weather|RainDance","|turn|17","|","|switch|p2a: Mr.WasheeWashee|Rotom-Wash|215/304","|move|p1a: Zapdos|Roost|p1a: Zapdos","|-heal|p1a: Zapdos|322/322","|","|-weather|RainDance|[upkeep]","|turn|18","|","|move|p2a: Mr.WasheeWashee|Hydro Pump|p1a: Zapdos","|-damage|p1a: Zapdos|159/322","|move|p1a: Zapdos|Toxic|p2a: Mr.WasheeWashee","|-status|p2a: Mr.WasheeWashee|tox","|","|-weather|RainDance|[upkeep]","|-heal|p1a: Zapdos|179/322|[from] item: Leftovers","|-damage|p2a: Mr.WasheeWashee|196/304 tox|[from] psn","|turn|19","|","|move|p2a: Mr.WasheeWashee|Hydro Pump|p1a: Zapdos","|-damage|p1a: Zapdos|16/322","|move|p1a: Zapdos|Roost|p1a: Zapdos","|-heal|p1a: Zapdos|177/322","|","|-weather|RainDance|[upkeep]","|-heal|p1a: Zapdos|197/322|[from] item: Leftovers","|-damage|p2a: Mr.WasheeWashee|158/304 tox|[from] psn","|turn|20","|","|switch|p2a: TheHellThisThing?|Manaphy, shiny|341/341","|move|p1a: Zapdos|Roost|p1a: Zapdos","|-heal|p1a: Zapdos|322/322","|","|-weather|RainDance|[upkeep]","|turn|21","|","|move|p2a: TheHellThisThing?|Tail Glow|p2a: TheHellThisThing?","|-boost|p2a: TheHellThisThing?|spa|3","|move|p1a: Zapdos|Toxic|p2a: TheHellThisThing?","|-status|p2a: TheHellThisThing?|tox","|","|-weather|none","|-damage|p2a: TheHellThisThing?|320/341 tox|[from] psn","|turn|22","|","|move|p2a: TheHellThisThing?|Ice Beam|p1a: Zapdos","|-supereffective|p1a: Zapdos","|-damage|p1a: Zapdos|0 fnt","|faint|p1a: Zapdos","|","|-damage|p2a: TheHellThisThing?|278/341 tox|[from] psn","|","|switch|p1a: Rotom-Wash|Rotom-Wash|8/241 brn","|-damage|p1a: Rotom-Wash|0 fnt|[from] Stealth Rock","|faint|p1a: Rotom-Wash","|","|switch|p1a: Raikou|Raikou|321/321","|-damage|p1a: Raikou|281/321|[from] Stealth Rock","|-ability|p1a: Raikou|Pressure","|turn|23","|","|move|p1a: Raikou|Thunderbolt|p2a: TheHellThisThing?","|-crit|p2a: TheHellThisThing?","|-supereffective|p2a: TheHellThisThing?","|-enditem|p2a: TheHellThisThing?|Wacan Berry|[eat]","|-damage|p2a: TheHellThisThing?|76/341 tox","|move|p2a: TheHellThisThing?|Surf|p1a: Raikou","|-damage|p1a: Raikou|0 fnt","|faint|p1a: Raikou","|","|-damage|p2a: TheHellThisThing?|13/341 tox|[from] psn","|","|switch|p1a: Ampharos|Ampharos-Mega, F|281/321","|-damage|p1a: Ampharos|241/321|[from] Stealth Rock","|-ability|p1a: Ampharos|Mold Breaker","|turn|24","|","|move|p2a: TheHellThisThing?|Ice Beam|p1a: Ampharos","|-supereffective|p1a: Ampharos","|-damage|p1a: Ampharos|0 fnt","|faint|p1a: Ampharos","|","|win|Sovereign♕Cactus"],"p1rating":{"entryid":"6985408","serverid":"eos","formatid":"monotype","userid":"twizz","username":"Twizz","w":"14","l":19,"t":"0","gxe":41.9,"r":"1447.5914490269","rd":62.407849616918,"sigma":"0","rptime":1438678800,"rpr":1437.7010115285,"rprd":61.439351585094,"rpsigma":"0","acre":1079.2216088452,"lacre":1079.2216088452,"oldacre":"1097.8449163841"},"p2rating":{"entryid":"6867552","serverid":"eos","formatid":"monotype","userid":"sovereigncactus","username":"Sovereign♕Cactus","w":87,"l":"95","t":"0","gxe":47.4,"r":"1477.6967967484","rd":"27.962104385794","sigma":"0","rptime":"1438678800","rpr":1480.6546134139,"rprd":27.094557002248,"rpsigma":"0","acre":1203.7154314385,"lacre":1203.7154314385,"oldacre":"1184.8481606224"},"endType":"normal"}