{"seed":[2482,18916,15896,17330],"turns":24,"p1":"fire.ride","p2":"E4 IceHawk†","p1team":[{"name":"Pikachu-Belle","species":"Pikachu-Belle","item":"lightball","ability":"Lightning Rod","moves":["brickbreak","knockoff","iciclecrash","wildcharge"],"nature":"Adamant","evs":{"hp":0,"atk":252,"def":0,"spa":0,"spd":0,"spe":252},"ivs":{"hp":31,"atk":31,"def":31,"spa":31,"spd":31,"spe":31}},{"name":"Eelektross","species":"Eelektross","item":"assaultvest","ability":"Levitate","moves":["drainpunch","knockoff","thunderpunch","superfang"],"nature":"Careful","evs":{"hp":252,"atk":64,"def":0,"spa":0,"spd":192,"spe":0},"ivs":{"hp":31,"atk":31,"def":31,"spa":31,"spd":31,"spe":31}},{"name":"Zapdos","species":"Zapdos","item":"leftovers","ability":"Pressure","moves":["defog","discharge","heatwave","roost"],"nature":"Bold","evs":{"hp":252,"atk":0,"def":252,"spa":4,"spd":0,"spe":0},"ivs":{"hp":31,"atk":31,"def":31,"spa":31,"spd":31,"spe":31}},{"name":"Magnezone","species":"Magnezone","item":"custapberry","ability":"Sturdy","moves":["flashcannon","voltswitch","mirrorcoat","hiddenpowerice"],"nature":"Modest","evs":{"hp":40,"atk":0,"def":0,"spa":216,"spd":0,"spe":252},"ivs":{"hp":31,"atk":30,"def":30,"spa":31,"spd":31,"spe":31}},{"name":"Galvantula","species":"Galvantula","item":"focussash","ability":"Compound Eyes","moves":["energyball","thunder","stickyweb","bugbuzz"],"nature":"Modest","evs":{"hp":0,"atk":0,"def":0,"spa":252,"spd":0,"spe":252},"ivs":{"hp":31,"atk":31,"def":31,"spa":31,"spd":31,"spe":31}},{"name":"Ampharos","species":"Ampharos","item":"ampharosite","ability":"Static","moves":["dragonpulse","discharge","healbell","cottonguard"],"nature":"Modest","evs":{"hp":252,"atk":0,"def":0,"spa":252,"spd":0,"spe":4},"ivs":{"hp":31,"atk":31,"def":31,"spa":31,"spd":31,"spe":31}}],"p2team":[{"name":"^_^","species":"froslass","item":"focussash","ability":"Cursed Body","moves":["thunderwave","hiddenpowerfire","confuseray","hex"],"nature":"Timid","evs":{"hp":252,"atk":0,"def":0,"spa":4,"spd":0,"spe":252},"ivs":{"hp":31,"atk":30,"def":31,"spa":30,"spd":31,"spe":30}},{"name":"Weavile","species":"Weavile","item":"lifeorb","ability":"Pressure","moves":["knockoff","iciclecrash","iceshard","lowkick"],"nature":"Adamant","evs":{"hp":0,"atk":252,"def":0,"spa":0,"spd":4,"spe":252},"ivs":{"hp":31,"atk":31,"def":31,"spa":31,"spd":31,"spe":31}},{"name":"Kyurem-Black","species":"Kyurem-Black","item":"choicescarf","ability":"Teravolt","moves":["outrage","fusionbolt","icebeam","ironhead"],"nature":"Naive","evs":{"hp":0,"atk":252,"def":0,"spa":4,"spd":0,"spe":252},"ivs":{"hp":31,"atk":31,"def":31,"spa":31,"spd":31,"spe":31}},{"name":"Abomasnow","species":"Abomasnow","item":"abomasite","ability":"Soundproof","moves":["blizzard","gigadrain","earthquake","iceshard"],"nature":"Mild","evs":{"hp":248,"atk":8,"def":0,"spa":252,"spd":0,"spe":0},"ivs":{"hp":31,"atk":31,"def":31,"spa":31,"spd":31,"spe":31}},{"name":"Mamoswine","species":"Mamoswine","item":"lifeorb","ability":"Thick Fat","moves":["earthquake","iciclespear","iceshard","superpower"],"nature":"Jolly","evs":{"hp":0,"atk":252,"def":0,"spa":0,"spd":4,"spe":252},"ivs":{"hp":31,"atk":31,"def":31,"spa":31,"spd":31,"spe":31}},{"name":"Avalugg","species":"Avalugg","item":"rockyhelmet","ability":"Sturdy","moves":["avalanche","rapidspin","roar","recover"],"nature":"Relaxed","evs":{"hp":248,"atk":8,"def":252,"spa":0,"spd":0,"spe":0},"ivs":{"hp":31,"atk":31,"def":31,"spa":31,"spd":31,"spe":0}}],"log":["|player|p1|fire.ride|93","|player|p2|E4 IceHawk†|80","|gametype|singles","|gen|6","|tier|Monotype","|rated","|rule|Baton Pass Clause: Limit one Baton Passer, can't pass Spe and other stats simultaneously","|rule|Swagger Clause: Swagger is banned","|rule|Same Type Clause: Pokémon in a team must share a type","|clearpoke","|poke|p1|Pikachu-Belle, F","|poke|p1|Eelektross, M","|poke|p1|Zapdos","|poke|p1|Magnezone","|poke|p1|Galvantula, M","|poke|p1|Ampharos, M","|poke|p2|Froslass, F","|poke|p2|Weavile, M","|poke|p2|Kyurem-Black","|poke|p2|Abomasnow, M","|poke|p2|Mamoswine, F","|poke|p2|Avalugg, F","|rule|Sleep Clause Mod: Limit one foe put to sleep","|rule|Species Clause: Limit one of each Pokémon","|rule|OHKO Clause: OHKO moves are banned","|rule|Moody Clause: Moody is banned","|rule|Evasion Moves Clause: Evasion moves are banned","|rule|Endless Battle Clause: Forcing endless battles is banned","|rule|HP Percentage Mod: HP is shown in percentages","|teampreview","|","|start","|switch|p1a: Galvantula|Galvantula, M|281/281","|switch|p2a: ^_^|Froslass, F|344/344","|turn|1","|","|move|p2a: ^_^|Confuse Ray|p1a: Galvantula","|-start|p1a: Galvantula|confusion","|-activate|p1a: Galvantula|confusion","|move|p1a: Galvantula|Thunder|p2a: ^_^|[miss]","|-miss|p1a: Galvantula|p2a: ^_^","|","|turn|2","|","|switch|p2a: Mamoswine|Mamoswine, F|361/361","|switch|p1a: Eelektross|Eelektross, M|374/374","|","|turn|3","|","|switch|p2a: ^_^|Froslass, F|344/344","|move|p1a: Eelektross|Knock Off|p2a: ^_^","|-supereffective|p2a: ^_^","|-damage|p2a: ^_^|86/344","|-enditem|p2a: ^_^|Focus Sash|[from] move: Knock Off|[of] p1a: Eelektross","|","|turn|4","|","|switch|p1a: Galvantula|Galvantula, M|281/281","|move|p2a: ^_^|Confuse Ray|p1a: Galvantula","|-start|p1a: Galvantula|confusion","|","|turn|5","|","|switch|p1a: Zapdos|Zapdos|384/384","|-ability|p1a: Zapdos|Pressure","|move|p2a: ^_^|Hex|p1a: Zapdos","|-damage|p1a: Zapdos|320/384","|","|-heal|p1a: Zapdos|344/384|[from] item: Leftovers","|turn|6","|","|move|p2a: ^_^|Confuse Ray|p1a: Zapdos","|-start|p1a: Zapdos|confusion","|-activate|p1a: Zapdos|confusion","|move|p1a: Zapdos|Heat Wave|p2a: ^_^","|-supereffective|p2a: ^_^","|-damage|p2a: ^_^|0 fnt","|-start|p1a: Zapdos|Disable|Heat Wave","|faint|p2a: ^_^","|","|-heal|p1a: Zapdos|368/384|[from] item: Leftovers","|","|switch|p2a: Abomasnow|Abomasnow, M|383/383","|turn|7","|","|switch|p1a: Eelektross|Eelektross, M|374/374","|detailschange|p2a: Abomasnow|Abomasnow-Mega, M","|-mega|p2a: Abomasnow|Abomasnow|Abomasite","|-weather|Hail","|move|p2a: Abomasnow|Blizzard|p1a: Eelektross","|-damage|p1a: Eelektross|236/374","|","|-weather|Hail|[upkeep]","|-damage|p1a: Eelektross|213/374|[from] hail","|turn|8","|","|switch|p2a: Avalugg|Avalugg, F|393/393","|move|p1a: Eelektross|Drain Punch|p2a: Avalugg","|-supereffective|p2a: Avalugg","|-damage|p2a: Avalugg|323/393","|-heal|p1a: Eelektross|248/374|[from] drain|[of] p2a: Avalugg","|-damage|p1a: Eelektross|186/374|[from] item: Rocky Helmet|[of] p2a: Avalugg","|","|-weather|Hail|[upkeep]","|-damage|p1a: Eelektross|163/374|[from] hail","|turn|9","|","|switch|p1a: Zapdos|Zapdos|368/384","|-ability|p1a: Zapdos|Pressure","|move|p2a: Avalugg|Avalanche|p1a: Zapdos","|-supereffective|p1a: Zapdos","|-damage|p1a: Zapdos|224/384","|","|-weather|Hail|[upkeep]","|-damage|p1a: Zapdos|200/384|[from] hail","|-heal|p1a: Zapdos|224/384|[from] item: Leftovers","|turn|10","|","|switch|p2a: Mamoswine|Mamoswine, F|361/361","|move|p1a: Zapdos|Roost|p1a: Zapdos","|-heal|p1a: Zapdos|384/384","|","|-weather|Hail|[upkeep]","|-damage|p1a: Zapdos|360/384|[from] hail","|-heal|p1a: Zapdos|384/384|[from] item: Leftovers","|turn|11","|","|switch|p1a: Eelektross|Eelektross, M|163/374","|move|p2a: Mamoswine|Icicle Spear|p1a: Eelektross","|-damage|p1a: Eelektross|88/374","|-damage|p1a: Eelektross|18/374","|-hitcount|p1a: Eelektross|2","|-damage|p2a: Mamoswine|325/361|[from] item: Life Orb","|","|-weather|none","|turn|12","|","|move|p2a: Mamoswine|Ice Shard|p1a: Eelektross","|-damage|p1a: Eelektross|0 fnt","|-damage|p2a: Mamoswine|289/361|[from] item: Life Orb","|faint|p1a: Eelektross","|","|","|switch|p1a: Galvantula|Galvantula, M|281/281","|turn|13","|","|move|p1a: Galvantula|Energy Ball|p2a: Mamoswine","|-supereffective|p2a: Mamoswine","|-damage|p2a: Mamoswine|0 fnt","|faint|p2a: Mamoswine","|","|","|switch|p2a: Abomasnow|Abomasnow-Mega, M|383/383","|-weather|Hail","|turn|14","|","|move|p1a: Galvantula|Sticky Web|p2a: Abomasnow","|-sidestart|p2: E4 IceHawk†|move: Sticky Web","|move|p2a: Abomasnow|Earthquake|p1a: Galvantula","|-damage|p1a: Galvantula|132/281","|","|-weather|Hail|[upkeep]","|-damage|p1a: Galvantula|115/281|[from] hail","|turn|15","|","|move|p1a: Galvantula|Bug Buzz|p2a: Abomasnow","|-supereffective|p2a: Abomasnow","|-damage|p2a: Abomasnow|123/383","|move|p2a: Abomasnow|Blizzard|p1a: Galvantula","|-damage|p1a: Galvantula|0 fnt","|faint|p1a: Galvantula","|","|-weather|Hail|[upkeep]","|","|switch|p1a: Pikachu-Belle|Pikachu-Belle, F|211/211","|turn|16","|","|move|p1a: Pikachu-Belle|Brick Break|p2a: Abomasnow","|-crit|p2a: Abomasnow","|-supereffective|p2a: Abomasnow","|-damage|p2a: Abomasnow|0 fnt","|faint|p2a: Abomasnow","|","|-weather|Hail|[upkeep]","|-damage|p1a: Pikachu-Belle|198/211|[from] hail","|","|switch|p2a: Avalugg|Avalugg, F|323/393","|-activate|p2a: Avalugg|move: Sticky Web","|-unboost|p2a: Avalugg|spe|1","|turn|17","|","|switch|p1a: Zapdos|Zapdos|384/384","|-ability|p1a: Zapdos|Pressure","|move|p2a: Avalugg|Rapid Spin|p1a: Zapdos","|-damage|p1a: Zapdos|370/384","|-sideend|p2: E4 IceHawk†|Sticky Web|[from] move: Rapid Spin|[of] p2a: Avalugg","|","|-weather|Hail|[upkeep]","|-damage|p1a: Zapdos|346/384|[from] hail","|-heal|p1a: Zapdos|370/384|[from] item: Leftovers","|turn|18","|","|move|p1a: Zapdos|Heat Wave|p2a: Avalugg","|-supereffective|p2a: Avalugg","|-damage|p2a: Avalugg|0 fnt","|faint|p2a: Avalugg","|","|-weather|none","|-heal|p1a: Zapdos|384/384|[from] item: Leftovers","|","|switch|p2a: Weavile|Weavile, M|281/281","|-ability|p2a: Weavile|Pressure","|turn|19","|","|move|p2a: Weavile|Icicle Crash|p1a: Zapdos","|-supereffective|p1a: Zapdos","|-damage|p1a: Zapdos|49/384","|-damage|p2a: Weavile|253/281|[from] item: Life Orb","|move|p1a: Zapdos|Heat Wave|p2a: Weavile","|-supereffective|p2a: Weavile","|-damage|p2a: Weavile|47/281","|","|-heal|p1a: Zapdos|73/384|[from] item: Leftovers","|turn|20","|","|move|p2a: Weavile|Icicle Crash|p1a: Zapdos","|-supereffective|p1a: Zapdos","|-damage|p1a: Zapdos|0 fnt","|-damage|p2a: Weavile|19/281|[from] item: Life Orb","|faint|p1a: Zapdos","|","|","|switch|p1a: Pikachu-Belle|Pikachu-Belle, F|198/211","|turn|21","|","|move|p2a: Weavile|Icicle Crash|p1a: Pikachu-Belle","|-damage|p1a: Pikachu-Belle|0 fnt","|-damage|p2a: Weavile|0 fnt|[from] item: Life Orb","|faint|p1a: Pikachu-Belle","|faint|p2a: Weavile","|","|","|switch|p2a: Kyurem-Black|Kyurem-Black|391/391","|switch|p1a: Ampharos|Ampharos, M|384/384","|-ability|p2a: Kyurem-Black|Teravolt","|turn|22","|","|move|p2a: Kyurem-Black|Outrage|p1a: Ampharos","|-damage|p1a: Ampharos|60/384","|move|p1a: Ampharos|Dragon Pulse|p2a: Kyurem-Black","|-supereffective|p2a: Kyurem-Black","|-damage|p2a: Kyurem-Black|127/391","|","|turn|23","|","|move|p2a: Kyurem-Black|Outrage|p1a: Ampharos|[from]lockedmove","|-damage|p1a: Ampharos|0 fnt","|-status|p2a: Kyurem-Black|par","|faint|p1a: Ampharos","|","|","|switch|p1a: Magnezone|Magnezone|291/291","|turn|24","|","|move|p1a: Magnezone|Flash Cannon|p2a: Kyurem-Black","|-supereffective|p2a: Kyurem-Black","|-damage|p2a: Kyurem-Black|0 fnt","|faint|p2a: Kyurem-Black","|","|win|fire.ride"],"p1rating":{"entryid":"7072347","serverid":"eos","formatid":"monotype","userid":"fireride","username":"fire.ride","w":7,"l":"4","t":"0","gxe":58.1,"r":"1545.7616466305","rd":"89.032764542512","sigma":"0","rptime":"1438678800","rpr":1563.3258718345,"rprd":86.668962950389,"rpsigma":"0","acre":1153.0294501988,"lacre":1153.0294501988,"oldacre":"1134.4593858288"},"p2rating":{"entryid":"7403154","serverid":"eos","formatid":"monotype","userid":"e4icehawk","username":"E4 IceHawk†","w":"1","l":3,"t":"0","gxe":42.4,"r":"1500","rd":"130","sigma":"0","rptime":"1438678800","rpr":1439.9294742743,"rprd":105.98278652384,"rpsigma":"0","acre":1030.8229744347,"lacre":1030.8229744347,"oldacre":"1043.0473528646"},"endType":"normal"}