{"seed":[15473,19584,36186,39534],"turns":21,"p1":"Knight♕Zygarde - ","p2":"Union Arc","p1team":[{"name":"Latios","species":"Latios","item":"latiosite","ability":"Levitate","moves":["calmmind","recover","dragonpulse","psyshock"],"nature":"Timid","evs":{"hp":4,"atk":0,"def":0,"spa":252,"spd":0,"spe":252},"ivs":{"hp":31,"atk":31,"def":31,"spa":31,"spd":31,"spe":31}},{"name":"Hoopa-Unbound","species":"Hoopa-Unbound","item":"choicescarf","ability":"Magician","moves":["hyperspacefury","gunkshot","drainpunch","zenheadbutt"],"nature":"Jolly","evs":{"hp":4,"atk":0,"def":0,"spa":0,"spd":0,"spe":252},"ivs":{"hp":31,"atk":31,"def":31,"spa":31,"spd":31,"spe":31}},{"name":"Metagross","species":"Metagross","item":"leftovers","ability":"Clear Body","moves":["earthquake","meteormash","zenheadbutt","thunderpunch"],"nature":"Adamant","evs":{"hp":248,"atk":8,"def":0,"spa":0,"spd":0,"spe":0},"ivs":{"hp":31,"atk":31,"def":31,"spa":31,"spd":31,"spe":31}},{"name":"Victini","species":"Victini","item":"choicescarf","ability":"Victory Star","moves":["vcreate","zenheadbutt","boltstrike","uturn"],"nature":"Jolly","evs":{"hp":0,"atk":252,"def":0,"spa":0,"spd":4,"spe":252},"ivs":{"hp":31,"atk":31,"def":31,"spa":31,"spd":31,"spe":31}},{"name":"Alakazam","species":"Alakazam","item":"lifeorb","ability":"Magic Guard","moves":["calmmind","dazzlinggleam","psyshock","energyball"],"nature":"Timid","evs":{"hp":0,"atk":0,"def":0,"spa":252,"spd":4,"spe":252},"ivs":{"hp":31,"atk":31,"def":31,"spa":31,"spd":31,"spe":31}},{"name":"Jirachi","species":"Jirachi","item":"choicescarf","ability":"Serene Grace","moves":["firepunch","icepunch","zenheadbutt","ironhead"],"nature":"Jolly","evs":{"hp":0,"atk":252,"def":0,"spa":0,"spd":4,"spe":252},"ivs":{"hp":31,"atk":31,"def":31,"spa":31,"spd":31,"spe":31}}],"p2team":[{"name":"Charizard","species":"Charizard","item":"charizarditex","ability":"Blaze","moves":["flareblitz","dragonclaw","earthquake","roost"],"nature":"Jolly","evs":{"hp":0,"atk":252,"def":0,"spa":0,"spd":4,"spe":252},"ivs":{"hp":31,"atk":31,"def":31,"spa":31,"spd":31,"spe":31}},{"name":"Skarmory","species":"Skarmory","item":"rockyhelmet","ability":"Sturdy","moves":["ironhead","stealthrock","defog","roost"],"nature":"Impish","evs":{"hp":248,"atk":0,"def":236,"spa":0,"spd":0,"spe":24},"ivs":{"hp":31,"atk":31,"def":31,"spa":31,"spd":31,"spe":31}},{"name":"Landorus","species":"Landorus","item":"lifeorb","ability":"Sheer Force","moves":["earthpower","psychic","sludgewave","knockoff"],"nature":"Naive","evs":{"hp":0,"atk":4,"def":0,"spa":252,"spd":0,"spe":252},"ivs":{"hp":31,"atk":31,"def":31,"spa":31,"spd":31,"spe":31}},{"name":"Tornadus-Therian","species":"Tornadus-Therian","item":"assaultvest","ability":"Regenerator","moves":["hurricane","heatwave","knockoff","uturn"],"nature":"Hasty","evs":{"hp":0,"atk":0,"def":0,"spa":252,"spd":26,"spe":230},"ivs":{"hp":31,"atk":31,"def":31,"spa":31,"spd":31,"spe":31}},{"name":"Togekiss","species":"Togekiss","item":"choicescarf","ability":"Serene Grace","moves":["airslash","dazzlinggleam","aurasphere","defog"],"nature":"Timid","evs":{"hp":0,"atk":0,"def":0,"spa":252,"spd":4,"spe":252},"ivs":{"hp":31,"atk":31,"def":31,"spa":31,"spd":31,"spe":31}},{"name":"Gyarados","species":"Gyarados","item":"leftovers","ability":"Moxie","moves":["dragondance","substitute","waterfall","icefang"],"nature":"Adamant","evs":{"hp":0,"atk":252,"def":0,"spa":0,"spd":4,"spe":252},"ivs":{"hp":31,"atk":31,"def":31,"spa":31,"spd":31,"spe":31}}],"log":["|player|p1|Knight♕Zygarde - |knightzygarde.png","|player|p2|Union Arc|218","|gametype|singles","|gen|6","|tier|Monotype","|rated","|rule|Baton Pass Clause: Limit one Baton Passer, can't pass Spe and other stats simultaneously","|rule|Swagger Clause: Swagger is banned","|rule|Same Type Clause: Pokémon in a team must share a type","|clearpoke","|poke|p1|Latios, M","|poke|p1|Hoopa-Unbound","|poke|p1|Metagross","|poke|p1|Victini","|poke|p1|Alakazam, M","|poke|p1|Jirachi","|poke|p2|Charizard, F","|poke|p2|Skarmory, M","|poke|p2|Landorus, M","|poke|p2|Tornadus-Therian, M","|poke|p2|Togekiss, F","|poke|p2|Gyarados, F","|rule|Sleep Clause Mod: Limit one foe put to sleep","|rule|Species Clause: Limit one of each Pokémon","|rule|OHKO Clause: OHKO moves are banned","|rule|Moody Clause: Moody is banned","|rule|Evasion Moves Clause: Evasion moves are banned","|rule|Endless Battle Clause: Forcing endless battles is banned","|rule|HP Percentage Mod: HP is shown in percentages","|teampreview","|","|start","|switch|p1a: Alakazam|Alakazam, M|251/251","|switch|p2a: Gyarados|Gyarados, F|331/331","|turn|1","|","|move|p1a: Alakazam|Calm Mind|p1a: Alakazam","|-boost|p1a: Alakazam|spa|1","|-boost|p1a: Alakazam|spd|1","|move|p2a: Gyarados|Waterfall|p1a: Alakazam","|-damage|p1a: Alakazam|0 fnt","|faint|p1a: Alakazam","|-boost|p2a: Gyarados|atk|1|[from] ability: Moxie","|","|","|switch|p1a: Metagross|Metagross|363/363","|turn|2","|","|move|p2a: Gyarados|Waterfall|p1a: Metagross","|-damage|p1a: Metagross|168/363","|move|p1a: Metagross|Thunder Punch|p2a: Gyarados","|-crit|p2a: Gyarados","|-supereffective|p2a: Gyarados","|-damage|p2a: Gyarados|0 fnt","|faint|p2a: Gyarados","|","|-heal|p1a: Metagross|190/363|[from] item: Leftovers","|","|switch|p2a: Tornadus-Therian|Tornadus-Therian, M|299/299","|turn|3","|","|move|p2a: Tornadus-Therian|Heat Wave|p1a: Metagross","|-miss|p2a: Tornadus-Therian|p1a: Metagross","|move|p1a: Metagross|Thunder Punch|p2a: Tornadus-Therian","|-supereffective|p2a: Tornadus-Therian","|-damage|p2a: Tornadus-Therian|75/299","|","|-heal|p1a: Metagross|212/363|[from] item: Leftovers","|turn|4","|","|switch|p2a: Skarmory|Skarmory, M|333/333","|move|p1a: Metagross|Thunder Punch|p2a: Skarmory","|-supereffective|p2a: Skarmory","|-damage|p2a: Skarmory|237/333","|-damage|p1a: Metagross|152/363|[from] item: Rocky Helmet|[of] p2a: Skarmory","|","|-heal|p1a: Metagross|174/363|[from] item: Leftovers","|turn|5","|","|move|p2a: Skarmory|Roost|p2a: Skarmory","|-heal|p2a: Skarmory|333/333","|move|p1a: Metagross|Thunder Punch|p2a: Skarmory","|-damage|p2a: Skarmory|283/333","|-damage|p1a: Metagross|114/363|[from] item: Rocky Helmet|[of] p2a: Skarmory","|","|-heal|p1a: Metagross|136/363|[from] item: Leftovers","|turn|6","|","|move|p2a: Skarmory|Stealth Rock|p1a: Metagross","|-sidestart|p1: Knight♕Zygarde - |move: Stealth Rock","|move|p1a: Metagross|Thunder Punch|p2a: Skarmory","|-supereffective|p2a: Skarmory","|-damage|p2a: Skarmory|185/333","|-damage|p1a: Metagross|76/363|[from] item: Rocky Helmet|[of] p2a: Skarmory","|","|-heal|p1a: Metagross|98/363|[from] item: Leftovers","|turn|7","|","|move|p2a: Skarmory|Iron Head|p1a: Metagross","|-resisted|p1a: Metagross","|-damage|p1a: Metagross|68/363","|move|p1a: Metagross|Earthquake|p2a: Skarmory","|-immune|p2a: Skarmory|[msg]","|","|-heal|p1a: Metagross|90/363|[from] item: Leftovers","|turn|8","|","|move|p2a: Skarmory|Roost|p2a: Skarmory","|-heal|p2a: Skarmory|333/333","|move|p1a: Metagross|Earthquake|p2a: Skarmory","|-supereffective|p2a: Skarmory","|-damage|p2a: Skarmory|211/333","|","|-heal|p1a: Metagross|112/363|[from] item: Leftovers","|turn|9","|","|switch|p2a: Landorus|Landorus, M|319/319","|move|p1a: Metagross|Earthquake|p2a: Landorus","|-immune|p2a: Landorus|[msg]","|","|-heal|p1a: Metagross|134/363|[from] item: Leftovers","|turn|10","|","|move|p2a: Landorus|Knock Off|p1a: Metagross","|-supereffective|p1a: Metagross","|-damage|p1a: Metagross|0 fnt","|-enditem|p1a: Metagross|Leftovers|[from] move: Knock Off|[of] p2a: Landorus","|-damage|p2a: Landorus|288/319|[from] item: Life Orb","|faint|p1a: Metagross","|","|","|switch|p1a: Jirachi|Jirachi|341/341","|-damage|p1a: Jirachi|320/341|[from] Stealth Rock","|turn|11","|","|switch|p2a: Skarmory|Skarmory, M|211/333","|move|p1a: Jirachi|Ice Punch|p2a: Skarmory","|-damage|p2a: Skarmory|166/333","|-damage|p1a: Jirachi|264/341|[from] item: Rocky Helmet|[of] p2a: Skarmory","|","|turn|12","|","|switch|p1a: Victini|Victini|341/341","|-damage|p1a: Victini|256/341|[from] Stealth Rock","|move|p2a: Skarmory|Roost|p2a: Skarmory","|-heal|p2a: Skarmory|333/333","|","|turn|13","|","|switch|p2a: Charizard|Charizard, F|297/297","|move|p1a: Victini|Bolt Strike|p2a: Charizard","|-supereffective|p2a: Charizard","|-damage|p2a: Charizard|0 fnt","|faint|p2a: Charizard","|","|","|switch|p2a: Landorus|Landorus, M|288/319","|turn|14","|","|switch|p1a: Jirachi|Jirachi|264/341","|-damage|p1a: Jirachi|243/341|[from] Stealth Rock","|move|p2a: Landorus|Knock Off|p1a: Jirachi","|-supereffective|p1a: Jirachi","|-damage|p1a: Jirachi|9/341","|-enditem|p1a: Jirachi|Choice Scarf|[from] move: Knock Off|[of] p2a: Landorus","|-damage|p2a: Landorus|257/319|[from] item: Life Orb","|","|turn|15","|","|move|p2a: Landorus|Psychic|p1a: Jirachi","|-resisted|p1a: Jirachi","|-damage|p1a: Jirachi|0 fnt","|faint|p1a: Jirachi","|","|","|switch|p1a: Hoopa-Unbound|Hoopa-Unbound|302/302","|-damage|p1a: Hoopa-Unbound|265/302|[from] Stealth Rock","|turn|16","|","|switch|p2a: Skarmory|Skarmory, M|333/333","|move|p1a: Hoopa-Unbound|Hyperspace Fury|p2a: Skarmory","|-damage|p2a: Skarmory|227/333","|-unboost|p1a: Hoopa-Unbound|def|1","|","|turn|17","|","|switch|p1a: Victini|Victini|256/341","|-damage|p1a: Victini|171/341|[from] Stealth Rock","|move|p2a: Skarmory|Iron Head|p1a: Victini","|-resisted|p1a: Victini","|-damage|p1a: Victini|130/341","|","|turn|18","|","|move|p1a: Victini|V-create|p2a: Skarmory","|-supereffective|p2a: Skarmory","|-damage|p2a: Skarmory|0 fnt","|-damage|p1a: Victini|74/341|[from] item: Rocky Helmet|[of] p2a: Skarmory","|-unboost|p1a: Victini|spe|1","|-unboost|p1a: Victini|def|1","|-unboost|p1a: Victini|spd|1","|faint|p2a: Skarmory","|","|","|switch|p2a: Tornadus-Therian|Tornadus-Therian, M|174/299","|turn|19","|","|switch|p1a: Hoopa-Unbound|Hoopa-Unbound|265/302","|-damage|p1a: Hoopa-Unbound|228/302|[from] Stealth Rock","|move|p2a: Tornadus-Therian|U-turn|p1a: Hoopa-Unbound","|-supereffective|p1a: Hoopa-Unbound","|-damage|p1a: Hoopa-Unbound|0 fnt","|faint|p1a: Hoopa-Unbound","|","|switch|p2a: Togekiss|Togekiss, F|311/311","|","|","|switch|p1a: Victini|Victini|74/341","|-damage|p1a: Victini|0 fnt|[from] Stealth Rock","|faint|p1a: Victini","|","|switch|p1a: Latios|Latios, M|302/302","|-damage|p1a: Latios|265/302|[from] Stealth Rock","|turn|20","|","|detailschange|p1a: Latios|Latios-Mega, M","|-mega|p1a: Latios|Latios|Latiosite","|move|p2a: Togekiss|Dazzling Gleam|p1a: Latios","|-supereffective|p1a: Latios","|-damage|p1a: Latios|47/302","|move|p1a: Latios|Calm Mind|p1a: Latios","|-boost|p1a: Latios|spa|1","|-boost|p1a: Latios|spd|1","|","|turn|21","|","|move|p2a: Togekiss|Dazzling Gleam|p1a: Latios","|-supereffective|p1a: Latios","|-damage|p1a: Latios|0 fnt","|faint|p1a: Latios","|","|win|Union Arc"],"p1rating":{"entryid":"7130918","serverid":"eos","formatid":"monotype","userid":"knightzygarde","username":"Knight♕Zygarde","w":"32","l":21,"t":"0","gxe":61.8,"r":"1623.586140894","rd":"52.568595800273","sigma":"0","rptime":"1438678800","rpr":1591.2528354759,"rprd":49.273443804371,"rpsigma":"0","acre":1119.6904343793,"lacre":1119.6904343793,"oldacre":"1155.1681415191"},"p2rating":{"entryid":7387598,"formatid":"monotype","userid":"unionarc","username":"Union Arc","r":1500,"rd":130,"sigma":0,"rpr":1557.2434925966,"rprd":122.79845623266,"rpsigma":0,"rptime":1438678800,"w":1,"l":0,"t":0,"gxe":57.1,"acre":1056.7643314237,"lacre":1056.7643314237,"oldacre":1000},"endType":"normal"}