{"seed":[11593,37925,29093,64467],"turns":46,"p1":"JusAnAlt","p2":"THE MEGA POLIWRATH","p1team":[{"name":"Crawdaunt","species":"Crawdaunt","item":"lumberry","ability":"Adaptability","moves":["dragondance","aquajet","crabhammer","knockoff"],"nature":"Adamant","evs":{"hp":0,"atk":252,"def":0,"spa":0,"spd":4,"spe":252},"ivs":{"hp":31,"atk":31,"def":31,"spa":31,"spd":31,"spe":31}},{"name":"Bisharp","species":"Bisharp","item":"lifeorb","ability":"Defiant","moves":["ironhead","knockoff","suckerpunch","swordsdance"],"nature":"Adamant","evs":{"hp":0,"atk":252,"def":0,"spa":0,"spd":4,"spe":252},"ivs":{"hp":31,"atk":31,"def":31,"spa":31,"spd":31,"spe":31}},{"name":"Mandibuzz","species":"Mandibuzz","item":"leftovers","ability":"Overcoat","moves":["foulplay","defog","roost","whirlwind"],"nature":"Bold","evs":{"hp":248,"atk":0,"def":252,"spa":0,"spd":8,"spe":0},"ivs":{"hp":31,"atk":0,"def":31,"spa":31,"spd":31,"spe":31}},{"name":"Umbreon","species":"Umbreon","item":"leftovers","ability":"Synchronize","moves":["foulplay","healbell","wish","protect"],"nature":"Calm","evs":{"hp":248,"atk":0,"def":8,"spa":0,"spd":252,"spe":0},"ivs":{"hp":31,"atk":0,"def":31,"spa":31,"spd":31,"spe":31}},{"name":"Sableye","species":"Sableye","item":"sablenite","ability":"Prankster","moves":["calmmind","recover","willowisp","darkpulse"],"nature":"Bold","evs":{"hp":248,"atk":0,"def":252,"spa":8,"spd":0,"spe":0},"ivs":{"hp":31,"atk":0,"def":31,"spa":31,"spd":31,"spe":31}},{"name":"Tyranitar","species":"Tyranitar","item":"assaultvest","ability":"Sand Stream","moves":["flamethrower","crunch","earthquake","rockslide"],"nature":"Sassy","evs":{"hp":248,"atk":0,"def":0,"spa":8,"spd":252,"spe":0},"ivs":{"hp":31,"atk":31,"def":31,"spa":31,"spd":31,"spe":31}}],"p2team":[{"name":"Breloom","species":"Breloom","item":"focussash","ability":"Effect Spore","moves":["spore","bulletseed","machpunch","rockslide"],"nature":"Jolly","evs":{"hp":0,"atk":252,"def":0,"spa":0,"spd":4,"spe":252},"shiny":true,"ivs":{"hp":31,"atk":31,"def":31,"spa":31,"spd":31,"spe":31}},{"name":"Cradily","species":"Cradily","item":"leftovers","ability":"Suction Cups","moves":["ancientpower","sludgewave","seedbomb","recover"],"nature":"Gentle","evs":{"hp":0,"atk":4,"def":0,"spa":0,"spd":252,"spe":0},"shiny":true,"ivs":{"hp":31,"atk":31,"def":31,"spa":31,"spd":31,"spe":31}},{"name":"Ludicolo","species":"Ludicolo","item":"leftovers","ability":"Own Tempo","moves":["gigadrain","icebeam","scald","thunderpunch"],"nature":"Mild","evs":{"hp":252,"atk":4,"def":0,"spa":252,"spd":0,"spe":0},"shiny":true,"ivs":{"hp":31,"atk":31,"def":31,"spa":31,"spd":31,"spe":31}},{"name":"Ferrothorn","species":"Ferrothorn","item":"focussash","ability":"Iron Barbs","moves":["flashcannon","thunderbolt","explosion","acidspray"],"nature":"Rash","evs":{"hp":248,"atk":8,"def":0,"spa":252,"spd":0,"spe":0},"shiny":true,"ivs":{"hp":31,"atk":31,"def":31,"spa":31,"spd":31,"spe":31}},{"name":"Venusaur","species":"Venusaur","item":"venusaurite","ability":"Overgrow","moves":["sleeppowder","synthesis","earthquake","leafstorm"],"nature":"Lax","evs":{"hp":248,"atk":8,"def":252,"spa":0,"spd":0,"spe":0},"shiny":true,"ivs":{"hp":31,"atk":31,"def":31,"spa":31,"spd":31,"spe":31}},{"name":"Abomasnow","species":"Abomasnow","item":"leftovers","ability":"Snow Warning","moves":["iceshard","woodhammer","ingrain","icebeam"],"nature":"Lonely","evs":{"hp":252,"atk":252,"def":0,"spa":4,"spd":0,"spe":0},"shiny":true,"ivs":{"hp":31,"atk":31,"def":31,"spa":31,"spd":31,"spe":31}}],"log":["|player|p1|JusAnAlt|99","|player|p2|THE MEGA POLIWRATH|10","|gametype|singles","|gen|6","|tier|Monotype","|rated","|rule|Baton Pass Clause: Limit one Baton Passer, can't pass Spe and other stats simultaneously","|rule|Swagger Clause: Swagger is banned","|rule|Same Type Clause: Pokémon in a team must share a type","|clearpoke","|poke|p1|Crawdaunt, M","|poke|p1|Bisharp, M","|poke|p1|Mandibuzz, F","|poke|p1|Umbreon, F","|poke|p1|Sableye, M","|poke|p1|Tyranitar, F","|poke|p2|Breloom, F, shiny","|poke|p2|Cradily, F, shiny","|poke|p2|Ludicolo, F, shiny","|poke|p2|Ferrothorn, F, shiny","|poke|p2|Venusaur, M, shiny","|poke|p2|Abomasnow, M, shiny","|rule|Sleep Clause Mod: Limit one foe put to sleep","|rule|Species Clause: Limit one of each Pokémon","|rule|OHKO Clause: OHKO moves are banned","|rule|Moody Clause: Moody is banned","|rule|Evasion Moves Clause: Evasion moves are banned","|rule|Endless Battle Clause: Forcing endless battles is banned","|rule|HP Percentage Mod: HP is shown in percentages","|teampreview","|","|start","|switch|p1a: Sableye|Sableye, M|303/303","|switch|p2a: Abomasnow|Abomasnow, M, shiny|384/384","|-weather|Hail","|turn|1","|","|detailschange|p1a: Sableye|Sableye-Mega, M","|-mega|p1a: Sableye|Sableye|Sablenite","|move|p2a: Abomasnow|Ice Shard|p1a: Sableye","|-damage|p1a: Sableye|261/303","|move|p1a: Sableye|Will-O-Wisp|p2a: Abomasnow","|-status|p2a: Abomasnow|brn","|","|-weather|Hail|[upkeep]","|-damage|p1a: Sableye|243/303|[from] hail","|-damage|p2a: Abomasnow|336/384 brn|[from] brn","|turn|2","|","|move|p2a: Abomasnow|Ice Beam|p1a: Sableye","|-damage|p1a: Sableye|153/303","|move|p1a: Sableye|Dark Pulse|p2a: Abomasnow","|-damage|p2a: Abomasnow|242/384 brn","|","|-weather|Hail|[upkeep]","|-damage|p1a: Sableye|135/303|[from] hail","|-heal|p2a: Abomasnow|266/384 brn|[from] item: Leftovers","|-damage|p2a: Abomasnow|218/384 brn|[from] brn","|turn|3","|","|move|p2a: Abomasnow|Ingrain|p2a: Abomasnow","|-start|p2a: Abomasnow|move: Ingrain","|move|p1a: Sableye|Recover|p1a: Sableye","|-heal|p1a: Sableye|287/303","|","|-weather|Hail|[upkeep]","|-damage|p1a: Sableye|269/303|[from] hail","|-heal|p2a: Abomasnow|242/384 brn|[from] item: Leftovers","|-heal|p2a: Abomasnow|266/384 brn|[from] Ingrain","|-damage|p2a: Abomasnow|218/384 brn|[from] brn","|turn|4","|","|switch|p1a: Tyranitar|Tyranitar, F|403/403","|-weather|Sandstorm","|move|p2a: Abomasnow|Ice Beam|p1a: Tyranitar","|-damage|p1a: Tyranitar|370/403","|","|-weather|Sandstorm|[upkeep]","|-damage|p2a: Abomasnow|194/384 brn|[from] sandstorm","|-heal|p2a: Abomasnow|218/384 brn|[from] item: Leftovers","|-heal|p2a: Abomasnow|242/384 brn|[from] Ingrain","|-damage|p2a: Abomasnow|194/384 brn|[from] brn","|turn|5","|","|move|p2a: Abomasnow|Wood Hammer|p1a: Tyranitar","|-supereffective|p1a: Tyranitar","|-damage|p1a: Tyranitar|213/403","|-damage|p2a: Abomasnow|142/384 brn|[from] recoil|[of] p1a: Tyranitar","|move|p1a: Tyranitar|Flamethrower|p2a: Abomasnow","|-supereffective|p2a: Abomasnow","|-damage|p2a: Abomasnow|0 fnt","|faint|p2a: Abomasnow","|","|-weather|Sandstorm|[upkeep]","|","|switch|p2a: Cradily|Cradily, F, shiny|313/313","|turn|6","|","|switch|p1a: Sableye|Sableye-Mega, M|269/303","|move|p2a: Cradily|Sludge Wave|p1a: Sableye","|-resisted|p1a: Sableye","|-damage|p1a: Sableye|243/303","|-status|p1a: Sableye|psn","|","|-weather|Sandstorm|[upkeep]","|-damage|p1a: Sableye|225/303 psn|[from] sandstorm","|-damage|p1a: Sableye|188/303 psn|[from] psn","|turn|7","|","|switch|p1a: Bisharp|Bisharp, M|271/271","|move|p2a: Cradily|Seed Bomb|p1a: Bisharp","|-resisted|p1a: Bisharp","|-damage|p1a: Bisharp|230/271","|","|-weather|Sandstorm|[upkeep]","|turn|8","|","|move|p1a: Bisharp|Iron Head|p2a: Cradily","|-supereffective|p2a: Cradily","|-damage|p2a: Cradily|0 fnt","|-damage|p1a: Bisharp|203/271|[from] item: Life Orb","|faint|p2a: Cradily","|","|-weather|none","|","|switch|p2a: Ludicolo|Ludicolo, F, shiny|364/364","|turn|9","|","|switch|p1a: Umbreon|Umbreon, F|393/393","|move|p2a: Ludicolo|Scald|p1a: Umbreon","|-damage|p1a: Umbreon|318/393","|","|-heal|p1a: Umbreon|342/393|[from] item: Leftovers","|turn|10","|","|move|p2a: Ludicolo|Ice Beam|p1a: Umbreon","|-damage|p1a: Umbreon|286/393","|move|p1a: Umbreon|Heal Bell|p1a: Umbreon","|-cureteam|p1a: Umbreon|[from] move: HealBell","|","|-heal|p1a: Umbreon|310/393|[from] item: Leftovers","|turn|11","|","|move|p2a: Ludicolo|Giga Drain|p1a: Umbreon","|-damage|p1a: Umbreon|237/393","|move|p1a: Umbreon|Wish|p1a: Umbreon","|","|-heal|p1a: Umbreon|261/393|[from] item: Leftovers","|turn|12","|","|switch|p1a: Sableye|Sableye-Mega, M|188/303","|move|p2a: Ludicolo|Scald|p1a: Sableye","|-damage|p1a: Sableye|71/303","|-status|p1a: Sableye|brn","|","|-heal|p1a: Sableye|267/303 brn|[from] move: Wish|[wisher] Umbreon","|-damage|p1a: Sableye|230/303 brn|[from] brn","|turn|13","|","|move|p2a: Ludicolo|Scald|p1a: Sableye","|-damage|p1a: Sableye|115/303 brn","|move|p1a: Sableye|Will-O-Wisp|p2a: Ludicolo","|-status|p2a: Ludicolo|brn","|","|-damage|p2a: Ludicolo|319/364 brn|[from] brn","|-damage|p1a: Sableye|78/303 brn|[from] brn","|turn|14","|","|switch|p1a: Umbreon|Umbreon, F|261/393","|move|p2a: Ludicolo|Scald|p1a: Umbreon","|-damage|p1a: Umbreon|189/393","|","|-heal|p2a: Ludicolo|341/364 brn|[from] item: Leftovers","|-heal|p1a: Umbreon|213/393|[from] item: Leftovers","|-damage|p2a: Ludicolo|296/364 brn|[from] brn","|turn|15","|","|move|p2a: Ludicolo|Giga Drain|p1a: Umbreon","|-damage|p1a: Umbreon|143/393","|-heal|p2a: Ludicolo|331/364 brn|[from] drain|[of] p1a: Umbreon","|move|p1a: Umbreon|Wish|p1a: Umbreon","|","|-heal|p2a: Ludicolo|353/364 brn|[from] item: Leftovers","|-heal|p1a: Umbreon|167/393|[from] item: Leftovers","|-damage|p2a: Ludicolo|308/364 brn|[from] brn","|turn|16","|","|move|p2a: Ludicolo|Scald|p1a: Umbreon","|-crit|p1a: Umbreon","|-damage|p1a: Umbreon|52/393","|move|p1a: Umbreon|Foul Play|p2a: Ludicolo","|-damage|p2a: Ludicolo|191/364 brn","|","|-heal|p1a: Umbreon|248/393|[from] move: Wish|[wisher] Umbreon","|-heal|p2a: Ludicolo|213/364 brn|[from] item: Leftovers","|-heal|p1a: Umbreon|272/393|[from] item: Leftovers","|-damage|p2a: Ludicolo|168/364 brn|[from] brn","|turn|17","|","|move|p2a: Ludicolo|Giga Drain|p1a: Umbreon","|-damage|p1a: Umbreon|205/393","|-heal|p2a: Ludicolo|202/364 brn|[from] drain|[of] p1a: Umbreon","|move|p1a: Umbreon|Wish|p1a: Umbreon","|","|-heal|p2a: Ludicolo|224/364 brn|[from] item: Leftovers","|-heal|p1a: Umbreon|229/393|[from] item: Leftovers","|-damage|p2a: Ludicolo|179/364 brn|[from] brn","|turn|18","|","|move|p2a: Ludicolo|Scald|p1a: Umbreon","|-damage|p1a: Umbreon|153/393","|move|p1a: Umbreon|Foul Play|p2a: Ludicolo","|-damage|p2a: Ludicolo|55/364 brn","|","|-heal|p1a: Umbreon|349/393|[from] move: Wish|[wisher] Umbreon","|-heal|p2a: Ludicolo|77/364 brn|[from] item: Leftovers","|-heal|p1a: Umbreon|373/393|[from] item: Leftovers","|-damage|p2a: Ludicolo|32/364 brn|[from] brn","|turn|19","|","|move|p1a: Umbreon|Protect|p1a: Umbreon","|-singleturn|p1a: Umbreon|Protect","|move|p2a: Ludicolo|Giga Drain|p1a: Umbreon","|-activate|p1a: Umbreon|Protect","|","|-heal|p2a: Ludicolo|54/364 brn|[from] item: Leftovers","|-heal|p1a: Umbreon|393/393|[from] item: Leftovers","|-damage|p2a: Ludicolo|9/364 brn|[from] brn","|turn|20","|","|switch|p1a: Tyranitar|Tyranitar, F|213/403","|-weather|Sandstorm","|move|p2a: Ludicolo|Giga Drain|p1a: Tyranitar","|-supereffective|p1a: Tyranitar","|-damage|p1a: Tyranitar|133/403","|-heal|p2a: Ludicolo|49/364 brn|[from] drain|[of] p1a: Tyranitar","|","|-weather|Sandstorm|[upkeep]","|-damage|p2a: Ludicolo|27/364 brn|[from] sandstorm","|-heal|p2a: Ludicolo|49/364 brn|[from] item: Leftovers","|-damage|p2a: Ludicolo|4/364 brn|[from] brn","|turn|21","|","|switch|p1a: Mandibuzz|Mandibuzz, F|423/423","|move|p2a: Ludicolo|Scald|p1a: Mandibuzz","|-damage|p1a: Mandibuzz|290/423","|","|-weather|Sandstorm|[upkeep]","|-damage|p2a: Ludicolo|0 fnt|[from] sandstorm","|-heal|p1a: Mandibuzz|316/423|[from] item: Leftovers","|faint|p2a: Ludicolo","|","|switch|p2a: Venusaur|Venusaur, M, shiny|363/363","|turn|22","|","|switch|p1a: Umbreon|Umbreon, F|393/393","|detailschange|p2a: Venusaur|Venusaur-Mega, M, shiny","|-mega|p2a: Venusaur|Venusaur|Venusaurite","|move|p2a: Venusaur|Sleep Powder|p1a: Umbreon|[miss]","|-miss|p2a: Venusaur|p1a: Umbreon","|","|-weather|Sandstorm|[upkeep]","|-damage|p2a: Venusaur|341/363|[from] sandstorm","|-damage|p1a: Umbreon|369/393|[from] sandstorm","|-heal|p1a: Umbreon|393/393|[from] item: Leftovers","|turn|23","|","|move|p2a: Venusaur|Sleep Powder|p1a: Umbreon","|-status|p1a: Umbreon|slp","|cant|p1a: Umbreon|slp","|","|-weather|Sandstorm|[upkeep]","|-damage|p2a: Venusaur|319/363|[from] sandstorm","|-damage|p1a: Umbreon|369/393 slp|[from] sandstorm","|-heal|p1a: Umbreon|393/393 slp|[from] item: Leftovers","|turn|24","|","|move|p2a: Venusaur|Earthquake|p1a: Umbreon","|-damage|p1a: Umbreon|318/393 slp","|-curestatus|p1a: Umbreon|slp","|move|p1a: Umbreon|Wish|p1a: Umbreon","|","|-weather|none","|-heal|p1a: Umbreon|342/393|[from] item: Leftovers","|turn|25","|","|switch|p1a: Tyranitar|Tyranitar, F|133/403","|-weather|Sandstorm","|move|p2a: Venusaur|Leaf Storm|p1a: Tyranitar","|-supereffective|p1a: Tyranitar","|-damage|p1a: Tyranitar|13/403","|-unboost|p2a: Venusaur|spa|2","|","|-weather|Sandstorm|[upkeep]","|-damage|p2a: Venusaur|297/363|[from] sandstorm","|-heal|p1a: Tyranitar|209/403|[from] move: Wish|[wisher] Umbreon","|turn|26","|","|switch|p1a: Umbreon|Umbreon, F|342/393","|move|p2a: Venusaur|Sleep Powder|p1a: Umbreon","|-status|p1a: Umbreon|slp","|","|-weather|Sandstorm|[upkeep]","|-damage|p2a: Venusaur|275/363|[from] sandstorm","|-damage|p1a: Umbreon|318/393 slp|[from] sandstorm","|-heal|p1a: Umbreon|342/393 slp|[from] item: Leftovers","|turn|27","|","|move|p2a: Venusaur|Earthquake|p1a: Umbreon","|-damage|p1a: Umbreon|270/393 slp","|cant|p1a: Umbreon|slp","|","|-weather|Sandstorm|[upkeep]","|-damage|p2a: Venusaur|253/363|[from] sandstorm","|-damage|p1a: Umbreon|246/393 slp|[from] sandstorm","|-heal|p1a: Umbreon|270/393 slp|[from] item: Leftovers","|turn|28","|","|move|p2a: Venusaur|Leaf Storm|p1a: Umbreon","|-damage|p1a: Umbreon|213/393 slp","|-unboost|p2a: Venusaur|spa|2","|cant|p1a: Umbreon|slp","|","|-weather|Sandstorm|[upkeep]","|-damage|p2a: Venusaur|231/363|[from] sandstorm","|-damage|p1a: Umbreon|189/393 slp|[from] sandstorm","|-heal|p1a: Umbreon|213/393 slp|[from] item: Leftovers","|turn|29","|","|move|p2a: Venusaur|Earthquake|p1a: Umbreon","|-damage|p1a: Umbreon|140/393 slp","|cant|p1a: Umbreon|slp","|","|-weather|none","|-heal|p1a: Umbreon|164/393 slp|[from] item: Leftovers","|turn|30","|","|move|p2a: Venusaur|Synthesis|p2a: Venusaur","|-heal|p2a: Venusaur|363/363","|-curestatus|p1a: Umbreon|slp","|move|p1a: Umbreon|Wish|p1a: Umbreon","|","|-heal|p1a: Umbreon|188/393|[from] item: Leftovers","|turn|31","|","|switch|p1a: Tyranitar|Tyranitar, F|209/403","|-weather|Sandstorm","|move|p2a: Venusaur|Leaf Storm|p1a: Tyranitar","|-supereffective|p1a: Tyranitar","|-damage|p1a: Tyranitar|167/403","|-unboost|p2a: Venusaur|spa|2","|","|-weather|Sandstorm|[upkeep]","|-damage|p2a: Venusaur|341/363|[from] sandstorm","|-heal|p1a: Tyranitar|363/403|[from] move: Wish|[wisher] Umbreon","|turn|32","|","|move|p2a: Venusaur|Sleep Powder|p1a: Tyranitar","|-status|p1a: Tyranitar|slp","|cant|p1a: Tyranitar|slp","|","|-weather|Sandstorm|[upkeep]","|-damage|p2a: Venusaur|319/363|[from] sandstorm","|turn|33","|","|switch|p1a: Umbreon|Umbreon, F|188/393","|move|p2a: Venusaur|Leaf Storm|p1a: Umbreon","|-damage|p1a: Umbreon|160/393","|","|-weather|Sandstorm|[upkeep]","|-damage|p2a: Venusaur|297/363|[from] sandstorm","|-damage|p1a: Umbreon|136/393|[from] sandstorm","|-heal|p1a: Umbreon|160/393|[from] item: Leftovers","|turn|34","|","|move|p2a: Venusaur|Earthquake|p1a: Umbreon","|-damage|p1a: Umbreon|85/393","|move|p1a: Umbreon|Wish|p1a: Umbreon","|","|-weather|Sandstorm|[upkeep]","|-damage|p2a: Venusaur|275/363|[from] sandstorm","|-damage|p1a: Umbreon|61/393|[from] sandstorm","|-heal|p1a: Umbreon|85/393|[from] item: Leftovers","|turn|35","|","|move|p2a: Venusaur|Earthquake|p1a: Umbreon","|-damage|p1a: Umbreon|13/393","|move|p1a: Umbreon|Heal Bell|p1a: Umbreon","|-cureteam|p1a: Umbreon|[from] move: HealBell","|","|-weather|none","|-heal|p1a: Umbreon|209/393|[from] move: Wish|[wisher] Umbreon","|-heal|p1a: Umbreon|233/393|[from] item: Leftovers","|turn|36","|","|switch|p1a: Sableye|Sableye-Mega, M|78/303","|move|p2a: Venusaur|Sleep Powder|p1a: Sableye","|move|p1a: Sableye|Sleep Powder|p2a: Venusaur|[from]Magic Bounce|[miss]","|-miss|p1a: Sableye|p2a: Venusaur","|","|turn|37","|","|move|p2a: Venusaur|Earthquake|p1a: Sableye","|-damage|p1a: Sableye|27/303","|move|p1a: Sableye|Recover|p1a: Sableye","|-heal|p1a: Sableye|179/303","|","|turn|38","|","|move|p2a: Venusaur|Synthesis|p2a: Venusaur","|-heal|p2a: Venusaur|363/363","|move|p1a: Sableye|Will-O-Wisp|p2a: Venusaur","|-status|p2a: Venusaur|brn","|","|-damage|p2a: Venusaur|318/363 brn|[from] brn","|turn|39","|","|move|p2a: Venusaur|Earthquake|p1a: Sableye","|-damage|p1a: Sableye|155/303","|move|p1a: Sableye|Recover|p1a: Sableye","|-heal|p1a: Sableye|303/303","|","|-damage|p2a: Venusaur|273/363 brn|[from] brn","|turn|40","|","|switch|p2a: Ferrothorn|Ferrothorn, F, shiny|351/351","|move|p1a: Sableye|Calm Mind|p1a: Sableye","|-boost|p1a: Sableye|spa|1","|-boost|p1a: Sableye|spd|1","|","|turn|41","|","|move|p1a: Sableye|Calm Mind|p1a: Sableye","|-boost|p1a: Sableye|spa|1","|-boost|p1a: Sableye|spd|1","|move|p2a: Ferrothorn|Flash Cannon|p1a: Sableye","|-damage|p1a: Sableye|263/303","|","|turn|42","|","|move|p1a: Sableye|Calm Mind|p1a: Sableye","|-boost|p1a: Sableye|spa|1","|-boost|p1a: Sableye|spd|1","|move|p2a: Ferrothorn|Acid Spray|p1a: Sableye","|-resisted|p1a: Sableye","|-damage|p1a: Sableye|257/303","|-unboost|p1a: Sableye|spd|2","|","|turn|43","|","|move|p2a: Ferrothorn|Explosion|p1a: Sableye","|-immune|p1a: Sableye|[msg]","|faint|p2a: Ferrothorn","|move|p1a: Sableye|Calm Mind|p1a: Sableye","|-boost|p1a: Sableye|spa|1","|-boost|p1a: Sableye|spd|1","|","|","|switch|p2a: Breloom|Breloom, F, shiny|261/261","|turn|44","|","|move|p2a: Breloom|Spore|p1a: Sableye","|move|p1a: Sableye|Spore|p2a: Breloom|[from]Magic Bounce","|-immune|p2a: Breloom|[msg]","|move|p1a: Sableye|Dark Pulse|p2a: Breloom","|-resisted|p2a: Breloom","|-damage|p2a: Breloom|62/261","|","|turn|45","|","|move|p2a: Breloom|Mach Punch|p1a: Sableye","|-immune|p1a: Sableye|[msg]","|move|p1a: Sableye|Dark Pulse|p2a: Breloom","|-resisted|p2a: Breloom","|-damage|p2a: Breloom|0 fnt","|faint|p2a: Breloom","|","|","|switch|p2a: Venusaur|Venusaur-Mega, M, shiny|273/363 brn","|turn|46","|","|move|p2a: Venusaur|Leaf Storm|p1a: Sableye","|-damage|p1a: Sableye|182/303","|-unboost|p2a: Venusaur|spa|2","|move|p1a: Sableye|Dark Pulse|p2a: Venusaur","|-damage|p2a: Venusaur|41/363 brn","|","|-damage|p2a: Venusaur|0 fnt|[from] brn","|faint|p2a: Venusaur","|","|win|JusAnAlt"],"p1rating":{"entryid":"6680044","serverid":"eos","formatid":"monotype","userid":"jusanalt","username":"JusAnAlt","w":37,"l":"14","t":"0","gxe":67.9,"r":"1647.5512537907","rd":"62.015178179722","sigma":"0","rptime":"1438678800","rpr":1642.5377004221,"rprd":54.639003361197,"rpsigma":"0","acre":1310.7259351208,"lacre":1310.7259351208,"oldacre":"1303.1798116226"},"p2rating":{"entryid":"7210585","serverid":"eos","formatid":"monotype","userid":"themegapoliwrath","username":"The mega poliwrath","w":"11","l":28,"t":"0","gxe":32.7,"r":"1358.2892058246","rd":"56.964644261896","sigma":"0","rptime":"1438678800","rpr":1362.4831573134,"rprd":55.431209333447,"rpsigma":"0","acre":1043.1733130422,"lacre":1043.1733130422,"oldacre":"1049.7627433428"},"endType":"normal"}