{"seed":[36601,19253,23026,18346],"turns":26,"p1":"Kre8noyz","p2":"Amateurized","p1team":[{"name":"Swampert","species":"Swampert","item":"focussash","ability":"Damp","moves":["earthquake","brickbreak","icepunch","counter"],"nature":"Impish","evs":{"hp":8,"atk":252,"def":0,"spa":0,"spd":0,"spe":248},"happiness":0,"ivs":{"hp":31,"atk":31,"def":31,"spa":31,"spd":31,"spe":31}},{"name":"Starmie","species":"Starmie","item":"leftovers","ability":"Natural Cure","moves":["rapidspin","signalbeam","psychic","reflecttype"],"nature":"Timid","evs":{"hp":0,"atk":0,"def":4,"spa":188,"spd":64,"spe":252},"ivs":{"hp":31,"atk":31,"def":31,"spa":31,"spd":31,"spe":31}},{"name":"Keldeo-Resolute","species":"Keldeo-Resolute","item":"leftovers","ability":"Justified","moves":["surf","secretsword","hiddenpowerflying","calmmind"],"nature":"Timid","evs":{"hp":0,"atk":4,"def":0,"spa":252,"spd":0,"spe":252},"ivs":{"hp":30,"atk":30,"def":30,"spa":30,"spd":30,"spe":31}},{"name":"Politoed","species":"Politoed","item":"leftovers","ability":"Drizzle","moves":["endeavor","hypnosis","perishsong","scald"],"nature":"","evs":{"hp":0,"atk":0,"def":252,"spa":0,"spd":252,"spe":4},"ivs":{"hp":31,"atk":31,"def":31,"spa":31,"spd":31,"spe":31}},{"name":"Lapras","species":"Lapras","item":"leftovers","ability":"Hydration","moves":["raindance","confuseray","freezedry","surf"],"nature":"Timid","evs":{"hp":0,"atk":0,"def":4,"spa":252,"spd":0,"spe":252},"ivs":{"hp":31,"atk":31,"def":31,"spa":31,"spd":31,"spe":31}},{"name":"Kingdra","species":"Kingdra","item":"lifeorb","ability":"Swift Swim","moves":["clearsmog","dragonpulse","scald","raindance"],"nature":"","evs":{"hp":4,"atk":0,"def":0,"spa":252,"spd":0,"spe":252},"ivs":{"hp":31,"atk":31,"def":31,"spa":31,"spd":31,"spe":31}}],"p2team":[{"name":"Maskless Hollow","species":"hoopaunbound","item":"lifeorb","ability":"Magician","moves":["substitute","hyperspacefury","gunkshot","poweruppunch"],"nature":"Jolly","evs":{"hp":4,"atk":252,"def":0,"spa":0,"spd":0,"spe":252},"ivs":{"hp":31,"atk":31,"def":31,"spa":31,"spd":31,"spe":31}},{"name":"Summon:AntiFairy","species":"drapion","item":"lumberry","ability":"Battle Armor","moves":["swordsdance","knockoff","aquatail","poisonjab"],"nature":"Jolly","evs":{"hp":0,"atk":252,"def":4,"spa":0,"spd":0,"spe":252},"ivs":{"hp":31,"atk":31,"def":31,"spa":31,"spd":31,"spe":31}},{"name":"Turd-Birds","species":"murkrow","item":"eviolite","ability":"Prankster","moves":["featherdance","perishsong","tailwind","taunt"],"nature":"Calm","evs":{"hp":248,"atk":0,"def":8,"spa":0,"spd":252,"spe":0},"ivs":{"hp":31,"atk":31,"def":31,"spa":31,"spd":31,"spe":31}},{"name":"Triple Collateral","species":"hydreigon","item":"choicescarf","ability":"Levitate","moves":["darkpulse","earthpower","flamethrower","dragonpulse"],"nature":"Timid","evs":{"hp":0,"atk":0,"def":0,"spa":252,"spd":4,"spe":252},"ivs":{"hp":31,"atk":31,"def":31,"spa":31,"spd":31,"spe":31}},{"name":"ssAehTnIniaP","species":"sableye","item":"sablenite","ability":"Prankster","moves":["recover","calmmind","shadowball","confuseray"],"nature":"Bold","evs":{"hp":248,"atk":0,"def":252,"spa":8,"spd":0,"spe":0},"ivs":{"hp":31,"atk":31,"def":31,"spa":31,"spd":31,"spe":31}},{"name":"Bonehead","species":"mandibuzz","item":"leftovers","ability":"Overcoat","moves":["tailwind","uturn","roost","toxic"],"nature":"Careful","evs":{"hp":248,"atk":0,"def":8,"spa":0,"spd":252,"spe":0},"ivs":{"hp":31,"atk":31,"def":31,"spa":31,"spd":31,"spe":31}}],"log":["|player|p1|Kre8noyz|163","|player|p2|Amateurized|169","|gametype|singles","|gen|6","|tier|Monotype","|rated","|rule|Baton Pass Clause: Limit one Baton Passer, can't pass Spe and other stats simultaneously","|rule|Swagger Clause: Swagger is banned","|rule|Same Type Clause: Pokémon in a team must share a type","|clearpoke","|poke|p1|Swampert, M","|poke|p1|Starmie","|poke|p1|Keldeo-Resolute","|poke|p1|Politoed, F","|poke|p1|Lapras, F","|poke|p1|Kingdra, M","|poke|p2|Hoopa-Unbound","|poke|p2|Drapion, F","|poke|p2|Murkrow, F","|poke|p2|Hydreigon, M","|poke|p2|Sableye, F","|poke|p2|Mandibuzz, F","|rule|Sleep Clause Mod: Limit one foe put to sleep","|rule|Species Clause: Limit one of each Pokémon","|rule|OHKO Clause: OHKO moves are banned","|rule|Moody Clause: Moody is banned","|rule|Evasion Moves Clause: Evasion moves are banned","|rule|Endless Battle Clause: Forcing endless battles is banned","|rule|HP Percentage Mod: HP is shown in percentages","|teampreview","|","|start","|switch|p1a: Politoed|Politoed, F|321/321","|switch|p2a: ssAehTnIniaP|Sableye, F|303/303","|-weather|RainDance","|turn|1","|","|detailschange|p2a: ssAehTnIniaP|Sableye-Mega, F","|-mega|p2a: ssAehTnIniaP|Sableye|Sablenite","|move|p2a: ssAehTnIniaP|Calm Mind|p2a: ssAehTnIniaP","|-boost|p2a: ssAehTnIniaP|spa|1","|-boost|p2a: ssAehTnIniaP|spd|1","|move|p1a: Politoed|Perish Song|p1a: Politoed","|-start|p1a: Politoed|perish3|[silent]","|-start|p2a: ssAehTnIniaP|perish3|[silent]","|-fieldactivate|move: Perish Song","|","|-start|p1a: Politoed|perish3","|-start|p2a: ssAehTnIniaP|perish3","|-weather|RainDance|[upkeep]","|turn|2","|","|switch|p1a: Lapras|Lapras, F|401/401","|switch|p2a: Triple Collateral|Hydreigon, M|325/325","|","|-weather|RainDance|[upkeep]","|turn|3","|","|switch|p2a: ssAehTnIniaP|Sableye-Mega, F|303/303","|move|p1a: Lapras|Freeze-Dry|p2a: ssAehTnIniaP","|-damage|p2a: ssAehTnIniaP|213/303","|","|-weather|RainDance|[upkeep]","|turn|4","|","|move|p1a: Lapras|Surf|p2a: ssAehTnIniaP","|-damage|p2a: ssAehTnIniaP|57/303","|move|p2a: ssAehTnIniaP|Calm Mind|p2a: ssAehTnIniaP","|-boost|p2a: ssAehTnIniaP|spa|1","|-boost|p2a: ssAehTnIniaP|spd|1","|","|-weather|RainDance|[upkeep]","|turn|5","|","|move|p1a: Lapras|Surf|p2a: ssAehTnIniaP","|-damage|p2a: ssAehTnIniaP|0 fnt","|faint|p2a: ssAehTnIniaP","|","|-weather|none","|","|switch|p2a: Maskless Hollow|Hoopa-Unbound|302/302","|turn|6","|","|switch|p1a: Politoed|Politoed, F|321/321","|-weather|RainDance","|move|p2a: Maskless Hollow|Substitute|p2a: Maskless Hollow","|-start|p2a: Maskless Hollow|Substitute","|-damage|p2a: Maskless Hollow|227/302","|","|-weather|RainDance|[upkeep]","|turn|7","|","|move|p2a: Maskless Hollow|Hyperspace Fury|p1a: Politoed","|-crit|p1a: Politoed","|-damage|p1a: Politoed|0 fnt","|-unboost|p2a: Maskless Hollow|def|1","|-damage|p2a: Maskless Hollow|197/302|[from] item: Life Orb","|faint|p1a: Politoed","|","|-weather|RainDance|[upkeep]","|","|switch|p1a: Kingdra|Kingdra, M|292/292","|turn|8","|","|move|p1a: Kingdra|Scald|p2a: Maskless Hollow","|-end|p2a: Maskless Hollow|Substitute","|-damage|p1a: Kingdra|263/292|[from] item: Life Orb","|move|p2a: Maskless Hollow|Hyperspace Fury|p1a: Kingdra","|-damage|p1a: Kingdra|0 fnt","|-unboost|p2a: Maskless Hollow|def|1","|-damage|p2a: Maskless Hollow|167/302|[from] item: Life Orb","|faint|p1a: Kingdra","|","|-weather|RainDance|[upkeep]","|","|switch|p1a: Starmie|Starmie|261/261","|turn|9","|","|switch|p2a: Triple Collateral|Hydreigon, M|325/325","|move|p1a: Starmie|Signal Beam|p2a: Triple Collateral","|-supereffective|p2a: Triple Collateral","|-damage|p2a: Triple Collateral|183/325","|","|-weather|RainDance|[upkeep]","|turn|10","|","|switch|p1a: Keldeo-Resolute|Keldeo-Resolute|322/322","|move|p2a: Triple Collateral|Dark Pulse|p1a: Keldeo-Resolute","|-resisted|p1a: Keldeo-Resolute","|-damage|p1a: Keldeo-Resolute|244/322","|-boost|p1a: Keldeo-Resolute|atk|1|[from] ability: Justified","|","|-weather|none","|-heal|p1a: Keldeo-Resolute|264/322|[from] item: Leftovers","|turn|11","|","|switch|p2a: Turd-Birds|Murkrow, F|323/323","|move|p1a: Keldeo-Resolute|Secret Sword|p2a: Turd-Birds","|-damage|p2a: Turd-Birds|127/323","|","|-heal|p1a: Keldeo-Resolute|284/322|[from] item: Leftovers","|turn|12","|","|move|p2a: Turd-Birds|Tailwind|p2a: Turd-Birds","|-sidestart|p2: Amateurized|move: Tailwind","|move|p1a: Keldeo-Resolute|Surf|p2a: Turd-Birds","|-crit|p2a: Turd-Birds","|-damage|p2a: Turd-Birds|0 fnt","|faint|p2a: Turd-Birds","|","|-heal|p1a: Keldeo-Resolute|304/322|[from] item: Leftovers","|","|switch|p2a: Summon:AntiFairy|Drapion, F|281/281","|turn|13","|","|switch|p1a: Lapras|Lapras, F|401/401","|move|p2a: Summon:AntiFairy|Swords Dance|p2a: Summon:AntiFairy","|-boost|p2a: Summon:AntiFairy|atk|2","|","|turn|14","|","|move|p2a: Summon:AntiFairy|Knock Off|p1a: Lapras","|-damage|p1a: Lapras|100/401","|-enditem|p1a: Lapras|Leftovers|[from] move: Knock Off|[of] p2a: Summon:AntiFairy","|move|p1a: Lapras|Confuse Ray|p2a: Summon:AntiFairy","|-start|p2a: Summon:AntiFairy|confusion","|-enditem|p2a: Summon:AntiFairy|Lum Berry|[eat]","|-end|p2a: Summon:AntiFairy|confusion","|","|turn|15","|","|move|p2a: Summon:AntiFairy|Poison Jab|p1a: Lapras","|-damage|p1a: Lapras|0 fnt","|faint|p1a: Lapras","|","|-sideend|p2: Amateurized|move: Tailwind","|","|switch|p1a: Swampert|Swampert, M|343/343","|turn|16","|","|move|p2a: Summon:AntiFairy|Knock Off|p1a: Swampert","|-damage|p1a: Swampert|60/343","|-enditem|p1a: Swampert|Focus Sash|[from] move: Knock Off|[of] p2a: Summon:AntiFairy","|move|p1a: Swampert|Counter|p2a: Summon:AntiFairy","|-damage|p2a: Summon:AntiFairy|0 fnt","|faint|p2a: Summon:AntiFairy","|","|","|switch|p2a: Maskless Hollow|Hoopa-Unbound|167/302","|turn|17","|","|move|p2a: Maskless Hollow|Substitute|p2a: Maskless Hollow","|-start|p2a: Maskless Hollow|Substitute","|-damage|p2a: Maskless Hollow|92/302","|move|p1a: Swampert|Earthquake|p2a: Maskless Hollow","|-end|p2a: Maskless Hollow|Substitute","|","|turn|18","|","|switch|p2a: Triple Collateral|Hydreigon, M|183/325","|move|p1a: Swampert|Earthquake|p2a: Triple Collateral","|-immune|p2a: Triple Collateral|[msg]","|","|turn|19","|","|move|p2a: Triple Collateral|Dragon Pulse|p1a: Swampert","|-damage|p1a: Swampert|0 fnt","|faint|p1a: Swampert","|","|","|switch|p1a: Keldeo-Resolute|Keldeo-Resolute|304/322","|turn|20","|","|move|p2a: Triple Collateral|Dragon Pulse|p1a: Keldeo-Resolute","|-damage|p1a: Keldeo-Resolute|153/322","|move|p1a: Keldeo-Resolute|Surf|p2a: Triple Collateral","|-resisted|p2a: Triple Collateral","|-damage|p2a: Triple Collateral|96/325","|","|-heal|p1a: Keldeo-Resolute|173/322|[from] item: Leftovers","|turn|21","|","|move|p2a: Triple Collateral|Dragon Pulse|p1a: Keldeo-Resolute","|-crit|p1a: Keldeo-Resolute","|-damage|p1a: Keldeo-Resolute|0 fnt","|faint|p1a: Keldeo-Resolute","|","|","|switch|p1a: Starmie|Starmie|261/261","|turn|22","|","|move|p2a: Triple Collateral|Dragon Pulse|p1a: Starmie","|-damage|p1a: Starmie|114/261","|move|p1a: Starmie|Signal Beam|p2a: Triple Collateral","|-supereffective|p2a: Triple Collateral","|-damage|p2a: Triple Collateral|0 fnt","|faint|p2a: Triple Collateral","|","|-heal|p1a: Starmie|130/261|[from] item: Leftovers","|","|switch|p2a: Bonehead|Mandibuzz, F|423/423","|turn|23","|","|move|p1a: Starmie|Reflect Type|p2a: Bonehead","|-start|p1a: Starmie|typechange|[from] move: Reflect Type|[of] p2a: Bonehead","|move|p2a: Bonehead|Tailwind|p2a: Bonehead","|-sidestart|p2: Amateurized|move: Tailwind","|","|-heal|p1a: Starmie|146/261|[from] item: Leftovers","|turn|24","|","|move|p2a: Bonehead|Toxic|p1a: Starmie|[miss]","|-miss|p2a: Bonehead|p1a: Starmie","|move|p1a: Starmie|Signal Beam|p2a: Bonehead","|-crit|p2a: Bonehead","|-damage|p2a: Bonehead|336/423","|","|-heal|p2a: Bonehead|362/423|[from] item: Leftovers","|-heal|p1a: Starmie|162/261|[from] item: Leftovers","|turn|25","|","|move|p2a: Bonehead|Toxic|p1a: Starmie","|-status|p1a: Starmie|tox","|move|p1a: Starmie|Signal Beam|p2a: Bonehead","|-damage|p2a: Bonehead|312/423","|","|-heal|p2a: Bonehead|338/423|[from] item: Leftovers","|-heal|p1a: Starmie|178/261 tox|[from] item: Leftovers","|-damage|p1a: Starmie|162/261 tox|[from] psn","|turn|26","|","|win|Amateurized"],"p1rating":{"entryid":"6510480","serverid":"eos","formatid":"monotype","userid":"kre8noyz","username":"Kre8noyz","w":"35","l":50,"t":"0","gxe":42.3,"r":"1432.5258890743","rd":"44.549536468704","sigma":"0","rptime":"1438678800","rpr":1441.0462420764,"rprd":42.573299025206,"rpsigma":"0","acre":1114.6372310191,"lacre":1114.6372310191,"oldacre":"1144.303694428"},"p2rating":{"entryid":"6102252","serverid":"eos","formatid":"monotype","userid":"amateurized","username":"Amateurized","w":12,"l":"14","t":"0","gxe":43.5,"r":"1445.96190089","rd":"73.196187934244","sigma":"0","rptime":"1438678800","rpr":1450.1525846938,"rprd":67.998826842884,"rpsigma":"0","acre":1112.1434955742,"lacre":1112.1434955742,"oldacre":"1078.6825525096"},"endType":"forfeit"}