{"seed":[41256,20222,36141,3859],"turns":27,"p1":"logan333333","p2":"Emg_DemZii","p1team":[{"name":"Altaria","species":"Altaria","item":"altarianite","ability":"Natural Cure","moves":["dragondance","earthquake","return","flamethrower"],"nature":"Naughty","evs":{"hp":0,"atk":252,"def":0,"spa":4,"spd":0,"spe":252},"shiny":true,"ivs":{"hp":31,"atk":31,"def":31,"spa":31,"spd":31,"spe":31}},{"name":"Garchomp","species":"Garchomp","item":"choicescarf","ability":"Rough Skin","moves":["outrage","earthquake","fireblast","stoneedge"],"nature":"Naive","evs":{"hp":0,"atk":252,"def":0,"spa":4,"spd":0,"spe":252},"shiny":true,"ivs":{"hp":31,"atk":31,"def":31,"spa":31,"spd":31,"spe":31}},{"name":"Hydreigon","species":"Hydreigon","item":"choicespecs","ability":"Levitate","moves":["dracometeor","fireblast","darkpulse","focusblast"],"nature":"Hasty","evs":{"hp":0,"atk":4,"def":0,"spa":252,"spd":0,"spe":252},"shiny":true,"ivs":{"hp":31,"atk":31,"def":31,"spa":31,"spd":31,"spe":31}},{"name":"Latios","species":"Latios","item":"lifeorb","ability":"Levitate","moves":["dracometeor","psyshock","icebeam","roost"],"nature":"Timid","evs":{"hp":0,"atk":0,"def":0,"spa":252,"spd":4,"spe":252},"shiny":true,"ivs":{"hp":31,"atk":31,"def":31,"spa":31,"spd":31,"spe":31}},{"name":"Noivern","species":"Noivern","item":"choicespecs","ability":"Infiltrator","moves":["dracometeor","airslash","shadowball","flamethrower"],"nature":"Timid","evs":{"hp":0,"atk":0,"def":0,"spa":252,"spd":4,"spe":252},"shiny":true,"ivs":{"hp":31,"atk":31,"def":31,"spa":31,"spd":31,"spe":31}},{"name":"Haxorus","species":"Haxorus","item":"lumberry","ability":"Mold Breaker","moves":["dragondance","outrage","earthquake","poisonjab"],"nature":"Adamant","evs":{"hp":0,"atk":252,"def":0,"spa":0,"spd":36,"spe":220},"shiny":true,"ivs":{"hp":31,"atk":31,"def":31,"spa":31,"spd":31,"spe":31}}],"p2team":[{"name":"Hoopa-Unbound","species":"Hoopa-Unbound","item":"choicescarf","ability":"Magician","moves":["psychic","focusblast","darkpulse","hyperspacehole"],"nature":"Timid","evs":{"hp":0,"atk":0,"def":0,"spa":252,"spd":4,"spe":252},"ivs":{"hp":31,"atk":31,"def":31,"spa":31,"spd":31,"spe":31}},{"name":"Sableye","species":"Sableye","item":"sablenite","ability":"Prankster","moves":["calmmind","dazzlinggleam","willowisp","recover"],"nature":"Calm","evs":{"hp":248,"atk":0,"def":248,"spa":0,"spd":12,"spe":0},"ivs":{"hp":31,"atk":31,"def":31,"spa":31,"spd":31,"spe":31}},{"name":"Scrafty","species":"Scrafty","item":"leftovers","ability":"Shed Skin","moves":["dragondance","drainpunch","crunch","zenheadbutt"],"nature":"Jolly","evs":{"hp":0,"atk":252,"def":0,"spa":0,"spd":4,"spe":252},"ivs":{"hp":31,"atk":31,"def":31,"spa":31,"spd":31,"spe":31}},{"name":"Umbreon","species":"Umbreon","item":"leftovers","ability":"Synchronize","moves":["healbell","moonlight","toxic","darkpulse"],"nature":"Calm","evs":{"hp":8,"atk":0,"def":248,"spa":0,"spd":252,"spe":0},"ivs":{"hp":31,"atk":31,"def":31,"spa":31,"spd":31,"spe":31}},{"name":"Drapion","species":"Drapion","item":"muscleband","ability":"Sniper","moves":["crosspoison","nightslash","firefang","toxicspikes"],"nature":"Adamant","evs":{"hp":248,"atk":252,"def":0,"spa":0,"spd":8,"spe":0},"ivs":{"hp":31,"atk":31,"def":31,"spa":31,"spd":31,"spe":31}},{"name":"Mandibuzz","species":"Mandibuzz","item":"rockyhelmet","ability":"Big Pecks","moves":["roost","defog","heatwave","taunt"],"nature":"Bold","evs":{"hp":0,"atk":0,"def":252,"spa":0,"spd":248,"spe":0},"ivs":{"hp":31,"atk":31,"def":31,"spa":31,"spd":31,"spe":31}}],"log":["|player|p1|logan333333|290","|player|p2|Emg_DemZii|274","|gametype|singles","|gen|6","|tier|Monotype","|rated","|rule|Baton Pass Clause: Limit one Baton Passer, can't pass Spe and other stats simultaneously","|rule|Swagger Clause: Swagger is banned","|rule|Same Type Clause: Pokémon in a team must share a type","|clearpoke","|poke|p1|Altaria, M, shiny","|poke|p1|Garchomp, M, shiny","|poke|p1|Hydreigon, M, shiny","|poke|p1|Latios, M, shiny","|poke|p1|Noivern, F, shiny","|poke|p1|Haxorus, F, shiny","|poke|p2|Hoopa-Unbound","|poke|p2|Sableye, M","|poke|p2|Scrafty, F","|poke|p2|Umbreon, F","|poke|p2|Drapion, M","|poke|p2|Mandibuzz, F","|rule|Sleep Clause Mod: Limit one foe put to sleep","|rule|Species Clause: Limit one of each Pokémon","|rule|OHKO Clause: OHKO moves are banned","|rule|Moody Clause: Moody is banned","|rule|Evasion Moves Clause: Evasion moves are banned","|rule|Endless Battle Clause: Forcing endless battles is banned","|rule|HP Percentage Mod: HP is shown in percentages","|teampreview","|","|start","|switch|p1a: Garchomp|Garchomp, M, shiny|357/357","|switch|p2a: Sableye|Sableye, M|303/303","|turn|1","|","|detailschange|p2a: Sableye|Sableye-Mega, M","|-mega|p2a: Sableye|Sableye|Sablenite","|move|p2a: Sableye|Will-O-Wisp|p1a: Garchomp|[miss]","|-miss|p2a: Sableye|p1a: Garchomp","|move|p1a: Garchomp|Earthquake|p2a: Sableye","|-damage|p2a: Sableye|177/303","|","|turn|2","|","|move|p1a: Garchomp|Earthquake|p2a: Sableye","|-damage|p2a: Sableye|66/303","|move|p2a: Sableye|Will-O-Wisp|p1a: Garchomp","|-status|p1a: Garchomp|brn","|","|-damage|p1a: Garchomp|313/357 brn|[from] brn","|turn|3","|","|move|p1a: Garchomp|Earthquake|p2a: Sableye","|-damage|p2a: Sableye|6/303","|move|p2a: Sableye|Recover|p2a: Sableye","|-heal|p2a: Sableye|158/303","|","|-damage|p1a: Garchomp|269/357 brn|[from] brn","|turn|4","|","|move|p1a: Garchomp|Earthquake|p2a: Sableye","|-damage|p2a: Sableye|97/303","|move|p2a: Sableye|Recover|p2a: Sableye","|-heal|p2a: Sableye|249/303","|","|-damage|p1a: Garchomp|225/357 brn|[from] brn","|turn|5","|","|switch|p1a: Noivern|Noivern, F, shiny|311/311","|move|p2a: Sableye|Calm Mind|p2a: Sableye","|-boost|p2a: Sableye|spa|1","|-boost|p2a: Sableye|spd|1","|","|turn|6","|","|move|p1a: Noivern|Shadow Ball|p2a: Sableye","|-damage|p2a: Sableye|185/303","|-unboost|p2a: Sableye|spd|1","|move|p2a: Sableye|Dazzling Gleam|p1a: Noivern","|-crit|p1a: Noivern","|-supereffective|p1a: Noivern","|-damage|p1a: Noivern|0 fnt","|faint|p1a: Noivern","|","|","|switch|p1a: Haxorus|Haxorus, F, shiny|293/293","|-ability|p1a: Haxorus|Mold Breaker","|turn|7","|","|move|p1a: Haxorus|Poison Jab|p2a: Sableye","|-resisted|p2a: Sableye","|-damage|p2a: Sableye|143/303","|-status|p2a: Sableye|psn","|move|p2a: Sableye|Will-O-Wisp|p1a: Haxorus","|-status|p1a: Haxorus|brn","|-enditem|p1a: Haxorus|Lum Berry|[eat]","|-curestatus|p1a: Haxorus|brn","|","|-damage|p2a: Sableye|106/303 psn|[from] psn","|turn|8","|","|move|p1a: Haxorus|Earthquake|p2a: Sableye","|-damage|p2a: Sableye|8/303 psn","|move|p2a: Sableye|Will-O-Wisp|p1a: Haxorus","|-status|p1a: Haxorus|brn","|","|-damage|p1a: Haxorus|257/293 brn|[from] brn","|-damage|p2a: Sableye|0 fnt|[from] psn","|faint|p2a: Sableye","|","|switch|p2a: Umbreon|Umbreon, F|333/333","|turn|9","|","|move|p1a: Haxorus|Earthquake|p2a: Umbreon","|-damage|p2a: Umbreon|279/333","|move|p2a: Umbreon|Dark Pulse|p1a: Haxorus","|-damage|p1a: Haxorus|170/293 brn","|","|-heal|p2a: Umbreon|299/333|[from] item: Leftovers","|-damage|p1a: Haxorus|134/293 brn|[from] brn","|turn|10","|","|move|p1a: Haxorus|Dragon Dance|p1a: Haxorus","|-boost|p1a: Haxorus|atk|1","|-boost|p1a: Haxorus|spe|1","|move|p2a: Umbreon|Dark Pulse|p1a: Haxorus","|-damage|p1a: Haxorus|58/293 brn","|","|-heal|p2a: Umbreon|319/333|[from] item: Leftovers","|-damage|p1a: Haxorus|22/293 brn|[from] brn","|turn|11","|","|move|p1a: Haxorus|Earthquake|p2a: Umbreon","|-damage|p2a: Umbreon|235/333","|move|p2a: Umbreon|Moonlight|p2a: Umbreon","|-heal|p2a: Umbreon|333/333","|","|-damage|p1a: Haxorus|0 fnt|[from] brn","|faint|p1a: Haxorus","|","|switch|p1a: Hydreigon|Hydreigon, M, shiny|325/325","|turn|12","|","|move|p1a: Hydreigon|Focus Blast|p2a: Umbreon","|-supereffective|p2a: Umbreon","|-damage|p2a: Umbreon|101/333","|move|p2a: Umbreon|Toxic|p1a: Hydreigon|[miss]","|-miss|p2a: Umbreon|p1a: Hydreigon","|","|-heal|p2a: Umbreon|121/333|[from] item: Leftovers","|turn|13","|","|switch|p2a: Mandibuzz|Mandibuzz, F|361/361","|move|p1a: Hydreigon|Focus Blast|p2a: Mandibuzz","|-damage|p2a: Mandibuzz|195/361","|","|turn|14","|","|switch|p1a: Latios|Latios, M, shiny|301/301","|move|p2a: Mandibuzz|Roost|p2a: Mandibuzz","|-heal|p2a: Mandibuzz|361/361","|","|turn|15","|","|move|p1a: Latios|Ice Beam|p2a: Mandibuzz","|-supereffective|p2a: Mandibuzz","|-damage|p2a: Mandibuzz|137/361","|-damage|p1a: Latios|271/301|[from] item: Life Orb","|move|p2a: Mandibuzz|Taunt|p1a: Latios","|-start|p1a: Latios|move: Taunt","|","|turn|16","|","|switch|p2a: Hoopa-Unbound|Hoopa-Unbound|301/301","|move|p1a: Latios|Ice Beam|p2a: Hoopa-Unbound","|-damage|p2a: Hoopa-Unbound|189/301","|-damage|p1a: Latios|241/301|[from] item: Life Orb","|","|turn|17","|","|move|p2a: Hoopa-Unbound|Dark Pulse|p1a: Latios","|-supereffective|p1a: Latios","|-damage|p1a: Latios|0 fnt","|faint|p1a: Latios","|","|","|switch|p1a: Hydreigon|Hydreigon, M, shiny|325/325","|turn|18","|","|switch|p2a: Mandibuzz|Mandibuzz, F|137/361","|move|p1a: Hydreigon|Focus Blast|p2a: Mandibuzz","|-damage|p2a: Mandibuzz|0 fnt","|faint|p2a: Mandibuzz","|","|","|switch|p2a: Scrafty|Scrafty, F|271/271","|turn|19","|","|move|p1a: Hydreigon|Focus Blast|p2a: Scrafty","|-supereffective|p2a: Scrafty","|-damage|p2a: Scrafty|0 fnt","|faint|p2a: Scrafty","|","|","|switch|p2a: Umbreon|Umbreon, F|121/333","|turn|20","|","|move|p1a: Hydreigon|Focus Blast|p2a: Umbreon|[miss]","|-miss|p1a: Hydreigon|p2a: Umbreon","|move|p2a: Umbreon|Toxic|p1a: Hydreigon","|-status|p1a: Hydreigon|tox","|","|-heal|p2a: Umbreon|141/333|[from] item: Leftovers","|-damage|p1a: Hydreigon|305/325 tox|[from] psn","|turn|21","|","|move|p1a: Hydreigon|Focus Blast|p2a: Umbreon|[miss]","|-miss|p1a: Hydreigon|p2a: Umbreon","|move|p2a: Umbreon|Moonlight|p2a: Umbreon","|-heal|p2a: Umbreon|307/333","|","|-heal|p2a: Umbreon|327/333|[from] item: Leftovers","|-damage|p1a: Hydreigon|265/325 tox|[from] psn","|turn|22","|","|move|p1a: Hydreigon|Focus Blast|p2a: Umbreon","|-supereffective|p2a: Umbreon","|-damage|p2a: Umbreon|93/333","|move|p2a: Umbreon|Dark Pulse|p1a: Hydreigon","|-resisted|p1a: Hydreigon","|-damage|p1a: Hydreigon|229/325 tox","|","|-heal|p2a: Umbreon|113/333|[from] item: Leftovers","|-damage|p1a: Hydreigon|169/325 tox|[from] psn","|turn|23","|","|move|p1a: Hydreigon|Focus Blast|p2a: Umbreon","|-supereffective|p2a: Umbreon","|-damage|p2a: Umbreon|0 fnt","|faint|p2a: Umbreon","|","|-damage|p1a: Hydreigon|89/325 tox|[from] psn","|","|switch|p2a: Hoopa-Unbound|Hoopa-Unbound|189/301","|turn|24","|","|move|p2a: Hoopa-Unbound|Focus Blast|p1a: Hydreigon|[miss]","|-miss|p2a: Hoopa-Unbound|p1a: Hydreigon","|-activate|p1a: Hydreigon|move: Struggle","|move|p1a: Hydreigon|Struggle|p2a: Hoopa-Unbound","|-damage|p2a: Hoopa-Unbound|129/301","|-damage|p1a: Hydreigon|8/325 tox|[from] recoil","|","|-damage|p1a: Hydreigon|0 fnt|[from] psn","|faint|p1a: Hydreigon","|","|switch|p1a: Garchomp|Garchomp, M, shiny|225/357 brn","|turn|25","|","|move|p1a: Garchomp|Earthquake|p2a: Hoopa-Unbound","|-damage|p2a: Hoopa-Unbound|0 fnt","|faint|p2a: Hoopa-Unbound","|","|-damage|p1a: Garchomp|181/357 brn|[from] brn","|","|switch|p2a: Drapion|Drapion, M|343/343","|turn|26","|","|move|p1a: Garchomp|Earthquake|p2a: Drapion","|-supereffective|p2a: Drapion","|-damage|p2a: Drapion|177/343","|move|p2a: Drapion|Night Slash|p1a: Garchomp","|-damage|p1a: Garchomp|66/357 brn","|-damage|p2a: Drapion|135/343|[from] ability: Rough Skin|[of] p1a: Garchomp","|","|-damage|p1a: Garchomp|22/357 brn|[from] brn","|turn|27","|","|move|p1a: Garchomp|Earthquake|p2a: Drapion","|-supereffective|p2a: Drapion","|-damage|p2a: Drapion|0 fnt","|faint|p2a: Drapion","|","|win|logan333333"],"p1rating":{"entryid":"6410749","serverid":"eos","formatid":"monotype","userid":"logan333333","username":"logan333333","w":7,"l":"24","t":"0","gxe":28.9,"r":"1299.5741083593","rd":"80.559610267248","sigma":"0","rptime":"1438678800","rpr":1326.8568094047,"rprd":70.644418842801,"rpsigma":"0","acre":1061.5246001806,"lacre":1061.5246001806,"oldacre":"1019.0429953484"},"p2rating":{"entryid":"7361210","serverid":"eos","formatid":"monotype","userid":"emgdemzii","username":"Emg_DemZii","w":"3","l":6,"t":"0","gxe":37.7,"r":"1461.6254761234","rd":"101.35719296718","sigma":"0","rptime":"1438678800","rpr":1402.7644610978,"rprd":88.989555890292,"rpsigma":"0","acre":1045.9925806729,"lacre":1045.9925806729,"oldacre":"1069.3224891025"},"endType":"normal"}