{"seed":[52481,13517,5590,44751],"turns":30,"p1":"JusAnAlt","p2":"Dusk Ravias","p1team":[{"name":"Sylveon","species":"Sylveon","item":"choicespecs","ability":"Pixilate","moves":["hiddenpowerfire","hypervoice","psyshock","shadowball"],"nature":"Modest","evs":{"hp":248,"atk":0,"def":0,"spa":252,"spd":8,"spe":0},"gender":"F","ivs":{"hp":31,"atk":30,"def":31,"spa":30,"spd":31,"spe":30},"shiny":true},{"name":"Gardevoir","species":"Gardevoir","item":"gardevoirite","ability":"Trace","moves":["energyball","hiddenpowerground","hypervoice","psyshock"],"nature":"Timid","evs":{"hp":0,"atk":0,"def":4,"spa":252,"spd":0,"spe":252},"gender":"F","ivs":{"hp":31,"atk":31,"def":31,"spa":30,"spd":30,"spe":31},"shiny":true},{"name":"Azumarill","species":"Azumarill","item":"choiceband","ability":"Huge Power","moves":["aquajet","brickbreak","playrough","waterfall"],"nature":"Adamant","evs":{"hp":248,"atk":252,"def":0,"spa":0,"spd":8,"spe":0},"gender":"F","shiny":true,"ivs":{"hp":31,"atk":31,"def":31,"spa":31,"spd":31,"spe":31}},{"name":"Klefki","species":"Klefki","item":"lightclay","ability":"Prankster","moves":["foulplay","lightscreen","reflect","thunderwave"],"nature":"Bold","evs":{"hp":248,"atk":0,"def":252,"spa":0,"spd":8,"spe":0},"gender":"F","ivs":{"hp":31,"atk":0,"def":31,"spa":31,"spd":31,"spe":31},"shiny":true},{"name":"Togekiss","species":"Togekiss","item":"choicescarf","ability":"Serene Grace","moves":["airslash","aurasphere","dazzlinggleam","flamethrower"],"nature":"Timid","evs":{"hp":0,"atk":0,"def":0,"spa":252,"spd":4,"spe":252},"gender":"F","ivs":{"hp":31,"atk":0,"def":31,"spa":31,"spd":31,"spe":31},"shiny":true},{"name":"Granbull","species":"Granbull","item":"leftovers","ability":"Intimidate","moves":["earthquake","firepunch","playrough","thunderwave"],"nature":"Impish","evs":{"hp":248,"atk":8,"def":252,"spa":0,"spd":0,"spe":0},"gender":"F","shiny":true,"ivs":{"hp":31,"atk":31,"def":31,"spa":31,"spd":31,"spe":31}}],"p2team":[{"name":"Venusaur","species":"Venusaur","item":"venusaurite","ability":"Overgrow","moves":["gigadrain","sludgebomb","hiddenpowerground","synthesis"],"nature":"Bold","evs":{"hp":252,"atk":0,"def":252,"spa":4,"spd":0,"spe":0},"gender":"M","ivs":{"hp":31,"atk":31,"def":31,"spa":30,"spd":30,"spe":31}},{"name":"Weezing","species":"Weezing","item":"blacksludge","ability":"Levitate","moves":["sludgewave","fireblast","willowisp","clearsmog"],"nature":"Bold","evs":{"hp":252,"atk":0,"def":252,"spa":4,"spd":0,"spe":0},"gender":"M","ivs":{"hp":31,"atk":31,"def":31,"spa":31,"spd":31,"spe":31}},{"name":"Tentacruel","species":"Tentacruel","item":"blacksludge","ability":"Liquid Ooze","moves":["scald","acidspray","toxicspikes","rapidspin"],"nature":"Calm","evs":{"hp":252,"atk":0,"def":0,"spa":4,"spd":252,"spe":0},"gender":"M","shiny":true,"ivs":{"hp":31,"atk":31,"def":31,"spa":31,"spd":31,"spe":31}},{"name":"Drapion","species":"Drapion","item":"choicescarf","ability":"Sniper","moves":["crosspoison","knockoff","nightslash","earthquake"],"nature":"Jolly","evs":{"hp":0,"atk":252,"def":0,"spa":0,"spd":4,"spe":252},"ivs":{"hp":31,"atk":31,"def":31,"spa":31,"spd":31,"spe":31}},{"name":"Gengar","species":"Gengar","item":"focussash","ability":"Levitate","moves":["shadowball","sludgewave","focusblast","destinybond"],"nature":"Timid","evs":{"hp":0,"atk":0,"def":0,"spa":252,"spd":4,"spe":252},"gender":"M","shiny":true,"ivs":{"hp":31,"atk":31,"def":31,"spa":31,"spd":31,"spe":31}},{"name":"Crobat","species":"Crobat","item":"choiceband","ability":"Infiltrator","moves":["bravebird","crosspoison","uturn","defog"],"nature":"Jolly","evs":{"hp":0,"atk":252,"def":0,"spa":0,"spd":4,"spe":252},"ivs":{"hp":31,"atk":31,"def":31,"spa":31,"spd":31,"spe":31}}],"log":["|player|p1|JusAnAlt|99","|player|p2|Dusk Ravias|150","|gametype|singles","|gen|6","|tier|Monotype","|rated","|rule|Baton Pass Clause: Limit one Baton Passer, can't pass Spe and other stats simultaneously","|rule|Swagger Clause: Swagger is banned","|rule|Same Type Clause: Pokémon in a team must share a type","|clearpoke","|poke|p1|Sylveon, F, shiny","|poke|p1|Gardevoir, F, shiny","|poke|p1|Azumarill, F, shiny","|poke|p1|Klefki, F, shiny","|poke|p1|Togekiss, F, shiny","|poke|p1|Granbull, F, shiny","|poke|p2|Venusaur, M","|poke|p2|Weezing, M","|poke|p2|Tentacruel, M, shiny","|poke|p2|Drapion, F","|poke|p2|Gengar, M, shiny","|poke|p2|Crobat, M","|rule|Sleep Clause Mod: Limit one foe put to sleep","|rule|Species Clause: Limit one of each Pokémon","|rule|OHKO Clause: OHKO moves are banned","|rule|Moody Clause: Moody is banned","|rule|Evasion Moves Clause: Evasion moves are banned","|rule|Endless Battle Clause: Forcing endless battles is banned","|rule|HP Percentage Mod: HP is shown in percentages","|teampreview","|","|start","|switch|p1a: Klefki|Klefki, F, shiny|317/317","|switch|p2a: Tentacruel|Tentacruel, M, shiny|364/364","|turn|1","|","|move|p1a: Klefki|Light Screen|p1a: Klefki","|-sidestart|p1: JusAnAlt|move: Light Screen","|move|p2a: Tentacruel|Toxic Spikes|p1a: Klefki","|-sidestart|p1: JusAnAlt|move: Toxic Spikes","|","|turn|2","|","|move|p1a: Klefki|Thunder Wave|p2a: Tentacruel","|-status|p2a: Tentacruel|par","|move|p2a: Tentacruel|Toxic Spikes|p1a: Klefki","|-sidestart|p1: JusAnAlt|move: Toxic Spikes","|","|turn|3","|","|switch|p1a: Gardevoir|Gardevoir, F, shiny|277/277","|-status|p1a: Gardevoir|tox","|-ability|p1a: Gardevoir|Liquid Ooze|[from] ability: Trace|[of] p2a: Tentacruel","|move|p2a: Tentacruel|Scald|p1a: Gardevoir","|-damage|p1a: Gardevoir|244/277 tox","|","|-damage|p1a: Gardevoir|227/277 tox|[from] psn","|turn|4","|","|detailschange|p1a: Gardevoir|Gardevoir-Mega, F, shiny","|-mega|p1a: Gardevoir|Gardevoir|Gardevoirite","|move|p1a: Gardevoir|Psyshock|p2a: Tentacruel","|-supereffective|p2a: Tentacruel","|-damage|p2a: Tentacruel|0 fnt","|faint|p2a: Tentacruel","|","|-damage|p1a: Gardevoir|193/277 tox|[from] psn","|","|switch|p2a: Drapion|Drapion, F|281/281","|turn|5","|","|switch|p1a: Klefki|Klefki, F, shiny|317/317","|move|p2a: Drapion|Cross Poison|p1a: Klefki","|-immune|p1a: Klefki|[msg]","|","|turn|6","|","|switch|p2a: Weezing|Weezing, M|334/334","|move|p1a: Klefki|Thunder Wave|p2a: Weezing","|-status|p2a: Weezing|par","|","|turn|7","|","|move|p1a: Klefki|Reflect|p1a: Klefki","|-sidestart|p1: JusAnAlt|Reflect","|cant|p2a: Weezing|par","|","|turn|8","|","|switch|p1a: Gardevoir|Gardevoir-Mega, F, shiny|193/277 tox","|move|p2a: Weezing|Will-O-Wisp|p1a: Gardevoir","|-fail|p1a: Gardevoir","|","|-damage|p1a: Gardevoir|176/277 tox|[from] psn","|-sideend|p1: JusAnAlt|move: Light Screen","|turn|9","|","|move|p1a: Gardevoir|Psyshock|p2a: Weezing","|-supereffective|p2a: Weezing","|-damage|p2a: Weezing|116/334 par","|move|p2a: Weezing|Sludge Wave|p1a: Gardevoir","|-supereffective|p1a: Gardevoir","|-damage|p1a: Gardevoir|26/277 tox","|","|-heal|p2a: Weezing|136/334 par|[from] item: Black Sludge","|-damage|p1a: Gardevoir|0 fnt|[from] psn","|faint|p1a: Gardevoir","|","|switch|p1a: Klefki|Klefki, F, shiny|317/317","|turn|10","|","|move|p1a: Klefki|Light Screen|p1a: Klefki","|-sidestart|p1: JusAnAlt|move: Light Screen","|move|p2a: Weezing|Will-O-Wisp|p1a: Klefki","|-status|p1a: Klefki|brn","|","|-heal|p2a: Weezing|156/334 par|[from] item: Black Sludge","|-damage|p1a: Klefki|278/317 brn|[from] brn","|turn|11","|","|switch|p1a: Togekiss|Togekiss, F, shiny|311/311","|move|p2a: Weezing|Fire Blast|p1a: Togekiss","|-damage|p1a: Togekiss|279/311","|","|-heal|p2a: Weezing|176/334 par|[from] item: Black Sludge","|turn|12","|","|move|p1a: Togekiss|Air Slash|p2a: Weezing","|-damage|p2a: Weezing|20/334 par","|cant|p2a: Weezing|flinch","|","|-heal|p2a: Weezing|40/334 par|[from] item: Black Sludge","|turn|13","|","|move|p1a: Togekiss|Air Slash|p2a: Weezing","|-damage|p2a: Weezing|0 fnt","|faint|p2a: Weezing","|","|","|switch|p2a: Crobat|Crobat, M|311/311","|turn|14","|","|switch|p1a: Klefki|Klefki, F, shiny|278/317 brn","|move|p2a: Crobat|Cross Poison|p1a: Klefki","|-immune|p1a: Klefki|[msg]","|","|-damage|p1a: Klefki|239/317 brn|[from] brn","|-sideend|p1: JusAnAlt|Reflect","|turn|15","|","|switch|p2a: Venusaur|Venusaur, M|364/364","|move|p1a: Klefki|Thunder Wave|p2a: Venusaur","|-status|p2a: Venusaur|par","|","|-damage|p1a: Klefki|200/317 brn|[from] brn","|turn|16","|","|switch|p1a: Togekiss|Togekiss, F, shiny|279/311","|detailschange|p2a: Venusaur|Venusaur-Mega, M","|-mega|p2a: Venusaur|Venusaur|Venusaurite","|cant|p2a: Venusaur|par","|","|turn|17","|","|move|p1a: Togekiss|Air Slash|p2a: Venusaur","|-supereffective|p2a: Venusaur","|-damage|p2a: Venusaur|148/364 par","|cant|p2a: Venusaur|flinch","|","|-sideend|p1: JusAnAlt|move: Light Screen","|turn|18","|","|move|p1a: Togekiss|Air Slash|p2a: Venusaur","|-supereffective|p2a: Venusaur","|-damage|p2a: Venusaur|0 fnt","|faint|p2a: Venusaur","|","|","|switch|p2a: Drapion|Drapion, F|281/281","|turn|19","|","|switch|p1a: Klefki|Klefki, F, shiny|200/317 brn","|move|p2a: Drapion|Knock Off|p1a: Klefki","|-resisted|p1a: Klefki","|-damage|p1a: Klefki|153/317 brn","|-enditem|p1a: Klefki|Light Clay|[from] move: Knock Off|[of] p2a: Drapion","|","|-damage|p1a: Klefki|114/317 brn|[from] brn","|turn|20","|","|move|p1a: Klefki|Thunder Wave|p2a: Drapion","|-status|p2a: Drapion|par","|move|p2a: Drapion|Knock Off|p1a: Klefki","|-resisted|p1a: Klefki","|-damage|p1a: Klefki|81/317 brn","|","|-damage|p1a: Klefki|42/317 brn|[from] brn","|turn|21","|","|move|p1a: Klefki|Reflect|p1a: Klefki","|-sidestart|p1: JusAnAlt|Reflect","|cant|p2a: Drapion|par","|","|-damage|p1a: Klefki|3/317 brn|[from] brn","|turn|22","|","|move|p1a: Klefki|Light Screen|p1a: Klefki","|-sidestart|p1: JusAnAlt|move: Light Screen","|move|p2a: Drapion|Knock Off|p1a: Klefki","|-crit|p1a: Klefki","|-resisted|p1a: Klefki","|-damage|p1a: Klefki|0 fnt","|faint|p1a: Klefki","|","|","|switch|p1a: Sylveon|Sylveon, F, shiny|393/393","|-status|p1a: Sylveon|tox","|turn|23","|","|move|p1a: Sylveon|Hyper Voice|p2a: Drapion","|-damage|p2a: Drapion|0 fnt","|faint|p2a: Drapion","|","|-damage|p1a: Sylveon|369/393 tox|[from] psn","|","|switch|p2a: Crobat|Crobat, M|311/311","|turn|24","|","|switch|p1a: Granbull|Granbull, F, shiny|383/383","|-status|p1a: Granbull|tox","|-ability|p1a: Granbull|Intimidate","|-unboost|p2a: Crobat|atk|1","|move|p2a: Crobat|Cross Poison|p1a: Granbull","|-supereffective|p1a: Granbull","|-damage|p1a: Granbull|209/383 tox","|","|-heal|p1a: Granbull|232/383 tox|[from] item: Leftovers","|-damage|p1a: Granbull|209/383 tox|[from] psn","|turn|25","|","|move|p2a: Crobat|Cross Poison|p1a: Granbull","|-supereffective|p1a: Granbull","|-damage|p1a: Granbull|45/383 tox","|move|p1a: Granbull|Thunder Wave|p2a: Crobat","|-status|p2a: Crobat|par","|","|-heal|p1a: Granbull|68/383 tox|[from] item: Leftovers","|-damage|p1a: Granbull|22/383 tox|[from] psn","|-sideend|p1: JusAnAlt|Reflect","|turn|26","|","|move|p1a: Granbull|Fire Punch|p2a: Crobat","|-damage|p2a: Crobat|222/311 par","|cant|p2a: Crobat|par","|","|-heal|p1a: Granbull|45/383 tox|[from] item: Leftovers","|-damage|p1a: Granbull|0 fnt|[from] psn","|-sideend|p1: JusAnAlt|move: Light Screen","|faint|p1a: Granbull","|","|switch|p1a: Sylveon|Sylveon, F, shiny|369/393 tox","|turn|27","|","|move|p1a: Sylveon|Psyshock|p2a: Crobat","|-supereffective|p2a: Crobat","|-damage|p2a: Crobat|0 fnt","|faint|p2a: Crobat","|","|-damage|p1a: Sylveon|345/393 tox|[from] psn","|","|switch|p2a: Gengar|Gengar, M, shiny|261/261","|turn|28","|","|move|p2a: Gengar|Sludge Wave|p1a: Sylveon","|-supereffective|p1a: Sylveon","|-damage|p1a: Sylveon|69/393 tox","|move|p1a: Sylveon|Psyshock|p2a: Gengar","|-supereffective|p2a: Gengar","|-enditem|p2a: Gengar|Focus Sash","|-damage|p2a: Gengar|1/261","|","|-damage|p1a: Sylveon|21/393 tox|[from] psn","|turn|29","|","|move|p2a: Gengar|Sludge Wave|p1a: Sylveon","|-supereffective|p1a: Sylveon","|-damage|p1a: Sylveon|0 fnt","|faint|p1a: Sylveon","|","|","|switch|p1a: Azumarill|Azumarill, F, shiny|403/403","|-status|p1a: Azumarill|tox","|turn|30","|","|move|p1a: Azumarill|Aqua Jet|p2a: Gengar","|-damage|p2a: Gengar|0 fnt","|faint|p2a: Gengar","|","|win|JusAnAlt"],"p1rating":{"entryid":"6680044","serverid":"eos","formatid":"monotype","userid":"jusanalt","username":"JusAnAlt","w":32,"l":"11","t":"0","gxe":68.8,"r":"1647.5512537907","rd":"62.015178179722","sigma":"0","rptime":"1438678800","rpr":1650.5448204779,"rprd":59.57959882103,"rpsigma":"0","acre":1309.472986135,"lacre":1309.472986135,"oldacre":"1300.067504192"},"p2rating":{"entryid":"7382780","serverid":"eos","formatid":"monotype","userid":"duskravias","username":"Dusk Ravias","w":"3","l":3,"t":"0","gxe":49.6,"r":"1555.9587852925","rd":"122.69860668113","sigma":"0","rptime":"1438678800","rpr":1496.4765493148,"rprd":100.19950928114,"rpsigma":"0","acre":1083.7468709339,"lacre":1083.7468709339,"oldacre":"1095.1624792577"},"endType":"normal"}