{"seed":[41,28972,5559,6885],"turns":20,"p1":"fire.ride","p2":"KGBeast","p1team":[{"name":"Pikachu-Belle","species":"Pikachu-Belle","item":"lightball","ability":"Lightning Rod","moves":["brickbreak","knockoff","iciclecrash","wildcharge"],"nature":"Adamant","evs":{"hp":0,"atk":252,"def":0,"spa":0,"spd":0,"spe":252},"ivs":{"hp":31,"atk":31,"def":31,"spa":31,"spd":31,"spe":31}},{"name":"Eelektross","species":"Eelektross","item":"assaultvest","ability":"Levitate","moves":["drainpunch","knockoff","thunderpunch","superfang"],"nature":"Careful","evs":{"hp":252,"atk":64,"def":0,"spa":0,"spd":192,"spe":0},"ivs":{"hp":31,"atk":31,"def":31,"spa":31,"spd":31,"spe":31}},{"name":"Zapdos","species":"Zapdos","item":"leftovers","ability":"Pressure","moves":["defog","discharge","heatwave","roost"],"nature":"Bold","evs":{"hp":252,"atk":0,"def":252,"spa":4,"spd":0,"spe":0},"ivs":{"hp":31,"atk":31,"def":31,"spa":31,"spd":31,"spe":31}},{"name":"Magnezone","species":"Magnezone","item":"custapberry","ability":"Sturdy","moves":["flashcannon","voltswitch","mirrorcoat","hiddenpowerice"],"nature":"Modest","evs":{"hp":40,"atk":0,"def":0,"spa":216,"spd":0,"spe":252},"ivs":{"hp":31,"atk":30,"def":30,"spa":31,"spd":31,"spe":31}},{"name":"Galvantula","species":"Galvantula","item":"focussash","ability":"Compound Eyes","moves":["energyball","thunder","stickyweb","bugbuzz"],"nature":"Modest","evs":{"hp":0,"atk":0,"def":0,"spa":252,"spd":0,"spe":252},"ivs":{"hp":31,"atk":31,"def":31,"spa":31,"spd":31,"spe":31}},{"name":"Ampharos","species":"Ampharos","item":"ampharosite","ability":"Static","moves":["dragonpulse","discharge","healbell","cottonguard"],"nature":"Modest","evs":{"hp":252,"atk":0,"def":0,"spa":252,"spd":0,"spe":4},"ivs":{"hp":31,"atk":31,"def":31,"spa":31,"spd":31,"spe":31}}],"p2team":[{"name":"Hippowdon","species":"Hippowdon","item":"rockyhelmet","ability":"Sand Stream","moves":["stealthrock","earthquake","whirlwind","slackoff"],"nature":"Impish","evs":{"hp":252,"atk":4,"def":252,"spa":0,"spd":0,"spe":0},"ivs":{"hp":31,"atk":31,"def":31,"spa":31,"spd":31,"spe":31}},{"name":"Sandslash","species":"Sandslash","item":"choiceband","ability":"Sand Rush","moves":["superfang","earthquake","knockoff","xscissor"],"nature":"Adamant","evs":{"hp":0,"atk":252,"def":4,"spa":0,"spd":0,"spe":252},"ivs":{"hp":31,"atk":31,"def":31,"spa":31,"spd":31,"spe":31}},{"name":"Mamoswine","species":"Mamoswine","item":"lifeorb","ability":"Thick Fat","moves":["iceshard","iciclespear","knockoff","superpower"],"nature":"Adamant","evs":{"hp":0,"atk":252,"def":4,"spa":0,"spd":0,"spe":252},"ivs":{"hp":31,"atk":31,"def":31,"spa":31,"spd":31,"spe":31}},{"name":"Camerupt","species":"Camerupt","item":"cameruptite","ability":"Solid Rock","moves":["willowisp","flamethrower","earthpower","ancientpower"],"nature":"Modest","evs":{"hp":168,"atk":0,"def":0,"spa":252,"spd":0,"spe":88},"ivs":{"hp":31,"atk":0,"def":31,"spa":31,"spd":31,"spe":31}},{"name":"Excadrill","species":"Excadrill","item":"choiceband","ability":"Sand Rush","moves":["ironhead","earthquake","rockslide","rapidspin"],"nature":"Adamant","evs":{"hp":4,"atk":252,"def":0,"spa":0,"spd":0,"spe":252},"ivs":{"hp":31,"atk":31,"def":31,"spa":31,"spd":31,"spe":31}},{"name":"Seismitoad","species":"Seismitoad","item":"choicespecs","ability":"Water Absorb","moves":["scald","grassknot","sludgewave","earthpower"],"nature":"Modest","evs":{"hp":72,"atk":0,"def":0,"spa":252,"spd":0,"spe":184},"ivs":{"hp":31,"atk":0,"def":31,"spa":31,"spd":31,"spe":31}}],"log":["|player|p1|fire.ride|93","|player|p2|KGBeast|kgbeast.png","|gametype|singles","|gen|6","|tier|Monotype","|rated","|rule|Baton Pass Clause: Limit one Baton Passer, can't pass Spe and other stats simultaneously","|rule|Swagger Clause: Swagger is banned","|rule|Same Type Clause: Pokémon in a team must share a type","|clearpoke","|poke|p1|Pikachu-Belle, F","|poke|p1|Eelektross, F","|poke|p1|Zapdos","|poke|p1|Magnezone","|poke|p1|Galvantula, F","|poke|p1|Ampharos, F","|poke|p2|Hippowdon, M","|poke|p2|Sandslash, M","|poke|p2|Mamoswine, F","|poke|p2|Camerupt, M","|poke|p2|Excadrill, F","|poke|p2|Seismitoad, M","|rule|Sleep Clause Mod: Limit one foe put to sleep","|rule|Species Clause: Limit one of each Pokémon","|rule|OHKO Clause: OHKO moves are banned","|rule|Moody Clause: Moody is banned","|rule|Evasion Moves Clause: Evasion moves are banned","|rule|Endless Battle Clause: Forcing endless battles is banned","|rule|HP Percentage Mod: HP is shown in percentages","|teampreview","|","|start","|switch|p1a: Eelektross|Eelektross, F|374/374","|switch|p2a: Seismitoad|Seismitoad, M|369/369","|turn|1","|","|move|p2a: Seismitoad|Scald|p1a: Eelektross","|-damage|p1a: Eelektross|263/374","|move|p1a: Eelektross|Super Fang|p2a: Seismitoad","|-damage|p2a: Seismitoad|185/369","|","|turn|2","|","|move|p2a: Seismitoad|Scald|p1a: Eelektross","|-damage|p1a: Eelektross|157/374","|move|p1a: Eelektross|Super Fang|p2a: Seismitoad","|-damage|p2a: Seismitoad|93/369","|","|turn|3","|","|move|p2a: Seismitoad|Scald|p1a: Eelektross","|-damage|p1a: Eelektross|51/374","|move|p1a: Eelektross|Drain Punch|p2a: Seismitoad","|-damage|p2a: Seismitoad|5/369","|-heal|p1a: Eelektross|95/374|[from] drain|[of] p2a: Seismitoad","|","|turn|4","|","|move|p2a: Seismitoad|Scald|p1a: Eelektross","|-damage|p1a: Eelektross|0 fnt","|faint|p1a: Eelektross","|","|","|switch|p1a: Pikachu-Belle|Pikachu-Belle, F|211/211","|turn|5","|","|switch|p2a: Hippowdon|Hippowdon, M|420/420","|-weather|Sandstorm","|move|p1a: Pikachu-Belle|Knock Off|p2a: Hippowdon","|-damage|p2a: Hippowdon|322/420","|-damage|p1a: Pikachu-Belle|176/211|[from] item: Rocky Helmet|[of] p2a: Hippowdon","|-enditem|p2a: Hippowdon|Rocky Helmet|[from] move: Knock Off|[of] p1a: Pikachu-Belle","|","|-weather|Sandstorm|[upkeep]","|-damage|p1a: Pikachu-Belle|163/211|[from] sandstorm","|turn|6","|","|switch|p1a: Zapdos|Zapdos|384/384","|-ability|p1a: Zapdos|Pressure","|move|p2a: Hippowdon|Stealth Rock|p1a: Zapdos","|-sidestart|p1: fire.ride|move: Stealth Rock","|","|-weather|Sandstorm|[upkeep]","|-damage|p1a: Zapdos|360/384|[from] sandstorm","|-heal|p1a: Zapdos|384/384|[from] item: Leftovers","|turn|7","|","|switch|p2a: Mamoswine|Mamoswine, F|361/361","|move|p1a: Zapdos|Defog|p2a: Mamoswine","|-unboost|p2a: Mamoswine|evasion|1","|-sideend|p1: fire.ride|Stealth Rock|[from] move: Defog|[of] p1a: Zapdos","|","|-weather|Sandstorm|[upkeep]","|-damage|p1a: Zapdos|360/384|[from] sandstorm","|-heal|p1a: Zapdos|384/384|[from] item: Leftovers","|turn|8","|","|switch|p1a: Pikachu-Belle|Pikachu-Belle, F|163/211","|move|p2a: Mamoswine|Icicle Spear|p1a: Pikachu-Belle","|-damage|p1a: Pikachu-Belle|25/211","|-damage|p1a: Pikachu-Belle|0 fnt","|-hitcount|p1a: Pikachu-Belle|2","|-damage|p2a: Mamoswine|325/361|[from] item: Life Orb","|faint|p1a: Pikachu-Belle","|","|-weather|Sandstorm|[upkeep]","|","|switch|p1a: Galvantula|Galvantula, F|281/281","|turn|9","|","|switch|p2a: Excadrill|Excadrill, F|362/362","|move|p1a: Galvantula|Sticky Web|p2a: Excadrill","|-sidestart|p2: KGBeast|move: Sticky Web","|","|-weather|none","|turn|10","|","|switch|p1a: Ampharos|Ampharos, F|384/384","|move|p2a: Excadrill|Rock Slide|p1a: Ampharos","|-damage|p1a: Ampharos|216/384","|","|turn|11","|","|switch|p2a: Seismitoad|Seismitoad, M|5/369","|-activate|p2a: Seismitoad|move: Sticky Web","|-unboost|p2a: Seismitoad|spe|1","|detailschange|p1a: Ampharos|Ampharos-Mega, F","|-mega|p1a: Ampharos|Ampharos|Ampharosite","|-ability|p1a: Ampharos|Mold Breaker","|move|p1a: Ampharos|Dragon Pulse|p2a: Seismitoad","|-damage|p2a: Seismitoad|0 fnt","|faint|p2a: Seismitoad","|","|","|switch|p2a: Mamoswine|Mamoswine, F|325/361","|-activate|p2a: Mamoswine|move: Sticky Web","|-unboost|p2a: Mamoswine|spe|1","|turn|12","|","|move|p2a: Mamoswine|Icicle Spear|p1a: Ampharos","|-supereffective|p1a: Ampharos","|-damage|p1a: Ampharos|89/384","|-supereffective|p1a: Ampharos","|-damage|p1a: Ampharos|0 fnt","|-hitcount|p1a: Ampharos|2","|-damage|p2a: Mamoswine|289/361|[from] item: Life Orb","|faint|p1a: Ampharos","|","|","|switch|p1a: Galvantula|Galvantula, F|281/281","|turn|13","|","|switch|p2a: Hippowdon|Hippowdon, M|322/420","|-activate|p2a: Hippowdon|move: Sticky Web","|-unboost|p2a: Hippowdon|spe|1","|-weather|Sandstorm","|move|p1a: Galvantula|Energy Ball|p2a: Hippowdon","|-supereffective|p2a: Hippowdon","|-damage|p2a: Hippowdon|60/420","|","|-weather|Sandstorm|[upkeep]","|-damage|p1a: Galvantula|264/281|[from] sandstorm","|turn|14","|","|switch|p2a: Camerupt|Camerupt, M|323/323","|-activate|p2a: Camerupt|move: Sticky Web","|-unboost|p2a: Camerupt|spe|1","|move|p1a: Galvantula|Energy Ball|p2a: Camerupt","|-damage|p2a: Camerupt|207/323","|","|-weather|Sandstorm|[upkeep]","|-damage|p1a: Galvantula|247/281|[from] sandstorm","|turn|15","|","|switch|p1a: Zapdos|Zapdos|384/384","|-ability|p1a: Zapdos|Pressure","|detailschange|p2a: Camerupt|Camerupt-Mega, M","|-mega|p2a: Camerupt|Camerupt|Cameruptite","|move|p2a: Camerupt|Flamethrower|p1a: Zapdos","|-damage|p1a: Zapdos|120/384","|","|-weather|Sandstorm|[upkeep]","|-damage|p1a: Zapdos|96/384|[from] sandstorm","|-heal|p1a: Zapdos|120/384|[from] item: Leftovers","|turn|16","|","|move|p1a: Zapdos|Heat Wave|p2a: Camerupt","|-resisted|p2a: Camerupt","|-damage|p2a: Camerupt|164/323","|move|p2a: Camerupt|Flamethrower|p1a: Zapdos","|-damage|p1a: Zapdos|0 fnt","|faint|p1a: Zapdos","|","|-weather|Sandstorm|[upkeep]","|","|switch|p1a: Magnezone|Magnezone|291/291","|turn|17","|","|move|p2a: Camerupt|Earth Power|p1a: Magnezone","|-supereffective|p1a: Magnezone","|-ability|p1a: Magnezone|Sturdy","|-damage|p1a: Magnezone|1/291","|move|p1a: Magnezone|Mirror Coat|p2a: Camerupt","|-damage|p2a: Camerupt|0 fnt","|faint|p2a: Camerupt","|","|-weather|none","|","|switch|p2a: Hippowdon|Hippowdon, M|60/420","|-activate|p2a: Hippowdon|move: Sticky Web","|-unboost|p2a: Hippowdon|spe|1","|-weather|Sandstorm","|turn|18","|-enditem|p1a: Magnezone|Custap Berry|[eat]","|-activate|p1a: Magnezone|Custap Berry","|","|move|p1a: Magnezone|Flash Cannon|p2a: Hippowdon","|-damage|p2a: Hippowdon|0 fnt","|faint|p2a: Hippowdon","|","|-weather|Sandstorm|[upkeep]","|","|switch|p2a: Excadrill|Excadrill, F|362/362","|-activate|p2a: Excadrill|move: Sticky Web","|-unboost|p2a: Excadrill|spe|1","|turn|19","|","|move|p2a: Excadrill|Earthquake|p1a: Magnezone","|-supereffective|p1a: Magnezone","|-damage|p1a: Magnezone|0 fnt","|faint|p1a: Magnezone","|","|-weather|Sandstorm|[upkeep]","|","|switch|p1a: Galvantula|Galvantula, F|247/281","|turn|20","|","|move|p2a: Excadrill|Earthquake|p1a: Galvantula","|-damage|p1a: Galvantula|0 fnt","|faint|p1a: Galvantula","|","|win|KGBeast"],"p1rating":{"entryid":"7072347","serverid":"eos","formatid":"monotype","userid":"fireride","username":"fire.ride","w":"8","l":5,"t":"0","gxe":59,"r":"1545.7616466305","rd":"89.032764542512","sigma":"0","rptime":"1438678800","rpr":1570.1798825341,"rprd":82.161625640946,"rpsigma":"0","acre":1158.880587714,"lacre":1158.880587714,"oldacre":"1183.9159065537"},"p2rating":{"entryid":"6349485","serverid":"eos","formatid":"monotype","userid":"kgbeast","username":"KGBeast","w":43,"l":"21","t":"0","gxe":63.8,"r":"1602.4834527501","rd":"52.388991108415","sigma":"0","rptime":"1438678800","rpr":1607.9221571234,"rprd":49.277972439404,"rpsigma":"0","acre":1208.4603841972,"lacre":1208.4603841972,"oldacre":"1183.4250653575"},"endType":"normal"}