{"seed":[39764,17848,40455,58647],"turns":19,"p1":"GTX♅Bzumzum","p2":"Oh Fuck I","p1team":[{"name":"Elec","species":"manectric","item":"manectite","ability":"Lightning Rod","moves":["thunderbolt","hiddenpowerice","voltswitch","overheat"],"nature":"Timid","evs":{"hp":0,"atk":0,"def":0,"spa":252,"spd":4,"spe":252},"gender":"M","ivs":{"hp":31,"atk":30,"def":30,"spa":31,"spd":31,"spe":31}},{"name":"Water-Safe","species":"rotomwash","item":"chestoberry","ability":"Levitate","moves":["hydropump","toxic","willowisp","rest"],"nature":"Calm","evs":{"hp":248,"atk":0,"def":0,"spa":8,"spd":252,"spe":0},"shiny":true,"ivs":{"hp":31,"atk":31,"def":31,"spa":31,"spd":31,"spe":31}},{"name":"MY ZONE!!!","species":"magnezone","item":"choicespecs","ability":"Sturdy","moves":["hiddenpowerice","flashcannon","triattack","signalbeam"],"nature":"Modest","evs":{"hp":248,"atk":0,"def":0,"spa":252,"spd":8,"spe":0},"ivs":{"hp":31,"atk":30,"def":30,"spa":31,"spd":31,"spe":31},"shiny":true},{"name":"Thundernor","species":"eelektross","item":"leftovers","ability":"Levitate","moves":["coil","drainpunch","knockoff","uturn"],"nature":"Adamant","evs":{"hp":252,"atk":252,"def":0,"spa":0,"spd":0,"spe":4},"gender":"M","shiny":true,"ivs":{"hp":31,"atk":31,"def":31,"spa":31,"spd":31,"spe":31}},{"name":"Zapz","species":"zapdos","item":"leftovers","ability":"Pressure","moves":["heatwave","roost","extrasensory","defog"],"nature":"Modest","evs":{"hp":252,"atk":0,"def":0,"spa":252,"spd":4,"spe":0},"shiny":true,"ivs":{"hp":31,"atk":31,"def":31,"spa":31,"spd":31,"spe":31}},{"name":"Plugg-in Failure","species":"electivire","item":"choicescarf","ability":"Vital Spirit","moves":["crosschop","earthquake","icepunch","rockslide"],"nature":"Adamant","evs":{"hp":0,"atk":252,"def":0,"spa":0,"spd":4,"spe":252},"gender":"M","shiny":true,"ivs":{"hp":31,"atk":31,"def":31,"spa":31,"spd":31,"spe":31}}],"p2team":[{"name":"Kiwi","species":"gardevoir","item":"gardevoirite","ability":"Trace","moves":["hypervoice","psyshock","focusblast","calmmind"],"nature":"Timid","evs":{"hp":0,"atk":4,"def":0,"spa":252,"spd":0,"spe":252},"shiny":true,"ivs":{"hp":31,"atk":31,"def":31,"spa":31,"spd":31,"spe":31}},{"name":"Victini","species":"Victini","item":"choicescarf","ability":"Victory Star","moves":["vcreate","uturn","boltstrike","trick"],"nature":"Jolly","evs":{"hp":0,"atk":252,"def":0,"spa":0,"spd":4,"spe":252},"ivs":{"hp":31,"atk":31,"def":31,"spa":31,"spd":31,"spe":31}},{"name":"Soul Train","species":"latias","item":"lifeorb","ability":"Levitate","moves":["dracometeor","psyshock","defog","healingwish"],"nature":"Timid","evs":{"hp":0,"atk":0,"def":0,"spa":252,"spd":4,"spe":252},"ivs":{"hp":31,"atk":31,"def":31,"spa":31,"spd":31,"spe":31}},{"name":"First Class","species":"metagross","item":"assaultvest","ability":"Clear Body","moves":["meteormash","bulletpunch","zenheadbutt","earthquake"],"nature":"Adamant","evs":{"hp":248,"atk":252,"def":0,"spa":0,"spd":8,"spe":0},"shiny":true,"ivs":{"hp":31,"atk":31,"def":31,"spa":31,"spd":31,"spe":31}},{"name":"BigPapaLongDong","species":"slowbro","item":"rockyhelmet","ability":"Regenerator","moves":["scald","thunderwave","icebeam","slackoff"],"nature":"Bold","evs":{"hp":248,"atk":0,"def":252,"spa":8,"spd":0,"spe":0},"ivs":{"hp":31,"atk":31,"def":31,"spa":31,"spd":31,"spe":31}},{"name":"McBiggleDiggles","species":"meloetta","item":"choicespecs","ability":"Serene Grace","moves":["shadowball","hypervoice","dazzlinggleam","psyshock"],"nature":"Modest","evs":{"hp":248,"atk":0,"def":0,"spa":252,"spd":8,"spe":0},"ivs":{"hp":31,"atk":31,"def":31,"spa":31,"spd":31,"spe":31}}],"log":["|player|p1|GTX♅Bzumzum|225","|player|p2|Oh Fuck I|1","|gametype|singles","|gen|6","|tier|Monotype","|rated","|rule|Baton Pass Clause: Limit one Baton Passer, can't pass Spe and other stats simultaneously","|rule|Swagger Clause: Swagger is banned","|rule|Same Type Clause: Pokémon in a team must share a type","|clearpoke","|poke|p1|Manectric, M","|poke|p1|Rotom-Wash, shiny","|poke|p1|Magnezone, shiny","|poke|p1|Eelektross, M, shiny","|poke|p1|Zapdos, shiny","|poke|p1|Electivire, M, shiny","|poke|p2|Gardevoir, M, shiny","|poke|p2|Victini","|poke|p2|Latias, F","|poke|p2|Metagross, shiny","|poke|p2|Slowbro, F","|poke|p2|Meloetta","|rule|Sleep Clause Mod: Limit one foe put to sleep","|rule|Species Clause: Limit one of each Pokémon","|rule|OHKO Clause: OHKO moves are banned","|rule|Moody Clause: Moody is banned","|rule|Evasion Moves Clause: Evasion moves are banned","|rule|Endless Battle Clause: Forcing endless battles is banned","|rule|HP Percentage Mod: HP is shown in percentages","|teampreview","|","|start","|switch|p1a: Water-Safe|Rotom-Wash, shiny|303/303","|switch|p2a: First Class|Metagross, shiny|363/363","|turn|1","|","|switch|p2a: Victini|Victini|341/341","|move|p1a: Water-Safe|Will-O-Wisp|p2a: Victini|[miss]","|-miss|p1a: Water-Safe|p2a: Victini","|","|turn|2","|","|move|p2a: Victini|U-turn|p1a: Water-Safe","|-damage|p1a: Water-Safe|241/303","|","|switch|p2a: Soul Train|Latias, F|301/301","|move|p1a: Water-Safe|Hydro Pump|p2a: Soul Train|[miss]","|-miss|p1a: Water-Safe|p2a: Soul Train","|","|turn|3","|","|move|p2a: Soul Train|Draco Meteor|p1a: Water-Safe","|-damage|p1a: Water-Safe|58/303","|-unboost|p2a: Soul Train|spa|2","|-damage|p2a: Soul Train|271/301|[from] item: Life Orb","|move|p1a: Water-Safe|Toxic|p2a: Soul Train","|-status|p2a: Soul Train|tox","|","|-damage|p2a: Soul Train|253/301 tox|[from] psn","|turn|4","|","|switch|p1a: Zapz|Zapdos, shiny|384/384","|-ability|p1a: Zapz|Pressure","|move|p2a: Soul Train|Draco Meteor|p1a: Zapz","|-damage|p1a: Zapz|244/384","|-unboost|p2a: Soul Train|spa|2","|-damage|p2a: Soul Train|223/301 tox|[from] item: Life Orb","|","|-heal|p1a: Zapz|268/384|[from] item: Leftovers","|-damage|p2a: Soul Train|187/301 tox|[from] psn","|turn|5","|","|switch|p2a: McBiggleDiggles|Meloetta|403/403","|move|p1a: Zapz|Heat Wave|p2a: McBiggleDiggles","|-damage|p2a: McBiggleDiggles|306/403","|","|-heal|p1a: Zapz|292/384|[from] item: Leftovers","|turn|6","|","|move|p1a: Zapz|Heat Wave|p2a: McBiggleDiggles","|-damage|p2a: McBiggleDiggles|215/403","|move|p2a: McBiggleDiggles|Hyper Voice|p1a: Zapz","|-damage|p1a: Zapz|0 fnt","|faint|p1a: Zapz","|","|","|switch|p1a: MY ZONE!!!|Magnezone, shiny|343/343","|turn|7","|","|move|p2a: McBiggleDiggles|Hyper Voice|p1a: MY ZONE!!!","|-resisted|p1a: MY ZONE!!!","|-damage|p1a: MY ZONE!!!|193/343","|move|p1a: MY ZONE!!!|Signal Beam|p2a: McBiggleDiggles","|-supereffective|p2a: McBiggleDiggles","|-damage|p2a: McBiggleDiggles|0 fnt","|faint|p2a: McBiggleDiggles","|","|","|switch|p2a: Victini|Victini|341/341","|turn|8","|","|switch|p1a: Water-Safe|Rotom-Wash, shiny|58/303","|move|p2a: Victini|V-create|p1a: Water-Safe","|-resisted|p1a: Water-Safe","|-damage|p1a: Water-Safe|0 fnt","|-unboost|p2a: Victini|spe|1","|-unboost|p2a: Victini|def|1","|-unboost|p2a: Victini|spd|1","|faint|p1a: Water-Safe","|","|","|switch|p1a: Plugg-in Failure|Electivire, M, shiny|291/291","|turn|9","|","|switch|p2a: Soul Train|Latias, F|187/301 tox","|move|p1a: Plugg-in Failure|Earthquake|p2a: Soul Train","|-immune|p2a: Soul Train|[msg]","|","|-damage|p2a: Soul Train|169/301 tox|[from] psn","|turn|10","|","|switch|p1a: MY ZONE!!!|Magnezone, shiny|193/343","|move|p2a: Soul Train|Draco Meteor|p1a: MY ZONE!!!","|-resisted|p1a: MY ZONE!!!","|-damage|p1a: MY ZONE!!!|38/343","|-unboost|p2a: Soul Train|spa|2","|-damage|p2a: Soul Train|139/301 tox|[from] item: Life Orb","|","|-damage|p2a: Soul Train|103/301 tox|[from] psn","|turn|11","|","|move|p2a: Soul Train|Draco Meteor|p1a: MY ZONE!!!","|-resisted|p1a: MY ZONE!!!","|-damage|p1a: MY ZONE!!!|0 fnt","|-unboost|p2a: Soul Train|spa|2","|-damage|p2a: Soul Train|73/301 tox|[from] item: Life Orb","|faint|p1a: MY ZONE!!!","|","|-damage|p2a: Soul Train|19/301 tox|[from] psn","|","|switch|p1a: Plugg-in Failure|Electivire, M, shiny|291/291","|turn|12","|","|switch|p2a: BigPapaLongDong|Slowbro, F|393/393","|move|p1a: Plugg-in Failure|Rock Slide|p2a: BigPapaLongDong","|-crit|p2a: BigPapaLongDong","|-damage|p2a: BigPapaLongDong|300/393","|","|turn|13","|","|switch|p1a: Thundernor|Eelektross, M, shiny|374/374","|move|p2a: BigPapaLongDong|Scald|p1a: Thundernor","|-damage|p1a: Thundernor|266/374","|","|-heal|p1a: Thundernor|289/374|[from] item: Leftovers","|turn|14","|","|move|p1a: Thundernor|Coil|p1a: Thundernor","|-boost|p1a: Thundernor|atk|1","|-boost|p1a: Thundernor|def|1","|-boost|p1a: Thundernor|accuracy|1","|move|p2a: BigPapaLongDong|Scald|p1a: Thundernor","|-damage|p1a: Thundernor|184/374","|","|-heal|p1a: Thundernor|207/374|[from] item: Leftovers","|turn|15","|","|move|p1a: Thundernor|Knock Off|p2a: BigPapaLongDong","|-supereffective|p2a: BigPapaLongDong","|-damage|p2a: BigPapaLongDong|68/393","|-damage|p1a: Thundernor|145/374|[from] item: Rocky Helmet|[of] p2a: BigPapaLongDong","|-enditem|p2a: BigPapaLongDong|Rocky Helmet|[from] move: Knock Off|[of] p1a: Thundernor","|move|p2a: BigPapaLongDong|Scald|p1a: Thundernor","|-damage|p1a: Thundernor|36/374","|","|-heal|p1a: Thundernor|59/374|[from] item: Leftovers","|turn|16","|","|move|p1a: Thundernor|Drain Punch|p2a: BigPapaLongDong","|-resisted|p2a: BigPapaLongDong","|-damage|p2a: BigPapaLongDong|20/393","|-heal|p1a: Thundernor|83/374|[from] drain|[of] p2a: BigPapaLongDong","|move|p2a: BigPapaLongDong|Scald|p1a: Thundernor","|-damage|p1a: Thundernor|0 fnt","|faint|p1a: Thundernor","|","|","|switch|p1a: Plugg-in Failure|Electivire, M, shiny|291/291","|turn|17","|","|move|p1a: Plugg-in Failure|Rock Slide|p2a: BigPapaLongDong","|-damage|p2a: BigPapaLongDong|0 fnt","|faint|p2a: BigPapaLongDong","|","|","|switch|p2a: First Class|Metagross, shiny|363/363","|turn|18","|","|move|p1a: Plugg-in Failure|Rock Slide|p2a: First Class","|-resisted|p2a: First Class","|-damage|p2a: First Class|324/363","|move|p2a: First Class|Earthquake|p1a: Plugg-in Failure","|-supereffective|p1a: Plugg-in Failure","|-damage|p1a: Plugg-in Failure|0 fnt","|faint|p1a: Plugg-in Failure","|","|","|switch|p1a: Elec|Manectric, M|281/281","|turn|19","|","|detailschange|p1a: Elec|Manectric-Mega, M","|-mega|p1a: Elec|Manectric|Manectite","|-ability|p1a: Elec|Intimidate","|-fail|p2a: First Class|unboost|[from] ability: Clear Body|[of] p2a: First Class","|move|p1a: Elec|Thunderbolt|p2a: First Class","|-damage|p2a: First Class|210/363","|move|p2a: First Class|Earthquake|p1a: Elec","|-supereffective|p1a: Elec","|-damage|p1a: Elec|0 fnt","|faint|p1a: Elec","|","|win|Oh Fuck I"],"p1rating":{"entryid":"6857825","serverid":"eos","formatid":"monotype","userid":"gtxbzumzum","username":"GTX♅Bzumzum","w":"21","l":82,"t":"0","gxe":22.1,"r":"1265.6603548168","rd":"39.48717987662","sigma":"0","rptime":"1438678800","rpr":1261.82775394,"rprd":39.161575188117,"rpsigma":"0","acre":1023.5517339499,"lacre":1023.5517339499,"oldacre":"1041.7615584056"},"p2rating":{"entryid":7400734,"formatid":"monotype","userid":"ohfucki","username":"Oh Fuck I","r":1500,"rd":130,"sigma":0,"rpr":1518.3861001083,"rprd":124.47462219098,"rpsigma":0,"rptime":1438678800,"w":1,"l":0,"t":0,"gxe":52.3,"acre":1044.7849550699,"lacre":1044.7849550699,"oldacre":1000},"endType":"normal"}