{"seed":[49089,13461,29932,53269],"turns":37,"p1":"Sovereign♕Cactus","p2":"InfernalxCrown","p1team":[{"name":"Slowbro","species":"Slowbro","item":"rockyhelmet","ability":"Regenerator","moves":["toxic","slackoff","scald","icebeam"],"nature":"Bold","evs":{"hp":248,"atk":0,"def":252,"spa":8,"spd":0,"spe":0},"ivs":{"hp":31,"atk":31,"def":31,"spa":31,"spd":31,"spe":31}},{"name":"Alomomola","species":"Alomomola","item":"leftovers","ability":"Regenerator","moves":["scald","wish","toxic","protect"],"nature":"Bold","evs":{"hp":252,"atk":0,"def":252,"spa":0,"spd":4,"spe":0},"ivs":{"hp":31,"atk":31,"def":31,"spa":31,"spd":31,"spe":31}},{"name":"Keldeo","species":"Keldeo","item":"choicescarf","ability":"Justified","moves":["hydropump","secretsword","scald","hiddenpowerice"],"nature":"Timid","evs":{"hp":0,"atk":0,"def":0,"spa":252,"spd":4,"spe":252},"ivs":{"hp":31,"atk":30,"def":30,"spa":31,"spd":31,"spe":31}},{"name":"Empoleon","species":"Empoleon","item":"leftovers","ability":"Torrent","moves":["defog","stealthrock","scald","yawn"],"nature":"Bold","evs":{"hp":252,"atk":0,"def":252,"spa":0,"spd":4,"spe":0},"ivs":{"hp":31,"atk":31,"def":31,"spa":31,"spd":31,"spe":31}},{"name":"Manaphy","species":"Manaphy","item":"wacanberry","ability":"Hydration","moves":["tailglow","shadowball","surf"],"nature":"Timid","evs":{"hp":0,"atk":0,"def":0,"spa":252,"spd":4,"spe":252},"ivs":{"hp":31,"atk":31,"def":31,"spa":31,"spd":31,"spe":31}},{"name":"Gyarados","species":"Gyarados","item":"gyaradosite","ability":"Intimidate","moves":["dragondance","substitute","icefang","earthquake"],"nature":"Adamant","evs":{"hp":0,"atk":252,"def":0,"spa":0,"spd":4,"spe":252},"ivs":{"hp":31,"atk":31,"def":31,"spa":31,"spd":31,"spe":31}}],"p2team":[{"name":"Aegislash","species":"Aegislash","item":"weaknesspolicy","ability":"Stance Change","moves":["shadowball","shadowsneak","kingsshield","sacredsword"],"nature":"Brave","evs":{"hp":252,"atk":76,"def":0,"spa":176,"spd":4,"spe":0},"ivs":{"hp":31,"atk":31,"def":31,"spa":31,"spd":31,"spe":0},"shiny":true},{"name":"Sableye","species":"Sableye","item":"leftovers","ability":"Prankster","moves":["willowisp","recover","taunt","knockoff"],"nature":"Careful","evs":{"hp":252,"atk":0,"def":84,"spa":0,"spd":168,"spe":4},"ivs":{"hp":31,"atk":0,"def":31,"spa":31,"spd":31,"spe":31}},{"name":"Golurk","species":"Golurk","item":"focussash","ability":"No Guard","moves":["stealthrock","curse","dynamicpunch","stoneedge"],"nature":"Adamant","evs":{"hp":4,"atk":252,"def":0,"spa":0,"spd":0,"spe":252},"shiny":true,"ivs":{"hp":31,"atk":31,"def":31,"spa":31,"spd":31,"spe":31}},{"name":"Jellicent","species":"Jellicent","item":"leftovers","ability":"Cursed Body","moves":["acidarmor","toxic","recover","scald"],"nature":"Calm","evs":{"hp":252,"atk":0,"def":4,"spa":0,"spd":252,"spe":0},"gender":"M","ivs":{"hp":31,"atk":0,"def":31,"spa":31,"spd":31,"spe":31}},{"name":"Chandelure","species":"Chandelure","item":"choicescarf","ability":"Infiltrator","moves":["flamethrower","shadowball","energyball","trick"],"nature":"Timid","evs":{"hp":0,"atk":0,"def":4,"spa":252,"spd":0,"spe":252},"ivs":{"hp":31,"atk":0,"def":31,"spa":31,"spd":31,"spe":31},"shiny":true},{"name":"Gengar","species":"Gengar","item":"choicespecs","ability":"Levitate","moves":["dazzlinggleam","shadowball","thunderbolt","sludgewave"],"nature":"Timid","evs":{"hp":4,"atk":0,"def":0,"spa":252,"spd":0,"spe":252},"ivs":{"hp":31,"atk":0,"def":31,"spa":31,"spd":31,"spe":31}}],"log":["|player|p1|Sovereign♕Cactus|251","|player|p2|InfernalxCrown|infernalxcrown.png","|gametype|singles","|gen|6","|tier|Monotype","|rated","|rule|Baton Pass Clause: Limit one Baton Passer, can't pass Spe and other stats simultaneously","|rule|Swagger Clause: Swagger is banned","|rule|Same Type Clause: Pokémon in a team must share a type","|clearpoke","|poke|p1|Slowbro, F","|poke|p1|Alomomola, F","|poke|p1|Keldeo","|poke|p1|Empoleon, M","|poke|p1|Manaphy","|poke|p1|Gyarados, M","|poke|p2|Aegislash, M, shiny","|poke|p2|Sableye, M","|poke|p2|Golurk, shiny","|poke|p2|Jellicent, M","|poke|p2|Chandelure, F, shiny","|poke|p2|Gengar, F","|rule|Sleep Clause Mod: Limit one foe put to sleep","|rule|Species Clause: Limit one of each Pokémon","|rule|OHKO Clause: OHKO moves are banned","|rule|Moody Clause: Moody is banned","|rule|Evasion Moves Clause: Evasion moves are banned","|rule|Endless Battle Clause: Forcing endless battles is banned","|rule|HP Percentage Mod: HP is shown in percentages","|teampreview","|","|start","|switch|p1a: Empoleon|Empoleon, M|372/372","|switch|p2a: Sableye|Sableye, M|304/304","|turn|1","|","|move|p2a: Sableye|Taunt|p1a: Empoleon","|-start|p1a: Empoleon|move: Taunt","|move|p1a: Empoleon|Scald|p2a: Sableye","|-damage|p2a: Sableye|199/304","|","|-heal|p2a: Sableye|218/304|[from] item: Leftovers","|turn|2","|","|switch|p1a: Slowbro|Slowbro, F|393/393","|move|p2a: Sableye|Will-O-Wisp|p1a: Slowbro","|-status|p1a: Slowbro|brn","|","|-heal|p2a: Sableye|237/304|[from] item: Leftovers","|-damage|p1a: Slowbro|344/393 brn|[from] brn","|turn|3","|","|move|p2a: Sableye|Taunt|p1a: Slowbro","|-start|p1a: Slowbro|move: Taunt","|cant|p1a: Slowbro|move: Taunt|Toxic","|","|-heal|p2a: Sableye|256/304|[from] item: Leftovers","|-damage|p1a: Slowbro|295/393 brn|[from] brn","|turn|4","|","|switch|p1a: Gyarados|Gyarados, M|331/331","|-ability|p1a: Gyarados|Intimidate","|-unboost|p2a: Sableye|atk|1","|move|p2a: Sableye|Knock Off|p1a: Gyarados","|-damage|p1a: Gyarados|292/331","|","|-heal|p2a: Sableye|275/304|[from] item: Leftovers","|turn|5","|","|move|p2a: Sableye|Taunt|p1a: Gyarados","|-start|p1a: Gyarados|move: Taunt","|cant|p1a: Gyarados|move: Taunt|Substitute","|","|-heal|p2a: Sableye|294/304|[from] item: Leftovers","|turn|6","|","|detailschange|p1a: Gyarados|Gyarados-Mega, M","|-mega|p1a: Gyarados|Gyarados|Gyaradosite","|-ability|p1a: Gyarados|Mold Breaker","|move|p1a: Gyarados|Earthquake|p2a: Sableye","|-damage|p2a: Sableye|114/304","|move|p2a: Sableye|Knock Off|p1a: Gyarados","|-resisted|p1a: Gyarados","|-damage|p1a: Gyarados|277/331","|","|-heal|p2a: Sableye|133/304|[from] item: Leftovers","|turn|7","|","|move|p2a: Sableye|Will-O-Wisp|p1a: Gyarados","|-status|p1a: Gyarados|brn","|move|p1a: Gyarados|Earthquake|p2a: Sableye","|-damage|p2a: Sableye|52/304","|","|-heal|p2a: Sableye|71/304|[from] item: Leftovers","|-damage|p1a: Gyarados|236/331 brn|[from] brn","|-end|p1a: Gyarados|move: Taunt","|turn|8","|","|move|p2a: Sableye|Taunt|p1a: Gyarados","|-start|p1a: Gyarados|move: Taunt","|cant|p1a: Gyarados|move: Taunt|Substitute","|","|-heal|p2a: Sableye|90/304|[from] item: Leftovers","|-damage|p1a: Gyarados|195/331 brn|[from] brn","|turn|9","|","|switch|p1a: Keldeo|Keldeo|323/323","|move|p2a: Sableye|Recover|p2a: Sableye","|-heal|p2a: Sableye|242/304","|","|-heal|p2a: Sableye|261/304|[from] item: Leftovers","|turn|10","|","|switch|p2a: Jellicent|Jellicent, M|404/404","|move|p1a: Keldeo|Hydro Pump|p2a: Jellicent","|-resisted|p2a: Jellicent","|-damage|p2a: Jellicent|338/404","|","|-heal|p2a: Jellicent|363/404|[from] item: Leftovers","|turn|11","|","|switch|p1a: Slowbro|Slowbro, F|393/393 brn","|switch|p2a: Sableye|Sableye, M|261/304","|","|-heal|p2a: Sableye|280/304|[from] item: Leftovers","|-damage|p1a: Slowbro|344/393 brn|[from] brn","|turn|12","|","|switch|p1a: Gyarados|Gyarados-Mega, M|195/331 brn","|-ability|p1a: Gyarados|Mold Breaker","|move|p2a: Sableye|Taunt|p1a: Gyarados","|-start|p1a: Gyarados|move: Taunt","|","|-heal|p2a: Sableye|299/304|[from] item: Leftovers","|-damage|p1a: Gyarados|154/331 brn|[from] brn","|turn|13","|","|move|p1a: Gyarados|Ice Fang|p2a: Sableye","|-damage|p2a: Sableye|245/304","|move|p2a: Sableye|Knock Off|p1a: Gyarados","|-resisted|p1a: Gyarados","|-damage|p1a: Gyarados|129/331 brn","|","|-heal|p2a: Sableye|264/304|[from] item: Leftovers","|-damage|p1a: Gyarados|88/331 brn|[from] brn","|turn|14","|","|move|p1a: Gyarados|Earthquake|p2a: Sableye","|-damage|p2a: Sableye|173/304","|move|p2a: Sableye|Knock Off|p1a: Gyarados","|-crit|p1a: Gyarados","|-resisted|p1a: Gyarados","|-damage|p1a: Gyarados|51/331 brn","|","|-heal|p2a: Sableye|192/304|[from] item: Leftovers","|-damage|p1a: Gyarados|10/331 brn|[from] brn","|-end|p1a: Gyarados|move: Taunt","|turn|15","|","|move|p2a: Sableye|Recover|p2a: Sableye","|-heal|p2a: Sableye|304/304","|move|p1a: Gyarados|Earthquake|p2a: Sableye","|-damage|p2a: Sableye|219/304","|","|-heal|p2a: Sableye|238/304|[from] item: Leftovers","|-damage|p1a: Gyarados|0 fnt|[from] brn","|faint|p1a: Gyarados","|","|switch|p1a: Manaphy|Manaphy|341/341","|turn|16","|","|move|p2a: Sableye|Taunt|p1a: Manaphy","|-start|p1a: Manaphy|move: Taunt","|move|p1a: Manaphy|Surf|p2a: Sableye","|-damage|p2a: Sableye|111/304","|","|-heal|p2a: Sableye|130/304|[from] item: Leftovers","|turn|17","|","|move|p2a: Sableye|Recover|p2a: Sableye","|-heal|p2a: Sableye|282/304","|move|p1a: Manaphy|Surf|p2a: Sableye","|-damage|p2a: Sableye|143/304","|","|-heal|p2a: Sableye|162/304|[from] item: Leftovers","|turn|18","|","|switch|p2a: Aegislash|Aegislash, M, shiny|324/324","|move|p1a: Manaphy|Surf|p2a: Aegislash","|-damage|p2a: Aegislash|231/324","|","|-end|p1a: Manaphy|move: Taunt","|turn|19","|","|move|p1a: Manaphy|Tail Glow|p1a: Manaphy","|-boost|p1a: Manaphy|spa|3","|-formechange|p2a: Aegislash|Aegislash-Blade","|move|p2a: Aegislash|Shadow Ball|p1a: Manaphy","|-damage|p1a: Manaphy|196/341","|","|turn|20","|","|move|p1a: Manaphy|Shadow Ball|p2a: Aegislash","|-supereffective|p2a: Aegislash","|-damage|p2a: Aegislash|0 fnt","|faint|p2a: Aegislash","|","|","|switch|p2a: Gengar|Gengar, F|262/262","|turn|21","|","|move|p2a: Gengar|Thunderbolt|p1a: Manaphy","|-supereffective|p1a: Manaphy","|-enditem|p1a: Manaphy|Wacan Berry|[eat]","|-damage|p1a: Manaphy|49/341","|move|p1a: Manaphy|Surf|p2a: Gengar","|-damage|p2a: Gengar|0 fnt","|faint|p2a: Gengar","|","|","|switch|p2a: Chandelure|Chandelure, F, shiny|261/261","|turn|22","|","|move|p2a: Chandelure|Energy Ball|p1a: Manaphy","|-supereffective|p1a: Manaphy","|-damage|p1a: Manaphy|0 fnt","|faint|p1a: Manaphy","|","|","|switch|p1a: Empoleon|Empoleon, M|372/372","|turn|23","|","|move|p2a: Chandelure|Energy Ball|p1a: Empoleon","|-crit|p1a: Empoleon","|-damage|p1a: Empoleon|189/372","|move|p1a: Empoleon|Stealth Rock|p2a: Chandelure","|-sidestart|p2: InfernalxCrown|move: Stealth Rock","|","|-heal|p1a: Empoleon|212/372|[from] item: Leftovers","|turn|24","|","|move|p2a: Chandelure|Energy Ball|p1a: Empoleon","|-damage|p1a: Empoleon|100/372","|move|p1a: Empoleon|Scald|p2a: Chandelure","|-supereffective|p2a: Chandelure","|-damage|p2a: Chandelure|0 fnt","|faint|p2a: Chandelure","|","|-heal|p1a: Empoleon|123/372|[from] item: Leftovers","|","|switch|p2a: Golurk|Golurk, shiny|320/320","|-damage|p2a: Golurk|300/320|[from] Stealth Rock","|turn|25","|","|move|p2a: Golurk|Dynamic Punch|p1a: Empoleon","|-supereffective|p1a: Empoleon","|-damage|p1a: Empoleon|0 fnt","|faint|p1a: Empoleon","|","|","|switch|p1a: Alomomola|Alomomola, F|534/534","|turn|26","|","|move|p2a: Golurk|Curse|p1a: Alomomola","|-start|p1a: Alomomola|Curse|[of] p2a: Golurk","|-damage|p2a: Golurk|140/320","|move|p1a: Alomomola|Wish|p1a: Alomomola","|","|-damage|p1a: Alomomola|401/534|[from] Curse","|turn|27","|","|switch|p1a: Keldeo|Keldeo|323/323","|move|p2a: Golurk|Dynamic Punch|p1a: Keldeo","|-damage|p1a: Keldeo|176/323","|-start|p1a: Keldeo|confusion","|","|-heal|p1a: Keldeo|323/323|[from] move: Wish|[wisher] Alomomola","|turn|28","|","|switch|p2a: Jellicent|Jellicent, M|363/404","|-damage|p2a: Jellicent|313/404|[from] Stealth Rock","|-activate|p1a: Keldeo|confusion","|-damage|p1a: Keldeo|298/323|[from] confusion","|","|-heal|p2a: Jellicent|338/404|[from] item: Leftovers","|turn|29","|","|switch|p1a: Alomomola|Alomomola, F|534/534","|move|p2a: Jellicent|Toxic|p1a: Alomomola","|-status|p1a: Alomomola|tox","|","|-heal|p2a: Jellicent|363/404|[from] item: Leftovers","|-damage|p1a: Alomomola|501/534 tox|[from] psn","|turn|30","|","|move|p1a: Alomomola|Toxic|p2a: Jellicent","|-status|p2a: Jellicent|tox","|move|p2a: Jellicent|Acid Armor|p2a: Jellicent","|-boost|p2a: Jellicent|def|2","|","|-heal|p1a: Alomomola|534/534 tox|[from] item: Leftovers","|-heal|p2a: Jellicent|388/404 tox|[from] item: Leftovers","|-damage|p1a: Alomomola|468/534 tox|[from] psn","|-damage|p2a: Jellicent|363/404 tox|[from] psn","|turn|31","|","|move|p1a: Alomomola|Wish|p1a: Alomomola","|move|p2a: Jellicent|Scald|p1a: Alomomola","|-crit|p1a: Alomomola","|-resisted|p1a: Alomomola","|-damage|p1a: Alomomola|357/534 tox","|","|-heal|p1a: Alomomola|390/534 tox|[from] item: Leftovers","|-heal|p2a: Jellicent|388/404 tox|[from] item: Leftovers","|-damage|p1a: Alomomola|291/534 tox|[from] psn","|-damage|p2a: Jellicent|338/404 tox|[from] psn","|turn|32","|","|switch|p1a: Slowbro|Slowbro, F|393/393 brn","|switch|p2a: Sableye|Sableye, M|162/304","|-damage|p2a: Sableye|124/304|[from] Stealth Rock","|","|-heal|p2a: Sableye|143/304|[from] item: Leftovers","|-damage|p1a: Slowbro|344/393 brn|[from] brn","|turn|33","|","|move|p2a: Sableye|Taunt|p1a: Slowbro","|-start|p1a: Slowbro|move: Taunt","|move|p1a: Slowbro|Scald|p2a: Sableye","|-damage|p2a: Sableye|52/304","|-status|p2a: Sableye|brn","|","|-heal|p2a: Sableye|71/304 brn|[from] item: Leftovers","|-damage|p2a: Sableye|33/304 brn|[from] brn","|-damage|p1a: Slowbro|295/393 brn|[from] brn","|turn|34","|","|move|p2a: Sableye|Recover|p2a: Sableye","|-heal|p2a: Sableye|185/304 brn","|move|p1a: Slowbro|Scald|p2a: Sableye","|-damage|p2a: Sableye|94/304 brn","|","|-heal|p2a: Sableye|113/304 brn|[from] item: Leftovers","|-damage|p2a: Sableye|75/304 brn|[from] brn","|-damage|p1a: Slowbro|246/393 brn|[from] brn","|turn|35","|","|move|p2a: Sableye|Taunt|p1a: Slowbro","|-fail|p1a: Slowbro","|move|p1a: Slowbro|Scald|p2a: Sableye","|-damage|p2a: Sableye|0 fnt","|faint|p2a: Sableye","|","|-damage|p1a: Slowbro|197/393 brn|[from] brn","|-end|p1a: Slowbro|move: Taunt","|","|switch|p2a: Golurk|Golurk, shiny|140/320","|-damage|p2a: Golurk|120/320|[from] Stealth Rock","|turn|36","|","|move|p2a: Golurk|Stone Edge|p1a: Slowbro","|-damage|p1a: Slowbro|118/393 brn","|move|p1a: Slowbro|Scald|p2a: Golurk","|-supereffective|p2a: Golurk","|-damage|p2a: Golurk|0 fnt","|faint|p2a: Golurk","|","|-damage|p1a: Slowbro|69/393 brn|[from] brn","|","|switch|p2a: Jellicent|Jellicent, M|338/404 tox","|-damage|p2a: Jellicent|288/404 tox|[from] Stealth Rock","|turn|37","|","|win|Sovereign♕Cactus"],"p1rating":{"entryid":"6867552","serverid":"eos","formatid":"monotype","userid":"sovereigncactus","username":"Sovereign♕Cactus","w":84,"l":"93","t":"0","gxe":47.3,"r":"1477.6967967484","rd":"27.962104385794","sigma":"0","rptime":"1438678800","rpr":1479.5837297568,"rprd":27.476788113243,"rpsigma":"0","acre":1191.092607519,"lacre":1191.092607519,"oldacre":"1166.0794571677"},"p2rating":{"entryid":"5724468","serverid":"eos","formatid":"monotype","userid":"infernalxcrown","username":"InfernalxCrown","w":"75","l":70,"t":"0","gxe":53.2,"r":"1534.1648545692","rd":"40.276670449758","sigma":"0","rptime":"1438678800","rpr":1523.9519393521,"rprd":39.76019591906,"rpsigma":"0","acre":1141.2490628331,"lacre":1141.2490628331,"oldacre":"1166.2622131844"},"endType":"forfeit"}