{"seed":[21006,1478,12519,39459],"turns":25,"p1":"DownSyndromeDMOC","p2":"IV HairyChild","p1team":[{"name":"Kiwi","species":"gardevoir","item":"gardevoirite","ability":"Trace","moves":["hypervoice","psyshock","focusblast","calmmind"],"nature":"Timid","evs":{"hp":0,"atk":4,"def":0,"spa":252,"spd":0,"spe":252},"shiny":true,"ivs":{"hp":31,"atk":31,"def":31,"spa":31,"spd":31,"spe":31}},{"name":"Victini","species":"Victini","item":"choicescarf","ability":"Victory Star","moves":["vcreate","uturn","boltstrike","trick"],"nature":"Jolly","evs":{"hp":0,"atk":252,"def":0,"spa":0,"spd":4,"spe":252},"ivs":{"hp":31,"atk":31,"def":31,"spa":31,"spd":31,"spe":31}},{"name":"Soul Train","species":"latias","item":"lifeorb","ability":"Levitate","moves":["dracometeor","psyshock","defog","healingwish"],"nature":"Timid","evs":{"hp":0,"atk":0,"def":0,"spa":252,"spd":4,"spe":252},"ivs":{"hp":31,"atk":31,"def":31,"spa":31,"spd":31,"spe":31}},{"name":"First Class","species":"metagross","item":"assaultvest","ability":"Clear Body","moves":["meteormash","bulletpunch","zenheadbutt","earthquake"],"nature":"Adamant","evs":{"hp":248,"atk":252,"def":0,"spa":0,"spd":8,"spe":0},"shiny":true,"ivs":{"hp":31,"atk":31,"def":31,"spa":31,"spd":31,"spe":31}},{"name":"BigPapaLongDong","species":"slowbro","item":"rockyhelmet","ability":"Regenerator","moves":["scald","thunderwave","icebeam","slackoff"],"nature":"Bold","evs":{"hp":248,"atk":0,"def":252,"spa":8,"spd":0,"spe":0},"ivs":{"hp":31,"atk":31,"def":31,"spa":31,"spd":31,"spe":31}},{"name":"McBiggleDiggles","species":"meloetta","item":"choicespecs","ability":"Serene Grace","moves":["shadowball","hypervoice","dazzlinggleam","psyshock"],"nature":"Modest","evs":{"hp":248,"atk":0,"def":0,"spa":252,"spd":8,"spe":0},"ivs":{"hp":31,"atk":31,"def":31,"spa":31,"spd":31,"spe":31}}],"p2team":[{"name":"Cancer bulk","species":"chansey","item":"eviolite","ability":"Natural Cure","moves":["toxic","stealthrock","wish","seismictoss"],"nature":"Bold","evs":{"hp":128,"atk":0,"def":252,"spa":0,"spd":128,"spe":0},"ivs":{"hp":31,"atk":31,"def":31,"spa":31,"spd":31,"spe":31}},{"name":"Pepto-Bismol","species":"lopunny","item":"lopunnite","ability":"Limber","moves":["highjumpkick","substitute","poweruppunch","return"],"nature":"Jolly","evs":{"hp":0,"atk":252,"def":0,"spa":0,"spd":4,"spe":252},"shiny":true,"ivs":{"hp":31,"atk":31,"def":31,"spa":31,"spd":31,"spe":31}},{"name":"Hurricane","species":"staraptor","item":"leftovers","ability":"Intimidate","moves":["bravebird","featherdance","roost","defog"],"nature":"Impish","evs":{"hp":252,"atk":0,"def":176,"spa":0,"spd":80,"spe":0},"ivs":{"hp":31,"atk":31,"def":31,"spa":31,"spd":31,"spe":31}},{"name":"Meloetta","species":"Meloetta","item":"choicespecs","ability":"Serene Grace","moves":["psychic","focusblast","thunderbolt","shadowball"],"nature":"Modest","evs":{"hp":8,"atk":0,"def":0,"spa":252,"spd":8,"spe":240},"ivs":{"hp":31,"atk":31,"def":31,"spa":31,"spd":31,"spe":31}},{"name":"Ditto","species":"Ditto","item":"choicescarf","ability":"Imposter","moves":["transform"],"nature":"Bold","evs":{"hp":248,"atk":0,"def":252,"spa":0,"spd":8,"spe":0},"ivs":{"hp":31,"atk":31,"def":31,"spa":31,"spd":31,"spe":31}},{"name":"Chocolate Milk","species":"diggersby","item":"lifeorb","ability":"Huge Power","moves":["return","earthquake","quickattack","swordsdance"],"nature":"Jolly","evs":{"hp":0,"atk":252,"def":4,"spa":0,"spd":0,"spe":252},"shiny":true,"ivs":{"hp":31,"atk":31,"def":31,"spa":31,"spd":31,"spe":31}}],"log":["|player|p1|DownSyndromeDMOC|1","|player|p2|IV HairyChild|293","|gametype|singles","|gen|6","|tier|Monotype","|rated","|rule|Baton Pass Clause: Limit one Baton Passer, can't pass Spe and other stats simultaneously","|rule|Swagger Clause: Swagger is banned","|rule|Same Type Clause: Pokémon in a team must share a type","|clearpoke","|poke|p1|Gardevoir, M, shiny","|poke|p1|Victini","|poke|p1|Latias, F","|poke|p1|Metagross, shiny","|poke|p1|Slowbro, F","|poke|p1|Meloetta","|poke|p2|Chansey, F","|poke|p2|Lopunny, F, shiny","|poke|p2|Staraptor, M","|poke|p2|Meloetta","|poke|p2|Ditto","|poke|p2|Diggersby, F, shiny","|rule|Sleep Clause Mod: Limit one foe put to sleep","|rule|Species Clause: Limit one of each Pokémon","|rule|OHKO Clause: OHKO moves are banned","|rule|Moody Clause: Moody is banned","|rule|Evasion Moves Clause: Evasion moves are banned","|rule|Endless Battle Clause: Forcing endless battles is banned","|rule|HP Percentage Mod: HP is shown in percentages","|teampreview","|","|start","|switch|p1a: First Class|Metagross, shiny|363/363","|switch|p2a: Cancer bulk|Chansey, F|673/673","|turn|1","|","|switch|p1a: Kiwi|Gardevoir, M, shiny|277/277","|-ability|p1a: Kiwi|Natural Cure|[from] ability: Trace|[of] p2a: Cancer bulk","|move|p2a: Cancer bulk|Stealth Rock|p1a: Kiwi","|-sidestart|p1: DownSyndromeDMOC|move: Stealth Rock","|","|turn|2","|","|move|p1a: Kiwi|Psyshock|p2a: Cancer bulk","|-damage|p2a: Cancer bulk|504/673","|move|p2a: Cancer bulk|Toxic|p1a: Kiwi","|-status|p1a: Kiwi|tox","|","|-damage|p1a: Kiwi|260/277 tox|[from] psn","|turn|3","|","|switch|p1a: First Class|Metagross, shiny|363/363","|-damage|p1a: First Class|341/363|[from] Stealth Rock","|move|p2a: Cancer bulk|Toxic|p1a: First Class","|-immune|p1a: First Class|[msg]","|","|turn|4","|","|move|p1a: First Class|Meteor Mash|p2a: Cancer bulk","|-damage|p2a: Cancer bulk|246/673","|-boost|p1a: First Class|atk|1","|move|p2a: Cancer bulk|Wish|p2a: Cancer bulk","|","|turn|5","|","|switch|p2a: Ditto|Ditto|299/299","|-transform|p2a: Ditto|p1a: First Class","|move|p1a: First Class|Meteor Mash|p2a: Ditto","|-resisted|p2a: Ditto","|-damage|p2a: Ditto|185/299","|-boost|p1a: First Class|atk|1","|","|-heal|p2a: Ditto|299/299|[from] move: Wish|[wisher] Cancer bulk","|turn|6","|","|switch|p1a: BigPapaLongDong|Slowbro, F|393/393","|-damage|p1a: BigPapaLongDong|344/393|[from] Stealth Rock","|move|p2a: Ditto|Meteor Mash|p1a: BigPapaLongDong","|-resisted|p1a: BigPapaLongDong","|-damage|p1a: BigPapaLongDong|250/393","|-damage|p2a: Ditto|250/299|[from] item: Rocky Helmet|[of] p1a: BigPapaLongDong","|","|turn|7","|","|switch|p2a: Cancer bulk|Chansey, F|246/673","|switch|p1a: First Class|Metagross, shiny|341/363","|-damage|p1a: First Class|319/363|[from] Stealth Rock","|","|turn|8","|","|move|p1a: First Class|Meteor Mash|p2a: Cancer bulk","|-damage|p2a: Cancer bulk|26/673","|move|p2a: Cancer bulk|Wish|p2a: Cancer bulk","|","|turn|9","|","|switch|p2a: Chocolate Milk|Diggersby, F, shiny|311/311","|move|p1a: First Class|Meteor Mash|p2a: Chocolate Milk","|-damage|p2a: Chocolate Milk|98/311","|","|-heal|p2a: Chocolate Milk|311/311|[from] move: Wish|[wisher] Cancer bulk","|turn|10","|","|switch|p1a: BigPapaLongDong|Slowbro, F|381/393","|-damage|p1a: BigPapaLongDong|332/393|[from] Stealth Rock","|move|p2a: Chocolate Milk|Swords Dance|p2a: Chocolate Milk","|-boost|p2a: Chocolate Milk|atk|2","|","|turn|11","|","|move|p2a: Chocolate Milk|Return|p1a: BigPapaLongDong","|-damage|p1a: BigPapaLongDong|0 fnt","|-damage|p2a: Chocolate Milk|260/311|[from] item: Rocky Helmet|[of] p1a: BigPapaLongDong","|-damage|p2a: Chocolate Milk|229/311|[from] item: Life Orb","|faint|p1a: BigPapaLongDong","|","|","|switch|p1a: Soul Train|Latias, F|301/301","|-damage|p1a: Soul Train|264/301|[from] Stealth Rock","|turn|12","|","|move|p2a: Chocolate Milk|Quick Attack|p1a: Soul Train","|-damage|p1a: Soul Train|26/301","|-damage|p2a: Chocolate Milk|198/311|[from] item: Life Orb","|move|p1a: Soul Train|Draco Meteor|p2a: Chocolate Milk","|-damage|p2a: Chocolate Milk|0 fnt","|-unboost|p1a: Soul Train|spa|2","|-damage|p1a: Soul Train|0 fnt|[from] item: Life Orb","|faint|p2a: Chocolate Milk","|faint|p1a: Soul Train","|","|","|switch|p2a: Pepto-Bismol|Lopunny, F, shiny|271/271","|switch|p1a: Victini|Victini|341/341","|-damage|p1a: Victini|256/341|[from] Stealth Rock","|turn|13","|","|switch|p2a: Cancer bulk|Chansey, F|26/673","|move|p1a: Victini|V-create|p2a: Cancer bulk","|-damage|p2a: Cancer bulk|0 fnt","|-unboost|p1a: Victini|spe|1","|-unboost|p1a: Victini|def|1","|-unboost|p1a: Victini|spd|1","|faint|p2a: Cancer bulk","|","|","|switch|p2a: Hurricane|Staraptor, M|374/374","|-ability|p2a: Hurricane|Intimidate","|-unboost|p1a: Victini|atk|1","|turn|14","|","|switch|p1a: First Class|Metagross, shiny|319/363","|-damage|p1a: First Class|297/363|[from] Stealth Rock","|move|p2a: Hurricane|Brave Bird|p1a: First Class","|-resisted|p1a: First Class","|-damage|p1a: First Class|233/363","|-damage|p2a: Hurricane|353/374|[from] recoil|[of] p1a: First Class","|","|-heal|p2a: Hurricane|374/374|[from] item: Leftovers","|turn|15","|","|move|p2a: Hurricane|Feather Dance|p1a: First Class","|-fail|p1a: First Class|unboost|[from] ability: Clear Body|[of] p1a: First Class","|-fail|p1a: First Class","|move|p1a: First Class|Meteor Mash|p2a: Hurricane","|-damage|p2a: Hurricane|191/374","|","|-heal|p2a: Hurricane|214/374|[from] item: Leftovers","|turn|16","|","|move|p2a: Hurricane|Brave Bird|p1a: First Class","|-resisted|p1a: First Class","|-damage|p1a: First Class|167/363","|-damage|p2a: Hurricane|192/374|[from] recoil|[of] p1a: First Class","|move|p1a: First Class|Earthquake|p2a: Hurricane","|-immune|p2a: Hurricane|[msg]","|","|-heal|p2a: Hurricane|215/374|[from] item: Leftovers","|turn|17","|","|move|p2a: Hurricane|Roost|p2a: Hurricane","|-heal|p2a: Hurricane|374/374","|move|p1a: First Class|Meteor Mash|p2a: Hurricane","|-damage|p2a: Hurricane|205/374","|-boost|p1a: First Class|atk|1","|","|-heal|p2a: Hurricane|228/374|[from] item: Leftovers","|turn|18","|","|move|p2a: Hurricane|Roost|p2a: Hurricane","|-heal|p2a: Hurricane|374/374","|move|p1a: First Class|Meteor Mash|p2a: Hurricane","|-damage|p2a: Hurricane|106/374","|-boost|p1a: First Class|atk|1","|","|-heal|p2a: Hurricane|129/374|[from] item: Leftovers","|turn|19","|","|move|p1a: First Class|Bullet Punch|p2a: Hurricane","|-damage|p2a: Hurricane|0 fnt","|faint|p2a: Hurricane","|","|","|switch|p2a: Ditto|Ditto|250/299","|-transform|p2a: Ditto|p1a: First Class","|turn|20","|","|switch|p1a: Kiwi|Gardevoir, M, shiny|260/277","|-damage|p1a: Kiwi|226/277|[from] Stealth Rock","|-ability|p1a: Kiwi|Clear Body|[from] ability: Trace|[of] p2a: Ditto","|move|p2a: Ditto|Earthquake|p1a: Kiwi","|-damage|p1a: Kiwi|0 fnt","|faint|p1a: Kiwi","|","|","|switch|p1a: Victini|Victini|256/341","|-damage|p1a: Victini|171/341|[from] Stealth Rock","|turn|21","|","|move|p1a: Victini|V-create|p2a: Ditto","|-supereffective|p2a: Ditto","|-damage|p2a: Ditto|0 fnt","|-unboost|p1a: Victini|spe|1","|-unboost|p1a: Victini|def|1","|-unboost|p1a: Victini|spd|1","|faint|p2a: Ditto","|","|","|switch|p2a: Meloetta|Meloetta|343/343","|turn|22","|","|switch|p1a: McBiggleDiggles|Meloetta|403/403","|-damage|p1a: McBiggleDiggles|353/403|[from] Stealth Rock","|move|p2a: Meloetta|Shadow Ball|p1a: McBiggleDiggles","|-immune|p1a: McBiggleDiggles|[msg]","|","|turn|23","|","|move|p2a: Meloetta|Shadow Ball|p1a: McBiggleDiggles","|-immune|p1a: McBiggleDiggles|[msg]","|move|p1a: McBiggleDiggles|Hyper Voice|p2a: Meloetta","|-damage|p2a: Meloetta|127/343","|","|turn|24","|","|move|p2a: Meloetta|Shadow Ball|p1a: McBiggleDiggles","|-immune|p1a: McBiggleDiggles|[msg]","|move|p1a: McBiggleDiggles|Hyper Voice|p2a: Meloetta","|-damage|p2a: Meloetta|0 fnt","|faint|p2a: Meloetta","|","|","|switch|p2a: Pepto-Bismol|Lopunny, F, shiny|271/271","|turn|25","|","|detailschange|p2a: Pepto-Bismol|Lopunny-Mega, F, shiny","|-mega|p2a: Pepto-Bismol|Lopunny|Lopunnite","|move|p2a: Pepto-Bismol|Substitute|p2a: Pepto-Bismol","|-start|p2a: Pepto-Bismol|Substitute","|-damage|p2a: Pepto-Bismol|204/271","|move|p1a: McBiggleDiggles|Hyper Voice|p2a: Pepto-Bismol","|-damage|p2a: Pepto-Bismol|0 fnt","|faint|p2a: Pepto-Bismol","|","|win|DownSyndromeDMOC"],"p1rating":{"entryid":"7212085","serverid":"eos","formatid":"monotype","userid":"downsyndromedmoc","username":"DownSyndromeDMOC","w":8,"l":"1","t":"0","gxe":67.5,"r":"1570.8388632309","rd":"118.42084550315","sigma":"0","rptime":"1438678800","rpr":1641.9409643012,"rprd":91.228679220678,"rpsigma":"0","acre":1180.2336654908,"lacre":1180.2336654908,"oldacre":"1166.3665469296"},"p2rating":{"entryid":7396689,"formatid":"monotype","userid":"ivhairychild","username":"IV HairyChild","r":1500,"rd":130,"sigma":0,"rpr":1466.9624083041,"rprd":122.93106832237,"rpsigma":0,"rptime":1438678800,"w":0,"l":1,"t":0,"gxe":45.9,"acre":1000,"lacre":1000,"oldacre":1000},"endType":"normal"}