{"seed":[75,62827,43679,940],"turns":67,"p1":"Twizz","p2":"IV Chrono","p1team":[{"name":"Magnezone","species":"Magnezone","item":"leftovers","ability":"Sturdy","moves":["flashcannon","thunderbolt","protect","hiddenpowerice"],"nature":"Modest","evs":{"hp":76,"atk":0,"def":180,"spa":252,"spd":0,"spe":0},"ivs":{"hp":31,"atk":30,"def":30,"spa":31,"spd":31,"spe":31}},{"name":"Zapdos","species":"Zapdos","item":"leftovers","ability":"Pressure","moves":["discharge","heatwave","toxic","roost"],"nature":"Bold","evs":{"hp":4,"atk":0,"def":252,"spa":0,"spd":252,"spe":0},"ivs":{"hp":31,"atk":31,"def":31,"spa":31,"spd":31,"spe":31}},{"name":"Ampharos","species":"Ampharos","item":"ampharosite","ability":"Static","moves":["cottonguard","rest","sleeptalk","dragonpulse"],"nature":"Bold","evs":{"hp":0,"atk":0,"def":252,"spa":136,"spd":120,"spe":0},"ivs":{"hp":31,"atk":31,"def":31,"spa":31,"spd":31,"spe":31}},{"name":"Raikou","species":"Raikou","item":"leftovers","ability":"Pressure","moves":["calmmind","substitute","thunderbolt","extrasensory"],"nature":"Timid","evs":{"hp":0,"atk":0,"def":0,"spa":252,"spd":4,"spe":252},"ivs":{"hp":31,"atk":31,"def":31,"spa":31,"spd":31,"spe":31}},{"name":"Rotom-Wash","species":"Rotom-Wash","item":"choicescarf","ability":"Levitate","moves":["voltswitch","hydropump","willowisp","trick"],"nature":"Timid","evs":{"hp":0,"atk":0,"def":0,"spa":252,"spd":4,"spe":252},"ivs":{"hp":31,"atk":31,"def":31,"spa":31,"spd":31,"spe":31}},{"name":"Condom","species":"eelektross","item":"assaultvest","ability":"Levitate","moves":["gigadrain","thunderbolt","drainpunch","knockoff"],"nature":"Quiet","evs":{"hp":3,"atk":136,"def":0,"spa":108,"spd":252,"spe":0},"ivs":{"hp":31,"atk":31,"def":31,"spa":31,"spd":31,"spe":31}}],"p2team":[{"name":"Traitor","species":"sableye","item":"sablenite","ability":"Prankster","moves":["knockoff","foulplay","recover","willowisp"],"nature":"Impish","evs":{"hp":252,"atk":4,"def":252,"spa":0,"spd":0,"spe":0},"ivs":{"hp":31,"atk":31,"def":31,"spa":31,"spd":31,"spe":31}},{"name":"Rebel","species":"umbreon","item":"leftovers","ability":"Synchronize","moves":["protect","wish","healbell","foulplay"],"nature":"Calm","evs":{"hp":252,"atk":0,"def":64,"spa":0,"spd":192,"spe":0},"ivs":{"hp":31,"atk":31,"def":31,"spa":31,"spd":31,"spe":31}},{"name":"Fugitive","species":"mandibuzz","item":"rockyhelmet","ability":"Overcoat","moves":["roost","toxic","foulplay","defog"],"nature":"Impish","evs":{"hp":252,"atk":0,"def":252,"spa":0,"spd":4,"spe":0},"ivs":{"hp":31,"atk":31,"def":31,"spa":31,"spd":31,"spe":31}},{"name":"Defector","species":"tyranitar","item":"assaultvest","ability":"Sand Stream","moves":["stoneedge","earthquake","fireblast","icebeam"],"nature":"Sassy","evs":{"hp":192,"atk":0,"def":0,"spa":64,"spd":252,"spe":0},"ivs":{"hp":31,"atk":31,"def":31,"spa":31,"spd":31,"spe":31}},{"name":"Turncoat","species":"bisharp","item":"focussash","ability":"Defiant","moves":["swordsdance","suckerpunch","knockoff","ironhead"],"nature":"Adamant","evs":{"hp":4,"atk":252,"def":0,"spa":0,"spd":0,"spe":252},"ivs":{"hp":31,"atk":31,"def":31,"spa":31,"spd":31,"spe":31}},{"name":"Renegade","species":"murkrow","item":"eviolite","ability":"Prankster","moves":["meanlook","perishsong","featherdance","roost"],"nature":"Impish","evs":{"hp":252,"atk":0,"def":252,"spa":0,"spd":4,"spe":0},"ivs":{"hp":31,"atk":31,"def":31,"spa":31,"spd":31,"spe":31}}],"log":["|player|p1|Twizz|122","|player|p2|IV Chrono|ivchrono.png","|gametype|singles","|gen|6","|tier|Monotype","|rated","|rule|Baton Pass Clause: Limit one Baton Passer, can't pass Spe and other stats simultaneously","|rule|Swagger Clause: Swagger is banned","|rule|Same Type Clause: Pokémon in a team must share a type","|clearpoke","|poke|p1|Magnezone","|poke|p1|Zapdos","|poke|p1|Ampharos, M","|poke|p1|Raikou","|poke|p1|Rotom-Wash","|poke|p1|Eelektross, M","|poke|p2|Sableye, F","|poke|p2|Umbreon, F","|poke|p2|Mandibuzz, F","|poke|p2|Tyranitar, F","|poke|p2|Bisharp, M","|poke|p2|Murkrow, F","|rule|Sleep Clause Mod: Limit one foe put to sleep","|rule|Species Clause: Limit one of each Pokémon","|rule|OHKO Clause: OHKO moves are banned","|rule|Moody Clause: Moody is banned","|rule|Evasion Moves Clause: Evasion moves are banned","|rule|Endless Battle Clause: Forcing endless battles is banned","|rule|HP Percentage Mod: HP is shown in percentages","|teampreview","|","|start","|switch|p1a: Rotom-Wash|Rotom-Wash|241/241","|switch|p2a: Traitor|Sableye, F|304/304","|turn|1","|","|detailschange|p2a: Traitor|Sableye-Mega, F","|-mega|p2a: Traitor|Sableye|Sablenite","|move|p1a: Rotom-Wash|Volt Switch|p2a: Traitor","|-damage|p2a: Traitor|210/304","|","|switch|p1a: Raikou|Raikou|321/321","|-ability|p1a: Raikou|Pressure","|move|p2a: Traitor|Knock Off|p1a: Raikou","|-damage|p1a: Raikou|201/321","|-enditem|p1a: Raikou|Leftovers|[from] move: Knock Off|[of] p2a: Traitor","|","|turn|2","|","|move|p1a: Raikou|Substitute|p1a: Raikou","|-start|p1a: Raikou|Substitute","|-damage|p1a: Raikou|121/321","|move|p2a: Traitor|Recover|p2a: Traitor","|-heal|p2a: Traitor|304/304","|","|turn|3","|","|switch|p2a: Defector|Tyranitar, F|389/389","|-weather|Sandstorm","|move|p1a: Raikou|Calm Mind|p1a: Raikou","|-boost|p1a: Raikou|spa|1","|-boost|p1a: Raikou|spd|1","|","|-weather|Sandstorm|[upkeep]","|-damage|p1a: Raikou|101/321|[from] sandstorm","|turn|4","|","|move|p1a: Raikou|Thunderbolt|p2a: Defector","|-damage|p2a: Defector|314/389","|move|p2a: Defector|Earthquake|p1a: Raikou","|-supereffective|p1a: Raikou","|-end|p1a: Raikou|Substitute","|","|-weather|Sandstorm|[upkeep]","|-damage|p1a: Raikou|81/321|[from] sandstorm","|turn|5","|","|switch|p1a: Rotom-Wash|Rotom-Wash|241/241","|move|p2a: Defector|Stone Edge|p1a: Rotom-Wash","|-damage|p1a: Rotom-Wash|91/241","|","|-weather|Sandstorm|[upkeep]","|-damage|p1a: Rotom-Wash|76/241|[from] sandstorm","|turn|6","|","|move|p1a: Rotom-Wash|Volt Switch|p2a: Defector","|-damage|p2a: Defector|278/389","|","|switch|p1a: Magnezone|Magnezone|300/300","|move|p2a: Defector|Stone Edge|p1a: Magnezone","|-crit|p1a: Magnezone","|-resisted|p1a: Magnezone","|-damage|p1a: Magnezone|208/300","|","|-weather|Sandstorm|[upkeep]","|-heal|p1a: Magnezone|226/300|[from] item: Leftovers","|turn|7","|","|move|p1a: Magnezone|Protect|p1a: Magnezone","|-singleturn|p1a: Magnezone|Protect","|move|p2a: Defector|Earthquake|p1a: Magnezone","|-activate|p1a: Magnezone|Protect","|","|-weather|none","|-heal|p1a: Magnezone|244/300|[from] item: Leftovers","|turn|8","|","|switch|p2a: Rebel|Umbreon, F|394/394","|move|p1a: Magnezone|Flash Cannon|p2a: Rebel","|-damage|p2a: Rebel|289/394","|","|-heal|p2a: Rebel|313/394|[from] item: Leftovers","|-heal|p1a: Magnezone|262/300|[from] item: Leftovers","|turn|9","|","|switch|p1a: Rotom-Wash|Rotom-Wash|76/241","|move|p2a: Rebel|Wish|p2a: Rebel","|","|-heal|p2a: Rebel|337/394|[from] item: Leftovers","|turn|10","|","|switch|p2a: Traitor|Sableye-Mega, F|304/304","|move|p1a: Rotom-Wash|Trick|p2a: Traitor","|-fail|p2a: Traitor","|","|turn|11","|","|switch|p1a: Ampharos|Ampharos, M|321/321","|move|p2a: Traitor|Knock Off|p1a: Ampharos","|-damage|p1a: Ampharos|263/321","|","|turn|12","|","|switch|p2a: Rebel|Umbreon, F|337/394","|detailschange|p1a: Ampharos|Ampharos-Mega, M","|-mega|p1a: Ampharos|Ampharos|Ampharosite","|-ability|p1a: Ampharos|Mold Breaker","|move|p1a: Ampharos|Cotton Guard|p1a: Ampharos","|-boost|p1a: Ampharos|def|3","|","|-heal|p2a: Rebel|361/394|[from] item: Leftovers","|turn|13","|","|move|p2a: Rebel|Wish|p2a: Rebel","|move|p1a: Ampharos|Dragon Pulse|p2a: Rebel","|-damage|p2a: Rebel|256/394","|","|-heal|p2a: Rebel|280/394|[from] item: Leftovers","|turn|14","|","|switch|p2a: Renegade|Murkrow, F|324/324","|move|p1a: Ampharos|Dragon Pulse|p2a: Renegade","|-damage|p2a: Renegade|117/324","|","|-heal|p2a: Renegade|314/324|[from] move: Wish|[wisher] Rebel","|turn|15","|","|move|p2a: Renegade|Perish Song|p2a: Renegade","|-start|p1a: Ampharos|perish3|[silent]","|-start|p2a: Renegade|perish3|[silent]","|-fieldactivate|move: Perish Song","|move|p1a: Ampharos|Dragon Pulse|p2a: Renegade","|-damage|p2a: Renegade|100/324","|","|-start|p2a: Renegade|perish3","|-start|p1a: Ampharos|perish3","|turn|16","|","|switch|p1a: Rotom-Wash|Rotom-Wash|76/241","|move|p2a: Renegade|Mean Look|p1a: Rotom-Wash","|-activate|p1a: Rotom-Wash|trapped","|","|-start|p2a: Renegade|perish2","|turn|17","|","|move|p2a: Renegade|Perish Song|p2a: Renegade","|-start|p1a: Rotom-Wash|perish3|[silent]","|-fieldactivate|move: Perish Song","|move|p1a: Rotom-Wash|Volt Switch|p2a: Renegade","|-supereffective|p2a: Renegade","|-damage|p2a: Renegade|0 fnt","|faint|p2a: Renegade","|","|switch|p1a: Ampharos|Ampharos-Mega, M|263/321","|-ability|p1a: Ampharos|Mold Breaker","|","|","|switch|p2a: Defector|Tyranitar, F|278/389","|-weather|Sandstorm","|turn|18","|","|switch|p1a: Rotom-Wash|Rotom-Wash|76/241","|move|p2a: Defector|Earthquake|p1a: Rotom-Wash","|-immune|p1a: Rotom-Wash|[msg]","|","|-weather|Sandstorm|[upkeep]","|-damage|p1a: Rotom-Wash|61/241|[from] sandstorm","|turn|19","|","|switch|p2a: Traitor|Sableye-Mega, F|304/304","|move|p1a: Rotom-Wash|Will-O-Wisp|p2a: Traitor","|move|p2a: Traitor|Will-O-Wisp|p1a: Rotom-Wash|[from]Magic Bounce","|-status|p1a: Rotom-Wash|brn","|","|-weather|Sandstorm|[upkeep]","|-damage|p1a: Rotom-Wash|46/241 brn|[from] sandstorm","|-damage|p2a: Traitor|285/304|[from] sandstorm","|-damage|p1a: Rotom-Wash|16/241 brn|[from] brn","|turn|20","|","|switch|p2a: Rebel|Umbreon, F|280/394","|move|p1a: Rotom-Wash|Will-O-Wisp|p2a: Rebel","|-status|p2a: Rebel|brn","|","|-weather|Sandstorm|[upkeep]","|-damage|p1a: Rotom-Wash|1/241 brn|[from] sandstorm","|-damage|p2a: Rebel|256/394 brn|[from] sandstorm","|-heal|p2a: Rebel|280/394 brn|[from] item: Leftovers","|-damage|p1a: Rotom-Wash|0 fnt|[from] brn","|-damage|p2a: Rebel|231/394 brn|[from] brn","|faint|p1a: Rotom-Wash","|","|switch|p1a: Ampharos|Ampharos-Mega, M|263/321","|-ability|p1a: Ampharos|Mold Breaker","|turn|21","|","|move|p2a: Rebel|Wish|p2a: Rebel","|move|p1a: Ampharos|Cotton Guard|p1a: Ampharos","|-boost|p1a: Ampharos|def|3","|","|-weather|Sandstorm|[upkeep]","|-damage|p2a: Rebel|207/394 brn|[from] sandstorm","|-damage|p1a: Ampharos|243/321|[from] sandstorm","|-heal|p2a: Rebel|231/394 brn|[from] item: Leftovers","|-damage|p2a: Rebel|182/394 brn|[from] brn","|turn|22","|","|move|p2a: Rebel|Heal Bell|p2a: Rebel","|-cureteam|p2a: Rebel|[from] move: HealBell","|move|p1a: Ampharos|Dragon Pulse|p2a: Rebel","|-damage|p2a: Rebel|83/394","|","|-weather|none","|-heal|p2a: Rebel|280/394|[from] move: Wish|[wisher] Rebel","|-heal|p2a: Rebel|304/394|[from] item: Leftovers","|turn|23","|","|move|p2a: Rebel|Wish|p2a: Rebel","|move|p1a: Ampharos|Cotton Guard|p1a: Ampharos","|-boost|p1a: Ampharos|def|3","|","|-heal|p2a: Rebel|328/394|[from] item: Leftovers","|turn|24","|","|switch|p2a: Defector|Tyranitar, F|278/389","|-weather|Sandstorm","|move|p1a: Ampharos|Cotton Guard|p1a: Ampharos","|-fail|p1a: Ampharos","|","|-weather|Sandstorm|[upkeep]","|-damage|p1a: Ampharos|223/321|[from] sandstorm","|-heal|p2a: Defector|389/389|[from] move: Wish|[wisher] Rebel","|turn|25","|","|move|p2a: Defector|Ice Beam|p1a: Ampharos","|-supereffective|p1a: Ampharos","|-damage|p1a: Ampharos|97/321","|move|p1a: Ampharos|Dragon Pulse|p2a: Defector","|-damage|p2a: Defector|338/389","|","|-weather|Sandstorm|[upkeep]","|-damage|p1a: Ampharos|77/321|[from] sandstorm","|turn|26","|","|switch|p1a: Magnezone|Magnezone|262/300","|move|p2a: Defector|Ice Beam|p1a: Magnezone","|-resisted|p1a: Magnezone","|-damage|p1a: Magnezone|219/300","|","|-weather|Sandstorm|[upkeep]","|-heal|p1a: Magnezone|237/300|[from] item: Leftovers","|turn|27","|","|move|p1a: Magnezone|Protect|p1a: Magnezone","|-singleturn|p1a: Magnezone|Protect","|move|p2a: Defector|Earthquake|p1a: Magnezone","|-activate|p1a: Magnezone|Protect","|","|-weather|Sandstorm|[upkeep]","|-heal|p1a: Magnezone|255/300|[from] item: Leftovers","|turn|28","|","|switch|p1a: Condom|Eelektross, M|311/311","|move|p2a: Defector|Earthquake|p1a: Condom","|-immune|p1a: Condom|[msg]","|","|-weather|none","|turn|29","|","|switch|p2a: Traitor|Sableye-Mega, F|285/304","|move|p1a: Condom|Knock Off|p2a: Traitor","|-damage|p2a: Traitor|244/304","|","|turn|30","|","|move|p1a: Condom|Thunderbolt|p2a: Traitor","|-damage|p2a: Traitor|126/304","|move|p2a: Traitor|Knock Off|p1a: Condom","|-damage|p1a: Condom|191/311","|-enditem|p1a: Condom|Assault Vest|[from] move: Knock Off|[of] p2a: Traitor","|","|turn|31","|","|move|p1a: Condom|Thunderbolt|p2a: Traitor","|-damage|p2a: Traitor|5/304","|move|p2a: Traitor|Recover|p2a: Traitor","|-heal|p2a: Traitor|157/304","|","|turn|32","|","|switch|p1a: Ampharos|Ampharos-Mega, M|77/321","|-ability|p1a: Ampharos|Mold Breaker","|move|p2a: Traitor|Recover|p2a: Traitor","|-heal|p2a: Traitor|304/304","|","|turn|33","|","|move|p1a: Ampharos|Rest|p1a: Ampharos","|-status|p1a: Ampharos|slp","|-heal|p1a: Ampharos|321/321 slp|[silent]","|-status|p1a: Ampharos|slp|[from] move: Rest","|move|p2a: Traitor|Foul Play|p1a: Ampharos","|-damage|p1a: Ampharos|254/321 slp","|","|turn|34","|","|switch|p2a: Defector|Tyranitar, F|338/389","|-weather|Sandstorm","|cant|p1a: Ampharos|slp","|move|p1a: Ampharos|Sleep Talk|p1a: Ampharos","|move|p1a: Ampharos|Cotton Guard|p1a: Ampharos|[from]Sleep Talk","|-boost|p1a: Ampharos|def|3","|","|-weather|Sandstorm|[upkeep]","|-damage|p1a: Ampharos|234/321 slp|[from] sandstorm","|turn|35","|","|switch|p1a: Magnezone|Magnezone|255/300","|move|p2a: Defector|Ice Beam|p1a: Magnezone","|-resisted|p1a: Magnezone","|-damage|p1a: Magnezone|213/300","|","|-weather|Sandstorm|[upkeep]","|-heal|p1a: Magnezone|231/300|[from] item: Leftovers","|turn|36","|","|move|p1a: Magnezone|Protect|p1a: Magnezone","|-singleturn|p1a: Magnezone|Protect","|move|p2a: Defector|Earthquake|p1a: Magnezone","|-activate|p1a: Magnezone|Protect","|","|-weather|Sandstorm|[upkeep]","|-heal|p1a: Magnezone|249/300|[from] item: Leftovers","|turn|37","|","|move|p1a: Magnezone|Flash Cannon|p2a: Defector","|-supereffective|p2a: Defector","|-damage|p2a: Defector|246/389","|move|p2a: Defector|Earthquake|p1a: Magnezone","|-supereffective|p1a: Magnezone","|-damage|p1a: Magnezone|0 fnt","|faint|p1a: Magnezone","|","|-weather|Sandstorm|[upkeep]","|","|switch|p1a: Condom|Eelektross, M|191/311","|turn|38","|","|switch|p2a: Traitor|Sableye-Mega, F|304/304","|move|p1a: Condom|Drain Punch|p2a: Traitor","|-immune|p2a: Traitor|[msg]","|","|-weather|none","|turn|39","|","|move|p1a: Condom|Thunderbolt|p2a: Traitor","|-damage|p2a: Traitor|181/304","|-status|p2a: Traitor|par","|cant|p2a: Traitor|par","|","|turn|40","|","|switch|p2a: Rebel|Umbreon, F|328/394","|move|p1a: Condom|Giga Drain|p2a: Rebel","|-damage|p2a: Rebel|281/394","|-heal|p1a: Condom|215/311|[from] drain|[of] p2a: Rebel","|","|-heal|p2a: Rebel|305/394|[from] item: Leftovers","|turn|41","|","|move|p2a: Rebel|Wish|p2a: Rebel","|move|p1a: Condom|Drain Punch|p2a: Rebel","|-supereffective|p2a: Rebel","|-damage|p2a: Rebel|169/394","|-heal|p1a: Condom|283/311|[from] drain|[of] p2a: Rebel","|","|-heal|p2a: Rebel|193/394|[from] item: Leftovers","|turn|42","|","|move|p2a: Rebel|Heal Bell|p2a: Rebel","|-cureteam|p2a: Rebel|[from] move: HealBell","|move|p1a: Condom|Knock Off|p2a: Rebel","|-resisted|p2a: Rebel","|-damage|p2a: Rebel|155/394","|-enditem|p2a: Rebel|Leftovers|[from] move: Knock Off|[of] p1a: Condom","|","|-heal|p2a: Rebel|352/394|[from] move: Wish|[wisher] Rebel","|turn|43","|","|move|p2a: Rebel|Wish|p2a: Rebel","|move|p1a: Condom|Drain Punch|p2a: Rebel","|-supereffective|p2a: Rebel","|-damage|p2a: Rebel|212/394","|-heal|p1a: Condom|311/311|[from] drain|[of] p2a: Rebel","|","|turn|44","|","|switch|p2a: Traitor|Sableye-Mega, F|181/304","|move|p1a: Condom|Thunderbolt|p2a: Traitor","|-damage|p2a: Traitor|54/304","|","|-heal|p2a: Traitor|251/304|[from] move: Wish|[wisher] Rebel","|turn|45","|","|move|p1a: Condom|Thunderbolt|p2a: Traitor","|-damage|p2a: Traitor|128/304","|move|p2a: Traitor|Recover|p2a: Traitor","|-heal|p2a: Traitor|280/304","|","|turn|46","|","|switch|p1a: Ampharos|Ampharos-Mega, M|234/321 slp","|-ability|p1a: Ampharos|Mold Breaker","|move|p2a: Traitor|Will-O-Wisp|p1a: Ampharos","|-fail|p1a: Ampharos","|","|turn|47","|","|switch|p2a: Defector|Tyranitar, F|246/389","|-weather|Sandstorm","|cant|p1a: Ampharos|slp","|move|p1a: Ampharos|Sleep Talk|p1a: Ampharos","|move|p1a: Ampharos|Dragon Pulse|p2a: Defector|[from]Sleep Talk","|-damage|p2a: Defector|195/389","|","|-weather|Sandstorm|[upkeep]","|-damage|p1a: Ampharos|214/321 slp|[from] sandstorm","|turn|48","|","|move|p2a: Defector|Earthquake|p1a: Ampharos","|-supereffective|p1a: Ampharos","|-damage|p1a: Ampharos|84/321 slp","|-curestatus|p1a: Ampharos|slp","|move|p1a: Ampharos|Rest|p1a: Ampharos","|-status|p1a: Ampharos|slp","|-heal|p1a: Ampharos|321/321 slp|[silent]","|-status|p1a: Ampharos|slp|[from] move: Rest","|","|-weather|Sandstorm|[upkeep]","|-damage|p1a: Ampharos|301/321 slp|[from] sandstorm","|turn|49","|","|switch|p1a: Raikou|Raikou|81/321","|-ability|p1a: Raikou|Pressure","|move|p2a: Defector|Ice Beam|p1a: Raikou","|-damage|p1a: Raikou|6/321","|","|-weather|Sandstorm|[upkeep]","|-damage|p1a: Raikou|0 fnt|[from] sandstorm","|faint|p1a: Raikou","|","|switch|p1a: Condom|Eelektross, M|311/311","|turn|50","|","|switch|p2a: Traitor|Sableye-Mega, F|280/304","|move|p1a: Condom|Thunderbolt|p2a: Traitor","|-damage|p2a: Traitor|150/304","|","|-weather|Sandstorm|[upkeep]","|-damage|p1a: Condom|292/311|[from] sandstorm","|-damage|p2a: Traitor|131/304|[from] sandstorm","|turn|51","|","|move|p1a: Condom|Thunderbolt|p2a: Traitor","|-damage|p2a: Traitor|5/304","|move|p2a: Traitor|Recover|p2a: Traitor","|-heal|p2a: Traitor|157/304","|","|-weather|none","|turn|52","|","|move|p1a: Condom|Giga Drain|p2a: Traitor","|-damage|p2a: Traitor|88/304","|-heal|p1a: Condom|311/311|[from] drain|[of] p2a: Traitor","|move|p2a: Traitor|Recover|p2a: Traitor","|-heal|p2a: Traitor|240/304","|","|turn|53","|","|move|p1a: Condom|Thunderbolt|p2a: Traitor","|-damage|p2a: Traitor|129/304","|move|p2a: Traitor|Recover|p2a: Traitor","|-heal|p2a: Traitor|281/304","|","|turn|54","|","|switch|p2a: Defector|Tyranitar, F|195/389","|-weather|Sandstorm","|move|p1a: Condom|Knock Off|p2a: Defector","|-resisted|p2a: Defector","|-damage|p2a: Defector|152/389","|-enditem|p2a: Defector|Assault Vest|[from] move: Knock Off|[of] p1a: Condom","|","|-weather|Sandstorm|[upkeep]","|-damage|p1a: Condom|292/311|[from] sandstorm","|turn|55","|","|move|p2a: Defector|Stone Edge|p1a: Condom|[miss]","|-miss|p2a: Defector|p1a: Condom","|move|p1a: Condom|Drain Punch|p2a: Defector","|-supereffective|p2a: Defector","|-damage|p2a: Defector|0 fnt","|-heal|p1a: Condom|311/311|[from] drain|[of] p2a: Defector","|faint|p2a: Defector","|","|-weather|Sandstorm|[upkeep]","|-damage|p1a: Condom|292/311|[from] sandstorm","|","|switch|p2a: Traitor|Sableye-Mega, F|281/304","|turn|56","|","|move|p1a: Condom|Thunderbolt|p2a: Traitor","|-crit|p2a: Traitor","|-damage|p2a: Traitor|101/304","|move|p2a: Traitor|Will-O-Wisp|p1a: Condom","|-status|p1a: Condom|brn","|","|-weather|Sandstorm|[upkeep]","|-damage|p1a: Condom|273/311 brn|[from] sandstorm","|-damage|p2a: Traitor|82/304|[from] sandstorm","|-damage|p1a: Condom|235/311 brn|[from] brn","|turn|57","|","|move|p1a: Condom|Thunderbolt|p2a: Traitor","|-damage|p2a: Traitor|0 fnt","|faint|p2a: Traitor","|","|-weather|Sandstorm|[upkeep]","|-damage|p1a: Condom|216/311 brn|[from] sandstorm","|-damage|p1a: Condom|178/311 brn|[from] brn","|","|switch|p2a: Rebel|Umbreon, F|212/394","|turn|58","|","|move|p2a: Rebel|Wish|p2a: Rebel","|move|p1a: Condom|Thunderbolt|p2a: Rebel","|-damage|p2a: Rebel|119/394","|","|-weather|none","|-damage|p1a: Condom|140/311 brn|[from] brn","|turn|59","|","|move|p2a: Rebel|Protect|p2a: Rebel","|-singleturn|p2a: Rebel|Protect","|move|p1a: Condom|Drain Punch|p2a: Rebel","|-activate|p2a: Rebel|Protect","|","|-heal|p2a: Rebel|316/394|[from] move: Wish|[wisher] Rebel","|-damage|p1a: Condom|102/311 brn|[from] brn","|turn|60","|","|move|p2a: Rebel|Foul Play|p1a: Condom","|-damage|p1a: Condom|0 fnt","|faint|p1a: Condom","|","|","|switch|p1a: Ampharos|Ampharos-Mega, M|301/321 slp","|-ability|p1a: Ampharos|Mold Breaker","|turn|61","|","|switch|p2a: Turncoat|Bisharp, M|272/272","|cant|p1a: Ampharos|slp","|","|turn|62","|","|move|p2a: Turncoat|Swords Dance|p2a: Turncoat","|-boost|p2a: Turncoat|atk|2","|cant|p1a: Ampharos|slp","|","|turn|63","|","|move|p2a: Turncoat|Sucker Punch|p1a: Ampharos","|-fail|p2a: Turncoat","|-curestatus|p1a: Ampharos|slp","|move|p1a: Ampharos|Cotton Guard|p1a: Ampharos","|-boost|p1a: Ampharos|def|3","|","|turn|64","|","|move|p2a: Turncoat|Swords Dance|p2a: Turncoat","|-boost|p2a: Turncoat|atk|2","|move|p1a: Ampharos|Cotton Guard|p1a: Ampharos","|-boost|p1a: Ampharos|def|3","|","|turn|65","|","|move|p2a: Turncoat|Swords Dance|p2a: Turncoat","|-boost|p2a: Turncoat|atk|2","|move|p1a: Ampharos|Dragon Pulse|p2a: Turncoat","|-resisted|p2a: Turncoat","|-damage|p2a: Turncoat|160/272","|","|turn|66","|","|move|p2a: Turncoat|Iron Head|p1a: Ampharos","|-crit|p1a: Ampharos","|-resisted|p1a: Ampharos","|-damage|p1a: Ampharos|0 fnt","|faint|p1a: Ampharos","|","|","|switch|p1a: Zapdos|Zapdos|322/322","|-ability|p1a: Zapdos|Pressure","|turn|67","|","|move|p2a: Turncoat|Knock Off|p1a: Zapdos","|-damage|p1a: Zapdos|0 fnt","|-enditem|p1a: Zapdos|Leftovers|[from] move: Knock Off|[of] p2a: Turncoat","|faint|p1a: Zapdos","|","|win|IV Chrono"],"p1rating":{"entryid":"6985408","serverid":"eos","formatid":"monotype","userid":"twizz","username":"Twizz","w":"16","l":21,"t":"0","gxe":42.1,"r":"1447.5914490269","rd":"62.407849616918","sigma":"0","rptime":"1438678800","rpr":1439.0295609503,"rprd":58.347003766782,"rpsigma":"0","acre":1088.2099144262,"lacre":1088.2099144262,"oldacre":"1114.3055410882"},"p2rating":{"entryid":"7387696","serverid":"eos","formatid":"monotype","userid":"ivchrono","username":"IV Chrono","w":4,"l":"1","t":"0","gxe":59.4,"r":"1500","rd":"130","sigma":"0","rptime":"1438678800","rpr":1574.6804352436,"rprd":100.98050764979,"rpsigma":"0","acre":1125.310729217,"lacre":1125.310729217,"oldacre":"1099.0693940884"},"endType":"normal"}