{"seed":[33790,37283,34960,55083],"turns":19,"p1":"Carnie Marx","p2":"Dusk Ravias","p1team":[{"name":"Sharpedo","species":"Sharpedo","item":"focussash","ability":"Speed Boost","moves":["crunch","waterfall","earthquake","destinybond"],"nature":"Adamant","evs":{"hp":0,"atk":252,"def":0,"spa":0,"spd":4,"spe":252},"ivs":{"hp":31,"atk":31,"def":31,"spa":31,"spd":31,"spe":31}},{"name":"Clawitzer","species":"Clawitzer","item":"choicescarf","ability":"Mega Launcher","moves":["dragonpulse","darkpulse","waterpulse","icebeam"],"nature":"Timid","evs":{"hp":0,"atk":0,"def":0,"spa":252,"spd":4,"spe":252},"ivs":{"hp":31,"atk":31,"def":31,"spa":31,"spd":31,"spe":31}},{"name":"Ludicolo","species":"Ludicolo","item":"leftovers","ability":"Swift Swim","moves":["gigadrain","icebeam","surf","energyball"],"nature":"Modest","evs":{"hp":0,"atk":0,"def":0,"spa":252,"spd":4,"spe":252},"ivs":{"hp":31,"atk":31,"def":31,"spa":31,"spd":31,"spe":31}},{"name":"Quagsire","species":"Quagsire","item":"leftovers","ability":"Unaware","moves":["protect","icepunch","waterfall","toxic"],"nature":"Impish","evs":{"hp":252,"atk":4,"def":252,"spa":0,"spd":0,"spe":0},"ivs":{"hp":31,"atk":31,"def":31,"spa":31,"spd":31,"spe":31}},{"name":"Rotom-Wash","species":"Rotom-Wash","item":"leftovers","ability":"Levitate","moves":["discharge","thunderwave","charge","painsplit"],"nature":"Calm","evs":{"hp":252,"atk":0,"def":0,"spa":4,"spd":252,"spe":0},"ivs":{"hp":31,"atk":31,"def":31,"spa":31,"spd":31,"spe":31}},{"name":"Politoed","species":"Politoed","item":"leftovers","ability":"Drizzle","moves":["scald","icebeam","psychic","toxic"],"nature":"Bold","evs":{"hp":252,"atk":0,"def":252,"spa":4,"spd":0,"spe":0},"ivs":{"hp":31,"atk":31,"def":31,"spa":31,"spd":31,"spe":31}}],"p2team":[{"name":"Venusaur","species":"Venusaur","item":"venusaurite","ability":"Overgrow","moves":["gigadrain","sludgebomb","hiddenpowerground","synthesis"],"nature":"Bold","evs":{"hp":252,"atk":0,"def":252,"spa":4,"spd":0,"spe":0},"gender":"M","ivs":{"hp":31,"atk":31,"def":31,"spa":30,"spd":30,"spe":31}},{"name":"Weezing","species":"Weezing","item":"blacksludge","ability":"Levitate","moves":["sludgewave","fireblast","willowisp","clearsmog"],"nature":"Bold","evs":{"hp":252,"atk":0,"def":252,"spa":4,"spd":0,"spe":0},"gender":"M","ivs":{"hp":31,"atk":31,"def":31,"spa":31,"spd":31,"spe":31}},{"name":"Tentacruel","species":"Tentacruel","item":"blacksludge","ability":"Liquid Ooze","moves":["scald","acidspray","toxicspikes","rapidspin"],"nature":"Calm","evs":{"hp":252,"atk":0,"def":0,"spa":4,"spd":252,"spe":0},"gender":"M","shiny":true,"ivs":{"hp":31,"atk":31,"def":31,"spa":31,"spd":31,"spe":31}},{"name":"Drapion","species":"Drapion","item":"choicescarf","ability":"Sniper","moves":["crosspoison","knockoff","nightslash","earthquake"],"nature":"Jolly","evs":{"hp":0,"atk":252,"def":0,"spa":0,"spd":4,"spe":252},"ivs":{"hp":31,"atk":31,"def":31,"spa":31,"spd":31,"spe":31}},{"name":"Gengar","species":"Gengar","item":"focussash","ability":"Levitate","moves":["shadowball","sludgewave","focusblast","destinybond"],"nature":"Timid","evs":{"hp":0,"atk":0,"def":0,"spa":252,"spd":4,"spe":252},"gender":"M","shiny":true,"ivs":{"hp":31,"atk":31,"def":31,"spa":31,"spd":31,"spe":31}},{"name":"Crobat","species":"Crobat","item":"choiceband","ability":"Infiltrator","moves":["bravebird","crosspoison","uturn","defog"],"nature":"Jolly","evs":{"hp":0,"atk":252,"def":0,"spa":0,"spd":4,"spe":252},"ivs":{"hp":31,"atk":31,"def":31,"spa":31,"spd":31,"spe":31}}],"log":["|player|p1|Carnie Marx|238","|player|p2|Dusk Ravias|150","|gametype|singles","|gen|6","|tier|Monotype","|rated","|rule|Baton Pass Clause: Limit one Baton Passer, can't pass Spe and other stats simultaneously","|rule|Swagger Clause: Swagger is banned","|rule|Same Type Clause: Pokémon in a team must share a type","|clearpoke","|poke|p1|Sharpedo, F","|poke|p1|Clawitzer, F","|poke|p1|Ludicolo, F","|poke|p1|Quagsire, M","|poke|p1|Rotom-Wash","|poke|p1|Politoed, F","|poke|p2|Venusaur, M","|poke|p2|Weezing, M","|poke|p2|Tentacruel, M, shiny","|poke|p2|Drapion, F","|poke|p2|Gengar, M, shiny","|poke|p2|Crobat, F","|rule|Sleep Clause Mod: Limit one foe put to sleep","|rule|Species Clause: Limit one of each Pokémon","|rule|OHKO Clause: OHKO moves are banned","|rule|Moody Clause: Moody is banned","|rule|Evasion Moves Clause: Evasion moves are banned","|rule|Endless Battle Clause: Forcing endless battles is banned","|rule|HP Percentage Mod: HP is shown in percentages","|teampreview","|","|start","|switch|p1a: Clawitzer|Clawitzer, F|283/283","|switch|p2a: Tentacruel|Tentacruel, M, shiny|364/364","|turn|1","|","|move|p1a: Clawitzer|Dark Pulse|p2a: Tentacruel","|-damage|p2a: Tentacruel|276/364","|cant|p2a: Tentacruel|flinch","|","|-heal|p2a: Tentacruel|298/364|[from] item: Black Sludge","|turn|2","|","|switch|p1a: Rotom-Wash|Rotom-Wash|304/304","|move|p2a: Tentacruel|Toxic Spikes|p1a: Rotom-Wash","|-sidestart|p1: Carnie Marx|move: Toxic Spikes","|","|-heal|p2a: Tentacruel|320/364|[from] item: Black Sludge","|turn|3","|","|move|p2a: Tentacruel|Toxic Spikes|p1a: Rotom-Wash","|-sidestart|p1: Carnie Marx|move: Toxic Spikes","|move|p1a: Rotom-Wash|Thunder Wave|p2a: Tentacruel","|-status|p2a: Tentacruel|par","|","|-heal|p2a: Tentacruel|342/364 par|[from] item: Black Sludge","|turn|4","|","|move|p1a: Rotom-Wash|Charge|p1a: Rotom-Wash","|-boost|p1a: Rotom-Wash|spd|1","|-activate|p1a: Rotom-Wash|move: Charge","|cant|p2a: Tentacruel|par","|","|-heal|p2a: Tentacruel|364/364 par|[from] item: Black Sludge","|turn|5","|","|move|p1a: Rotom-Wash|Discharge|p2a: Tentacruel","|-supereffective|p2a: Tentacruel","|-damage|p2a: Tentacruel|110/364 par","|move|p2a: Tentacruel|Acid Spray|p1a: Rotom-Wash","|-damage|p1a: Rotom-Wash|286/304","|-unboost|p1a: Rotom-Wash|spd|2","|","|-heal|p1a: Rotom-Wash|304/304|[from] item: Leftovers","|-heal|p2a: Tentacruel|132/364 par|[from] item: Black Sludge","|turn|6","|","|move|p1a: Rotom-Wash|Discharge|p2a: Tentacruel","|-supereffective|p2a: Tentacruel","|-damage|p2a: Tentacruel|6/364 par","|move|p2a: Tentacruel|Acid Spray|p1a: Rotom-Wash","|-damage|p1a: Rotom-Wash|264/304","|-unboost|p1a: Rotom-Wash|spd|2","|","|-heal|p1a: Rotom-Wash|283/304|[from] item: Leftovers","|-heal|p2a: Tentacruel|28/364 par|[from] item: Black Sludge","|turn|7","|","|move|p1a: Rotom-Wash|Discharge|p2a: Tentacruel","|-supereffective|p2a: Tentacruel","|-damage|p2a: Tentacruel|0 fnt","|faint|p2a: Tentacruel","|","|-heal|p1a: Rotom-Wash|302/304|[from] item: Leftovers","|","|switch|p2a: Venusaur|Venusaur, M|364/364","|turn|8","|","|move|p1a: Rotom-Wash|Thunder Wave|p2a: Venusaur","|-status|p2a: Venusaur|par","|cant|p2a: Venusaur|par","|","|-heal|p1a: Rotom-Wash|304/304|[from] item: Leftovers","|turn|9","|","|detailschange|p2a: Venusaur|Venusaur-Mega, M","|-mega|p2a: Venusaur|Venusaur|Venusaurite","|move|p1a: Rotom-Wash|Charge|p1a: Rotom-Wash","|-boost|p1a: Rotom-Wash|spd|1","|-activate|p1a: Rotom-Wash|move: Charge","|move|p2a: Venusaur|Giga Drain|p1a: Rotom-Wash","|-supereffective|p1a: Rotom-Wash","|-damage|p1a: Rotom-Wash|0 fnt","|faint|p1a: Rotom-Wash","|","|","|switch|p1a: Sharpedo|Sharpedo, F|281/281","|-status|p1a: Sharpedo|tox","|turn|10","|","|move|p1a: Sharpedo|Destiny Bond|p1a: Sharpedo","|-singlemove|p1a: Sharpedo|Destiny Bond","|move|p2a: Venusaur|Giga Drain|p1a: Sharpedo","|-supereffective|p1a: Sharpedo","|-enditem|p1a: Sharpedo|Focus Sash","|-damage|p1a: Sharpedo|1/281 tox","|","|-damage|p1a: Sharpedo|0 fnt|[from] psn","|faint|p1a: Sharpedo","|","|switch|p1a: Politoed|Politoed, F|384/384","|-status|p1a: Politoed|tox","|-weather|RainDance","|turn|11","|","|move|p1a: Politoed|Scald|p2a: Venusaur","|-resisted|p2a: Venusaur","|-damage|p2a: Venusaur|304/364 par","|move|p2a: Venusaur|Giga Drain|p1a: Politoed","|-supereffective|p1a: Politoed","|-damage|p1a: Politoed|178/384 tox","|-heal|p2a: Venusaur|364/364 par|[from] drain|[of] p1a: Politoed","|","|-weather|RainDance|[upkeep]","|-heal|p1a: Politoed|202/384 tox|[from] item: Leftovers","|-damage|p1a: Politoed|178/384 tox|[from] psn","|turn|12","|","|move|p1a: Politoed|Psychic|p2a: Venusaur","|-supereffective|p2a: Venusaur","|-damage|p2a: Venusaur|250/364 par","|move|p2a: Venusaur|Giga Drain|p1a: Politoed","|-supereffective|p1a: Politoed","|-damage|p1a: Politoed|0 fnt","|-heal|p2a: Venusaur|339/364 par|[from] drain|[of] p1a: Politoed","|faint|p1a: Politoed","|","|-weather|RainDance|[upkeep]","|","|switch|p1a: Clawitzer|Clawitzer, F|283/283","|-status|p1a: Clawitzer|tox","|turn|13","|","|move|p1a: Clawitzer|Dragon Pulse|p2a: Venusaur","|-damage|p2a: Venusaur|217/364 par","|move|p2a: Venusaur|Giga Drain|p1a: Clawitzer","|-supereffective|p1a: Clawitzer","|-damage|p1a: Clawitzer|55/283 tox","|-heal|p2a: Venusaur|331/364 par|[from] drain|[of] p1a: Clawitzer","|","|-weather|RainDance|[upkeep]","|-damage|p1a: Clawitzer|38/283 tox|[from] psn","|turn|14","|","|move|p1a: Clawitzer|Dragon Pulse|p2a: Venusaur","|-damage|p2a: Venusaur|210/364 par","|move|p2a: Venusaur|Giga Drain|p1a: Clawitzer","|-crit|p1a: Clawitzer","|-supereffective|p1a: Clawitzer","|-damage|p1a: Clawitzer|0 fnt","|-heal|p2a: Venusaur|229/364 par|[from] drain|[of] p1a: Clawitzer","|faint|p1a: Clawitzer","|","|-weather|RainDance|[upkeep]","|","|switch|p1a: Quagsire|Quagsire, M|394/394","|-status|p1a: Quagsire|tox","|turn|15","|","|move|p1a: Quagsire|Protect|p1a: Quagsire","|-singleturn|p1a: Quagsire|Protect","|move|p2a: Venusaur|Giga Drain|p1a: Quagsire","|-activate|p1a: Quagsire|Protect","|","|-weather|none","|-damage|p1a: Quagsire|370/394 tox|[from] psn","|turn|16","|","|move|p1a: Quagsire|Waterfall|p2a: Venusaur","|-resisted|p2a: Venusaur","|-damage|p2a: Venusaur|205/364 par","|move|p2a: Venusaur|Giga Drain|p1a: Quagsire","|-supereffective|p1a: Quagsire","|-damage|p1a: Quagsire|0 fnt","|-heal|p2a: Venusaur|364/364 par|[from] drain|[of] p1a: Quagsire","|faint|p1a: Quagsire","|","|","|switch|p1a: Ludicolo|Ludicolo, F|301/301","|-status|p1a: Ludicolo|tox","|turn|17","|","|move|p1a: Ludicolo|Ice Beam|p2a: Venusaur","|-supereffective|p2a: Venusaur","|-damage|p2a: Venusaur|284/364 par","|cant|p2a: Venusaur|par","|","|-damage|p1a: Ludicolo|283/301 tox|[from] psn","|turn|18","|","|move|p1a: Ludicolo|Ice Beam|p2a: Venusaur","|-supereffective|p2a: Venusaur","|-damage|p2a: Venusaur|210/364 par","|move|p2a: Venusaur|Sludge Bomb|p1a: Ludicolo","|-supereffective|p1a: Ludicolo","|-damage|p1a: Ludicolo|23/301 tox","|","|-heal|p1a: Ludicolo|41/301 tox|[from] item: Leftovers","|-damage|p1a: Ludicolo|5/301 tox|[from] psn","|turn|19","|","|move|p1a: Ludicolo|Ice Beam|p2a: Venusaur","|-supereffective|p2a: Venusaur","|-damage|p2a: Venusaur|136/364 par","|cant|p2a: Venusaur|par","|","|-heal|p1a: Ludicolo|23/301 tox|[from] item: Leftovers","|-damage|p1a: Ludicolo|0 fnt|[from] psn","|faint|p1a: Ludicolo","|","|win|Dusk Ravias"],"p1rating":{"entryid":"5821777","serverid":"eos","formatid":"monotype","userid":"carniemarx","username":"Carnie Marx","w":"62","l":75,"t":"0","gxe":45.5,"r":"1486.0439468262","rd":"37.970696333481","sigma":"0","rptime":"1438678800","rpr":1465.7086949467,"rprd":36.805312189322,"rpsigma":"0","acre":1010.5487706195,"lacre":1010.5487706195,"oldacre":"1021.4159257891"},"p2rating":{"entryid":"7382780","serverid":"eos","formatid":"monotype","userid":"duskravias","username":"Dusk Ravias","w":4,"l":"3","t":"0","gxe":52.8,"r":"1555.9587852925","rd":"122.69860668113","sigma":"0","rptime":"1438678800","rpr":1522.1717859184,"rprd":96.470840179917,"rpsigma":"0","acre":1106.3145287242,"lacre":1106.3145287242,"oldacre":"1083.7468709339"},"endType":"normal"}