{"seed":[51891,32852,9304,20768],"turns":29,"p1":"Sage.13","p2":"MrNyanNyanz","p1team":[{"name":"Ferrothorn","species":"Ferrothorn","item":"leftovers","ability":"Iron Barbs","moves":["seedbomb","leechseed","gyroball","toxic"],"nature":"Relaxed","evs":{"hp":252,"atk":4,"def":252,"spa":0,"spd":0,"spe":0},"ivs":{"hp":31,"atk":31,"def":31,"spa":31,"spd":31,"spe":0},"shiny":true},{"name":"Bronzong","species":"Bronzong","item":"airballoon","ability":"Heatproof","moves":["zenheadbutt","earthquake","stealthrock","heavyslam"],"nature":"Adamant","evs":{"hp":248,"atk":252,"def":0,"spa":0,"spd":8,"spe":0},"ivs":{"hp":31,"atk":31,"def":31,"spa":31,"spd":31,"spe":31}},{"name":"Scizor","species":"Scizor","item":"scizorite","ability":"Technician","moves":["bulletpunch","superpower","swordsdance","bugbite"],"nature":"Adamant","evs":{"hp":248,"atk":252,"def":0,"spa":0,"spd":8,"spe":0},"shiny":true,"ivs":{"hp":31,"atk":31,"def":31,"spa":31,"spd":31,"spe":31}},{"name":"Skarmory","species":"Skarmory","item":"leftovers","ability":"Sturdy","moves":["bravebird","stealthrock","whirlwind","spikes"],"nature":"Impish","evs":{"hp":248,"atk":0,"def":236,"spa":0,"spd":0,"spe":24},"shiny":true,"ivs":{"hp":31,"atk":31,"def":31,"spa":31,"spd":31,"spe":31}},{"name":"Heatran","species":"Heatran","item":"airballoon","ability":"Flash Fire","moves":["flamethrower","flashcannon","earthpower","ancientpower"],"nature":"Modest","evs":{"hp":248,"atk":0,"def":0,"spa":252,"spd":8,"spe":0},"ivs":{"hp":31,"atk":31,"def":31,"spa":31,"spd":31,"spe":31}},{"name":"Lucario","species":"Lucario","item":"lifeorb","ability":"Steadfast","moves":["extremespeed","closecombat","psychic","earthquake"],"nature":"Hasty","evs":{"hp":0,"atk":252,"def":0,"spa":4,"spd":0,"spe":252},"shiny":true,"ivs":{"hp":31,"atk":31,"def":31,"spa":31,"spd":31,"spe":31}}],"p2team":[{"name":"Dino","species":"aurorus","item":"choicescarf","ability":"Refrigerate","moves":["hypervoice","freezedry","earthpower","ancientpower"],"nature":"Timid","evs":{"hp":0,"atk":0,"def":0,"spa":252,"spd":4,"spe":252},"ivs":{"hp":31,"atk":31,"def":31,"spa":31,"spd":31,"spe":31}},{"name":"Recker","species":"terrakion","item":"choicescarf","ability":"Justified","moves":["closecombat","stoneedge","earthquake","poisonjab"],"nature":"Jolly","evs":{"hp":0,"atk":252,"def":0,"spa":0,"spd":4,"spe":252},"shiny":true,"ivs":{"hp":31,"atk":31,"def":31,"spa":31,"spd":31,"spe":31}},{"name":"Lord Helix","species":"omastar","item":"focussash","ability":"Swift Swim","moves":["shellsmash","hiddenpowerfire","scald","ancientpower"],"nature":"Modest","evs":{"hp":0,"atk":0,"def":0,"spa":252,"spd":4,"spe":252},"ivs":{"hp":31,"atk":30,"def":31,"spa":30,"spd":31,"spe":30},"shiny":true},{"name":"Bitch Plz","species":"aggron","item":"aggronite","ability":"Sturdy","moves":["heavyslam","thunderwave","curse","rest"],"nature":"Impish","evs":{"hp":248,"atk":8,"def":252,"spa":0,"spd":0,"spe":0},"shiny":true,"ivs":{"hp":31,"atk":31,"def":31,"spa":31,"spd":31,"spe":31}},{"name":"Ancient Troll","species":"aerodactyl","item":"lifeorb","ability":"Unnerve","moves":["taunt","aerialace","earthquake","stoneedge"],"nature":"Jolly","evs":{"hp":0,"atk":252,"def":0,"spa":0,"spd":4,"spe":252},"shiny":true,"ivs":{"hp":31,"atk":31,"def":31,"spa":31,"spd":31,"spe":31}},{"name":"Plantz","species":"cradily","item":"leftovers","ability":"Storm Drain","moves":["gigadrain","ancientpower","recover","earthpower"],"nature":"Modest","evs":{"hp":252,"atk":0,"def":0,"spa":252,"spd":4,"spe":0},"shiny":true,"ivs":{"hp":31,"atk":31,"def":31,"spa":31,"spd":31,"spe":31}}],"log":["|player|p1|Sage.13|154","|player|p2|MrNyanNyanz|mrnyannyanz.png","|gametype|singles","|gen|6","|tier|Monotype","|rated","|rule|Baton Pass Clause: Limit one Baton Passer, can't pass Spe and other stats simultaneously","|rule|Swagger Clause: Swagger is banned","|rule|Same Type Clause: Pokémon in a team must share a type","|clearpoke","|poke|p1|Ferrothorn, F, shiny","|poke|p1|Bronzong","|poke|p1|Scizor, F, shiny","|poke|p1|Skarmory, M, shiny","|poke|p1|Heatran, M","|poke|p1|Lucario, M, shiny","|poke|p2|Aurorus, F","|poke|p2|Terrakion, shiny","|poke|p2|Omastar, F, shiny","|poke|p2|Aggron, M, shiny","|poke|p2|Aerodactyl, M, shiny","|poke|p2|Cradily, F, shiny","|rule|Sleep Clause Mod: Limit one foe put to sleep","|rule|Species Clause: Limit one of each Pokémon","|rule|OHKO Clause: OHKO moves are banned","|rule|Moody Clause: Moody is banned","|rule|Evasion Moves Clause: Evasion moves are banned","|rule|Endless Battle Clause: Forcing endless battles is banned","|rule|HP Percentage Mod: HP is shown in percentages","|teampreview","|","|start","|switch|p1a: Skarmory|Skarmory, M, shiny|333/333","|switch|p2a: Lord Helix|Omastar, F, shiny|281/281","|turn|1","|","|move|p2a: Lord Helix|Scald|p1a: Skarmory","|-damage|p1a: Skarmory|135/333","|move|p1a: Skarmory|Whirlwind|p2a: Lord Helix","|drag|p2a: Bitch Plz|Aggron, M, shiny|343/343","|","|-heal|p1a: Skarmory|155/333|[from] item: Leftovers","|turn|2","|","|switch|p1a: Ferrothorn|Ferrothorn, F, shiny|352/352","|switch|p2a: Lord Helix|Omastar, F, shiny|281/281","|","|turn|3","|","|move|p2a: Lord Helix|Hidden Power|p1a: Ferrothorn","|-supereffective|p1a: Ferrothorn","|-damage|p1a: Ferrothorn|88/352","|move|p1a: Ferrothorn|Seed Bomb|p2a: Lord Helix","|-supereffective|p2a: Lord Helix","|-damage|p2a: Lord Helix|13/281","|","|-heal|p1a: Ferrothorn|110/352|[from] item: Leftovers","|turn|4","|","|switch|p1a: Heatran|Heatran, M|385/385","|-item|p1a: Heatran|Air Balloon","|move|p2a: Lord Helix|Hidden Power|p1a: Heatran","|-start|p1a: Heatran|ability: Flash Fire","|","|turn|5","|","|-end|p1a: Heatran|ability: Flash Fire|[silent]","|switch|p1a: Ferrothorn|Ferrothorn, F, shiny|110/352","|move|p2a: Lord Helix|Scald|p1a: Ferrothorn","|-resisted|p1a: Ferrothorn","|-damage|p1a: Ferrothorn|52/352","|","|-heal|p1a: Ferrothorn|74/352|[from] item: Leftovers","|turn|6","|","|switch|p1a: Bronzong|Bronzong|337/337","|-item|p1a: Bronzong|Air Balloon","|move|p2a: Lord Helix|Hidden Power|p1a: Bronzong","|-supereffective|p1a: Bronzong","|-damage|p1a: Bronzong|269/337","|-enditem|p1a: Bronzong|Air Balloon","|","|turn|7","|","|switch|p2a: Ancient Troll|Aerodactyl, M, shiny|301/301","|-ability|p2a: Ancient Troll|Unnerve|p1: Sage.13","|move|p1a: Bronzong|Earthquake|p2a: Ancient Troll","|-immune|p2a: Ancient Troll|[msg]","|","|turn|8","|","|switch|p1a: Skarmory|Skarmory, M, shiny|155/333","|move|p2a: Ancient Troll|Taunt|p1a: Skarmory","|-start|p1a: Skarmory|move: Taunt","|","|-heal|p1a: Skarmory|175/333|[from] item: Leftovers","|turn|9","|","|switch|p1a: Ferrothorn|Ferrothorn, F, shiny|74/352","|move|p2a: Ancient Troll|Stone Edge|p1a: Ferrothorn|[miss]","|-miss|p2a: Ancient Troll|p1a: Ferrothorn","|","|-heal|p1a: Ferrothorn|96/352|[from] item: Leftovers","|turn|10","|","|move|p2a: Ancient Troll|Earthquake|p1a: Ferrothorn","|-damage|p1a: Ferrothorn|17/352","|-damage|p2a: Ancient Troll|271/301|[from] item: Life Orb","|move|p1a: Ferrothorn|Leech Seed|p2a: Ancient Troll|[miss]","|-miss|p1a: Ferrothorn|p2a: Ancient Troll","|","|-heal|p1a: Ferrothorn|39/352|[from] item: Leftovers","|turn|11","|","|move|p2a: Ancient Troll|Aerial Ace|p1a: Ferrothorn","|-damage|p1a: Ferrothorn|0 fnt","|-damage|p2a: Ancient Troll|234/301|[from] ability: Iron Barbs|[of] p1a: Ferrothorn","|-damage|p2a: Ancient Troll|204/301|[from] item: Life Orb","|faint|p1a: Ferrothorn","|","|","|switch|p1a: Scizor|Scizor, F, shiny|343/343","|turn|12","|","|detailschange|p1a: Scizor|Scizor-Mega, F, shiny","|-mega|p1a: Scizor|Scizor|Scizorite","|move|p1a: Scizor|Bullet Punch|p2a: Ancient Troll","|-supereffective|p2a: Ancient Troll","|-damage|p2a: Ancient Troll|0 fnt","|faint|p2a: Ancient Troll","|","|","|switch|p2a: Bitch Plz|Aggron, M, shiny|343/343","|turn|13","|","|detailschange|p2a: Bitch Plz|Aggron-Mega, M, shiny","|-mega|p2a: Bitch Plz|Aggron|Aggronite","|move|p1a: Scizor|Swords Dance|p1a: Scizor","|-boost|p1a: Scizor|atk|2","|move|p2a: Bitch Plz|Heavy Slam|p1a: Scizor","|-resisted|p1a: Scizor","|-damage|p1a: Scizor|296/343","|","|turn|14","|","|move|p1a: Scizor|Superpower|p2a: Bitch Plz","|-supereffective|p2a: Bitch Plz","|-damage|p2a: Bitch Plz|138/343","|-unboost|p1a: Scizor|atk|1","|-unboost|p1a: Scizor|def|1","|move|p2a: Bitch Plz|Curse|p2a: Bitch Plz","|-unboost|p2a: Bitch Plz|spe|1","|-boost|p2a: Bitch Plz|atk|1","|-boost|p2a: Bitch Plz|def|1","|","|turn|15","|","|move|p1a: Scizor|Superpower|p2a: Bitch Plz","|-supereffective|p2a: Bitch Plz","|-damage|p2a: Bitch Plz|33/343","|-unboost|p1a: Scizor|atk|1","|-unboost|p1a: Scizor|def|1","|move|p2a: Bitch Plz|Heavy Slam|p1a: Scizor","|-resisted|p1a: Scizor","|-damage|p1a: Scizor|167/343","|","|turn|16","|","|move|p1a: Scizor|Bullet Punch|p2a: Bitch Plz","|-resisted|p2a: Bitch Plz","|-damage|p2a: Bitch Plz|15/343","|move|p2a: Bitch Plz|Rest|p2a: Bitch Plz","|-status|p2a: Bitch Plz|slp","|-heal|p2a: Bitch Plz|343/343 slp|[silent]","|-status|p2a: Bitch Plz|slp|[from] move: Rest","|","|turn|17","|","|switch|p1a: Bronzong|Bronzong|269/337","|cant|p2a: Bitch Plz|slp","|","|turn|18","|","|move|p1a: Bronzong|Stealth Rock|p2a: Bitch Plz","|-sidestart|p2: MrNyanNyanz|move: Stealth Rock","|cant|p2a: Bitch Plz|slp","|","|turn|19","|","|move|p1a: Bronzong|Earthquake|p2a: Bitch Plz","|-supereffective|p2a: Bitch Plz","|-damage|p2a: Bitch Plz|300/343 slp","|-curestatus|p2a: Bitch Plz|slp","|move|p2a: Bitch Plz|Curse|p2a: Bitch Plz","|-unboost|p2a: Bitch Plz|spe|1","|-boost|p2a: Bitch Plz|atk|1","|-boost|p2a: Bitch Plz|def|1","|","|turn|20","|","|switch|p1a: Skarmory|Skarmory, M, shiny|175/333","|move|p2a: Bitch Plz|Thunder Wave|p1a: Skarmory","|-status|p1a: Skarmory|par","|","|-heal|p1a: Skarmory|195/333 par|[from] item: Leftovers","|turn|21","|","|move|p2a: Bitch Plz|Heavy Slam|p1a: Skarmory","|-resisted|p1a: Skarmory","|-damage|p1a: Skarmory|79/333 par","|move|p1a: Skarmory|Whirlwind|p2a: Bitch Plz","|drag|p2a: Lord Helix|Omastar, F, shiny|13/281","|-damage|p2a: Lord Helix|0 fnt|[from] Stealth Rock","|faint|p2a: Lord Helix","|","|-heal|p1a: Skarmory|99/333 par|[from] item: Leftovers","|","|switch|p2a: Dino|Aurorus, F|387/387","|-damage|p2a: Dino|291/387|[from] Stealth Rock","|turn|22","|","|move|p2a: Dino|Hyper Voice|p1a: Skarmory","|-damage|p1a: Skarmory|0 fnt","|faint|p1a: Skarmory","|","|","|switch|p1a: Heatran|Heatran, M|385/385","|-item|p1a: Heatran|Air Balloon","|turn|23","|","|move|p2a: Dino|Hyper Voice|p1a: Heatran","|-resisted|p1a: Heatran","|-damage|p1a: Heatran|348/385","|-enditem|p1a: Heatran|Air Balloon","|move|p1a: Heatran|Ancient Power|p2a: Dino","|-supereffective|p2a: Dino","|-damage|p2a: Dino|127/387","|","|turn|24","|","|move|p2a: Dino|Hyper Voice|p1a: Heatran","|-resisted|p1a: Heatran","|-damage|p1a: Heatran|310/385","|move|p1a: Heatran|Flash Cannon|p2a: Dino","|-supereffective|p2a: Dino","|-damage|p2a: Dino|0 fnt","|faint|p2a: Dino","|","|","|switch|p2a: Recker|Terrakion, shiny|323/323","|-damage|p2a: Recker|303/323|[from] Stealth Rock","|turn|25","|","|move|p2a: Recker|Earthquake|p1a: Heatran","|-supereffective|p1a: Heatran","|-damage|p1a: Heatran|0 fnt","|faint|p1a: Heatran","|","|","|switch|p1a: Scizor|Scizor-Mega, F, shiny|167/343","|turn|26","|","|switch|p2a: Bitch Plz|Aggron-Mega, M, shiny|300/343","|-damage|p2a: Bitch Plz|279/343|[from] Stealth Rock","|move|p1a: Scizor|Bullet Punch|p2a: Bitch Plz","|-resisted|p2a: Bitch Plz","|-damage|p2a: Bitch Plz|252/343","|","|turn|27","|","|switch|p1a: Bronzong|Bronzong|269/337","|move|p2a: Bitch Plz|Curse|p2a: Bitch Plz","|-unboost|p2a: Bitch Plz|spe|1","|-boost|p2a: Bitch Plz|atk|1","|-boost|p2a: Bitch Plz|def|1","|","|turn|28","|","|move|p1a: Bronzong|Heavy Slam|p2a: Bitch Plz","|-crit|p2a: Bitch Plz","|-resisted|p2a: Bitch Plz","|-damage|p2a: Bitch Plz|234/343","|move|p2a: Bitch Plz|Curse|p2a: Bitch Plz","|-unboost|p2a: Bitch Plz|spe|1","|-boost|p2a: Bitch Plz|atk|1","|-boost|p2a: Bitch Plz|def|1","|","|turn|29","|","|win|MrNyanNyanz"],"p1rating":{"entryid":"7365108","serverid":"eos","formatid":"monotype","userid":"sage13","username":"Sage.13","w":"11","l":10,"t":"0","gxe":51,"r":"1520.4726778603","rd":"71.770328402829","sigma":"0","rptime":"1438678800","rpr":1507.7416098801,"rprd":67.884224356428,"rpsigma":"0","acre":1091.382370924,"lacre":1091.382370924,"oldacre":"1111.4040493666"},"p2rating":{"entryid":"6703862","serverid":"eos","formatid":"monotype","userid":"mrnyannyanz","username":"MrNyanNyanz","w":49,"l":"37","t":"0","gxe":55.8,"r":"1537.4006844982","rd":"40.879362621391","sigma":"0","rptime":"1438678800","rpr":1544.2042756006,"rprd":38.976968240193,"rpsigma":"0","acre":1201.5484604308,"lacre":1201.5484604308,"oldacre":"1181.5267819882"},"endType":"forfeit"}