{"seed":[35601,42243,33257,1611],"turns":22,"p1":"Emg Prof Gen3rox","p2":"Alliance-Verde","p1team":[{"name":"Diancie","species":"Diancie","item":"diancite","ability":"Clear Body","moves":["moonblast","diamondstorm","protect","earthpower"],"nature":"Hasty","evs":{"hp":252,"atk":0,"def":0,"spa":4,"spd":0,"spe":252},"ivs":{"hp":31,"atk":31,"def":31,"spa":31,"spd":31,"spe":31}},{"name":"Shuckle","species":"Shuckle","item":"leftovers","ability":"Sturdy","moves":["toxic","stickyweb","stealthrock","encore"],"nature":"Calm","evs":{"hp":252,"atk":0,"def":4,"spa":0,"spd":252,"spe":0},"ivs":{"hp":31,"atk":0,"def":31,"spa":31,"spd":31,"spe":31}},{"name":"Tyranitar","species":"Tyranitar","item":"assaultvest","ability":"Sand Stream","moves":["icebeam","fireblast","earthpower","darkpulse"],"nature":"Bold","evs":{"hp":248,"atk":0,"def":252,"spa":8,"spd":0,"spe":0},"ivs":{"hp":31,"atk":0,"def":31,"spa":31,"spd":31,"spe":31}},{"name":"Terrakion","species":"Terrakion","item":"choiceband","ability":"Justified","moves":["closecombat","ironhead","earthquake","stoneedge"],"nature":"Jolly","evs":{"hp":0,"atk":252,"def":0,"spa":0,"spd":4,"spe":252},"ivs":{"hp":31,"atk":31,"def":31,"spa":31,"spd":31,"spe":31}},{"name":"Cradily","species":"Cradily","item":"leftovers","ability":"Storm Drain","moves":["gigadrain","toxic","recover","ancientpower"],"nature":"Modest","evs":{"hp":252,"atk":0,"def":0,"spa":252,"spd":4,"spe":0},"ivs":{"hp":31,"atk":0,"def":31,"spa":31,"spd":31,"spe":31}},{"name":"Rhyperior","species":"Rhyperior","item":"weaknesspolicy","ability":"Solid Rock","moves":["earthquake","dragontail","stoneedge","avalanche"],"nature":"Impish","evs":{"hp":252,"atk":0,"def":4,"spa":0,"spd":252,"spe":0},"ivs":{"hp":31,"atk":31,"def":31,"spa":31,"spd":31,"spe":31}}],"p2team":[{"name":"Infernape","species":"Inf\\ernape","item":"focussash","ability":"Iron Fist","moves":["taunt","closecombat","machpunch","fireblast"],"nature":"Hasty","evs":{"hp":0,"atk":252,"def":0,"spa":4,"spd":0,"spe":252},"ivs":{"hp":31,"atk":31,"def":31,"spa":31,"spd":31,"spe":31}},{"name":"Charizard","species":"Charizard","item":"charizarditey","ability":"Blaze","moves":["flamethrower","solarbeam","roost","focusblast"],"nature":"Timid","evs":{"hp":0,"atk":0,"def":0,"spa":252,"spd":4,"spe":252},"ivs":{"hp":31,"atk":31,"def":31,"spa":31,"spd":31,"spe":31}},{"name":"Darmanitan","species":"Darmanitan","item":"choicescarf","ability":"Sheer Force","moves":["flareblitz","rockslide","earthquake","uturn"],"nature":"Jolly","evs":{"hp":0,"atk":252,"def":0,"spa":0,"spd":4,"spe":252},"ivs":{"hp":31,"atk":31,"def":31,"spa":31,"spd":31,"spe":31}},{"name":"Entei","species":"Entei","item":"lifeorb","ability":"Pressure","moves":["sacredfire","extremespeed","stoneedge","ironhead"],"nature":"Adamant","evs":{"hp":0,"atk":252,"def":0,"spa":0,"spd":4,"spe":252},"shiny":true,"ivs":{"hp":31,"atk":31,"def":31,"spa":31,"spd":31,"spe":31}},{"name":"Victini","species":"Victini","item":"assaultvest","ability":"Victory Star","moves":["blueflare","thunderbolt","glaciate","energyball"],"nature":"Modest","evs":{"hp":248,"atk":0,"def":0,"spa":252,"spd":8,"spe":0},"ivs":{"hp":31,"atk":31,"def":31,"spa":31,"spd":31,"spe":31}},{"name":"Torkoal","species":"Torkoal","item":"custapberry","ability":"White Smoke","moves":["willowisp","stealthrock","rapidspin","lavaplume"],"nature":"Bold","evs":{"hp":4,"atk":0,"def":248,"spa":0,"spd":0,"spe":0},"ivs":{"hp":31,"atk":31,"def":31,"spa":31,"spd":31,"spe":31}}],"log":["|player|p1|Emg Prof Gen3rox|290","|player|p2|Alliance-Verde|80","|gametype|singles","|gen|6","|tier|Monotype","|rated","|rule|Baton Pass Clause: Limit one Baton Passer, can't pass Spe and other stats simultaneously","|rule|Swagger Clause: Swagger is banned","|rule|Same Type Clause: Pokémon in a team must share a type","|clearpoke","|poke|p1|Diancie","|poke|p1|Shuckle, M","|poke|p1|Tyranitar, M","|poke|p1|Terrakion","|poke|p1|Cradily, M","|poke|p1|Rhyperior, M","|poke|p2|Infernape, F","|poke|p2|Charizard, M","|poke|p2|Darmanitan, F","|poke|p2|Entei, shiny","|poke|p2|Victini","|poke|p2|Torkoal, F","|rule|Sleep Clause Mod: Limit one foe put to sleep","|rule|Species Clause: Limit one of each Pokémon","|rule|OHKO Clause: OHKO moves are banned","|rule|Moody Clause: Moody is banned","|rule|Evasion Moves Clause: Evasion moves are banned","|rule|Endless Battle Clause: Forcing endless battles is banned","|rule|HP Percentage Mod: HP is shown in percentages","|teampreview","|","|start","|switch|p1a: Diancie|Diancie|304/304","|switch|p2a: Charizard|Charizard, M|297/297","|turn|1","|","|detailschange|p2a: Charizard|Charizard-Mega-Y, M","|-mega|p2a: Charizard|Charizard|Charizardite Y","|-weather|SunnyDay","|detailschange|p1a: Diancie|Diancie-Mega","|-mega|p1a: Diancie|Diancie|Diancite","|move|p1a: Diancie|Protect|p1a: Diancie","|-singleturn|p1a: Diancie|Protect","|move|p2a: Charizard|Solar Beam|p1a: Diancie|[still]","|-prepare|p2a: Charizard|Solar Beam|p1a: Diancie","|-anim|p2a: Charizard|Solar Beam|p1a: Diancie","|-activate|p1a: Diancie|Protect","|","|-weather|SunnyDay|[upkeep]","|turn|2","|","|move|p1a: Diancie|Diamond Storm|p2a: Charizard","|-supereffective|p2a: Charizard","|-damage|p2a: Charizard|0 fnt","|faint|p2a: Charizard","|","|-weather|SunnyDay|[upkeep]","|","|switch|p2a: Darmanitan|Darmanitan, F|351/351","|turn|3","|","|move|p1a: Diancie|Protect|p1a: Diancie","|-singleturn|p1a: Diancie|Protect","|move|p2a: Darmanitan|Earthquake|p1a: Diancie","|-activate|p1a: Diancie|Protect","|","|-weather|SunnyDay|[upkeep]","|turn|4","|","|switch|p2a: Infernape|Infernape, F|293/293","|switch|p1a: Tyranitar|Tyranitar, M|403/403","|-weather|Sandstorm","|","|-weather|Sandstorm|[upkeep]","|-damage|p2a: Infernape|275/293|[from] sandstorm","|turn|5","|","|switch|p1a: Rhyperior|Rhyperior, M|434/434","|move|p2a: Infernape|Close Combat|p1a: Rhyperior","|-supereffective|p1a: Rhyperior","|-damage|p1a: Rhyperior|232/434","|-enditem|p1a: Rhyperior|Weakness Policy","|-boost|p1a: Rhyperior|atk|2|[from] item: Weakness Policy","|-boost|p1a: Rhyperior|spa|2|[from] item: Weakness Policy","|-unboost|p2a: Infernape|def|1","|-unboost|p2a: Infernape|spd|1","|","|-weather|Sandstorm|[upkeep]","|-damage|p2a: Infernape|257/293|[from] sandstorm","|turn|6","|","|move|p2a: Infernape|Close Combat|p1a: Rhyperior","|-supereffective|p1a: Rhyperior","|-damage|p1a: Rhyperior|19/434","|-unboost|p2a: Infernape|def|1","|-unboost|p2a: Infernape|spd|1","|move|p1a: Rhyperior|Earthquake|p2a: Infernape","|-supereffective|p2a: Infernape","|-damage|p2a: Infernape|0 fnt","|faint|p2a: Infernape","|","|-weather|Sandstorm|[upkeep]","|","|switch|p2a: Victini|Victini|403/403","|turn|7","|","|move|p2a: Victini|Glaciate|p1a: Rhyperior","|-supereffective|p1a: Rhyperior","|-damage|p1a: Rhyperior|0 fnt","|faint|p1a: Rhyperior","|","|-weather|Sandstorm|[upkeep]","|-damage|p2a: Victini|378/403|[from] sandstorm","|","|switch|p1a: Shuckle|Shuckle, M|244/244","|turn|8","|","|switch|p2a: Torkoal|Torkoal, F|282/282","|move|p1a: Shuckle|Stealth Rock|p2a: Torkoal","|-sidestart|p2: Alliance-Verde|move: Stealth Rock","|","|-weather|none","|turn|9","|","|move|p2a: Torkoal|Rapid Spin|p1a: Shuckle","|-resisted|p1a: Shuckle","|-damage|p1a: Shuckle|240/244","|-sideend|p2: Alliance-Verde|Stealth Rock|[from] move: Rapid Spin|[of] p2a: Torkoal","|move|p1a: Shuckle|Encore|p2a: Torkoal","|-start|p2a: Torkoal|Encore","|","|-heal|p1a: Shuckle|244/244|[from] item: Leftovers","|turn|10","|","|move|p2a: Torkoal|Rapid Spin|p1a: Shuckle","|-resisted|p1a: Shuckle","|-damage|p1a: Shuckle|241/244","|move|p1a: Shuckle|Toxic|p2a: Torkoal|[miss]","|-miss|p1a: Shuckle|p2a: Torkoal","|","|-heal|p1a: Shuckle|244/244|[from] item: Leftovers","|turn|11","|","|move|p2a: Torkoal|Rapid Spin|p1a: Shuckle","|-resisted|p1a: Shuckle","|-damage|p1a: Shuckle|241/244","|move|p1a: Shuckle|Stealth Rock|p2a: Torkoal","|-sidestart|p2: Alliance-Verde|move: Stealth Rock","|","|-heal|p1a: Shuckle|244/244|[from] item: Leftovers","|turn|12","|","|move|p2a: Torkoal|Rapid Spin|p1a: Shuckle","|-resisted|p1a: Shuckle","|-damage|p1a: Shuckle|241/244","|-sideend|p2: Alliance-Verde|Stealth Rock|[from] move: Rapid Spin|[of] p2a: Torkoal","|move|p1a: Shuckle|Toxic|p2a: Torkoal","|-status|p2a: Torkoal|tox","|","|-heal|p1a: Shuckle|244/244|[from] item: Leftovers","|-damage|p2a: Torkoal|265/282 tox|[from] psn","|-end|p2a: Torkoal|Encore","|turn|13","|","|switch|p2a: Entei|Entei, shiny|371/371","|-ability|p2a: Entei|Pressure","|move|p1a: Shuckle|Encore|p2a: Entei","|-fail|p2a: Entei","|","|turn|14","|","|move|p2a: Entei|Iron Head|p1a: Shuckle","|-supereffective|p1a: Shuckle","|-damage|p1a: Shuckle|119/244","|-damage|p2a: Entei|334/371|[from] item: Life Orb","|move|p1a: Shuckle|Stealth Rock|p2a: Entei","|-sidestart|p2: Alliance-Verde|move: Stealth Rock","|","|-heal|p1a: Shuckle|134/244|[from] item: Leftovers","|turn|15","|","|move|p2a: Entei|Iron Head|p1a: Shuckle","|-supereffective|p1a: Shuckle","|-damage|p1a: Shuckle|14/244","|-damage|p2a: Entei|297/371|[from] item: Life Orb","|move|p1a: Shuckle|Sticky Web|p2a: Entei","|-sidestart|p2: Alliance-Verde|move: Sticky Web","|","|-heal|p1a: Shuckle|29/244|[from] item: Leftovers","|turn|16","|","|move|p2a: Entei|Iron Head|p1a: Shuckle","|-supereffective|p1a: Shuckle","|-damage|p1a: Shuckle|0 fnt","|-damage|p2a: Entei|260/371|[from] item: Life Orb","|faint|p1a: Shuckle","|","|","|switch|p1a: Tyranitar|Tyranitar, M|403/403","|-weather|Sandstorm","|turn|17","|","|move|p2a: Entei|Iron Head|p1a: Tyranitar","|-supereffective|p1a: Tyranitar","|-damage|p1a: Tyranitar|234/403","|-damage|p2a: Entei|223/371|[from] item: Life Orb","|move|p1a: Tyranitar|Earth Power|p2a: Entei","|-supereffective|p2a: Entei","|-damage|p2a: Entei|65/371","|","|-weather|Sandstorm|[upkeep]","|-damage|p2a: Entei|42/371|[from] sandstorm","|turn|18","|","|move|p2a: Entei|Iron Head|p1a: Tyranitar","|-supereffective|p1a: Tyranitar","|-damage|p1a: Tyranitar|60/403","|-damage|p2a: Entei|5/371|[from] item: Life Orb","|cant|p1a: Tyranitar|flinch","|","|-weather|Sandstorm|[upkeep]","|-damage|p2a: Entei|0 fnt|[from] sandstorm","|faint|p2a: Entei","|","|switch|p2a: Victini|Victini|378/403","|-damage|p2a: Victini|278/403|[from] Stealth Rock","|-activate|p2a: Victini|move: Sticky Web","|-unboost|p2a: Victini|spe|1","|turn|19","|","|move|p1a: Tyranitar|Earth Power|p2a: Victini","|-supereffective|p2a: Victini","|-damage|p2a: Victini|180/403","|move|p2a: Victini|Energy Ball|p1a: Tyranitar","|-supereffective|p1a: Tyranitar","|-damage|p1a: Tyranitar|0 fnt","|faint|p1a: Tyranitar","|","|-weather|Sandstorm|[upkeep]","|-damage|p2a: Victini|155/403|[from] sandstorm","|","|switch|p1a: Terrakion|Terrakion|323/323","|turn|20","|","|move|p1a: Terrakion|Earthquake|p2a: Victini","|-crit|p2a: Victini","|-supereffective|p2a: Victini","|-damage|p2a: Victini|0 fnt","|faint|p2a: Victini","|","|-weather|Sandstorm|[upkeep]","|","|switch|p2a: Torkoal|Torkoal, F|265/282 tox","|-activate|p2a: Torkoal|move: Sticky Web","|-fail|p2a: Torkoal|unboost|[from] ability: White Smoke|[of] p2a: Torkoal","|-damage|p2a: Torkoal|195/282 tox|[from] Stealth Rock","|turn|21","|","|move|p1a: Terrakion|Earthquake|p2a: Torkoal","|-supereffective|p2a: Torkoal","|-damage|p2a: Torkoal|7/282 tox","|move|p2a: Torkoal|Will-O-Wisp|p1a: Terrakion","|-status|p1a: Terrakion|brn","|","|-weather|none","|-damage|p1a: Terrakion|283/323 brn|[from] brn","|-damage|p2a: Torkoal|0 fnt|[from] psn","|faint|p2a: Torkoal","|","|switch|p2a: Darmanitan|Darmanitan, F|351/351","|-damage|p2a: Darmanitan|264/351|[from] Stealth Rock","|-activate|p2a: Darmanitan|move: Sticky Web","|-unboost|p2a: Darmanitan|spe|1","|turn|22","|","|move|p1a: Terrakion|Earthquake|p2a: Darmanitan","|-supereffective|p2a: Darmanitan","|-damage|p2a: Darmanitan|0 fnt","|faint|p2a: Darmanitan","|","|win|Emg Prof Gen3rox"],"p1rating":{"entryid":"7255205","serverid":"eos","formatid":"monotype","userid":"emgprofgen3rox","username":"Emg Prof Gen3rox","w":4,"l":"1","t":"0","gxe":63.5,"r":"1586.9851673258","rd":"106.56931763741","sigma":"0","rptime":"1438678800","rpr":1608.8838450645,"rprd":102.56729690321,"rpsigma":"0","acre":1134.5776149519,"lacre":1134.5776149519,"oldacre":"1111.2313755561"},"p2rating":{"entryid":"7245119","serverid":"eos","formatid":"monotype","userid":"allianceverde","username":"Alliance-Verde","w":"3","l":3,"t":"0","gxe":48.9,"r":"1498.7922298414","rd":"107.7215625798","sigma":"0","rptime":"1438678800","rpr":1491.7013780209,"rprd":100.50717030462,"rpsigma":"0","acre":1066.5193601775,"lacre":1066.5193601775,"oldacre":"1088.2147522865"},"endType":"normal"}