{"seed":[25918,46406,13760,53323],"turns":32,"p1":"Dusk Ravias","p2":"KGBeast","p1team":[{"name":"Venusaur","species":"Venusaur","item":"venusaurite","ability":"Overgrow","moves":["gigadrain","sludgebomb","hiddenpowerground","synthesis"],"nature":"Bold","evs":{"hp":252,"atk":0,"def":252,"spa":4,"spd":0,"spe":0},"gender":"M","ivs":{"hp":31,"atk":31,"def":31,"spa":30,"spd":30,"spe":31}},{"name":"Weezing","species":"Weezing","item":"blacksludge","ability":"Levitate","moves":["sludgewave","fireblast","willowisp","clearsmog"],"nature":"Bold","evs":{"hp":252,"atk":0,"def":252,"spa":4,"spd":0,"spe":0},"gender":"M","ivs":{"hp":31,"atk":31,"def":31,"spa":31,"spd":31,"spe":31}},{"name":"Tentacruel","species":"Tentacruel","item":"blacksludge","ability":"Liquid Ooze","moves":["scald","acidspray","toxicspikes","rapidspin"],"nature":"Calm","evs":{"hp":252,"atk":0,"def":0,"spa":4,"spd":252,"spe":0},"gender":"M","shiny":true,"ivs":{"hp":31,"atk":31,"def":31,"spa":31,"spd":31,"spe":31}},{"name":"Drapion","species":"Drapion","item":"choicescarf","ability":"Sniper","moves":["crosspoison","knockoff","nightslash","earthquake"],"nature":"Jolly","evs":{"hp":0,"atk":252,"def":0,"spa":0,"spd":4,"spe":252},"ivs":{"hp":31,"atk":31,"def":31,"spa":31,"spd":31,"spe":31}},{"name":"Gengar","species":"Gengar","item":"focussash","ability":"Levitate","moves":["shadowball","sludgewave","focusblast","destinybond"],"nature":"Timid","evs":{"hp":0,"atk":0,"def":0,"spa":252,"spd":4,"spe":252},"gender":"M","shiny":true,"ivs":{"hp":31,"atk":31,"def":31,"spa":31,"spd":31,"spe":31}},{"name":"Crobat","species":"Crobat","item":"choiceband","ability":"Infiltrator","moves":["bravebird","crosspoison","uturn","defog"],"nature":"Jolly","evs":{"hp":0,"atk":252,"def":0,"spa":0,"spd":4,"spe":252},"ivs":{"hp":31,"atk":31,"def":31,"spa":31,"spd":31,"spe":31}}],"p2team":[{"name":"Infernape","species":"Infernape","item":"focussash","ability":"Blaze","moves":["willowisp","stealthrock","encore","taunt"],"nature":"Jolly","evs":{"hp":248,"atk":0,"def":8,"spa":0,"spd":0,"spe":252},"ivs":{"hp":31,"atk":31,"def":31,"spa":31,"spd":31,"spe":31}},{"name":"Heatran","species":"Heatran","item":"leftovers","ability":"Flash Fire","moves":["earthpower","toxic","flashcannon","roar"],"nature":"Calm","evs":{"hp":248,"atk":0,"def":0,"spa":0,"spd":252,"spe":8},"ivs":{"hp":31,"atk":31,"def":31,"spa":31,"spd":31,"spe":31}},{"name":"Charizard","species":"Charizard","item":"charizarditey","ability":"Blaze","moves":["defog","fireblast","solarbeam","roost"],"nature":"Calm","evs":{"hp":252,"atk":0,"def":0,"spa":0,"spd":252,"spe":4},"ivs":{"hp":31,"atk":31,"def":31,"spa":31,"spd":31,"spe":31}},{"name":"Torkoal","species":"Torkoal","item":"leftovers","ability":"White Smoke","moves":["stealthrock","rapidspin","lavaplume","yawn"],"nature":"Bold","evs":{"hp":252,"atk":0,"def":252,"spa":0,"spd":0,"spe":4},"ivs":{"hp":31,"atk":31,"def":31,"spa":31,"spd":31,"spe":31}},{"name":"Arcanine","species":"Arcanine","item":"leftovers","ability":"Intimidate","moves":["willowisp","flareblitz","toxic","morningsun"],"nature":"Impish","evs":{"hp":248,"atk":0,"def":252,"spa":0,"spd":0,"spe":8},"ivs":{"hp":31,"atk":31,"def":31,"spa":31,"spd":31,"spe":31}},{"name":"Rotom-Heat","species":"Rotom-Heat","item":"leftovers","ability":"Levitate","moves":["willowisp","lightscreen","reflect","voltswitch"],"nature":"Timid","evs":{"hp":248,"atk":0,"def":0,"spa":8,"spd":0,"spe":252},"ivs":{"hp":31,"atk":0,"def":31,"spa":31,"spd":31,"spe":31}}],"log":["|player|p1|Dusk Ravias|150","|player|p2|KGBeast|kgbeast.png","|gametype|singles","|gen|6","|tier|Monotype","|rated","|rule|Baton Pass Clause: Limit one Baton Passer, can't pass Spe and other stats simultaneously","|rule|Swagger Clause: Swagger is banned","|rule|Same Type Clause: Pokémon in a team must share a type","|clearpoke","|poke|p1|Venusaur, M","|poke|p1|Weezing, M","|poke|p1|Tentacruel, M, shiny","|poke|p1|Drapion, F","|poke|p1|Gengar, M, shiny","|poke|p1|Crobat, F","|poke|p2|Infernape, F","|poke|p2|Heatran, M","|poke|p2|Charizard, F","|poke|p2|Torkoal, M","|poke|p2|Arcanine, F","|poke|p2|Rotom-Heat","|rule|Sleep Clause Mod: Limit one foe put to sleep","|rule|Species Clause: Limit one of each Pokémon","|rule|OHKO Clause: OHKO moves are banned","|rule|Moody Clause: Moody is banned","|rule|Evasion Moves Clause: Evasion moves are banned","|rule|Endless Battle Clause: Forcing endless battles is banned","|rule|HP Percentage Mod: HP is shown in percentages","|teampreview","|","|start","|switch|p1a: Tentacruel|Tentacruel, M, shiny|364/364","|switch|p2a: Infernape|Infernape, F|355/355","|turn|1","|","|switch|p2a: Charizard|Charizard, F|360/360","|move|p1a: Tentacruel|Scald|p2a: Charizard","|-supereffective|p2a: Charizard","|-damage|p2a: Charizard|244/360","|","|turn|2","|","|switch|p1a: Crobat|Crobat, F|311/311","|detailschange|p2a: Charizard|Charizard-Mega-Y, F","|-mega|p2a: Charizard|Charizard|Charizardite Y","|-weather|SunnyDay","|move|p2a: Charizard|Fire Blast|p1a: Crobat","|-damage|p1a: Crobat|0 fnt","|faint|p1a: Crobat","|","|-weather|SunnyDay|[upkeep]","|","|switch|p1a: Gengar|Gengar, M, shiny|261/261","|turn|3","|","|move|p1a: Gengar|Shadow Ball|p2a: Charizard","|-damage|p2a: Charizard|147/360","|move|p2a: Charizard|Roost|p2a: Charizard","|-heal|p2a: Charizard|327/360","|","|-weather|SunnyDay|[upkeep]","|turn|4","|","|move|p1a: Gengar|Shadow Ball|p2a: Charizard","|-damage|p2a: Charizard|225/360","|-unboost|p2a: Charizard|spd|1","|move|p2a: Charizard|Fire Blast|p1a: Gengar","|-enditem|p1a: Gengar|Focus Sash","|-damage|p1a: Gengar|1/261","|","|-weather|SunnyDay|[upkeep]","|turn|5","|","|switch|p2a: Heatran|Heatran, M|385/385","|move|p1a: Gengar|Destiny Bond|p1a: Gengar","|-singlemove|p1a: Gengar|Destiny Bond","|","|-weather|SunnyDay|[upkeep]","|turn|6","|","|move|p1a: Gengar|Focus Blast|p2a: Heatran|[miss]","|-miss|p1a: Gengar|p2a: Heatran","|move|p2a: Heatran|Roar|p1a: Gengar","|drag|p1a: Drapion|Drapion, F|281/281","|","|-weather|none","|turn|7","|","|switch|p2a: Torkoal|Torkoal, M|344/344","|move|p1a: Drapion|Earthquake|p2a: Torkoal","|-supereffective|p2a: Torkoal","|-damage|p2a: Torkoal|230/344","|","|-heal|p2a: Torkoal|251/344|[from] item: Leftovers","|turn|8","|","|switch|p1a: Weezing|Weezing, M|334/334","|move|p2a: Torkoal|Stealth Rock|p1a: Weezing","|-sidestart|p1: Dusk Ravias|move: Stealth Rock","|","|-heal|p2a: Torkoal|272/344|[from] item: Leftovers","|turn|9","|","|switch|p2a: Charizard|Charizard-Mega-Y, F|225/360","|-weather|SunnyDay","|move|p1a: Weezing|Sludge Wave|p2a: Charizard","|-damage|p2a: Charizard|159/360","|-status|p2a: Charizard|psn","|","|-weather|SunnyDay|[upkeep]","|-damage|p2a: Charizard|114/360 psn|[from] psn","|turn|10","|","|switch|p1a: Drapion|Drapion, F|281/281","|-damage|p1a: Drapion|246/281|[from] Stealth Rock","|move|p2a: Charizard|Roost|p2a: Charizard","|-heal|p2a: Charizard|294/360 psn","|","|-weather|SunnyDay|[upkeep]","|-damage|p2a: Charizard|249/360 psn|[from] psn","|turn|11","|","|switch|p2a: Arcanine|Arcanine, F|383/383","|-ability|p2a: Arcanine|Intimidate","|-unboost|p1a: Drapion|atk|1","|move|p1a: Drapion|Night Slash|p2a: Arcanine","|-damage|p2a: Arcanine|329/383","|","|-weather|SunnyDay|[upkeep]","|-heal|p2a: Arcanine|352/383|[from] item: Leftovers","|turn|12","|","|switch|p1a: Tentacruel|Tentacruel, M, shiny|364/364","|-damage|p1a: Tentacruel|319/364|[from] Stealth Rock","|move|p2a: Arcanine|Flare Blitz|p1a: Tentacruel","|-resisted|p1a: Tentacruel","|-damage|p1a: Tentacruel|168/364","|-damage|p2a: Arcanine|302/383|[from] recoil|[of] p1a: Tentacruel","|","|-weather|SunnyDay|[upkeep]","|-heal|p1a: Tentacruel|190/364|[from] item: Black Sludge","|-heal|p2a: Arcanine|325/383|[from] item: Leftovers","|turn|13","|","|switch|p2a: Heatran|Heatran, M|385/385","|move|p1a: Tentacruel|Rapid Spin|p2a: Heatran","|-resisted|p2a: Heatran","|-damage|p2a: Heatran|380/385","|-sideend|p1: Dusk Ravias|Stealth Rock|[from] move: Rapid Spin|[of] p1a: Tentacruel","|","|-weather|none","|-heal|p1a: Tentacruel|212/364|[from] item: Black Sludge","|-heal|p2a: Heatran|385/385|[from] item: Leftovers","|turn|14","|","|move|p1a: Tentacruel|Toxic Spikes|p2a: Heatran","|-sidestart|p2: KGBeast|move: Toxic Spikes","|move|p2a: Heatran|Earth Power|p1a: Tentacruel","|-supereffective|p1a: Tentacruel","|-damage|p1a: Tentacruel|98/364","|","|-heal|p1a: Tentacruel|120/364|[from] item: Black Sludge","|turn|15","|","|move|p1a: Tentacruel|Toxic Spikes|p2a: Heatran","|-sidestart|p2: KGBeast|move: Toxic Spikes","|move|p2a: Heatran|Earth Power|p1a: Tentacruel","|-supereffective|p1a: Tentacruel","|-damage|p1a: Tentacruel|6/364","|","|-heal|p1a: Tentacruel|28/364|[from] item: Black Sludge","|turn|16","|","|move|p1a: Tentacruel|Scald|p2a: Heatran","|-supereffective|p2a: Heatran","|-damage|p2a: Heatran|269/385","|move|p2a: Heatran|Earth Power|p1a: Tentacruel","|-supereffective|p1a: Tentacruel","|-damage|p1a: Tentacruel|0 fnt","|faint|p1a: Tentacruel","|","|-heal|p2a: Heatran|293/385|[from] item: Leftovers","|","|switch|p1a: Gengar|Gengar, M, shiny|1/261","|turn|17","|","|move|p1a: Gengar|Focus Blast|p2a: Heatran","|-supereffective|p2a: Heatran","|-damage|p2a: Heatran|85/385","|move|p2a: Heatran|Flash Cannon|p1a: Gengar","|-damage|p1a: Gengar|0 fnt","|faint|p1a: Gengar","|","|-heal|p2a: Heatran|109/385|[from] item: Leftovers","|","|switch|p1a: Venusaur|Venusaur, M|364/364","|turn|18","|","|switch|p2a: Charizard|Charizard-Mega-Y, F|249/360 psn","|-weather|SunnyDay","|detailschange|p1a: Venusaur|Venusaur-Mega, M","|-mega|p1a: Venusaur|Venusaur|Venusaurite","|move|p1a: Venusaur|Hidden Power|p2a: Charizard","|-immune|p2a: Charizard|[msg]","|","|-weather|SunnyDay|[upkeep]","|-damage|p2a: Charizard|204/360 psn|[from] psn","|turn|19","|","|move|p2a: Charizard|Defog|p1a: Venusaur","|-unboost|p1a: Venusaur|evasion|1","|-sideend|p2: KGBeast|Toxic Spikes|[from] move: Defog|[of] p2a: Charizard","|move|p1a: Venusaur|Sludge Bomb|p2a: Charizard","|-damage|p2a: Charizard|120/360 psn","|","|-weather|SunnyDay|[upkeep]","|-damage|p2a: Charizard|75/360 psn|[from] psn","|turn|20","|","|move|p2a: Charizard|Roost|p2a: Charizard","|-heal|p2a: Charizard|255/360 psn","|move|p1a: Venusaur|Sludge Bomb|p2a: Charizard","|-damage|p2a: Charizard|179/360 psn","|","|-weather|SunnyDay|[upkeep]","|-damage|p2a: Charizard|134/360 psn|[from] psn","|turn|21","|","|move|p2a: Charizard|Roost|p2a: Charizard","|-heal|p2a: Charizard|314/360 psn","|move|p1a: Venusaur|Sludge Bomb|p2a: Charizard","|-damage|p2a: Charizard|238/360 psn","|","|-weather|SunnyDay|[upkeep]","|-damage|p2a: Charizard|193/360 psn|[from] psn","|turn|22","|","|move|p2a: Charizard|Fire Blast|p1a: Venusaur","|-supereffective|p1a: Venusaur","|-damage|p1a: Venusaur|128/364","|move|p1a: Venusaur|Sludge Bomb|p2a: Charizard","|-damage|p2a: Charizard|108/360 psn","|","|-weather|none","|-damage|p2a: Charizard|63/360 psn|[from] psn","|turn|23","|","|move|p2a: Charizard|Roost|p2a: Charizard","|-heal|p2a: Charizard|243/360 psn","|move|p1a: Venusaur|Synthesis|p1a: Venusaur","|-heal|p1a: Venusaur|310/364","|","|-damage|p2a: Charizard|198/360 psn|[from] psn","|turn|24","|","|move|p2a: Charizard|Roost|p2a: Charizard","|-heal|p2a: Charizard|360/360 psn","|move|p1a: Venusaur|Sludge Bomb|p2a: Charizard","|-damage|p2a: Charizard|284/360 psn","|","|-damage|p2a: Charizard|239/360 psn|[from] psn","|turn|25","|","|move|p2a: Charizard|Fire Blast|p1a: Venusaur","|-supereffective|p1a: Venusaur","|-damage|p1a: Venusaur|152/364","|move|p1a: Venusaur|Sludge Bomb|p2a: Charizard","|-damage|p2a: Charizard|152/360 psn","|","|-damage|p2a: Charizard|107/360 psn|[from] psn","|turn|26","|","|move|p2a: Charizard|Fire Blast|p1a: Venusaur","|-supereffective|p1a: Venusaur","|-damage|p1a: Venusaur|0 fnt","|faint|p1a: Venusaur","|","|-damage|p2a: Charizard|62/360 psn|[from] psn","|","|switch|p1a: Drapion|Drapion, F|246/281","|turn|27","|","|switch|p2a: Arcanine|Arcanine, F|325/383","|-ability|p2a: Arcanine|Intimidate","|-unboost|p1a: Drapion|atk|1","|move|p1a: Drapion|Night Slash|p2a: Arcanine","|-damage|p2a: Arcanine|270/383","|","|-heal|p2a: Arcanine|293/383|[from] item: Leftovers","|turn|28","|","|switch|p1a: Weezing|Weezing, M|334/334","|move|p2a: Arcanine|Will-O-Wisp|p1a: Weezing","|-status|p1a: Weezing|brn","|","|-heal|p2a: Arcanine|316/383|[from] item: Leftovers","|-damage|p1a: Weezing|293/334 brn|[from] brn","|turn|29","|","|switch|p2a: Heatran|Heatran, M|109/385","|move|p1a: Weezing|Sludge Wave|p2a: Heatran","|-immune|p2a: Heatran|[msg]","|","|-heal|p2a: Heatran|133/385|[from] item: Leftovers","|-heal|p1a: Weezing|313/334 brn|[from] item: Black Sludge","|-damage|p1a: Weezing|272/334 brn|[from] brn","|turn|30","|","|switch|p1a: Drapion|Drapion, F|246/281","|move|p2a: Heatran|Flash Cannon|p1a: Drapion","|-damage|p1a: Drapion|95/281","|","|-heal|p2a: Heatran|157/385|[from] item: Leftovers","|turn|31","|","|switch|p2a: Arcanine|Arcanine, F|316/383","|-ability|p2a: Arcanine|Intimidate","|-unboost|p1a: Drapion|atk|1","|move|p1a: Drapion|Earthquake|p2a: Arcanine","|-supereffective|p2a: Arcanine","|-damage|p2a: Arcanine|208/383","|","|-heal|p2a: Arcanine|231/383|[from] item: Leftovers","|turn|32","|","|move|p1a: Drapion|Earthquake|p2a: Arcanine","|-supereffective|p2a: Arcanine","|-damage|p2a: Arcanine|129/383","|move|p2a: Arcanine|Flare Blitz|p1a: Drapion","|-damage|p1a: Drapion|0 fnt","|-damage|p2a: Arcanine|98/383|[from] recoil|[of] p1a: Drapion","|faint|p1a: Drapion","|","|-heal|p2a: Arcanine|121/383|[from] item: Leftovers","|","|win|KGBeast"],"p1rating":{"entryid":"7382780","serverid":"eos","formatid":"monotype","userid":"duskravias","username":"Dusk Ravias","w":"4","l":4,"t":"0","gxe":50.4,"r":"1555.9587852925","rd":"122.69860668113","sigma":"0","rptime":"1438678800","rpr":1503.1144447181,"rprd":93.099749551402,"rpsigma":"0","acre":1084.6509208412,"lacre":1084.6509208412,"oldacre":"1106.3145287242"},"p2rating":{"entryid":"6349485","serverid":"eos","formatid":"monotype","userid":"kgbeast","username":"KGBeast","w":40,"l":"20","t":"0","gxe":63.5,"r":"1602.4834527501","rd":"52.388991108415","sigma":"0","rptime":"1438678800","rpr":1604.8729432417,"rprd":50.942510305582,"rpsigma":"0","acre":1174.6236435647,"lacre":1174.6236435647,"oldacre":"1152.9600356817"},"endType":"forfeit"}