{"seed":[6373,62006,51046,6958],"turns":32,"p1":"Guard Darkrai","p2":"LTIL-Tahit","p1team":[{"name":"Beedrill","species":"Beedrill","item":"beedrillite","ability":"Sniper","moves":["fellstinger","poisonjab","uturn","protect"],"nature":"Jolly","evs":{"hp":0,"atk":252,"def":0,"spa":0,"spd":4,"spe":252},"shiny":true,"ivs":{"hp":31,"atk":31,"def":31,"spa":31,"spd":31,"spe":31}},{"name":"Durant","species":"Durant","item":"lifeorb","ability":"Hustle","moves":["ironhead","xscissor","superpower","honeclaws"],"nature":"Jolly","evs":{"hp":0,"atk":252,"def":0,"spa":0,"spd":4,"spe":252},"shiny":true,"ivs":{"hp":31,"atk":31,"def":31,"spa":31,"spd":31,"spe":31}},{"name":"Venomoth","species":"Venomoth","item":"focussash","ability":"Wonder Skin","moves":["quiverdance","bugbuzz","sludgebomb","energyball"],"nature":"Modest","evs":{"hp":0,"atk":0,"def":0,"spa":252,"spd":4,"spe":252},"shiny":true,"ivs":{"hp":31,"atk":31,"def":31,"spa":31,"spd":31,"spe":31}},{"name":"Ariados","species":"Ariados","item":"focussash","ability":"Swarm","moves":["stickyweb","megahorn","suckerpunch","shadowsneak"],"nature":"Adamant","evs":{"hp":248,"atk":252,"def":0,"spa":0,"spd":8,"spe":0},"ivs":{"hp":31,"atk":31,"def":31,"spa":31,"spd":31,"spe":31}},{"name":"Heracross","species":"Heracross","item":"choicescarf","ability":"Moxie","moves":["closecombat","earthquake","megahorn","knockoff"],"nature":"Jolly","evs":{"hp":0,"atk":252,"def":0,"spa":0,"spd":4,"spe":252},"shiny":true,"ivs":{"hp":31,"atk":31,"def":31,"spa":31,"spd":31,"spe":31}},{"name":"Illumise","species":"Illumise","item":"leftovers","ability":"Prankster","moves":["thunderwave","encore","uturn","tailwind"],"nature":"Careful","evs":{"hp":252,"atk":0,"def":4,"spa":0,"spd":252,"spe":0},"shiny":true,"ivs":{"hp":31,"atk":31,"def":31,"spa":31,"spd":31,"spe":31}}],"p2team":[{"name":"Terrakion","species":"Terrakion","item":"choicescarf","ability":"Justified","moves":["closecombat","stoneedge","ironhead","xscissor"],"nature":"Jolly","evs":{"hp":4,"atk":252,"def":0,"spa":0,"spd":0,"spe":252},"ivs":{"hp":31,"atk":31,"def":31,"spa":31,"spd":31,"spe":31}},{"name":"Medicham","species":"Medicham","item":"medichamite","ability":"Pure Power","moves":["highjumpkick","zenheadbutt","fakeout","bulletpunch"],"nature":"Jolly","evs":{"hp":0,"atk":252,"def":4,"spa":0,"spd":0,"spe":252},"ivs":{"hp":31,"atk":31,"def":31,"spa":31,"spd":31,"spe":31}},{"name":"Conkeldurr","species":"Conkeldurr","item":"leftovers","ability":"Guts","moves":["drainpunch","bulkup","machpunch","icepunch"],"nature":"Adamant","evs":{"hp":252,"atk":252,"def":0,"spa":0,"spd":4,"spe":0},"ivs":{"hp":31,"atk":31,"def":31,"spa":31,"spd":31,"spe":31}},{"name":"Chesnaught","species":"Chesnaught","item":"leftovers","ability":"Bulletproof","moves":["spikes","leechseed","spikyshield","drainpunch"],"nature":"Careful","evs":{"hp":252,"atk":0,"def":4,"spa":0,"spd":252,"spe":0},"ivs":{"hp":31,"atk":31,"def":31,"spa":31,"spd":31,"spe":31}},{"name":"Hawlucha","species":"Hawlucha","item":"sitrusberry","ability":"Unburden","moves":["substitute","swordsdance","highjumpkick","acrobatics"],"nature":"Jolly","evs":{"hp":12,"atk":252,"def":0,"spa":0,"spd":0,"spe":244},"ivs":{"hp":31,"atk":31,"def":31,"spa":31,"spd":31,"spe":31}},{"name":"Hitmonlee","species":"Hitmonlee","item":"whiteherb","ability":"Unburden","moves":["closecombat","bulkup","fakeout","bulletpunch"],"nature":"Adamant","evs":{"hp":4,"atk":252,"def":0,"spa":0,"spd":0,"spe":252},"ivs":{"hp":31,"atk":31,"def":31,"spa":31,"spd":31,"spe":31}}],"log":["|player|p1|Guard Darkrai|guarddarkrai.png","|player|p2|LTIL-Tahit|169","|gametype|singles","|gen|6","|tier|Monotype","|rated","|rule|Baton Pass Clause: Limit one Baton Passer, can't pass Spe and other stats simultaneously","|rule|Swagger Clause: Swagger is banned","|rule|Same Type Clause: Pokémon in a team must share a type","|clearpoke","|poke|p1|Beedrill, M, shiny","|poke|p1|Durant, F, shiny","|poke|p1|Venomoth, M, shiny","|poke|p1|Ariados, F","|poke|p1|Heracross, F, shiny","|poke|p1|Illumise, F, shiny","|poke|p2|Terrakion","|poke|p2|Medicham, F","|poke|p2|Conkeldurr, M","|poke|p2|Chesnaught, F","|poke|p2|Hawlucha, F","|poke|p2|Hitmonlee, M","|rule|Sleep Clause Mod: Limit one foe put to sleep","|rule|Species Clause: Limit one of each Pokémon","|rule|OHKO Clause: OHKO moves are banned","|rule|Moody Clause: Moody is banned","|rule|Evasion Moves Clause: Evasion moves are banned","|rule|Endless Battle Clause: Forcing endless battles is banned","|rule|HP Percentage Mod: HP is shown in percentages","|teampreview","|","|start","|switch|p1a: Ariados|Ariados, F|343/343","|switch|p2a: Chesnaught|Chesnaught, F|380/380","|turn|1","|","|move|p2a: Chesnaught|Leech Seed|p1a: Ariados","|-start|p1a: Ariados|move: Leech Seed","|move|p1a: Ariados|Sticky Web|p2a: Chesnaught","|-sidestart|p2: LTIL-Tahit|move: Sticky Web","|","|-damage|p1a: Ariados|301/343|[from] Leech Seed|[of] p2a: Chesnaught","|turn|2","|","|move|p2a: Chesnaught|Spikes|p1a: Ariados","|-sidestart|p1: Guard Darkrai|Spikes","|move|p1a: Ariados|Megahorn|p2a: Chesnaught","|-damage|p2a: Chesnaught|236/380","|","|-heal|p2a: Chesnaught|259/380|[from] item: Leftovers","|-damage|p1a: Ariados|259/343|[from] Leech Seed|[of] p2a: Chesnaught","|-heal|p2a: Chesnaught|301/380|[silent]","|turn|3","|","|switch|p1a: Illumise|Illumise, F, shiny|334/334","|-damage|p1a: Illumise|293/334|[from] Spikes","|move|p2a: Chesnaught|Spikes|p1a: Illumise","|-sidestart|p1: Guard Darkrai|Spikes","|","|-heal|p1a: Illumise|313/334|[from] item: Leftovers","|-heal|p2a: Chesnaught|324/380|[from] item: Leftovers","|turn|4","|","|move|p2a: Chesnaught|Spiky Shield|p2a: Chesnaught","|-singleturn|p2a: Chesnaught|move: Protect","|move|p1a: Illumise|Encore|p2a: Chesnaught","|-activate|p2a: Chesnaught|Protect","|","|-heal|p1a: Illumise|333/334|[from] item: Leftovers","|-heal|p2a: Chesnaught|347/380|[from] item: Leftovers","|turn|5","|","|move|p1a: Illumise|Encore|p2a: Chesnaught","|-start|p2a: Chesnaught|Encore","|move|p2a: Chesnaught|Spiky Shield|p2a: Chesnaught","|-fail|p2a: Chesnaught","|","|-heal|p1a: Illumise|334/334|[from] item: Leftovers","|-heal|p2a: Chesnaught|370/380|[from] item: Leftovers","|turn|6","|","|move|p2a: Chesnaught|Spiky Shield|p2a: Chesnaught","|-singleturn|p2a: Chesnaught|move: Protect","|move|p1a: Illumise|Thunder Wave|p2a: Chesnaught","|-activate|p2a: Chesnaught|Protect","|","|-heal|p2a: Chesnaught|380/380|[from] item: Leftovers","|turn|7","|","|move|p2a: Chesnaught|Spiky Shield|p2a: Chesnaught","|-fail|p2a: Chesnaught","|move|p1a: Illumise|Thunder Wave|p2a: Chesnaught","|-status|p2a: Chesnaught|par","|","|-end|p2a: Chesnaught|Encore","|turn|8","|","|move|p1a: Illumise|Encore|p2a: Chesnaught","|-start|p2a: Chesnaught|Encore","|cant|p2a: Chesnaught|par","|","|turn|9","|","|move|p2a: Chesnaught|Spiky Shield|p2a: Chesnaught","|-singleturn|p2a: Chesnaught|move: Protect","|move|p1a: Illumise|U-turn|p2a: Chesnaught","|-activate|p2a: Chesnaught|Protect","|-damage|p1a: Illumise|293/334|[from] Spiky Shield|[of] p2a: Chesnaught","|","|-heal|p1a: Illumise|313/334|[from] item: Leftovers","|turn|10","|","|move|p2a: Chesnaught|Spiky Shield|p2a: Chesnaught","|-fail|p2a: Chesnaught","|move|p1a: Illumise|U-turn|p2a: Chesnaught","|-damage|p2a: Chesnaught|344/380 par","|","|switch|p1a: Beedrill|Beedrill, M, shiny|271/271","|-damage|p1a: Beedrill|226/271|[from] Spikes","|","|-heal|p2a: Chesnaught|367/380 par|[from] item: Leftovers","|-end|p2a: Chesnaught|Encore","|turn|11","|","|detailschange|p1a: Beedrill|Beedrill-Mega, M, shiny","|-mega|p1a: Beedrill|Beedrill|Beedrillite","|move|p1a: Beedrill|Protect|p1a: Beedrill","|-singleturn|p1a: Beedrill|Protect","|cant|p2a: Chesnaught|par","|","|-heal|p2a: Chesnaught|380/380 par|[from] item: Leftovers","|turn|12","|","|move|p1a: Beedrill|Protect|p1a: Beedrill","|-fail|p1a: Beedrill","|move|p2a: Chesnaught|Spikes|p1a: Beedrill","|-sidestart|p1: Guard Darkrai|Spikes","|","|turn|13","|","|move|p1a: Beedrill|Poison Jab|p2a: Chesnaught","|-supereffective|p2a: Chesnaught","|-damage|p2a: Chesnaught|16/380 par","|move|p2a: Chesnaught|Leech Seed|p1a: Beedrill","|-start|p1a: Beedrill|move: Leech Seed","|","|-heal|p2a: Chesnaught|39/380 par|[from] item: Leftovers","|-damage|p1a: Beedrill|193/271|[from] Leech Seed|[of] p2a: Chesnaught","|-heal|p2a: Chesnaught|72/380 par|[silent]","|turn|14","|","|move|p2a: Chesnaught|Spiky Shield|p2a: Chesnaught","|-singleturn|p2a: Chesnaught|move: Protect","|move|p1a: Beedrill|Fell Stinger|p2a: Chesnaught","|-activate|p2a: Chesnaught|Protect","|-damage|p1a: Beedrill|160/271|[from] Spiky Shield|[of] p2a: Chesnaught","|","|-heal|p2a: Chesnaught|95/380 par|[from] item: Leftovers","|-damage|p1a: Beedrill|127/271|[from] Leech Seed|[of] p2a: Chesnaught","|-heal|p2a: Chesnaught|128/380 par|[silent]","|turn|15","|","|move|p2a: Chesnaught|Spiky Shield|p2a: Chesnaught","|-fail|p2a: Chesnaught","|move|p1a: Beedrill|Fell Stinger|p2a: Chesnaught","|-damage|p2a: Chesnaught|62/380 par","|","|-heal|p2a: Chesnaught|85/380 par|[from] item: Leftovers","|-damage|p1a: Beedrill|94/271|[from] Leech Seed|[of] p2a: Chesnaught","|-heal|p2a: Chesnaught|118/380 par|[silent]","|turn|16","|","|move|p2a: Chesnaught|Spiky Shield|p2a: Chesnaught","|-singleturn|p2a: Chesnaught|move: Protect","|move|p1a: Beedrill|Poison Jab|p2a: Chesnaught","|-activate|p2a: Chesnaught|Protect","|-damage|p1a: Beedrill|61/271|[from] Spiky Shield|[of] p2a: Chesnaught","|","|-heal|p2a: Chesnaught|141/380 par|[from] item: Leftovers","|-damage|p1a: Beedrill|28/271|[from] Leech Seed|[of] p2a: Chesnaught","|-heal|p2a: Chesnaught|174/380 par|[silent]","|turn|17","|","|move|p1a: Beedrill|Poison Jab|p2a: Chesnaught","|-supereffective|p2a: Chesnaught","|-damage|p2a: Chesnaught|0 fnt","|faint|p2a: Chesnaught","|","|","|switch|p2a: Hawlucha|Hawlucha, F|300/300","|turn|18","|","|move|p1a: Beedrill|U-turn|p2a: Hawlucha","|-resisted|p2a: Hawlucha","|-damage|p2a: Hawlucha|243/300","|","|switch|p1a: Ariados|Ariados, F|259/343","|-damage|p1a: Ariados|174/343|[from] Spikes","|move|p2a: Hawlucha|Substitute|p2a: Hawlucha","|-start|p2a: Hawlucha|Substitute","|-damage|p2a: Hawlucha|168/300","|","|turn|19","|","|move|p1a: Ariados|Shadow Sneak|p2a: Hawlucha","|-activate|p2a: Hawlucha|Substitute|[damage]","|move|p2a: Hawlucha|Swords Dance|p2a: Hawlucha","|-boost|p2a: Hawlucha|atk|2","|","|turn|20","|","|move|p1a: Ariados|Shadow Sneak|p2a: Hawlucha","|-end|p2a: Hawlucha|Substitute","|move|p2a: Hawlucha|Acrobatics|p1a: Ariados","|-supereffective|p1a: Ariados","|-damage|p1a: Ariados|0 fnt","|faint|p1a: Ariados","|","|","|switch|p1a: Illumise|Illumise, F, shiny|313/334","|-damage|p1a: Illumise|230/334|[from] Spikes","|turn|21","|","|move|p1a: Illumise|Thunder Wave|p2a: Hawlucha","|-status|p2a: Hawlucha|par","|move|p2a: Hawlucha|Acrobatics|p1a: Illumise","|-supereffective|p1a: Illumise","|-damage|p1a: Illumise|0 fnt","|faint|p1a: Illumise","|","|","|switch|p1a: Durant|Durant, F, shiny|257/257","|-damage|p1a: Durant|193/257|[from] Spikes","|turn|22","|","|move|p1a: Durant|Iron Head|p2a: Hawlucha","|-damage|p2a: Hawlucha|0 fnt","|-damage|p1a: Durant|168/257|[from] item: Life Orb","|faint|p2a: Hawlucha","|","|","|switch|p2a: Hitmonlee|Hitmonlee, M|242/242","|-activate|p2a: Hitmonlee|move: Sticky Web","|-unboost|p2a: Hitmonlee|spe|1","|-enditem|p2a: Hitmonlee|White Herb","|-restoreboost|p2a: Hitmonlee|[silent]","|turn|23","|","|move|p2a: Hitmonlee|Fake Out|p1a: Durant","|-resisted|p1a: Durant","|-damage|p1a: Durant|146/257","|cant|p1a: Durant|flinch","|","|turn|24","|","|move|p2a: Hitmonlee|Bulk Up|p2a: Hitmonlee","|-boost|p2a: Hitmonlee|atk|1","|-boost|p2a: Hitmonlee|def|1","|move|p1a: Durant|Iron Head|p2a: Hitmonlee","|-damage|p2a: Hitmonlee|0 fnt","|-damage|p1a: Durant|121/257|[from] item: Life Orb","|faint|p2a: Hitmonlee","|","|","|switch|p2a: Terrakion|Terrakion|324/324","|-activate|p2a: Terrakion|move: Sticky Web","|-unboost|p2a: Terrakion|spe|1","|turn|25","|","|switch|p1a: Beedrill|Beedrill-Mega, M, shiny|28/271","|-damage|p1a: Beedrill|0 fnt|[from] Spikes","|faint|p1a: Beedrill","|move|p2a: Terrakion|Stone Edge|p1: Beedrill|[notarget]","|-notarget","|","|","|switch|p1a: Heracross|Heracross, F, shiny|301/301","|-damage|p1a: Heracross|226/301|[from] Spikes","|turn|26","|","|move|p1a: Heracross|Close Combat|p2a: Terrakion","|-supereffective|p2a: Terrakion","|-damage|p2a: Terrakion|0 fnt","|-unboost|p1a: Heracross|def|1","|-unboost|p1a: Heracross|spd|1","|faint|p2a: Terrakion","|-boost|p1a: Heracross|atk|1|[from] ability: Moxie","|","|","|switch|p2a: Medicham|Medicham, F|261/261","|-activate|p2a: Medicham|move: Sticky Web","|-unboost|p2a: Medicham|spe|1","|turn|27","|","|switch|p1a: Venomoth|Venomoth, M, shiny|281/281","|-damage|p1a: Venomoth|211/281|[from] Spikes","|detailschange|p2a: Medicham|Medicham-Mega, F","|-mega|p2a: Medicham|Medicham|Medichamite","|move|p2a: Medicham|Fake Out|p1a: Venomoth","|-damage|p1a: Venomoth|98/281","|","|turn|28","|","|move|p2a: Medicham|Bullet Punch|p1a: Venomoth","|-damage|p1a: Venomoth|0 fnt","|faint|p1a: Venomoth","|","|","|switch|p1a: Heracross|Heracross, F, shiny|226/301","|-damage|p1a: Heracross|151/301|[from] Spikes","|turn|29","|","|move|p2a: Medicham|Bullet Punch|p1a: Heracross","|-damage|p1a: Heracross|54/301","|move|p1a: Heracross|Megahorn|p2a: Medicham","|-damage|p2a: Medicham|5/261","|","|turn|30","|","|move|p2a: Medicham|Bullet Punch|p1a: Heracross","|-damage|p1a: Heracross|0 fnt","|faint|p1a: Heracross","|","|","|switch|p1a: Durant|Durant, F, shiny|121/257","|-damage|p1a: Durant|57/257|[from] Spikes","|turn|31","|","|move|p2a: Medicham|Bullet Punch|p1a: Durant","|-resisted|p1a: Durant","|-damage|p1a: Durant|23/257","|move|p1a: Durant|X-Scissor|p2a: Medicham|[miss]","|-miss|p1a: Durant|p2a: Medicham","|","|turn|32","|","|move|p2a: Medicham|Bullet Punch|p1a: Durant","|-resisted|p1a: Durant","|-damage|p1a: Durant|0 fnt","|faint|p1a: Durant","|","|win|LTIL-Tahit"],"p1rating":{"entryid":"6034648","serverid":"eos","formatid":"monotype","userid":"guarddarkrai","username":"Guard Darkrai","w":"62","l":76,"t":"0","gxe":44.4,"r":1460.1037078647,"rd":33.145922397542,"sigma":"0","rptime":1438678800,"rpr":1457.2451411613,"rprd":33.000663379734,"rpsigma":"0","acre":1051.6548618991,"lacre":1051.6548618991,"oldacre":"1061.9627779622"},"p2rating":{"entryid":"6925118","serverid":"eos","formatid":"monotype","userid":"ltiltahit","username":"LTIL-Tahit","w":41,"l":"40","t":"0","gxe":51.8,"r":"1487.0572827682","rd":"50.373019293434","sigma":"0","rptime":"1438678800","rpr":1513.8591584764,"rprd":44.512127531838,"rpsigma":"0","acre":1250.6479121368,"lacre":1250.6479121368,"oldacre":"1237.2918254689"},"endType":"normal"}