{"seed":[8040,1193,43979,26167],"turns":22,"p1":"DJMadness","p2":"E4 UltraInkay","p1team":[{"name":"The Hero","species":"accelgor","item":"choicescarf","ability":"Sticky Hold","moves":["bugbuzz","finalgambit","sludgebomb","energyball"],"nature":"Timid","evs":{"hp":252,"atk":0,"def":0,"spa":4,"spd":0,"spe":252},"gender":"M","shiny":true,"ivs":{"hp":31,"atk":31,"def":31,"spa":31,"spd":31,"spe":31}},{"name":"A Monster","species":"volcarona","item":"sitrusberry","ability":"Flame Body","moves":["bugbuzz","fierydance","quiverdance","gigadrain"],"nature":"Timid","evs":{"hp":252,"atk":0,"def":0,"spa":0,"spd":4,"spe":252},"gender":"F","shiny":true,"ivs":{"hp":31,"atk":31,"def":31,"spa":31,"spd":31,"spe":31}},{"name":"What Am I?","species":"armaldo","item":"leftovers","ability":"Battle Armor","moves":["stealthrock","rapidspin","toxic","rockslide"],"nature":"Impish","evs":{"hp":252,"atk":4,"def":252,"spa":0,"spd":0,"spe":0},"gender":"M","shiny":true,"ivs":{"hp":31,"atk":31,"def":31,"spa":31,"spd":31,"spe":31}},{"name":"Cockroach","species":"pinsir","item":"pinsirite","ability":"Moxie","moves":["quickattack","return","closecombat","stoneedge"],"nature":"Adamant","evs":{"hp":248,"atk":252,"def":0,"spa":0,"spd":8,"spe":0},"gender":"M","shiny":true,"ivs":{"hp":31,"atk":31,"def":31,"spa":31,"spd":31,"spe":31}},{"name":"Dual Blade","species":"scyther","item":"eviolite","ability":"Technician","moves":["aerialace","swordsdance","roost","quickattack"],"nature":"Jolly","evs":{"hp":252,"atk":4,"def":0,"spa":0,"spd":0,"spe":252},"gender":"M","shiny":true,"ivs":{"hp":31,"atk":31,"def":31,"spa":31,"spd":31,"spe":31}},{"name":"Soo Kawaii :3","species":"vivillon","item":"focussash","ability":"Compound Eyes","moves":["hurricane","sleeppowder","drainingkiss","quiverdance"],"nature":"Timid","evs":{"hp":0,"atk":0,"def":0,"spa":252,"spd":0,"spe":252},"gender":"F","shiny":true,"ivs":{"hp":31,"atk":31,"def":31,"spa":31,"spd":31,"spe":31}}],"p2team":[{"name":"Scizor","species":"Scizor","item":"scizorite","ability":"Technician","moves":["swordsdance","bulletpunch","uturn","knockoff"],"nature":"Adamant","evs":{"hp":248,"atk":252,"def":0,"spa":0,"spd":8,"spe":0},"ivs":{"hp":31,"atk":31,"def":31,"spa":31,"spd":31,"spe":31}},{"name":"Klinklang","species":"Klinklang","item":"weaknesspolicy","ability":"Clear Body","moves":["shiftgear","geargrind","wildcharge","substitute"],"nature":"Impish","evs":{"hp":248,"atk":8,"def":252,"spa":0,"spd":0,"spe":0},"happiness":0,"ivs":{"hp":31,"atk":31,"def":31,"spa":31,"spd":31,"spe":31}},{"name":"Probopass","species":"Probopass","item":"sitrusberry","ability":"Sturdy","moves":["toxic","ancientpower","stealthrock","voltswitch"],"nature":"Calm","evs":{"hp":248,"atk":0,"def":0,"spa":8,"spd":252,"spe":0},"ivs":{"hp":31,"atk":0,"def":31,"spa":31,"spd":31,"spe":31}},{"name":"Bastiodon","species":"Bastiodon","item":"airballoon","ability":"Soundproof","moves":["protect","substitute","heavyslam","roar"],"nature":"Impish","evs":{"hp":248,"atk":8,"def":252,"spa":0,"spd":0,"spe":0},"ivs":{"hp":31,"atk":31,"def":31,"spa":31,"spd":31,"spe":31}},{"name":"Lucario","species":"Lucario","item":"blackbelt","ability":"Justified","moves":["aurasphere","vacuumwave","calmmind","flashcannon"],"nature":"Modest","evs":{"hp":248,"atk":0,"def":0,"spa":252,"spd":8,"spe":0},"ivs":{"hp":31,"atk":31,"def":31,"spa":31,"spd":31,"spe":31}},{"name":"Magnezone","species":"Magnezone","item":"lightclay","ability":"Analytic","moves":["hiddenpowerice","thunderbolt","lightscreen","reflect"],"nature":"Modest","evs":{"hp":248,"atk":0,"def":0,"spa":252,"spd":8,"spe":0},"ivs":{"hp":31,"atk":30,"def":30,"spa":31,"spd":31,"spe":31}}],"log":["|player|p1|DJMadness|92","|player|p2|E4 UltraInkay|293","|gametype|singles","|gen|6","|tier|Monotype","|rated","|rule|Baton Pass Clause: Limit one Baton Passer, can't pass Spe and other stats simultaneously","|rule|Swagger Clause: Swagger is banned","|rule|Same Type Clause: Pokémon in a team must share a type","|clearpoke","|poke|p1|Accelgor, M, shiny","|poke|p1|Volcarona, F, shiny","|poke|p1|Armaldo, M, shiny","|poke|p1|Pinsir, M, shiny","|poke|p1|Scyther, M, shiny","|poke|p1|Vivillon, F, shiny","|poke|p2|Scizor, M","|poke|p2|Klinklang","|poke|p2|Probopass, M","|poke|p2|Bastiodon, F","|poke|p2|Lucario, F","|poke|p2|Magnezone","|rule|Sleep Clause Mod: Limit one foe put to sleep","|rule|Species Clause: Limit one of each Pokémon","|rule|OHKO Clause: OHKO moves are banned","|rule|Moody Clause: Moody is banned","|rule|Evasion Moves Clause: Evasion moves are banned","|rule|Endless Battle Clause: Forcing endless battles is banned","|rule|HP Percentage Mod: HP is shown in percentages","|teampreview","|","|start","|switch|p1a: The Hero|Accelgor, M, shiny|364/364","|switch|p2a: Scizor|Scizor, M|343/343","|turn|1","|","|detailschange|p2a: Scizor|Scizor-Mega, M","|-mega|p2a: Scizor|Scizor|Scizorite","|move|p1a: The Hero|Final Gambit|p2a: Scizor","|-damage|p2a: Scizor|0 fnt","|faint|p1a: The Hero","|faint|p2a: Scizor","|","|","|switch|p1a: What Am I?|Armaldo, M, shiny|354/354","|switch|p2a: Probopass|Probopass, M|323/323","|turn|2","|","|move|p1a: What Am I?|Stealth Rock|p2a: Probopass","|-sidestart|p2: E4 UltraInkay|move: Stealth Rock","|move|p2a: Probopass|Ancient Power|p1a: What Am I?","|-supereffective|p1a: What Am I?","|-damage|p1a: What Am I?|226/354","|-boost|p2a: Probopass|atk|1","|-boost|p2a: Probopass|def|1","|-boost|p2a: Probopass|spa|1","|-boost|p2a: Probopass|spd|1","|-boost|p2a: Probopass|spe|1","|","|-heal|p1a: What Am I?|248/354|[from] item: Leftovers","|turn|3","|","|move|p2a: Probopass|Stealth Rock|p1a: What Am I?","|-sidestart|p1: DJMadness|move: Stealth Rock","|move|p1a: What Am I?|Rock Slide|p2a: Probopass","|-crit|p2a: Probopass","|-resisted|p2a: Probopass","|-damage|p2a: Probopass|269/323","|","|-heal|p1a: What Am I?|270/354|[from] item: Leftovers","|turn|4","|","|move|p2a: Probopass|Ancient Power|p1a: What Am I?","|-supereffective|p1a: What Am I?","|-damage|p1a: What Am I?|76/354","|move|p1a: What Am I?|Rapid Spin|p2a: Probopass","|-resisted|p2a: Probopass","|-damage|p2a: Probopass|267/323","|-sideend|p1: DJMadness|Stealth Rock|[from] move: Rapid Spin|[of] p1a: What Am I?","|","|-heal|p1a: What Am I?|98/354|[from] item: Leftovers","|turn|5","|","|move|p2a: Probopass|Ancient Power|p1a: What Am I?","|-supereffective|p1a: What Am I?","|-damage|p1a: What Am I?|0 fnt","|faint|p1a: What Am I?","|","|","|switch|p1a: Soo Kawaii :3|Vivillon, F, shiny|301/301","|turn|6","|","|move|p1a: Soo Kawaii :3|Sleep Powder|p2a: Probopass","|-status|p2a: Probopass|slp","|cant|p2a: Probopass|slp","|","|turn|7","|","|move|p1a: Soo Kawaii :3|Quiver Dance|p1a: Soo Kawaii :3","|-boost|p1a: Soo Kawaii :3|spa|1","|-boost|p1a: Soo Kawaii :3|spd|1","|-boost|p1a: Soo Kawaii :3|spe|1","|cant|p2a: Probopass|slp","|","|turn|8","|","|move|p1a: Soo Kawaii :3|Hurricane|p2a: Probopass","|-resisted|p2a: Probopass","|-damage|p2a: Probopass|248/323 slp","|-start|p2a: Probopass|confusion","|-curestatus|p2a: Probopass|slp","|-activate|p2a: Probopass|confusion","|-damage|p2a: Probopass|238/323|[from] confusion","|","|turn|9","|","|move|p1a: Soo Kawaii :3|Sleep Powder|p2a: Probopass","|-status|p2a: Probopass|slp","|cant|p2a: Probopass|slp","|","|turn|10","|","|move|p1a: Soo Kawaii :3|Quiver Dance|p1a: Soo Kawaii :3","|-boost|p1a: Soo Kawaii :3|spa|1","|-boost|p1a: Soo Kawaii :3|spd|1","|-boost|p1a: Soo Kawaii :3|spe|1","|cant|p2a: Probopass|slp","|","|turn|11","|","|move|p1a: Soo Kawaii :3|Hurricane|p2a: Probopass","|-resisted|p2a: Probopass","|-damage|p2a: Probopass|211/323 slp","|-curestatus|p2a: Probopass|slp","|-activate|p2a: Probopass|confusion","|move|p2a: Probopass|Ancient Power|p1a: Soo Kawaii :3","|-supereffective|p1a: Soo Kawaii :3","|-enditem|p1a: Soo Kawaii :3|Focus Sash","|-damage|p1a: Soo Kawaii :3|1/301","|","|turn|12","|","|move|p1a: Soo Kawaii :3|Draining Kiss|p2a: Probopass","|-resisted|p2a: Probopass","|-damage|p2a: Probopass|193/323","|-heal|p1a: Soo Kawaii :3|15/301|[from] drain|[of] p2a: Probopass","|-activate|p2a: Probopass|confusion","|move|p2a: Probopass|Stealth Rock|p1a: Soo Kawaii :3","|-sidestart|p1: DJMadness|move: Stealth Rock","|","|turn|13","|","|move|p1a: Soo Kawaii :3|Hurricane|p2a: Probopass","|-resisted|p2a: Probopass","|-damage|p2a: Probopass|166/323","|-activate|p2a: Probopass|confusion","|-damage|p2a: Probopass|155/323|[from] confusion","|-enditem|p2a: Probopass|Sitrus Berry|[eat]","|-heal|p2a: Probopass|235/323|[from] item: Sitrus Berry","|","|turn|14","|","|move|p1a: Soo Kawaii :3|Sleep Powder|p2a: Probopass","|-status|p2a: Probopass|slp","|cant|p2a: Probopass|slp","|","|turn|15","|","|move|p1a: Soo Kawaii :3|Hurricane|p2a: Probopass","|-resisted|p2a: Probopass","|-damage|p2a: Probopass|210/323 slp","|-curestatus|p2a: Probopass|slp","|-end|p2a: Probopass|confusion","|move|p2a: Probopass|Ancient Power|p1a: Soo Kawaii :3","|-supereffective|p1a: Soo Kawaii :3","|-damage|p1a: Soo Kawaii :3|0 fnt","|faint|p1a: Soo Kawaii :3","|","|","|switch|p1a: A Monster|Volcarona, F, shiny|374/374","|-damage|p1a: A Monster|187/374|[from] Stealth Rock","|-enditem|p1a: A Monster|Sitrus Berry|[eat]","|-heal|p1a: A Monster|280/374|[from] item: Sitrus Berry","|turn|16","|","|move|p1a: A Monster|Fiery Dance|p2a: Probopass","|-crit|p2a: Probopass","|-damage|p2a: Probopass|114/323","|-boost|p1a: A Monster|spa|1","|move|p2a: Probopass|Ancient Power|p1a: A Monster","|-supereffective|p1a: A Monster","|-damage|p1a: A Monster|0 fnt","|faint|p1a: A Monster","|","|","|switch|p1a: Cockroach|Pinsir, M, shiny|333/333","|-damage|p1a: Cockroach|250/333|[from] Stealth Rock","|turn|17","|","|move|p1a: Cockroach|Close Combat|p2a: Probopass","|-supereffective|p2a: Probopass","|-damage|p2a: Probopass|0 fnt","|-unboost|p1a: Cockroach|def|1","|-unboost|p1a: Cockroach|spd|1","|faint|p2a: Probopass","|-boost|p1a: Cockroach|atk|1|[from] ability: Moxie","|","|","|switch|p2a: Klinklang|Klinklang|323/323","|-damage|p2a: Klinklang|303/323|[from] Stealth Rock","|turn|18","|","|detailschange|p1a: Cockroach|Pinsir-Mega, M, shiny","|-mega|p1a: Cockroach|Pinsir|Pinsirite","|move|p2a: Klinklang|Wild Charge|p1a: Cockroach","|-supereffective|p1a: Cockroach","|-damage|p1a: Cockroach|58/333","|-damage|p2a: Klinklang|255/323|[from] recoil|[of] p1a: Cockroach","|move|p1a: Cockroach|Close Combat|p2a: Klinklang","|-crit|p2a: Klinklang","|-supereffective|p2a: Klinklang","|-damage|p2a: Klinklang|0 fnt","|-unboost|p1a: Cockroach|def|1","|-unboost|p1a: Cockroach|spd|1","|faint|p2a: Klinklang","|","|","|switch|p2a: Lucario|Lucario, F|343/343","|-damage|p2a: Lucario|333/343|[from] Stealth Rock","|turn|19","|","|move|p1a: Cockroach|Quick Attack|p2a: Lucario","|-damage|p2a: Lucario|86/343","|move|p2a: Lucario|Vacuum Wave|p1a: Cockroach","|-resisted|p1a: Cockroach","|-damage|p1a: Cockroach|13/333","|","|turn|20","|","|move|p1a: Cockroach|Quick Attack|p2a: Lucario","|-damage|p2a: Lucario|0 fnt","|faint|p2a: Lucario","|","|","|switch|p2a: Bastiodon|Bastiodon, F|323/323","|-damage|p2a: Bastiodon|303/323|[from] Stealth Rock","|-item|p2a: Bastiodon|Air Balloon","|turn|21","|","|move|p1a: Cockroach|Close Combat|p2a: Bastiodon","|-crit|p2a: Bastiodon","|-supereffective|p2a: Bastiodon","|-damage|p2a: Bastiodon|0 fnt","|-enditem|p2a: Bastiodon|Air Balloon","|-unboost|p1a: Cockroach|def|1","|-unboost|p1a: Cockroach|spd|1","|faint|p2a: Bastiodon","|","|","|switch|p2a: Magnezone|Magnezone|343/343","|-damage|p2a: Magnezone|322/343|[from] Stealth Rock","|turn|22","|","|move|p1a: Cockroach|Close Combat|p2a: Magnezone","|-supereffective|p2a: Magnezone","|-damage|p2a: Magnezone|0 fnt","|-unboost|p1a: Cockroach|def|1","|-unboost|p1a: Cockroach|spd|1","|faint|p2a: Magnezone","|","|win|DJMadness"],"p1rating":{"entryid":"7355209","serverid":"eos","formatid":"monotype","userid":"djmadness","username":"DJMadness","w":11,"l":"12","t":"0","gxe":48.9,"r":"1344.0194674362","rd":"88.375044745558","sigma":"0","rptime":"1438678800","rpr":1491.7537258818,"rprd":70.481543471946,"rpsigma":"0","acre":1203.6404767919,"lacre":1203.6404767919,"oldacre":"1185.5068930941"},"p2rating":{"entryid":"6413228","serverid":"eos","formatid":"monotype","userid":"e4ultrainkay","username":"E4 UltraInkay","w":"11","l":22,"t":"0","gxe":36.8,"r":"1395.6957690338","rd":"62.087825621381","sigma":"0","rptime":"1438678800","rpr":1397.147582775,"rprd":60.358087586512,"rpsigma":"0","acre":1070.7861983033,"lacre":1070.7861983033,"oldacre":"1087.5670593857"},"endType":"normal"}