{"seed":[53562,39425,56247,11335],"turns":28,"p1":"LTIL-Tahit","p2":"Emg_DemZii","p1team":[{"name":"Aegi","species":"aegislash","item":"weaknesspolicy","ability":"Stance Change","moves":["kingsshield","shadowball","sacredsword","shadowsneak"],"nature":"Quiet","evs":{"hp":252,"atk":4,"def":0,"spa":252,"spd":0,"spe":0},"ivs":{"hp":31,"atk":31,"def":31,"spa":31,"spd":31,"spe":0}},{"name":"G gar","species":"gengar","item":"widelens","ability":"Levitate","moves":["ominouswind","sludgebomb","focusblast","destinybond"],"nature":"Timid","evs":{"hp":0,"atk":0,"def":0,"spa":252,"spd":4,"spe":252},"ivs":{"hp":31,"atk":31,"def":31,"spa":31,"spd":31,"spe":31}},{"name":"Treve","species":"trevenant","item":"sitrusberry","ability":"Harvest","moves":["substitute","leechseed","willowisp","hornleech"],"nature":"Impish","evs":{"hp":252,"atk":0,"def":148,"spa":0,"spd":108,"spe":0},"ivs":{"hp":31,"atk":31,"def":31,"spa":31,"spd":31,"spe":31}},{"name":"Sableye","species":"Sableye","item":"sablenite","ability":"Prankster","moves":["calmmind","willowisp","recover","dazzlinggleam"],"nature":"Calm","evs":{"hp":0,"atk":0,"def":248,"spa":0,"spd":252,"spe":8},"ivs":{"hp":31,"atk":31,"def":31,"spa":31,"spd":31,"spe":31}},{"name":"G-S","species":"gourgeistsuper","item":"leftovers","ability":"Frisk","moves":["flamecharge","willowisp","leechseed","painsplit"],"nature":"Careful","evs":{"hp":252,"atk":0,"def":252,"spa":0,"spd":4,"spe":0},"ivs":{"hp":31,"atk":31,"def":31,"spa":31,"spd":31,"spe":31}},{"name":"Drifblim","species":"Drifblim","item":"sitrusberry","ability":"Unburden","moves":["hex","willowisp","toxic","clearsmog"],"nature":"Bold","evs":{"hp":252,"atk":0,"def":4,"spa":0,"spd":252,"spe":0},"ivs":{"hp":31,"atk":31,"def":31,"spa":31,"spd":31,"spe":31}}],"p2team":[{"name":"Hoopa-Unbound","species":"Hoopa-Unbound","item":"choicescarf","ability":"Magician","moves":["energyball","focusblast","thunderbolt","hyperspacehole"],"nature":"Timid","evs":{"hp":0,"atk":0,"def":0,"spa":252,"spd":4,"spe":252},"ivs":{"hp":31,"atk":30,"def":30,"spa":31,"spd":31,"spe":31}},{"name":"Sableye","species":"Sableye","item":"sablenite","ability":"Prankster","moves":["recover","willowisp","calmmind","snarl"],"nature":"Calm","evs":{"hp":248,"atk":0,"def":252,"spa":0,"spd":8,"spe":0},"ivs":{"hp":31,"atk":31,"def":31,"spa":31,"spd":31,"spe":31}},{"name":"Drapion","species":"Drapion","item":"muscleband","ability":"Sniper","moves":["crosspoison","firefang","nightslash","rockslide"],"nature":"Adamant","evs":{"hp":248,"atk":252,"def":0,"spa":0,"spd":8,"spe":0},"ivs":{"hp":31,"atk":31,"def":31,"spa":31,"spd":31,"spe":31}},{"name":"Umbreon","species":"Umbreon","item":"leftovers","ability":"Synchronize","moves":["moonlight","healbell","toxic","darkpulse"],"nature":"Calm","evs":{"hp":252,"atk":0,"def":0,"spa":4,"spd":252,"spe":0},"ivs":{"hp":31,"atk":31,"def":31,"spa":31,"spd":31,"spe":31}},{"name":"Mandibuzz","species":"Mandibuzz","item":"rockyhelmet","ability":"Big Pecks","moves":["roost","knockoff","defog","heatwave"],"nature":"Lax","evs":{"hp":248,"atk":8,"def":252,"spa":0,"spd":0,"spe":0},"happiness":0,"ivs":{"hp":31,"atk":31,"def":31,"spa":31,"spd":31,"spe":31}},{"name":"Bisharp","species":"Bisharp","item":"choicescarf","ability":"Defiant","moves":["brickbreak","ironhead","knockoff","nightslash"],"nature":"Jolly","evs":{"hp":0,"atk":252,"def":0,"spa":0,"spd":4,"spe":252},"ivs":{"hp":31,"atk":31,"def":31,"spa":31,"spd":31,"spe":31}}],"log":["|player|p1|LTIL-Tahit|169","|player|p2|Emg_DemZii|274","|gametype|singles","|gen|6","|tier|Monotype","|rated","|rule|Baton Pass Clause: Limit one Baton Passer, can't pass Spe and other stats simultaneously","|rule|Swagger Clause: Swagger is banned","|rule|Same Type Clause: Pokémon in a team must share a type","|clearpoke","|poke|p1|Aegislash, F","|poke|p1|Gengar, M","|poke|p1|Trevenant, F","|poke|p1|Sableye, F","|poke|p1|Gourgeist-*, M","|poke|p1|Drifblim, M","|poke|p2|Hoopa-Unbound","|poke|p2|Sableye, F","|poke|p2|Drapion, F","|poke|p2|Umbreon, M","|poke|p2|Mandibuzz, F","|poke|p2|Bisharp, M","|rule|Sleep Clause Mod: Limit one foe put to sleep","|rule|Species Clause: Limit one of each Pokémon","|rule|OHKO Clause: OHKO moves are banned","|rule|Moody Clause: Moody is banned","|rule|Evasion Moves Clause: Evasion moves are banned","|rule|Endless Battle Clause: Forcing endless battles is banned","|rule|HP Percentage Mod: HP is shown in percentages","|teampreview","|","|start","|switch|p1a: Drifblim|Drifblim, M|504/504","|switch|p2a: Sableye|Sableye, F|303/303","|turn|1","|","|detailschange|p2a: Sableye|Sableye-Mega, F","|-mega|p2a: Sableye|Sableye|Sablenite","|move|p1a: Drifblim|Hex|p2a: Sableye","|-damage|p2a: Sableye|243/303","|move|p2a: Sableye|Snarl|p1a: Drifblim","|-crit|p1a: Drifblim","|-supereffective|p1a: Drifblim","|-damage|p1a: Drifblim|316/504","|-unboost|p1a: Drifblim|spa|1","|","|turn|2","|","|switch|p1a: G-S|Gourgeist-Super, M|374/374","|-item|p2a: Sableye|Sablenite|[from] ability: Frisk|[of] p1a: G-S|[identify]","|move|p2a: Sableye|Calm Mind|p2a: Sableye","|-boost|p2a: Sableye|spa|1","|-boost|p2a: Sableye|spd|1","|","|turn|3","|","|move|p1a: G-S|Flame Charge|p2a: Sableye","|-damage|p2a: Sableye|216/303","|-boost|p1a: G-S|spe|1","|move|p2a: Sableye|Snarl|p1a: G-S","|-supereffective|p1a: G-S","|-damage|p1a: G-S|194/374","|-unboost|p1a: G-S|spa|1","|","|-heal|p1a: G-S|217/374|[from] item: Leftovers","|turn|4","|","|move|p1a: G-S|Flame Charge|p2a: Sableye","|-damage|p2a: Sableye|190/303","|-boost|p1a: G-S|spe|1","|move|p2a: Sableye|Calm Mind|p2a: Sableye","|-boost|p2a: Sableye|spa|1","|-boost|p2a: Sableye|spd|1","|","|-heal|p1a: G-S|240/374|[from] item: Leftovers","|turn|5","|","|move|p1a: G-S|Flame Charge|p2a: Sableye","|-damage|p2a: Sableye|163/303","|-boost|p1a: G-S|spe|1","|move|p2a: Sableye|Snarl|p1a: G-S","|-supereffective|p1a: G-S","|-damage|p1a: G-S|0 fnt","|faint|p1a: G-S","|","|","|switch|p1a: Treve|Trevenant, F|374/374","|turn|6","|","|move|p1a: Treve|Substitute|p1a: Treve","|-start|p1a: Treve|Substitute","|-damage|p1a: Treve|281/374","|move|p2a: Sableye|Snarl|p1a: Treve","|-supereffective|p1a: Treve","|-damage|p1a: Treve|59/374","|-unboost|p1a: Treve|spa|1","|-enditem|p1a: Treve|Sitrus Berry|[eat]","|-heal|p1a: Treve|152/374|[from] item: Sitrus Berry","|","|turn|7","|","|move|p1a: Treve|Horn Leech|p2a: Sableye","|-damage|p2a: Sableye|102/303","|-heal|p1a: Treve|183/374|[from] drain|[of] p2a: Sableye","|move|p2a: Sableye|Snarl|p1a: Treve","|-supereffective|p1a: Treve","|-damage|p1a: Treve|0 fnt","|faint|p1a: Treve","|","|","|switch|p1a: G gar|Gengar, M|261/261","|turn|8","|","|move|p1a: G gar|Ominous Wind|p2a: Sableye","|-damage|p2a: Sableye|60/303","|move|p2a: Sableye|Recover|p2a: Sableye","|-heal|p2a: Sableye|212/303","|","|turn|9","|","|move|p1a: G gar|Ominous Wind|p2a: Sableye","|-damage|p2a: Sableye|169/303","|-boost|p1a: G gar|atk|1","|-boost|p1a: G gar|def|1","|-boost|p1a: G gar|spa|1","|-boost|p1a: G gar|spd|1","|-boost|p1a: G gar|spe|1","|move|p2a: Sableye|Snarl|p1a: G gar","|-supereffective|p1a: G gar","|-damage|p1a: G gar|81/261","|-unboost|p1a: G gar|spa|1","|","|turn|10","|","|move|p1a: G gar|Destiny Bond|p1a: G gar","|-singlemove|p1a: G gar|Destiny Bond","|move|p2a: Sableye|Snarl|p1a: G gar","|-supereffective|p1a: G gar","|-damage|p1a: G gar|0 fnt","|faint|p1a: G gar","|-activate|p1a: G gar|Destiny Bond","|faint|p2a: Sableye","|","|","|switch|p2a: Hoopa-Unbound|Hoopa-Unbound|301/301","|switch|p1a: Drifblim|Drifblim, M|316/504","|turn|11","|","|move|p2a: Hoopa-Unbound|Thunderbolt|p1a: Drifblim","|-supereffective|p1a: Drifblim","|-damage|p1a: Drifblim|28/504","|-status|p1a: Drifblim|par","|-enditem|p1a: Drifblim|Sitrus Berry|[eat]","|-heal|p1a: Drifblim|154/504 par|[from] item: Sitrus Berry","|move|p1a: Drifblim|Will-O-Wisp|p2a: Hoopa-Unbound","|-status|p2a: Hoopa-Unbound|brn","|","|-damage|p2a: Hoopa-Unbound|264/301 brn|[from] brn","|turn|12","|","|move|p2a: Hoopa-Unbound|Thunderbolt|p1a: Drifblim","|-supereffective|p1a: Drifblim","|-damage|p1a: Drifblim|0 fnt","|faint|p1a: Drifblim","|","|-damage|p2a: Hoopa-Unbound|227/301 brn|[from] brn","|","|switch|p1a: Sableye|Sableye, F|241/241","|turn|13","|","|switch|p2a: Bisharp|Bisharp, M|271/271","|detailschange|p1a: Sableye|Sableye-Mega, F","|-mega|p1a: Sableye|Sableye|Sablenite","|move|p1a: Sableye|Calm Mind|p1a: Sableye","|-boost|p1a: Sableye|spa|1","|-boost|p1a: Sableye|spd|1","|","|turn|14","|","|move|p2a: Bisharp|Iron Head|p1a: Sableye","|-damage|p1a: Sableye|153/241","|move|p1a: Sableye|Will-O-Wisp|p2a: Bisharp","|-status|p2a: Bisharp|brn","|","|-damage|p2a: Bisharp|238/271 brn|[from] brn","|turn|15","|","|switch|p2a: Umbreon|Umbreon, M|394/394","|move|p1a: Sableye|Recover|p1a: Sableye","|-heal|p1a: Sableye|241/241","|","|turn|16","|","|move|p2a: Umbreon|Toxic|p1a: Sableye","|move|p1a: Sableye|Toxic|p2a: Umbreon|[from]Magic Bounce","|-status|p2a: Umbreon|tox","|-status|p1a: Sableye|tox","|move|p1a: Sableye|Calm Mind|p1a: Sableye","|-boost|p1a: Sableye|spa|1","|-boost|p1a: Sableye|spd|1","|","|-damage|p2a: Umbreon|370/394 tox|[from] psn","|-damage|p1a: Sableye|226/241 tox|[from] psn","|turn|17","|","|move|p2a: Umbreon|Heal Bell|p2a: Umbreon","|-cureteam|p2a: Umbreon|[from] move: HealBell","|move|p1a: Sableye|Dazzling Gleam|p2a: Umbreon","|-supereffective|p2a: Umbreon","|-damage|p2a: Umbreon|246/394","|","|-heal|p2a: Umbreon|270/394|[from] item: Leftovers","|-damage|p1a: Sableye|196/241 tox|[from] psn","|turn|18","|","|switch|p2a: Mandibuzz|Mandibuzz, F|423/423","|move|p1a: Sableye|Calm Mind|p1a: Sableye","|-boost|p1a: Sableye|spa|1","|-boost|p1a: Sableye|spd|1","|","|-damage|p1a: Sableye|151/241 tox|[from] psn","|turn|19","|","|move|p2a: Mandibuzz|Heat Wave|p1a: Sableye","|-damage|p1a: Sableye|140/241 tox","|move|p1a: Sableye|Dazzling Gleam|p2a: Mandibuzz","|-supereffective|p2a: Mandibuzz","|-damage|p2a: Mandibuzz|117/423","|","|-damage|p1a: Sableye|80/241 tox|[from] psn","|turn|20","|","|move|p2a: Mandibuzz|Roost|p2a: Mandibuzz","|-heal|p2a: Mandibuzz|329/423","|move|p1a: Sableye|Recover|p1a: Sableye","|-heal|p1a: Sableye|201/241 tox","|","|-damage|p1a: Sableye|126/241 tox|[from] psn","|turn|21","|","|move|p2a: Mandibuzz|Roost|p2a: Mandibuzz","|-heal|p2a: Mandibuzz|423/423","|move|p1a: Sableye|Recover|p1a: Sableye","|-heal|p1a: Sableye|241/241 tox","|","|-damage|p1a: Sableye|151/241 tox|[from] psn","|turn|22","|","|move|p2a: Mandibuzz|Roost|p2a: Mandibuzz","|-fail|p2a: Mandibuzz","|move|p1a: Sableye|Calm Mind|p1a: Sableye","|-boost|p1a: Sableye|spa|1","|-boost|p1a: Sableye|spd|1","|","|-damage|p1a: Sableye|46/241 tox|[from] psn","|turn|23","|","|move|p2a: Mandibuzz|Defog|p1a: Sableye","|move|p1a: Sableye|Defog|p2a: Mandibuzz|[from]Magic Bounce","|-unboost|p2a: Mandibuzz|evasion|1","|move|p1a: Sableye|Recover|p1a: Sableye","|-heal|p1a: Sableye|167/241 tox","|","|-damage|p1a: Sableye|47/241 tox|[from] psn","|turn|24","|","|move|p2a: Mandibuzz|Knock Off|p1a: Sableye","|-damage|p1a: Sableye|7/241 tox","|move|p1a: Sableye|Recover|p1a: Sableye","|-heal|p1a: Sableye|128/241 tox","|","|-damage|p1a: Sableye|0 fnt|[from] psn","|faint|p1a: Sableye","|","|switch|p1a: Aegi|Aegislash, F|324/324","|turn|25","|","|move|p1a: Aegi|King's Shield|p1a: Aegi","|-singleturn|p1a: Aegi|Protect","|move|p2a: Mandibuzz|Knock Off|p1a: Aegi","|-activate|p1a: Aegi|Protect","|-unboost|p2a: Mandibuzz|atk|2","|","|turn|26","|","|move|p2a: Mandibuzz|Knock Off|p1a: Aegi","|-supereffective|p1a: Aegi","|-damage|p1a: Aegi|264/324","|-enditem|p1a: Aegi|Weakness Policy","|-boost|p1a: Aegi|atk|2|[from] item: Weakness Policy","|-boost|p1a: Aegi|spa|2|[from] item: Weakness Policy","|-formechange|p1a: Aegi|Aegislash-Blade","|move|p1a: Aegi|Sacred Sword|p2a: Mandibuzz","|-damage|p2a: Mandibuzz|293/423","|-damage|p1a: Aegi|210/324|[from] item: Rocky Helmet|[of] p2a: Mandibuzz","|","|turn|27","|","|move|p2a: Mandibuzz|Heat Wave|p1a: Aegi","|-supereffective|p1a: Aegi","|-damage|p1a: Aegi|52/324","|move|p1a: Aegi|Shadow Ball|p2a: Mandibuzz","|-resisted|p2a: Mandibuzz","|-damage|p2a: Mandibuzz|98/423","|","|turn|28","|","|move|p2a: Mandibuzz|Heat Wave|p1a: Aegi","|-miss|p2a: Mandibuzz|p1a: Aegi","|move|p1a: Aegi|Sacred Sword|p2a: Mandibuzz","|-crit|p2a: Mandibuzz","|-damage|p2a: Mandibuzz|0 fnt","|-damage|p1a: Aegi|0 fnt|[from] item: Rocky Helmet|[of] p2a: Mandibuzz","|faint|p1a: Aegi","|faint|p2a: Mandibuzz","|","|win|Emg_DemZii"],"p1rating":{"entryid":"6925118","serverid":"eos","formatid":"monotype","userid":"ltiltahit","username":"LTIL-Tahit","w":"33","l":39,"t":"0","gxe":45,"r":"1487.0572827682","rd":"50.373019293434","sigma":"0","rptime":"1438678800","rpr":1462.2167490606,"rprd":47.788799774633,"rpsigma":"0","acre":1060.1273698906,"lacre":1060.1273698906,"oldacre":"1084.1307808794"},"p2rating":{"entryid":"7361210","serverid":"eos","formatid":"monotype","userid":"emgdemzii","username":"Emg_DemZii","w":3,"l":"4","t":"0","gxe":45.7,"r":"1461.6254761234","rd":"101.35719296718","sigma":"0","rptime":"1438678800","rpr":1466.726375372,"rprd":93.979048600591,"rpsigma":"0","acre":1095.2921838711,"lacre":1095.2921838711,"oldacre":"1062.849237379"},"endType":"normal"}