{"seed":[19125,50529,50581,26493],"turns":29,"p1":"Emg GL Twizzler","p2":"GLReshiram","p1team":[{"name":"Magnezone","species":"Magnezone","item":"leftovers","ability":"Sturdy","moves":["flashcannon","thunderbolt","protect","hiddenpowerice"],"nature":"Modest","evs":{"hp":76,"atk":0,"def":180,"spa":252,"spd":0,"spe":0},"ivs":{"hp":31,"atk":30,"def":30,"spa":31,"spd":31,"spe":31}},{"name":"Zapdos","species":"Zapdos","item":"leftovers","ability":"Pressure","moves":["discharge","heatwave","toxic","roost"],"nature":"Bold","evs":{"hp":4,"atk":0,"def":252,"spa":0,"spd":252,"spe":0},"ivs":{"hp":31,"atk":31,"def":31,"spa":31,"spd":31,"spe":31}},{"name":"Ampharos","species":"Ampharos","item":"ampharosite","ability":"Static","moves":["cottonguard","rest","sleeptalk","dragonpulse"],"nature":"Bold","evs":{"hp":0,"atk":0,"def":252,"spa":136,"spd":120,"spe":0},"ivs":{"hp":31,"atk":31,"def":31,"spa":31,"spd":31,"spe":31}},{"name":"Raikou","species":"Raikou","item":"leftovers","ability":"Pressure","moves":["calmmind","substitute","thunderbolt","extrasensory"],"nature":"Timid","evs":{"hp":0,"atk":0,"def":0,"spa":252,"spd":4,"spe":252},"ivs":{"hp":31,"atk":31,"def":31,"spa":31,"spd":31,"spe":31}},{"name":"Rotom-Wash","species":"Rotom-Wash","item":"choicescarf","ability":"Levitate","moves":["voltswitch","hydropump","willowisp","trick"],"nature":"Timid","evs":{"hp":0,"atk":0,"def":0,"spa":252,"spd":4,"spe":252},"ivs":{"hp":31,"atk":31,"def":31,"spa":31,"spd":31,"spe":31}},{"name":"Condom","species":"eelektross","item":"assaultvest","ability":"Levitate","moves":["gigadrain","thunderbolt","drainpunch","knockoff"],"nature":"Quiet","evs":{"hp":3,"atk":136,"def":0,"spa":108,"spd":252,"spe":0},"ivs":{"hp":31,"atk":31,"def":31,"spa":31,"spd":31,"spe":31}}],"p2team":[{"name":"Infernape","species":"Infernape","item":"choiceband","ability":"Iron Fist","moves":["firepunch","machpunch","thunderpunch","uturn"],"nature":"Jolly","evs":{"hp":4,"atk":252,"def":0,"spa":0,"spd":0,"spe":252},"ivs":{"hp":31,"atk":31,"def":31,"spa":31,"spd":31,"spe":31}},{"name":"Ninetales","species":"Ninetales","item":"focussash","ability":"Drought","moves":["fireblast","solarbeam","roar","nastyplot"],"nature":"Timid","evs":{"hp":0,"atk":0,"def":0,"spa":252,"spd":4,"spe":252},"ivs":{"hp":31,"atk":31,"def":31,"spa":31,"spd":31,"spe":31}},{"name":"Heatran","species":"Heatran","item":"leftovers","ability":"Flash Fire","moves":["lavaplume","toxic","taunt","stealthrock"],"nature":"Calm","evs":{"hp":248,"atk":0,"def":0,"spa":0,"spd":192,"spe":68},"ivs":{"hp":31,"atk":31,"def":31,"spa":31,"spd":31,"spe":31}},{"name":"Torkoal","species":"Torkoal","item":"leftovers","ability":"Shell Armor","moves":["protect","rapidspin","toxic","lavaplume"],"nature":"Bold","evs":{"hp":248,"atk":0,"def":252,"spa":8,"spd":0,"spe":0},"ivs":{"hp":31,"atk":31,"def":31,"spa":31,"spd":31,"spe":31}},{"name":"Rotom-Heat","species":"Rotom-Heat","item":"choicespecs","ability":"Levitate","moves":["voltswitch","overheat","hiddenpowergrass","trick"],"nature":"Timid","evs":{"hp":0,"atk":0,"def":0,"spa":252,"spd":4,"spe":252},"ivs":{"hp":31,"atk":30,"def":31,"spa":30,"spd":31,"spe":31}},{"name":"Charizard","species":"Charizard","item":"charizarditex","ability":"Blaze","moves":["dragondance","dragonclaw","earthquake","roost"],"nature":"Adamant","evs":{"hp":144,"atk":252,"def":0,"spa":0,"spd":0,"spe":112},"ivs":{"hp":31,"atk":31,"def":31,"spa":31,"spd":31,"spe":31}}],"log":["|player|p1|Emg GL Twizzler|122","|player|p2|GLReshiram|266","|gametype|singles","|gen|6","|tier|Monotype","|rated","|rule|Baton Pass Clause: Limit one Baton Passer, can't pass Spe and other stats simultaneously","|rule|Swagger Clause: Swagger is banned","|rule|Same Type Clause: Pokémon in a team must share a type","|clearpoke","|poke|p1|Magnezone","|poke|p1|Zapdos","|poke|p1|Ampharos, M","|poke|p1|Raikou","|poke|p1|Rotom-Wash","|poke|p1|Eelektross, F","|poke|p2|Infernape, F","|poke|p2|Ninetales, F","|poke|p2|Heatran, M","|poke|p2|Torkoal, F","|poke|p2|Rotom-Heat","|poke|p2|Charizard, F","|rule|Sleep Clause Mod: Limit one foe put to sleep","|rule|Species Clause: Limit one of each Pokémon","|rule|OHKO Clause: OHKO moves are banned","|rule|Moody Clause: Moody is banned","|rule|Evasion Moves Clause: Evasion moves are banned","|rule|Endless Battle Clause: Forcing endless battles is banned","|rule|HP Percentage Mod: HP is shown in percentages","|teampreview","|","|start","|switch|p1a: Rotom-Wash|Rotom-Wash|241/241","|switch|p2a: Ninetales|Ninetales, F|287/287","|-weather|SunnyDay","|turn|1","|","|move|p1a: Rotom-Wash|Volt Switch|p2a: Ninetales","|-damage|p2a: Ninetales|176/287","|","|switch|p1a: Condom|Eelektross, F|311/311","|move|p2a: Ninetales|Nasty Plot|p2a: Ninetales","|-boost|p2a: Ninetales|spa|2","|","|-weather|SunnyDay|[upkeep]","|turn|2","|","|move|p2a: Ninetales|Fire Blast|p1a: Condom","|-damage|p1a: Condom|47/311","|-status|p1a: Condom|brn","|move|p1a: Condom|Knock Off|p2a: Ninetales","|-damage|p2a: Ninetales|111/287","|-enditem|p2a: Ninetales|Focus Sash|[from] move: Knock Off|[of] p1a: Condom","|","|-weather|SunnyDay|[upkeep]","|-damage|p1a: Condom|9/311 brn|[from] brn","|turn|3","|","|move|p2a: Ninetales|Nasty Plot|p2a: Ninetales","|-boost|p2a: Ninetales|spa|2","|move|p1a: Condom|Thunderbolt|p2a: Ninetales","|-damage|p2a: Ninetales|0 fnt","|faint|p2a: Ninetales","|","|-weather|SunnyDay|[upkeep]","|-damage|p1a: Condom|0 fnt|[from] brn","|faint|p1a: Condom","|","|switch|p2a: Rotom-Heat|Rotom-Heat|241/241","|switch|p1a: Rotom-Wash|Rotom-Wash|241/241","|turn|4","|","|move|p1a: Rotom-Wash|Hydro Pump|p2a: Rotom-Heat","|-supereffective|p2a: Rotom-Heat","|-damage|p2a: Rotom-Heat|73/241","|move|p2a: Rotom-Heat|Overheat|p1a: Rotom-Wash","|-resisted|p1a: Rotom-Wash","|-damage|p1a: Rotom-Wash|14/241","|-unboost|p2a: Rotom-Heat|spa|2","|","|-weather|SunnyDay|[upkeep]","|turn|5","|","|move|p1a: Rotom-Wash|Hydro Pump|p2a: Rotom-Heat","|-supereffective|p2a: Rotom-Heat","|-damage|p2a: Rotom-Heat|0 fnt","|faint|p2a: Rotom-Heat","|","|-weather|none","|","|switch|p2a: Charizard|Charizard, F|333/333","|turn|6","|","|detailschange|p2a: Charizard|Charizard-Mega-X, F","|-mega|p2a: Charizard|Charizard|Charizardite X","|move|p1a: Rotom-Wash|Hydro Pump|p2a: Charizard","|-damage|p2a: Charizard|137/333","|move|p2a: Charizard|Dragon Dance|p2a: Charizard","|-boost|p2a: Charizard|atk|1","|-boost|p2a: Charizard|spe|1","|","|turn|7","|","|switch|p2a: Heatran|Heatran, M|385/385","|move|p1a: Rotom-Wash|Hydro Pump|p2a: Heatran","|-supereffective|p2a: Heatran","|-damage|p2a: Heatran|131/385","|","|-heal|p2a: Heatran|155/385|[from] item: Leftovers","|turn|8","|","|move|p1a: Rotom-Wash|Hydro Pump|p2a: Heatran|[miss]","|-miss|p1a: Rotom-Wash|p2a: Heatran","|move|p2a: Heatran|Lava Plume|p1a: Rotom-Wash","|-resisted|p1a: Rotom-Wash","|-damage|p1a: Rotom-Wash|0 fnt","|faint|p1a: Rotom-Wash","|","|-heal|p2a: Heatran|179/385|[from] item: Leftovers","|","|switch|p1a: Raikou|Raikou|321/321","|-ability|p1a: Raikou|Pressure","|turn|9","|","|switch|p1a: Zapdos|Zapdos|322/322","|-ability|p1a: Zapdos|Pressure","|move|p2a: Heatran|Stealth Rock|p1a: Zapdos","|-sidestart|p1: Emg GL Twizzler|move: Stealth Rock","|","|-heal|p2a: Heatran|203/385|[from] item: Leftovers","|turn|10","|","|move|p1a: Zapdos|Discharge|p2a: Heatran","|-damage|p2a: Heatran|113/385","|move|p2a: Heatran|Taunt|p1a: Zapdos","|-start|p1a: Zapdos|move: Taunt","|","|-heal|p2a: Heatran|137/385|[from] item: Leftovers","|turn|11","|","|move|p1a: Zapdos|Discharge|p2a: Heatran","|-damage|p2a: Heatran|52/385","|move|p2a: Heatran|Toxic|p1a: Zapdos","|-status|p1a: Zapdos|tox","|","|-heal|p2a: Heatran|76/385|[from] item: Leftovers","|-damage|p1a: Zapdos|302/322 tox|[from] psn","|turn|12","|","|move|p1a: Zapdos|Discharge|p2a: Heatran","|-damage|p2a: Heatran|0 fnt","|faint|p2a: Heatran","|","|-heal|p1a: Zapdos|322/322 tox|[from] item: Leftovers","|-damage|p1a: Zapdos|282/322 tox|[from] psn","|","|switch|p2a: Charizard|Charizard-Mega-X, F|137/333","|turn|13","|","|move|p2a: Charizard|Roost|p2a: Charizard","|-heal|p2a: Charizard|304/333","|move|p1a: Zapdos|Discharge|p2a: Charizard","|-crit|p2a: Charizard","|-resisted|p2a: Charizard","|-damage|p2a: Charizard|202/333","|","|-heal|p1a: Zapdos|302/322 tox|[from] item: Leftovers","|-damage|p1a: Zapdos|242/322 tox|[from] psn","|-end|p1a: Zapdos|move: Taunt","|turn|14","|","|move|p2a: Charizard|Dragon Dance|p2a: Charizard","|-boost|p2a: Charizard|atk|1","|-boost|p2a: Charizard|spe|1","|move|p1a: Zapdos|Discharge|p2a: Charizard","|-resisted|p2a: Charizard","|-damage|p2a: Charizard|131/333","|-status|p2a: Charizard|par","|","|-heal|p1a: Zapdos|262/322 tox|[from] item: Leftovers","|-damage|p1a: Zapdos|182/322 tox|[from] psn","|turn|15","|","|switch|p1a: Ampharos|Ampharos, M|321/321","|-damage|p1a: Ampharos|281/321|[from] Stealth Rock","|move|p2a: Charizard|Roost|p2a: Charizard","|-heal|p2a: Charizard|298/333 par","|","|turn|16","|","|detailschange|p1a: Ampharos|Ampharos-Mega, M","|-mega|p1a: Ampharos|Ampharos|Ampharosite","|-ability|p1a: Ampharos|Mold Breaker","|move|p1a: Ampharos|Cotton Guard|p1a: Ampharos","|-boost|p1a: Ampharos|def|3","|move|p2a: Charizard|Dragon Claw|p1a: Ampharos","|-supereffective|p1a: Ampharos","|-damage|p1a: Ampharos|119/321","|","|turn|17","|","|move|p1a: Ampharos|Rest|p1a: Ampharos","|-status|p1a: Ampharos|slp","|-heal|p1a: Ampharos|321/321 slp|[silent]","|-status|p1a: Ampharos|slp|[from] move: Rest","|move|p2a: Charizard|Dragon Claw|p1a: Ampharos","|-supereffective|p1a: Ampharos","|-damage|p1a: Ampharos|157/321 slp","|","|turn|18","|","|cant|p1a: Ampharos|slp","|move|p1a: Ampharos|Sleep Talk|p1a: Ampharos","|move|p1a: Ampharos|Cotton Guard|p1a: Ampharos|[from]Sleep Talk","|-boost|p1a: Ampharos|def|3","|move|p2a: Charizard|Dragon Claw|p1a: Ampharos","|-supereffective|p1a: Ampharos","|-damage|p1a: Ampharos|47/321 slp","|","|turn|19","|","|cant|p1a: Ampharos|slp","|move|p1a: Ampharos|Sleep Talk|p1a: Ampharos","|move|p1a: Ampharos|Dragon Pulse|p2a: Charizard|[from]Sleep Talk","|-supereffective|p2a: Charizard","|-damage|p2a: Charizard|0 fnt","|faint|p2a: Charizard","|","|","|switch|p2a: Torkoal|Torkoal, F|343/343","|turn|20","|","|-curestatus|p1a: Ampharos|slp","|move|p1a: Ampharos|Rest|p1a: Ampharos","|-status|p1a: Ampharos|slp","|-heal|p1a: Ampharos|321/321 slp|[silent]","|-status|p1a: Ampharos|slp|[from] move: Rest","|move|p2a: Torkoal|Toxic|p1a: Ampharos|[miss]","|-miss|p2a: Torkoal|p1a: Ampharos","|","|turn|21","|","|cant|p1a: Ampharos|slp","|move|p1a: Ampharos|Sleep Talk|p1a: Ampharos","|move|p1a: Ampharos|Cotton Guard|p1a: Ampharos|[from]Sleep Talk","|-fail|p1a: Ampharos","|move|p2a: Torkoal|Lava Plume|p1a: Ampharos","|-resisted|p1a: Ampharos","|-damage|p1a: Ampharos|286/321 slp","|","|turn|22","|","|cant|p1a: Ampharos|slp","|move|p1a: Ampharos|Sleep Talk|p1a: Ampharos","|move|p1a: Ampharos|Cotton Guard|p1a: Ampharos|[from]Sleep Talk","|-fail|p1a: Ampharos","|move|p2a: Torkoal|Lava Plume|p1a: Ampharos","|-resisted|p1a: Ampharos","|-damage|p1a: Ampharos|250/321 slp","|","|turn|23","|","|-curestatus|p1a: Ampharos|slp","|move|p1a: Ampharos|Dragon Pulse|p2a: Torkoal","|-damage|p2a: Torkoal|118/343","|move|p2a: Torkoal|Toxic|p1a: Ampharos","|-status|p1a: Ampharos|tox","|","|-heal|p2a: Torkoal|139/343|[from] item: Leftovers","|-damage|p1a: Ampharos|230/321 tox|[from] psn","|turn|24","|","|move|p1a: Ampharos|Rest|p1a: Ampharos","|-status|p1a: Ampharos|slp","|-heal|p1a: Ampharos|321/321 slp|[silent]","|-status|p1a: Ampharos|slp|[from] move: Rest","|move|p2a: Torkoal|Lava Plume|p1a: Ampharos","|-resisted|p1a: Ampharos","|-damage|p1a: Ampharos|287/321 slp","|","|-heal|p2a: Torkoal|160/343|[from] item: Leftovers","|turn|25","|","|cant|p1a: Ampharos|slp","|move|p1a: Ampharos|Sleep Talk|p1a: Ampharos","|move|p1a: Ampharos|Rest|p1a: Ampharos|[from]Sleep Talk","|-fail|p1a: Ampharos","|move|p2a: Torkoal|Lava Plume|p1a: Ampharos","|-resisted|p1a: Ampharos","|-damage|p1a: Ampharos|256/321 slp","|","|-heal|p2a: Torkoal|181/343|[from] item: Leftovers","|turn|26","|","|move|p2a: Torkoal|Protect|p2a: Torkoal","|-singleturn|p2a: Torkoal|Protect","|cant|p1a: Ampharos|slp","|move|p1a: Ampharos|Sleep Talk|p1a: Ampharos","|move|p1a: Ampharos|Dragon Pulse|p2a: Torkoal|[from]Sleep Talk","|-activate|p2a: Torkoal|Protect","|","|-heal|p2a: Torkoal|202/343|[from] item: Leftovers","|turn|27","|","|-curestatus|p1a: Ampharos|slp","|move|p1a: Ampharos|Dragon Pulse|p2a: Torkoal","|-damage|p2a: Torkoal|0 fnt","|faint|p2a: Torkoal","|","|","|switch|p2a: Infernape|Infernape, F|294/294","|turn|28","|","|move|p2a: Infernape|Mach Punch|p1a: Ampharos","|-damage|p1a: Ampharos|237/321","|move|p1a: Ampharos|Dragon Pulse|p2a: Infernape","|-damage|p2a: Infernape|89/294","|","|turn|29","|","|move|p2a: Infernape|Mach Punch|p1a: Ampharos","|-damage|p1a: Ampharos|219/321","|move|p1a: Ampharos|Dragon Pulse|p2a: Infernape","|-damage|p2a: Infernape|0 fnt","|faint|p2a: Infernape","|","|win|Emg GL Twizzler"],"p1rating":{"entryid":"7175106","serverid":"eos","formatid":"monotype","userid":"emggltwizzler","username":"Emg GL Twizzler","w":11,"l":"7","t":"0","gxe":57.1,"r":"1527.936505354","rd":"76.598280723087","sigma":"0","rptime":"1438678800","rpr":1554.8860657879,"rprd":73.294566826332,"rpsigma":"0","acre":1165.6016988029,"lacre":1165.6016988029,"oldacre":"1140.2295176328"},"p2rating":{"entryid":"6886801","serverid":"eos","formatid":"monotype","userid":"glreshiram","username":"GL♅Reshiram","w":"10","l":8,"t":"0","gxe":50.1,"r":"1515.8289885018","rd":"76.096798481401","sigma":"0","rptime":"1438678800","rpr":1500.8591124042,"rprd":74.431672297665,"rpsigma":"0","acre":1120.0300779409,"lacre":1120.0300779409,"oldacre":"1145.402259111"},"endType":"normal"}