{"seed":[8845,22975,1025,58471],"turns":22,"p1":"SWL Neßki","p2":"InfernalxCrown","p1team":[{"name":"Azumarill","species":"Azumarill","item":"sitrusberry","ability":"Huge Power","moves":["aquajet","playrough","knockoff","bellydrum"],"nature":"Adamant","evs":{"hp":244,"atk":252,"def":0,"spa":0,"spd":0,"spe":12},"ivs":{"hp":31,"atk":31,"def":31,"spa":31,"spd":31,"spe":31}},{"name":"Ludicolo","species":"Ludicolo","item":"assaultvest","ability":"Swift Swim","moves":["scald","icebeam","gigadrain","focusblast"],"nature":"Timid","evs":{"hp":0,"atk":0,"def":0,"spa":252,"spd":4,"spe":252},"ivs":{"hp":31,"atk":0,"def":31,"spa":31,"spd":31,"spe":31}},{"name":"Keldeo","species":"Keldeo","item":"focussash","ability":"Justified","moves":["taunt","scald","secretsword","endeavor"],"nature":"Timid","evs":{"hp":0,"atk":0,"def":0,"spa":252,"spd":4,"spe":252},"ivs":{"hp":31,"atk":0,"def":31,"spa":31,"spd":31,"spe":31}},{"name":"Seismitoad","species":"Seismitoad","item":"lifeorb","ability":"Swift Swim","moves":["stealthrock","earthquake","knockoff","scald"],"nature":"Adamant","evs":{"hp":0,"atk":252,"def":0,"spa":4,"spd":0,"spe":252},"ivs":{"hp":31,"atk":31,"def":31,"spa":31,"spd":31,"spe":31}},{"name":"Politoed","species":"Politoed","item":"choicescarf","ability":"Drizzle","moves":["surf","icebeam","psychic","scald"],"nature":"Modest","evs":{"hp":0,"atk":0,"def":0,"spa":252,"spd":4,"spe":252},"ivs":{"hp":31,"atk":0,"def":31,"spa":31,"spd":31,"spe":31}},{"name":"Gyarados","species":"Gyarados","item":"gyaradosite","ability":"Intimidate","moves":["dragondance","earthquake","icefang","crunch"],"nature":"Adamant","evs":{"hp":0,"atk":252,"def":0,"spa":0,"spd":4,"spe":252},"ivs":{"hp":31,"atk":31,"def":31,"spa":31,"spd":31,"spe":31}}],"p2team":[{"name":"Aegislash","species":"Aegislash","item":"weaknesspolicy","ability":"Stance Change","moves":["shadowball","shadowsneak","kingsshield","sacredsword"],"nature":"Brave","evs":{"hp":252,"atk":76,"def":0,"spa":176,"spd":4,"spe":0},"ivs":{"hp":31,"atk":31,"def":31,"spa":31,"spd":31,"spe":0},"shiny":true},{"name":"Sableye","species":"Sableye","item":"leftovers","ability":"Prankster","moves":["willowisp","recover","taunt","knockoff"],"nature":"Careful","evs":{"hp":252,"atk":0,"def":84,"spa":0,"spd":168,"spe":4},"ivs":{"hp":31,"atk":0,"def":31,"spa":31,"spd":31,"spe":31}},{"name":"Golurk","species":"Golurk","item":"focussash","ability":"No Guard","moves":["stealthrock","curse","dynamicpunch","stoneedge"],"nature":"Adamant","evs":{"hp":4,"atk":252,"def":0,"spa":0,"spd":0,"spe":252},"shiny":true,"ivs":{"hp":31,"atk":31,"def":31,"spa":31,"spd":31,"spe":31}},{"name":"Jellicent","species":"Jellicent","item":"leftovers","ability":"Cursed Body","moves":["acidarmor","toxic","recover","scald"],"nature":"Calm","evs":{"hp":252,"atk":0,"def":4,"spa":0,"spd":252,"spe":0},"gender":"M","ivs":{"hp":31,"atk":0,"def":31,"spa":31,"spd":31,"spe":31}},{"name":"Chandelure","species":"Chandelure","item":"choicescarf","ability":"Infiltrator","moves":["flamethrower","shadowball","energyball","trick"],"nature":"Timid","evs":{"hp":0,"atk":0,"def":4,"spa":252,"spd":0,"spe":252},"ivs":{"hp":31,"atk":0,"def":31,"spa":31,"spd":31,"spe":31},"shiny":true},{"name":"Gengar","species":"Gengar","item":"choicespecs","ability":"Levitate","moves":["dazzlinggleam","shadowball","thunderbolt","sludgewave"],"nature":"Timid","evs":{"hp":4,"atk":0,"def":0,"spa":252,"spd":0,"spe":252},"ivs":{"hp":31,"atk":0,"def":31,"spa":31,"spd":31,"spe":31}}],"log":["|player|p1|SWL Neßki|swlneki.png","|player|p2|InfernalxCrown|infernalxcrown.png","|gametype|singles","|gen|6","|tier|Monotype","|rated","|rule|Baton Pass Clause: Limit one Baton Passer, can't pass Spe and other stats simultaneously","|rule|Swagger Clause: Swagger is banned","|rule|Same Type Clause: Pokémon in a team must share a type","|clearpoke","|poke|p1|Azumarill, M","|poke|p1|Ludicolo, M","|poke|p1|Keldeo","|poke|p1|Seismitoad, F","|poke|p1|Politoed, F","|poke|p1|Gyarados, M","|poke|p2|Aegislash, M, shiny","|poke|p2|Sableye, M","|poke|p2|Golurk, shiny","|poke|p2|Jellicent, M","|poke|p2|Chandelure, F, shiny","|poke|p2|Gengar, F","|rule|Sleep Clause Mod: Limit one foe put to sleep","|rule|Species Clause: Limit one of each Pokémon","|rule|OHKO Clause: OHKO moves are banned","|rule|Moody Clause: Moody is banned","|rule|Evasion Moves Clause: Evasion moves are banned","|rule|Endless Battle Clause: Forcing endless battles is banned","|rule|HP Percentage Mod: HP is shown in percentages","|teampreview","|","|start","|switch|p1a: Politoed|Politoed, F|321/321","|switch|p2a: Sableye|Sableye, M|304/304","|-weather|RainDance","|turn|1","|","|switch|p1a: Seismitoad|Seismitoad, F|351/351","|move|p2a: Sableye|Knock Off|p1a: Seismitoad","|-damage|p1a: Seismitoad|252/351","|-enditem|p1a: Seismitoad|Life Orb|[from] move: Knock Off|[of] p2a: Sableye","|","|-weather|RainDance|[upkeep]","|turn|2","|","|move|p2a: Sableye|Taunt|p1a: Seismitoad","|-start|p1a: Seismitoad|move: Taunt","|move|p1a: Seismitoad|Scald|p2a: Sableye","|-damage|p2a: Sableye|180/304","|","|-weather|RainDance|[upkeep]","|-heal|p2a: Sableye|199/304|[from] item: Leftovers","|turn|3","|","|move|p2a: Sableye|Will-O-Wisp|p1a: Seismitoad","|-status|p1a: Seismitoad|brn","|move|p1a: Seismitoad|Earthquake|p2a: Sableye","|-damage|p2a: Sableye|117/304","|","|-weather|RainDance|[upkeep]","|-heal|p2a: Sableye|136/304|[from] item: Leftovers","|-damage|p1a: Seismitoad|209/351 brn|[from] brn","|turn|4","|","|move|p2a: Sableye|Recover|p2a: Sableye","|-heal|p2a: Sableye|288/304","|move|p1a: Seismitoad|Scald|p2a: Sableye","|-damage|p2a: Sableye|168/304","|-status|p2a: Sableye|brn","|","|-weather|RainDance|[upkeep]","|-heal|p2a: Sableye|187/304 brn|[from] item: Leftovers","|-damage|p1a: Seismitoad|166/351 brn|[from] brn","|-damage|p2a: Sableye|149/304 brn|[from] brn","|-end|p1a: Seismitoad|move: Taunt","|turn|5","|","|move|p1a: Seismitoad|Scald|p2a: Sableye","|-damage|p2a: Sableye|37/304 brn","|move|p2a: Sableye|Knock Off|p1a: Seismitoad","|-damage|p1a: Seismitoad|135/351 brn","|","|-weather|none","|-heal|p2a: Sableye|56/304 brn|[from] item: Leftovers","|-damage|p1a: Seismitoad|92/351 brn|[from] brn","|-damage|p2a: Sableye|18/304 brn|[from] brn","|turn|6","|","|move|p2a: Sableye|Recover|p2a: Sableye","|-heal|p2a: Sableye|170/304 brn","|move|p1a: Seismitoad|Stealth Rock|p2a: Sableye","|-sidestart|p2: InfernalxCrown|move: Stealth Rock","|","|-heal|p2a: Sableye|189/304 brn|[from] item: Leftovers","|-damage|p1a: Seismitoad|49/351 brn|[from] brn","|-damage|p2a: Sableye|151/304 brn|[from] brn","|turn|7","|","|switch|p1a: Keldeo|Keldeo|323/323","|move|p2a: Sableye|Knock Off|p1a: Keldeo","|-resisted|p1a: Keldeo","|-damage|p1a: Keldeo|304/323","|-boost|p1a: Keldeo|atk|1|[from] ability: Justified","|-enditem|p1a: Keldeo|Focus Sash|[from] move: Knock Off|[of] p2a: Sableye","|","|-heal|p2a: Sableye|170/304 brn|[from] item: Leftovers","|-damage|p2a: Sableye|132/304 brn|[from] brn","|turn|8","|","|switch|p2a: Jellicent|Jellicent, M|404/404","|-damage|p2a: Jellicent|354/404|[from] Stealth Rock","|move|p1a: Keldeo|Scald|p2a: Jellicent","|-resisted|p2a: Jellicent","|-damage|p2a: Jellicent|302/404","|-start|p1a: Keldeo|Disable|Scald","|","|-heal|p2a: Jellicent|327/404|[from] item: Leftovers","|turn|9","|","|move|p1a: Keldeo|Taunt|p2a: Jellicent","|-start|p2a: Jellicent|move: Taunt","|cant|p2a: Jellicent|move: Taunt|Toxic","|","|-heal|p2a: Jellicent|352/404|[from] item: Leftovers","|turn|10","|","|switch|p1a: Politoed|Politoed, F|321/321","|-weather|RainDance","|move|p2a: Jellicent|Scald|p1a: Politoed","|-resisted|p1a: Politoed","|-damage|p1a: Politoed|263/321","|","|-weather|RainDance|[upkeep]","|-heal|p2a: Jellicent|377/404|[from] item: Leftovers","|turn|11","|","|move|p1a: Politoed|Scald|p2a: Jellicent","|-crit|p2a: Jellicent","|-resisted|p2a: Jellicent","|-damage|p2a: Jellicent|286/404","|-status|p2a: Jellicent|brn","|move|p2a: Jellicent|Scald|p1a: Politoed","|-resisted|p1a: Politoed","|-damage|p1a: Politoed|203/321","|","|-weather|RainDance|[upkeep]","|-heal|p2a: Jellicent|311/404 brn|[from] item: Leftovers","|-damage|p2a: Jellicent|261/404 brn|[from] brn","|-end|p2a: Jellicent|move: Taunt","|turn|12","|","|switch|p1a: Seismitoad|Seismitoad, F|49/351 brn","|move|p2a: Jellicent|Toxic|p1a: Seismitoad","|-fail|p1a: Seismitoad","|","|-weather|RainDance|[upkeep]","|-heal|p2a: Jellicent|286/404 brn|[from] item: Leftovers","|-damage|p1a: Seismitoad|6/351 brn|[from] brn","|-damage|p2a: Jellicent|236/404 brn|[from] brn","|turn|13","|","|move|p1a: Seismitoad|Knock Off|p2a: Jellicent","|-supereffective|p2a: Jellicent","|-damage|p2a: Jellicent|107/404 brn","|-enditem|p2a: Jellicent|Leftovers|[from] move: Knock Off|[of] p1a: Seismitoad","|move|p2a: Jellicent|Recover|p2a: Jellicent","|-heal|p2a: Jellicent|309/404 brn","|","|-weather|RainDance|[upkeep]","|-damage|p1a: Seismitoad|0 fnt|[from] brn","|-damage|p2a: Jellicent|259/404 brn|[from] brn","|faint|p1a: Seismitoad","|","|switch|p1a: Keldeo|Keldeo|304/323","|turn|14","|","|switch|p2a: Gengar|Gengar, F|262/262","|-damage|p2a: Gengar|230/262|[from] Stealth Rock","|move|p1a: Keldeo|Scald|p2a: Gengar","|-damage|p2a: Gengar|0 fnt","|faint|p2a: Gengar","|","|-weather|none","|","|switch|p2a: Chandelure|Chandelure, F, shiny|261/261","|-damage|p2a: Chandelure|196/261|[from] Stealth Rock","|turn|15","|","|move|p2a: Chandelure|Trick|p1a: Keldeo","|-activate|p2a: Chandelure|move: Trick|[of] p1a: Keldeo","|-item|p1a: Keldeo|Choice Scarf|[from] move: Trick","|move|p1a: Keldeo|Scald|p2a: Chandelure","|-supereffective|p2a: Chandelure","|-damage|p2a: Chandelure|0 fnt","|faint|p2a: Chandelure","|","|","|switch|p2a: Jellicent|Jellicent, M|259/404 brn","|-damage|p2a: Jellicent|209/404 brn|[from] Stealth Rock","|turn|16","|","|switch|p1a: Azumarill|Azumarill, M|402/402","|move|p2a: Jellicent|Recover|p2a: Jellicent","|-heal|p2a: Jellicent|404/404 brn","|","|-damage|p2a: Jellicent|354/404 brn|[from] brn","|turn|17","|","|switch|p2a: Sableye|Sableye, M|132/304 brn","|-damage|p2a: Sableye|94/304 brn|[from] Stealth Rock","|move|p1a: Azumarill|Belly Drum|p1a: Azumarill","|-damage|p1a: Azumarill|201/402","|-setboost|p1a: Azumarill|atk|6|[from] move: Belly Drum","|-enditem|p1a: Azumarill|Sitrus Berry|[eat]","|-heal|p1a: Azumarill|301/402|[from] item: Sitrus Berry","|","|-heal|p2a: Sableye|113/304 brn|[from] item: Leftovers","|-damage|p2a: Sableye|75/304 brn|[from] brn","|turn|18","|","|move|p1a: Azumarill|Aqua Jet|p2a: Sableye","|-damage|p2a: Sableye|0 fnt","|faint|p2a: Sableye","|","|","|switch|p2a: Aegislash|Aegislash, M, shiny|324/324","|-damage|p2a: Aegislash|304/324|[from] Stealth Rock","|turn|19","|","|move|p2a: Aegislash|King's Shield|p2a: Aegislash","|-singleturn|p2a: Aegislash|Protect","|move|p1a: Azumarill|Knock Off|p2a: Aegislash","|-activate|p2a: Aegislash|Protect","|-unboost|p1a: Azumarill|atk|2","|","|turn|20","|","|move|p1a: Azumarill|Knock Off|p2a: Aegislash","|-supereffective|p2a: Aegislash","|-damage|p2a: Aegislash|0 fnt","|-enditem|p2a: Aegislash|Weakness Policy|[from] move: Knock Off|[of] p1a: Azumarill","|faint|p2a: Aegislash","|","|","|switch|p2a: Jellicent|Jellicent, M|354/404 brn","|-damage|p2a: Jellicent|304/404 brn|[from] Stealth Rock","|turn|21","|","|move|p2a: Jellicent|Recover|p2a: Jellicent","|-heal|p2a: Jellicent|404/404 brn","|move|p1a: Azumarill|Knock Off|p2a: Jellicent","|-supereffective|p2a: Jellicent","|-damage|p2a: Jellicent|0 fnt","|faint|p2a: Jellicent","|","|","|switch|p2a: Golurk|Golurk, shiny|320/320","|-damage|p2a: Golurk|300/320|[from] Stealth Rock","|turn|22","|","|move|p1a: Azumarill|Aqua Jet|p2a: Golurk","|-supereffective|p2a: Golurk","|-damage|p2a: Golurk|0 fnt","|faint|p2a: Golurk","|","|win|SWL Neßki"],"p1rating":{"entryid":"6746789","serverid":"eos","formatid":"monotype","userid":"swlneki","username":"SWL Neßki","w":29,"l":"14","t":"0","gxe":67.7,"r":"1655.5784159023","rd":"62.349765214186","sigma":"0","rptime":"1438678800","rpr":1640.4312221381,"rprd":54.378850200855,"rpsigma":"0","acre":1323.5984274369,"lacre":1323.5984274369,"oldacre":"1312.6380648396"},"p2rating":{"entryid":"5724468","serverid":"eos","formatid":"monotype","userid":"infernalxcrown","username":"InfernalxCrown","w":"76","l":72,"t":"0","gxe":52.9,"r":"1534.1648545692","rd":"40.276670449758","sigma":"0","rptime":"1438678800","rpr":1522.1838860132,"rprd":39.079708756715,"rpsigma":"0","acre":1129.6711046501,"lacre":1129.6711046501,"oldacre":"1143.3715578968"},"endType":"normal"}