{"seed":[21581,30171,31868,45016],"turns":25,"p1":"GLReshiram","p2":"Sovereign Rido","p1team":[{"name":"Infernape","species":"Infernape","item":"choiceband","ability":"Iron Fist","moves":["firepunch","machpunch","thunderpunch","uturn"],"nature":"Jolly","evs":{"hp":4,"atk":252,"def":0,"spa":0,"spd":0,"spe":252},"ivs":{"hp":31,"atk":31,"def":31,"spa":31,"spd":31,"spe":31}},{"name":"Ninetales","species":"Ninetales","item":"focussash","ability":"Drought","moves":["fireblast","solarbeam","roar","nastyplot"],"nature":"Timid","evs":{"hp":0,"atk":0,"def":0,"spa":252,"spd":4,"spe":252},"ivs":{"hp":31,"atk":31,"def":31,"spa":31,"spd":31,"spe":31}},{"name":"Heatran","species":"Heatran","item":"leftovers","ability":"Flash Fire","moves":["lavaplume","toxic","taunt","stealthrock"],"nature":"Calm","evs":{"hp":248,"atk":0,"def":0,"spa":0,"spd":192,"spe":68},"ivs":{"hp":31,"atk":31,"def":31,"spa":31,"spd":31,"spe":31}},{"name":"Torkoal","species":"Torkoal","item":"leftovers","ability":"Shell Armor","moves":["protect","rapidspin","toxic","lavaplume"],"nature":"Bold","evs":{"hp":248,"atk":0,"def":252,"spa":8,"spd":0,"spe":0},"ivs":{"hp":31,"atk":31,"def":31,"spa":31,"spd":31,"spe":31}},{"name":"Rotom-Heat","species":"Rotom-Heat","item":"choicespecs","ability":"Levitate","moves":["voltswitch","overheat","hiddenpowergrass","trick"],"nature":"Timid","evs":{"hp":0,"atk":0,"def":0,"spa":252,"spd":4,"spe":252},"ivs":{"hp":31,"atk":30,"def":31,"spa":30,"spd":31,"spe":31}},{"name":"Charizard","species":"Charizard","item":"charizarditex","ability":"Blaze","moves":["dragondance","dragonclaw","earthquake","roost"],"nature":"Adamant","evs":{"hp":144,"atk":252,"def":0,"spa":0,"spd":0,"spe":112},"ivs":{"hp":31,"atk":31,"def":31,"spa":31,"spd":31,"spe":31}}],"p2team":[{"name":"Nidoqueen","species":"Nidoqueen","item":"focussash","ability":"Sheer Force","moves":["earthpower","flamethrower","taunt","stealthrock"],"nature":"Timid","evs":{"hp":4,"atk":0,"def":0,"spa":252,"spd":0,"spe":252},"ivs":{"hp":31,"atk":31,"def":31,"spa":31,"spd":31,"spe":31}},{"name":"Nidoking","species":"Nidoking","item":"lifeorb","ability":"Sheer Force","moves":["sludgewave","earthpower","flamethrower","icebeam"],"nature":"Timid","evs":{"hp":4,"atk":0,"def":0,"spa":252,"spd":0,"spe":252},"ivs":{"hp":31,"atk":31,"def":31,"spa":31,"spd":31,"spe":31}},{"name":"Scolipede","species":"Scolipede","item":"choiceband","ability":"Speed Boost","moves":["earthquake","rockslide","megahorn","poisonjab"],"nature":"Jolly","evs":{"hp":4,"atk":252,"def":0,"spa":0,"spd":0,"spe":252},"ivs":{"hp":31,"atk":31,"def":31,"spa":31,"spd":31,"spe":31}},{"name":"Gengar","species":"Gengar","item":"lifeorb","ability":"Levitate","moves":["sludgewave","dazzlinggleam","focusblast","shadowball"],"nature":"Timid","evs":{"hp":4,"atk":0,"def":0,"spa":252,"spd":0,"spe":252},"ivs":{"hp":31,"atk":31,"def":31,"spa":30,"spd":30,"spe":31}},{"name":"Drapion","species":"Drapion","item":"choicescarf","ability":"Battle Armor","moves":["poisonjab","earthquake","knockoff","icefang"],"nature":"Jolly","evs":{"hp":4,"atk":252,"def":0,"spa":0,"spd":0,"spe":252},"ivs":{"hp":31,"atk":31,"def":31,"spa":31,"spd":31,"spe":31}},{"name":"Venusaur","species":"Venusaur","item":"venusaurite","ability":"Overgrow","moves":["leechseed","hiddenpowerfire","sludgebomb","synthesis"],"nature":"Calm","evs":{"hp":252,"atk":0,"def":0,"spa":4,"spd":252,"spe":0},"ivs":{"hp":31,"atk":30,"def":31,"spa":30,"spd":31,"spe":30}}],"log":["|player|p1|GLReshiram|266","|player|p2|Sovereign Rido|8","|gametype|singles","|gen|6","|tier|Monotype","|rated","|rule|Baton Pass Clause: Limit one Baton Passer, can't pass Spe and other stats simultaneously","|rule|Swagger Clause: Swagger is banned","|rule|Same Type Clause: Pokémon in a team must share a type","|clearpoke","|poke|p1|Infernape, F","|poke|p1|Ninetales, M","|poke|p1|Heatran, M","|poke|p1|Torkoal, F","|poke|p1|Rotom-Heat","|poke|p1|Charizard, F","|poke|p2|Nidoqueen, F","|poke|p2|Nidoking, M","|poke|p2|Scolipede, M","|poke|p2|Gengar, F","|poke|p2|Drapion, F","|poke|p2|Venusaur, M","|rule|Sleep Clause Mod: Limit one foe put to sleep","|rule|Species Clause: Limit one of each Pokémon","|rule|OHKO Clause: OHKO moves are banned","|rule|Moody Clause: Moody is banned","|rule|Evasion Moves Clause: Evasion moves are banned","|rule|Endless Battle Clause: Forcing endless battles is banned","|rule|HP Percentage Mod: HP is shown in percentages","|teampreview","|","|start","|switch|p1a: Ninetales|Ninetales, M|287/287","|switch|p2a: Nidoqueen|Nidoqueen, F|322/322","|-weather|SunnyDay","|turn|1","|","|move|p1a: Ninetales|Nasty Plot|p1a: Ninetales","|-boost|p1a: Ninetales|spa|2","|move|p2a: Nidoqueen|Stealth Rock|p1a: Ninetales","|-sidestart|p1: GLReshiram|move: Stealth Rock","|","|-weather|SunnyDay|[upkeep]","|turn|2","|","|move|p1a: Ninetales|Nasty Plot|p1a: Ninetales","|-boost|p1a: Ninetales|spa|2","|move|p2a: Nidoqueen|Earth Power|p1a: Ninetales","|-supereffective|p1a: Ninetales","|-enditem|p1a: Ninetales|Focus Sash","|-damage|p1a: Ninetales|1/287","|","|-weather|SunnyDay|[upkeep]","|turn|3","|","|move|p1a: Ninetales|Fire Blast|p2a: Nidoqueen","|-enditem|p2a: Nidoqueen|Focus Sash","|-damage|p2a: Nidoqueen|1/322","|move|p2a: Nidoqueen|Earth Power|p1a: Ninetales","|-supereffective|p1a: Ninetales","|-damage|p1a: Ninetales|0 fnt","|faint|p1a: Ninetales","|","|-weather|SunnyDay|[upkeep]","|","|switch|p1a: Infernape|Infernape, F|294/294","|-damage|p1a: Infernape|258/294|[from] Stealth Rock","|turn|4","|","|move|p1a: Infernape|Fire Punch|p2a: Nidoqueen","|-damage|p2a: Nidoqueen|0 fnt","|faint|p2a: Nidoqueen","|","|-weather|SunnyDay|[upkeep]","|","|switch|p2a: Scolipede|Scolipede, M|262/262","|turn|5","|","|move|p2a: Scolipede|Rock Slide|p1a: Infernape","|-miss|p2a: Scolipede|p1a: Infernape","|move|p1a: Infernape|Fire Punch|p2a: Scolipede","|-supereffective|p2a: Scolipede","|-damage|p2a: Scolipede|0 fnt","|faint|p2a: Scolipede","|","|-weather|none","|","|switch|p2a: Venusaur|Venusaur, M|364/364","|turn|6","|","|switch|p1a: Heatran|Heatran, M|385/385","|-damage|p1a: Heatran|337/385|[from] Stealth Rock","|move|p2a: Venusaur|Synthesis|p2a: Venusaur","|","|-heal|p1a: Heatran|361/385|[from] item: Leftovers","|turn|7","|","|detailschange|p2a: Venusaur|Venusaur-Mega, M","|-mega|p2a: Venusaur|Venusaur|Venusaurite","|move|p1a: Heatran|Taunt|p2a: Venusaur","|-start|p2a: Venusaur|move: Taunt","|cant|p2a: Venusaur|move: Taunt|Leech Seed","|","|-heal|p1a: Heatran|385/385|[from] item: Leftovers","|turn|8","|","|switch|p2a: Nidoking|Nidoking, M|304/304","|move|p1a: Heatran|Lava Plume|p2a: Nidoking","|-damage|p2a: Nidoking|142/304","|-status|p2a: Nidoking|brn","|","|-damage|p2a: Nidoking|104/304 brn|[from] brn","|turn|9","|","|move|p2a: Nidoking|Earth Power|p1a: Heatran","|-supereffective|p1a: Heatran","|-damage|p1a: Heatran|0 fnt","|faint|p1a: Heatran","|","|-damage|p2a: Nidoking|66/304 brn|[from] brn","|","|switch|p1a: Charizard|Charizard, F|333/333","|-damage|p1a: Charizard|167/333|[from] Stealth Rock","|turn|10","|","|move|p2a: Nidoking|Sludge Wave|p1a: Charizard","|-damage|p1a: Charizard|0 fnt","|faint|p1a: Charizard","|","|-damage|p2a: Nidoking|28/304 brn|[from] brn","|","|switch|p1a: Torkoal|Torkoal, F|343/343","|-damage|p1a: Torkoal|258/343|[from] Stealth Rock","|turn|11","|","|move|p1a: Torkoal|Protect|p1a: Torkoal","|-singleturn|p1a: Torkoal|Protect","|move|p2a: Nidoking|Earth Power|p1a: Torkoal","|-activate|p1a: Torkoal|Protect","|","|-heal|p1a: Torkoal|279/343|[from] item: Leftovers","|-damage|p2a: Nidoking|0 fnt|[from] brn","|faint|p2a: Nidoking","|","|switch|p2a: Drapion|Drapion, F|282/282","|turn|12","|","|move|p2a: Drapion|Earthquake|p1a: Torkoal","|-supereffective|p1a: Torkoal","|-damage|p1a: Torkoal|169/343","|move|p1a: Torkoal|Rapid Spin|p2a: Drapion","|-damage|p2a: Drapion|270/282","|-sideend|p1: GLReshiram|Stealth Rock|[from] move: Rapid Spin|[of] p1a: Torkoal","|","|-heal|p1a: Torkoal|190/343|[from] item: Leftovers","|turn|13","|","|move|p1a: Torkoal|Protect|p1a: Torkoal","|-singleturn|p1a: Torkoal|Protect","|move|p2a: Drapion|Earthquake|p1a: Torkoal","|-activate|p1a: Torkoal|Protect","|","|-heal|p1a: Torkoal|211/343|[from] item: Leftovers","|turn|14","|","|move|p2a: Drapion|Earthquake|p1a: Torkoal","|-supereffective|p1a: Torkoal","|-damage|p1a: Torkoal|113/343","|move|p1a: Torkoal|Lava Plume|p2a: Drapion","|-damage|p2a: Drapion|164/282","|","|-heal|p1a: Torkoal|134/343|[from] item: Leftovers","|turn|15","|","|move|p2a: Drapion|Earthquake|p1a: Torkoal","|-supereffective|p1a: Torkoal","|-damage|p1a: Torkoal|18/343","|move|p1a: Torkoal|Lava Plume|p2a: Drapion","|-damage|p2a: Drapion|52/282","|","|-heal|p1a: Torkoal|39/343|[from] item: Leftovers","|turn|16","|","|move|p1a: Torkoal|Protect|p1a: Torkoal","|-singleturn|p1a: Torkoal|Protect","|move|p2a: Drapion|Earthquake|p1a: Torkoal","|-activate|p1a: Torkoal|Protect","|","|-heal|p1a: Torkoal|60/343|[from] item: Leftovers","|turn|17","|","|move|p2a: Drapion|Earthquake|p1a: Torkoal","|-supereffective|p1a: Torkoal","|-damage|p1a: Torkoal|0 fnt","|faint|p1a: Torkoal","|","|","|switch|p1a: Rotom-Heat|Rotom-Heat|241/241","|turn|18","|","|switch|p2a: Venusaur|Venusaur-Mega, M|364/364","|move|p1a: Rotom-Heat|Volt Switch|p2a: Venusaur","|-resisted|p2a: Venusaur","|-damage|p2a: Venusaur|308/364","|","|switch|p1a: Infernape|Infernape, F|258/294","|","|turn|19","|","|move|p1a: Infernape|U-turn|p2a: Venusaur","|-damage|p2a: Venusaur|212/364","|","|switch|p1a: Rotom-Heat|Rotom-Heat|241/241","|move|p2a: Venusaur|Sludge Bomb|p1a: Rotom-Heat","|-damage|p1a: Rotom-Heat|126/241","|","|turn|20","|","|move|p1a: Rotom-Heat|Overheat|p2a: Venusaur","|-supereffective|p2a: Venusaur","|-damage|p2a: Venusaur|8/364","|-unboost|p1a: Rotom-Heat|spa|2","|move|p2a: Venusaur|Synthesis|p2a: Venusaur","|-heal|p2a: Venusaur|190/364","|","|turn|21","|","|switch|p1a: Infernape|Infernape, F|258/294","|move|p2a: Venusaur|Synthesis|p2a: Venusaur","|-heal|p2a: Venusaur|364/364","|","|turn|22","|","|move|p1a: Infernape|Fire Punch|p2a: Venusaur","|-supereffective|p2a: Venusaur","|-damage|p2a: Venusaur|194/364","|move|p2a: Venusaur|Sludge Bomb|p1a: Infernape","|-damage|p1a: Infernape|95/294","|","|turn|23","|","|move|p1a: Infernape|Fire Punch|p2a: Venusaur","|-supereffective|p2a: Venusaur","|-damage|p2a: Venusaur|24/364","|move|p2a: Venusaur|Sludge Bomb|p1a: Infernape","|-damage|p1a: Infernape|0 fnt","|faint|p1a: Infernape","|","|","|switch|p1a: Rotom-Heat|Rotom-Heat|126/241","|turn|24","|","|move|p1a: Rotom-Heat|Volt Switch|p2a: Venusaur","|-resisted|p2a: Venusaur","|-damage|p2a: Venusaur|0 fnt","|faint|p2a: Venusaur","|","|","|switch|p2a: Gengar|Gengar, F|262/262","|turn|25","|","|move|p2a: Gengar|Sludge Wave|p1a: Rotom-Heat","|-damage|p1a: Rotom-Heat|0 fnt","|-damage|p2a: Gengar|236/262|[from] item: Life Orb","|faint|p1a: Rotom-Heat","|","|win|Sovereign Rido"],"p1rating":{"entryid":"6886801","serverid":"eos","formatid":"monotype","userid":"glreshiram","username":"GL♅Reshiram","w":"12","l":10,"t":"0","gxe":50.5,"r":"1515.8289885018","rd":"76.096798481401","sigma":"0","rptime":"1438678800","rpr":1503.6394138789,"rprd":69.417726636407,"rpsigma":"0","acre":1114.9700444965,"lacre":1114.9700444965,"oldacre":"1146.3356844895"},"p2rating":{"entryid":"7389141","serverid":"eos","formatid":"monotype","userid":"sovereignrido","username":"Sovereign Rido","w":3,"l":"2","t":"0","gxe":53.3,"r":"1500","rd":"130","sigma":"0","rptime":"1438678800","rpr":1525.5483160156,"rprd":102.38851397457,"rpsigma":"0","acre":1095.5486026428,"lacre":1095.5486026428,"oldacre":"1055.8798157575"},"endType":"normal"}