{"seed":[17774,5978,57974,36664],"turns":38,"p1":"Union Wevrm","p2":"MrNyanNyanz","p1team":[{"name":"Umbreon","species":"Umbreon","item":"leftovers","ability":"Synchronize","moves":["foulplay","confuseray","toxic","moonlight"],"nature":"Calm","evs":{"hp":252,"atk":0,"def":4,"spa":0,"spd":252,"spe":0},"ivs":{"hp":31,"atk":31,"def":31,"spa":31,"spd":31,"spe":31}},{"name":"Absol","species":"Absol","item":"absolite","ability":"Pressure","moves":["psychocut","knockoff","suckerpunch","swordsdance"],"nature":"Jolly","evs":{"hp":0,"atk":252,"def":0,"spa":0,"spd":4,"spe":252},"ivs":{"hp":31,"atk":31,"def":31,"spa":31,"spd":31,"spe":31}},{"name":"Mandibuzz","species":"Mandibuzz","item":"leftovers","ability":"Overcoat","moves":["bravebird","toxic","whirlwind","roost"],"nature":"Impish","evs":{"hp":200,"atk":4,"def":208,"spa":0,"spd":96,"spe":0},"ivs":{"hp":31,"atk":31,"def":31,"spa":31,"spd":31,"spe":31}},{"name":"Bisharp","species":"Bisharp","item":"focussash","ability":"Defiant","moves":["swordsdance","suckerpunch","nightslash","ironhead"],"nature":"Adamant","evs":{"hp":4,"atk":252,"def":0,"spa":0,"spd":0,"spe":252},"ivs":{"hp":31,"atk":31,"def":31,"spa":31,"spd":31,"spe":31}},{"name":"Hoopa-Unbound","species":"Hoopa-Unbound","item":"","ability":"Magician","moves":["hyperspacehole","focusblast","darkpulse","calmmind"],"nature":"Timid","evs":{"hp":4,"atk":0,"def":0,"spa":252,"spd":0,"spe":252},"ivs":{"hp":31,"atk":31,"def":31,"spa":31,"spd":31,"spe":31}},{"name":"Sableye","species":"Sableye","item":"leftovers","ability":"Prankster","moves":["willowisp","confuseray","substitute","recover"],"nature":"Calm","evs":{"hp":252,"atk":0,"def":4,"spa":0,"spd":252,"spe":0},"ivs":{"hp":31,"atk":31,"def":31,"spa":31,"spd":31,"spe":31}}],"p2team":[{"name":"Nyxia","species":"liepard","item":"ironball","ability":"Prankster","moves":["thunderwave","taunt","trick","assist"],"nature":"Naive","evs":{"hp":0,"atk":128,"def":0,"spa":128,"spd":0,"spe":252},"ivs":{"hp":31,"atk":31,"def":31,"spa":31,"spd":31,"spe":31}},{"name":"Devillion","species":"houndoom","item":"houndoominite","ability":"Flash Fire","moves":["nastyplot","protect","darkpulse","flamethrower"],"nature":"Timid","evs":{"hp":0,"atk":0,"def":0,"spa":252,"spd":4,"spe":252},"ivs":{"hp":31,"atk":31,"def":31,"spa":31,"spd":31,"spe":31}},{"name":"2Sharp","species":"bisharp","item":"choicescarf","ability":"Defiant","moves":["suckerpunch","ironhead","knockoff","stoneedge"],"nature":"Jolly","evs":{"hp":0,"atk":252,"def":0,"spa":0,"spd":4,"spe":252},"shiny":true,"ivs":{"hp":31,"atk":31,"def":31,"spa":31,"spd":31,"spe":31}},{"name":"Stall","species":"sableye","item":"leftovers","ability":"Prankster","moves":["recover","willowisp","toxic","shadowball"],"nature":"Calm","evs":{"hp":252,"atk":0,"def":0,"spa":4,"spd":252,"spe":0},"shiny":true,"ivs":{"hp":31,"atk":31,"def":31,"spa":31,"spd":31,"spe":31}},{"name":"Drago","species":"hydreigon","item":"choicescarf","ability":"Levitate","moves":["earthpower","darkpulse","dracometeor","flashcannon"],"nature":"Timid","evs":{"hp":0,"atk":0,"def":0,"spa":252,"spd":4,"spe":252},"shiny":true,"ivs":{"hp":31,"atk":31,"def":31,"spa":31,"spd":31,"spe":31}},{"name":"Emma","species":"mandibuzz","item":"rockyhelmet","ability":"Overcoat","moves":["bravebird","roost","defog","knockoff"],"nature":"Impish","evs":{"hp":248,"atk":8,"def":252,"spa":0,"spd":0,"spe":0},"ivs":{"hp":31,"atk":31,"def":31,"spa":31,"spd":31,"spe":31}}],"log":["|player|p1|Union Wevrm|unionwevrm.png","|player|p2|MrNyanNyanz|mrnyannyanz.png","|gametype|singles","|gen|6","|tier|Monotype","|rated","|rule|Baton Pass Clause: Limit one Baton Passer, can't pass Spe and other stats simultaneously","|rule|Swagger Clause: Swagger is banned","|rule|Same Type Clause: Pokémon in a team must share a type","|clearpoke","|poke|p1|Umbreon, M","|poke|p1|Absol, F","|poke|p1|Mandibuzz, F","|poke|p1|Bisharp, F","|poke|p1|Hoopa-Unbound","|poke|p1|Sableye, M","|poke|p2|Liepard, F","|poke|p2|Houndoom, F","|poke|p2|Bisharp, M, shiny","|poke|p2|Sableye, M, shiny","|poke|p2|Hydreigon, F, shiny","|poke|p2|Mandibuzz, F","|rule|Sleep Clause Mod: Limit one foe put to sleep","|rule|Species Clause: Limit one of each Pokémon","|rule|OHKO Clause: OHKO moves are banned","|rule|Moody Clause: Moody is banned","|rule|Evasion Moves Clause: Evasion moves are banned","|rule|Endless Battle Clause: Forcing endless battles is banned","|rule|HP Percentage Mod: HP is shown in percentages","|teampreview","|","|start","|switch|p1a: Bisharp|Bisharp, F|272/272","|switch|p2a: Nyxia|Liepard, F|269/269","|turn|1","|","|switch|p1a: Umbreon|Umbreon, M|394/394","|move|p2a: Nyxia|Thunder Wave|p1a: Umbreon","|-status|p1a: Umbreon|par","|-status|p2a: Nyxia|par","|","|turn|2","|","|cant|p2a: Nyxia|par","|cant|p1a: Umbreon|par","|","|turn|3","|","|move|p2a: Nyxia|Taunt|p1a: Umbreon","|-start|p1a: Umbreon|move: Taunt","|cant|p1a: Umbreon|move: Taunt|Confuse Ray","|","|turn|4","|","|move|p2a: Nyxia|Trick|p1a: Umbreon","|-activate|p2a: Nyxia|move: Trick|[of] p1a: Umbreon","|-item|p1a: Umbreon|Iron Ball|[from] move: Trick","|-item|p2a: Nyxia|Leftovers|[from] move: Trick","|move|p1a: Umbreon|Foul Play|p2a: Nyxia","|-crit|p2a: Nyxia","|-resisted|p2a: Nyxia","|-damage|p2a: Nyxia|128/269 par","|","|-heal|p2a: Nyxia|144/269 par|[from] item: Leftovers","|turn|5","|","|switch|p2a: Devillion|Houndoom, F|291/291","|cant|p1a: Umbreon|par","|","|-end|p1a: Umbreon|move: Taunt","|turn|6","|","|detailschange|p2a: Devillion|Houndoom-Mega, F","|-mega|p2a: Devillion|Houndoom|Houndoominite","|move|p2a: Devillion|Nasty Plot|p2a: Devillion","|-boost|p2a: Devillion|spa|2","|move|p1a: Umbreon|Toxic|p2a: Devillion","|-status|p2a: Devillion|tox","|","|-damage|p2a: Devillion|273/291 tox|[from] psn","|turn|7","|","|move|p2a: Devillion|Flamethrower|p1a: Umbreon","|-damage|p1a: Umbreon|181/394 par","|move|p1a: Umbreon|Confuse Ray|p2a: Devillion","|-start|p2a: Devillion|confusion","|","|-damage|p2a: Devillion|237/291 tox|[from] psn","|turn|8","|","|-activate|p2a: Devillion|confusion","|-damage|p2a: Devillion|207/291 tox|[from] confusion","|cant|p1a: Umbreon|par","|","|-damage|p2a: Devillion|153/291 tox|[from] psn","|turn|9","|","|-activate|p2a: Devillion|confusion","|-damage|p2a: Devillion|126/291 tox|[from] confusion","|move|p1a: Umbreon|Foul Play|p2a: Devillion","|-resisted|p2a: Devillion","|-damage|p2a: Devillion|72/291 tox","|","|-damage|p2a: Devillion|0 fnt|[from] psn","|faint|p2a: Devillion","|","|switch|p2a: 2Sharp|Bisharp, M, shiny|271/271","|turn|10","|","|move|p2a: 2Sharp|Iron Head|p1a: Umbreon","|-damage|p1a: Umbreon|45/394 par","|cant|p1a: Umbreon|flinch","|","|turn|11","|","|move|p2a: 2Sharp|Iron Head|p1a: Umbreon","|-damage|p1a: Umbreon|0 fnt","|faint|p1a: Umbreon","|","|","|switch|p1a: Sableye|Sableye, M|304/304","|turn|12","|","|switch|p2a: Nyxia|Liepard, F|144/269 par","|move|p1a: Sableye|Will-O-Wisp|p2a: Nyxia","|-fail|p2a: Nyxia","|","|-heal|p2a: Nyxia|160/269 par|[from] item: Leftovers","|turn|13","|","|move|p1a: Sableye|Substitute|p1a: Sableye","|-start|p1a: Sableye|Substitute","|-damage|p1a: Sableye|228/304","|move|p2a: Nyxia|Taunt|p1a: Sableye","|-start|p1a: Sableye|move: Taunt","|","|-heal|p1a: Sableye|247/304|[from] item: Leftovers","|-heal|p2a: Nyxia|176/269 par|[from] item: Leftovers","|turn|14","|","|switch|p1a: Bisharp|Bisharp, F|272/272","|move|p2a: Nyxia|Assist|p2a: Nyxia","|move|p2a: Nyxia|Defog|p1a: Bisharp|[from]Assist","|-unboost|p1a: Bisharp|evasion|1","|-boost|p1a: Bisharp|atk|2|[from] ability: Defiant","|","|-heal|p2a: Nyxia|192/269 par|[from] item: Leftovers","|turn|15","|","|cant|p2a: Nyxia|par","|move|p1a: Bisharp|Iron Head|p2a: Nyxia","|-damage|p2a: Nyxia|0 fnt","|faint|p2a: Nyxia","|","|","|switch|p2a: Stall|Sableye, M, shiny|304/304","|turn|16","|","|move|p2a: Stall|Will-O-Wisp|p1a: Bisharp","|-status|p1a: Bisharp|brn","|move|p1a: Bisharp|Swords Dance|p1a: Bisharp","|-boost|p1a: Bisharp|atk|2","|","|-damage|p1a: Bisharp|238/272 brn|[from] brn","|turn|17","|","|switch|p2a: Emma|Mandibuzz, F|423/423","|move|p1a: Bisharp|Iron Head|p2a: Emma","|-damage|p2a: Emma|273/423","|-damage|p1a: Bisharp|193/272 brn|[from] item: Rocky Helmet|[of] p2a: Emma","|","|-damage|p1a: Bisharp|159/272 brn|[from] brn","|turn|18","|","|move|p1a: Bisharp|Iron Head|p2a: Emma","|-damage|p2a: Emma|102/423","|-damage|p1a: Bisharp|114/272 brn|[from] item: Rocky Helmet|[of] p2a: Emma","|move|p2a: Emma|Roost|p2a: Emma","|-heal|p2a: Emma|314/423","|","|-damage|p1a: Bisharp|80/272 brn|[from] brn","|turn|19","|","|move|p1a: Bisharp|Iron Head|p2a: Emma","|-damage|p2a: Emma|167/423","|-damage|p1a: Bisharp|35/272 brn|[from] item: Rocky Helmet|[of] p2a: Emma","|cant|p2a: Emma|flinch","|","|-damage|p1a: Bisharp|1/272 brn|[from] brn","|turn|20","|","|move|p1a: Bisharp|Swords Dance|p1a: Bisharp","|-boost|p1a: Bisharp|atk|2","|move|p2a: Emma|Roost|p2a: Emma","|-heal|p2a: Emma|379/423","|","|-damage|p1a: Bisharp|0 fnt|[from] brn","|faint|p1a: Bisharp","|","|switch|p1a: Absol|Absol, F|271/271","|-ability|p1a: Absol|Pressure","|turn|21","|","|detailschange|p1a: Absol|Absol-Mega, F","|-mega|p1a: Absol|Absol|Absolite","|move|p1a: Absol|Swords Dance|p1a: Absol","|-boost|p1a: Absol|atk|2","|move|p2a: Emma|Brave Bird|p1a: Absol","|-damage|p1a: Absol|121/271","|-damage|p2a: Emma|329/423|[from] recoil|[of] p1a: Absol","|","|turn|22","|","|move|p1a: Absol|Knock Off|p2a: Emma","|-resisted|p2a: Emma","|-damage|p2a: Emma|201/423","|-damage|p1a: Absol|76/271|[from] item: Rocky Helmet|[of] p2a: Emma","|-enditem|p2a: Emma|Rocky Helmet|[from] move: Knock Off|[of] p1a: Absol","|move|p2a: Emma|Brave Bird|p1a: Absol","|-damage|p1a: Absol|0 fnt","|-damage|p2a: Emma|176/423|[from] recoil|[of] p1a: Absol","|faint|p1a: Absol","|","|","|switch|p1a: Hoopa-Unbound|Hoopa-Unbound|302/302","|turn|23","|","|move|p1a: Hoopa-Unbound|Calm Mind|p1a: Hoopa-Unbound","|-boost|p1a: Hoopa-Unbound|spa|1","|-boost|p1a: Hoopa-Unbound|spd|1","|move|p2a: Emma|Roost|p2a: Emma","|-heal|p2a: Emma|388/423","|","|turn|24","|","|move|p1a: Hoopa-Unbound|Focus Blast|p2a: Emma|[miss]","|-miss|p1a: Hoopa-Unbound|p2a: Emma","|move|p2a: Emma|Brave Bird|p1a: Hoopa-Unbound","|-damage|p1a: Hoopa-Unbound|137/302","|-damage|p2a: Emma|334/423|[from] recoil|[of] p1a: Hoopa-Unbound","|","|turn|25","|","|move|p1a: Hoopa-Unbound|Focus Blast|p2a: Emma","|-crit|p2a: Emma","|-damage|p2a: Emma|0 fnt","|faint|p2a: Emma","|","|","|switch|p2a: Stall|Sableye, M, shiny|304/304","|turn|26","|","|move|p2a: Stall|Will-O-Wisp|p1a: Hoopa-Unbound","|-status|p1a: Hoopa-Unbound|brn","|move|p1a: Hoopa-Unbound|Dark Pulse|p2a: Stall","|-damage|p2a: Stall|75/304","|-item|p1a: Hoopa-Unbound|Leftovers|[from] ability: Magician|[of] p2a: Stall","|","|-heal|p1a: Hoopa-Unbound|155/302 brn|[from] item: Leftovers","|-damage|p1a: Hoopa-Unbound|118/302 brn|[from] brn","|turn|27","|","|move|p2a: Stall|Recover|p2a: Stall","|-heal|p2a: Stall|227/304","|move|p1a: Hoopa-Unbound|Dark Pulse|p2a: Stall","|-damage|p2a: Stall|0 fnt","|faint|p2a: Stall","|","|-heal|p1a: Hoopa-Unbound|136/302 brn|[from] item: Leftovers","|-damage|p1a: Hoopa-Unbound|99/302 brn|[from] brn","|","|switch|p2a: 2Sharp|Bisharp, M, shiny|271/271","|turn|28","|","|move|p2a: 2Sharp|Knock Off|p1a: Hoopa-Unbound","|-crit|p1a: Hoopa-Unbound","|-damage|p1a: Hoopa-Unbound|0 fnt","|-enditem|p1a: Hoopa-Unbound|Leftovers|[from] move: Knock Off|[of] p2a: 2Sharp","|faint|p1a: Hoopa-Unbound","|","|","|switch|p1a: Mandibuzz|Mandibuzz, F|411/411","|turn|29","|","|move|p2a: 2Sharp|Knock Off|p1a: Mandibuzz","|-resisted|p1a: Mandibuzz","|-damage|p1a: Mandibuzz|356/411","|-enditem|p1a: Mandibuzz|Leftovers|[from] move: Knock Off|[of] p2a: 2Sharp","|move|p1a: Mandibuzz|Whirlwind|p2a: 2Sharp","|drag|p2a: Drago|Hydreigon, F, shiny|325/325","|","|turn|30","|","|move|p2a: Drago|Draco Meteor|p1a: Mandibuzz","|-damage|p1a: Mandibuzz|158/411","|-unboost|p2a: Drago|spa|2","|move|p1a: Mandibuzz|Brave Bird|p2a: Drago","|-damage|p2a: Drago|225/325","|-damage|p1a: Mandibuzz|125/411|[from] recoil|[of] p2a: Drago","|","|turn|31","|","|move|p2a: Drago|Draco Meteor|p1a: Mandibuzz","|-damage|p1a: Mandibuzz|10/411","|-unboost|p2a: Drago|spa|2","|move|p1a: Mandibuzz|Roost|p1a: Mandibuzz","|-heal|p1a: Mandibuzz|216/411","|","|turn|32","|","|switch|p2a: 2Sharp|Bisharp, M, shiny|271/271","|move|p1a: Mandibuzz|Toxic|p2a: 2Sharp","|-immune|p2a: 2Sharp|[msg]","|","|turn|33","|","|switch|p1a: Sableye|Sableye, M|247/304","|move|p2a: 2Sharp|Stone Edge|p1a: Sableye","|-damage|p1a: Sableye|89/304","|","|-heal|p1a: Sableye|108/304|[from] item: Leftovers","|turn|34","|","|switch|p2a: Drago|Hydreigon, F, shiny|225/325","|move|p1a: Sableye|Will-O-Wisp|p2a: Drago","|-status|p2a: Drago|brn","|","|-heal|p1a: Sableye|127/304|[from] item: Leftovers","|-damage|p2a: Drago|185/325 brn|[from] brn","|turn|35","|","|move|p1a: Sableye|Substitute|p1a: Sableye","|-start|p1a: Sableye|Substitute","|-damage|p1a: Sableye|51/304","|move|p2a: Drago|Draco Meteor|p1a: Sableye","|-end|p1a: Sableye|Substitute","|-unboost|p2a: Drago|spa|2","|","|-heal|p1a: Sableye|70/304|[from] item: Leftovers","|-damage|p2a: Drago|145/325 brn|[from] brn","|turn|36","|","|move|p1a: Sableye|Recover|p1a: Sableye","|-heal|p1a: Sableye|222/304","|move|p2a: Drago|Draco Meteor|p1a: Sableye","|-crit|p1a: Sableye","|-damage|p1a: Sableye|0 fnt","|-unboost|p2a: Drago|spa|2","|faint|p1a: Sableye","|","|-damage|p2a: Drago|105/325 brn|[from] brn","|","|switch|p1a: Mandibuzz|Mandibuzz, F|216/411","|turn|37","|","|switch|p2a: 2Sharp|Bisharp, M, shiny|271/271","|move|p1a: Mandibuzz|Whirlwind|p2a: 2Sharp","|drag|p2a: Drago|Hydreigon, F, shiny|105/325 brn","|","|-damage|p2a: Drago|65/325 brn|[from] brn","|turn|38","|","|move|p2a: Drago|Draco Meteor|p1a: Mandibuzz","|-damage|p1a: Mandibuzz|0 fnt","|-unboost|p2a: Drago|spa|2","|faint|p1a: Mandibuzz","|","|win|MrNyanNyanz"],"p1rating":{"entryid":"7313146","serverid":"eos","formatid":"monotype","userid":"unionwevrm","username":"Union Wevrm","w":"3","l":12,"t":"0","gxe":30.3,"r":"1324.6660812542","rd":"82.454998635901","sigma":"0","rptime":"1438678800","rpr":1339.5835179548,"rprd":78.511418252621,"rpsigma":"0","acre":1040.7347996044,"lacre":1040.7347996044,"oldacre":"1051.4308665706"},"p2rating":{"entryid":"6703862","serverid":"eos","formatid":"monotype","userid":"mrnyannyanz","username":"MrNyanNyanz","w":46,"l":"34","t":"0","gxe":56,"r":"1537.4006844982","rd":"40.879362621391","sigma":"0","rptime":"1438678800","rpr":1545.2663579373,"rprd":40.433059557347,"rpsigma":"0","acre":1212.1482582889,"lacre":1212.1482582889,"oldacre":"1197.0532958554"},"endType":"normal"}