{"seed":[7832,52823,22654,45894],"turns":37,"p1":"KGBeast","p2":"Guard Darkrai","p1team":[{"name":"Infernape","species":"Infernape","item":"focussash","ability":"Blaze","moves":["willowisp","stealthrock","encore","taunt"],"nature":"Timid","evs":{"hp":248,"atk":0,"def":8,"spa":0,"spd":0,"spe":252},"ivs":{"hp":31,"atk":0,"def":31,"spa":31,"spd":31,"spe":31}},{"name":"Heatran","species":"Heatran","item":"leftovers","ability":"Flash Fire","moves":["earthpower","toxic","flashcannon","roar"],"nature":"Calm","evs":{"hp":248,"atk":0,"def":0,"spa":0,"spd":252,"spe":8},"ivs":{"hp":31,"atk":0,"def":31,"spa":31,"spd":31,"spe":31}},{"name":"Charizard","species":"Charizard","item":"charizarditey","ability":"Blaze","moves":["defog","fireblast","solarbeam","roost"],"nature":"Calm","evs":{"hp":252,"atk":0,"def":0,"spa":0,"spd":252,"spe":4},"ivs":{"hp":31,"atk":0,"def":31,"spa":31,"spd":31,"spe":31}},{"name":"Torkoal","species":"Torkoal","item":"leftovers","ability":"White Smoke","moves":["stealthrock","rapidspin","lavaplume","yawn"],"nature":"Bold","evs":{"hp":248,"atk":0,"def":252,"spa":8,"spd":0,"spe":0},"ivs":{"hp":31,"atk":31,"def":31,"spa":31,"spd":31,"spe":31}},{"name":"Arcanine","species":"Arcanine","item":"leftovers","ability":"Intimidate","moves":["willowisp","flareblitz","toxic","morningsun"],"nature":"Impish","evs":{"hp":248,"atk":0,"def":252,"spa":0,"spd":0,"spe":8},"ivs":{"hp":31,"atk":31,"def":31,"spa":31,"spd":31,"spe":31}},{"name":"Rotom-Heat","species":"Rotom-Heat","item":"leftovers","ability":"Levitate","moves":["willowisp","lightscreen","reflect","voltswitch"],"nature":"Timid","evs":{"hp":248,"atk":0,"def":0,"spa":8,"spd":0,"spe":252},"ivs":{"hp":31,"atk":0,"def":31,"spa":31,"spd":31,"spe":31}}],"p2team":[{"name":"Persian","species":"Persian","item":"lifeorb","ability":"Technician","moves":["fakeout","uturn","knockoff","aerialace"],"nature":"Jolly","evs":{"hp":0,"atk":252,"def":0,"spa":0,"spd":4,"spe":252},"shiny":true,"ivs":{"hp":31,"atk":31,"def":31,"spa":31,"spd":31,"spe":31}},{"name":"Bibarel","species":"Bibarel","item":"whiteherb","ability":"Simple","moves":["amnesia","curse","waterfall","return"],"nature":"Jolly","evs":{"hp":0,"atk":252,"def":0,"spa":0,"spd":4,"spe":252},"shiny":true,"ivs":{"hp":31,"atk":31,"def":31,"spa":31,"spd":31,"spe":31}},{"name":"Lopunny","species":"Lopunny","item":"lopunnite","ability":"Cute Charm","moves":["fakeout","highjumpkick","return","icepunch"],"nature":"Jolly","evs":{"hp":0,"atk":252,"def":0,"spa":0,"spd":4,"spe":252},"shiny":true,"ivs":{"hp":31,"atk":31,"def":31,"spa":31,"spd":31,"spe":31}},{"name":"Wigglytuff","species":"Wigglytuff","item":"leftovers","ability":"Competitive","moves":["fireblast","hypervoice","dazzlinggleam","chargebeam"],"nature":"Modest","evs":{"hp":252,"atk":0,"def":0,"spa":252,"spd":4,"spe":0},"shiny":true,"ivs":{"hp":31,"atk":31,"def":31,"spa":31,"spd":31,"spe":31}},{"name":"Audino","species":"Audino","item":"leftovers","ability":"Regenerator","moves":["wish","healbell","magiccoat","toxic"],"nature":"Calm","evs":{"hp":252,"atk":0,"def":4,"spa":0,"spd":252,"spe":0},"shiny":true,"ivs":{"hp":31,"atk":31,"def":31,"spa":31,"spd":31,"spe":31}},{"name":"Braviary","species":"Braviary","item":"brightpowder","ability":"Defiant","moves":["bravebird","uturn","roost","defog"],"nature":"","evs":{"hp":0,"atk":0,"def":0,"spa":0,"spd":0,"spe":0},"ivs":{"hp":31,"atk":31,"def":31,"spa":31,"spd":31,"spe":31}}],"log":["|player|p1|KGBeast|kgbeast.png","|player|p2|Guard Darkrai|guarddarkrai.png","|gametype|singles","|gen|6","|tier|Monotype","|rated","|rule|Baton Pass Clause: Limit one Baton Passer, can't pass Spe and other stats simultaneously","|rule|Swagger Clause: Swagger is banned","|rule|Same Type Clause: Pokémon in a team must share a type","|clearpoke","|poke|p1|Infernape, M","|poke|p1|Heatran, F","|poke|p1|Charizard, F","|poke|p1|Torkoal, F","|poke|p1|Arcanine, F","|poke|p1|Rotom-Heat","|poke|p2|Persian, F, shiny","|poke|p2|Bibarel, M, shiny","|poke|p2|Lopunny, M, shiny","|poke|p2|Wigglytuff, M, shiny","|poke|p2|Audino, M, shiny","|poke|p2|Braviary, M","|rule|Sleep Clause Mod: Limit one foe put to sleep","|rule|Species Clause: Limit one of each Pokémon","|rule|OHKO Clause: OHKO moves are banned","|rule|Moody Clause: Moody is banned","|rule|Evasion Moves Clause: Evasion moves are banned","|rule|Endless Battle Clause: Forcing endless battles is banned","|rule|HP Percentage Mod: HP is shown in percentages","|teampreview","|","|start","|switch|p1a: Infernape|Infernape, M|355/355","|switch|p2a: Bibarel|Bibarel, M, shiny|299/299","|turn|1","|","|move|p1a: Infernape|Taunt|p2a: Bibarel","|-start|p2a: Bibarel|move: Taunt","|cant|p2a: Bibarel|move: Taunt|Curse","|","|turn|2","|","|switch|p2a: Audino|Audino, M, shiny|410/410","|move|p1a: Infernape|Will-O-Wisp|p2a: Audino","|-status|p2a: Audino|brn","|","|-damage|p2a: Audino|359/410 brn|[from] brn","|turn|3","|","|move|p1a: Infernape|Stealth Rock|p2a: Audino","|-sidestart|p2: Guard Darkrai|move: Stealth Rock","|move|p2a: Audino|Toxic|p1a: Infernape","|-status|p1a: Infernape|tox","|","|-heal|p2a: Audino|384/410 brn|[from] item: Leftovers","|-damage|p1a: Infernape|333/355 tox|[from] psn","|-damage|p2a: Audino|333/410 brn|[from] brn","|turn|4","|","|move|p1a: Infernape|Taunt|p2a: Audino","|-start|p2a: Audino|move: Taunt","|cant|p2a: Audino|move: Taunt|Heal Bell","|","|-heal|p2a: Audino|358/410 brn|[from] item: Leftovers","|-damage|p1a: Infernape|289/355 tox|[from] psn","|-damage|p2a: Audino|307/410 brn|[from] brn","|turn|5","|","|switch|p1a: Charizard|Charizard, F|360/360","|switch|p2a: Persian|Persian, F, shiny|271/271","|-damage|p2a: Persian|238/271|[from] Stealth Rock","|","|turn|6","|","|switch|p1a: Arcanine|Arcanine, F|383/383","|-ability|p1a: Arcanine|Intimidate","|-unboost|p2a: Persian|atk|1","|move|p2a: Persian|Fake Out|p1a: Arcanine","|-damage|p1a: Arcanine|328/383","|-damage|p2a: Persian|211/271|[from] item: Life Orb","|","|-heal|p1a: Arcanine|351/383|[from] item: Leftovers","|turn|7","|","|move|p2a: Persian|Knock Off|p1a: Arcanine","|-damage|p1a: Arcanine|296/383","|-enditem|p1a: Arcanine|Leftovers|[from] move: Knock Off|[of] p2a: Persian","|-damage|p2a: Persian|184/271|[from] item: Life Orb","|move|p1a: Arcanine|Flare Blitz|p2a: Persian","|-damage|p2a: Persian|0 fnt","|-damage|p1a: Arcanine|235/383|[from] recoil|[of] p2a: Persian","|faint|p2a: Persian","|","|","|switch|p2a: Bibarel|Bibarel, M, shiny|299/299","|-damage|p2a: Bibarel|262/299|[from] Stealth Rock","|turn|8","|","|move|p2a: Bibarel|Curse|p2a: Bibarel","|-unboost|p2a: Bibarel|spe|2","|-boost|p2a: Bibarel|atk|2","|-boost|p2a: Bibarel|def|2","|-enditem|p2a: Bibarel|White Herb","|-restoreboost|p2a: Bibarel|[silent]","|move|p1a: Arcanine|Will-O-Wisp|p2a: Bibarel","|-status|p2a: Bibarel|brn","|","|-damage|p2a: Bibarel|225/299 brn|[from] brn","|turn|9","|","|switch|p1a: Torkoal|Torkoal, F|343/343","|move|p2a: Bibarel|Amnesia|p2a: Bibarel","|-boost|p2a: Bibarel|spd|4","|","|-damage|p2a: Bibarel|188/299 brn|[from] brn","|turn|10","|","|switch|p1a: Arcanine|Arcanine, F|235/383","|-ability|p1a: Arcanine|Intimidate","|-unboost|p2a: Bibarel|atk|2","|move|p2a: Bibarel|Waterfall|p1a: Arcanine","|-supereffective|p1a: Arcanine","|-damage|p1a: Arcanine|145/383","|","|-damage|p2a: Bibarel|151/299 brn|[from] brn","|turn|11","|","|move|p2a: Bibarel|Curse|p2a: Bibarel","|-unboost|p2a: Bibarel|spe|2","|-boost|p2a: Bibarel|atk|2","|-boost|p2a: Bibarel|def|2","|move|p1a: Arcanine|Morning Sun|p1a: Arcanine","|-heal|p1a: Arcanine|336/383","|","|-damage|p2a: Bibarel|114/299 brn|[from] brn","|turn|12","|","|switch|p1a: Torkoal|Torkoal, F|343/343","|move|p2a: Bibarel|Curse|p2a: Bibarel","|-unboost|p2a: Bibarel|spe|2","|-boost|p2a: Bibarel|atk|2","|-boost|p2a: Bibarel|def|2","|","|-damage|p2a: Bibarel|77/299 brn|[from] brn","|turn|13","|","|switch|p1a: Arcanine|Arcanine, F|336/383","|-ability|p1a: Arcanine|Intimidate","|-unboost|p2a: Bibarel|atk|2","|move|p2a: Bibarel|Waterfall|p1a: Arcanine","|-supereffective|p1a: Arcanine","|-damage|p1a: Arcanine|167/383","|","|-damage|p2a: Bibarel|40/299 brn|[from] brn","|turn|14","|","|move|p1a: Arcanine|Morning Sun|p1a: Arcanine","|-heal|p1a: Arcanine|358/383","|move|p2a: Bibarel|Curse|p2a: Bibarel","|-unboost|p2a: Bibarel|spe|2","|-boost|p2a: Bibarel|atk|2","|","|-damage|p2a: Bibarel|3/299 brn|[from] brn","|turn|15","|","|move|p1a: Arcanine|Flare Blitz|p2a: Bibarel","|-resisted|p2a: Bibarel","|-damage|p2a: Bibarel|0 fnt","|-damage|p1a: Arcanine|357/383|[from] recoil|[of] p2a: Bibarel","|faint|p2a: Bibarel","|","|","|switch|p2a: Lopunny|Lopunny, M, shiny|271/271","|-damage|p2a: Lopunny|238/271|[from] Stealth Rock","|turn|16","|","|switch|p1a: Torkoal|Torkoal, F|343/343","|detailschange|p2a: Lopunny|Lopunny-Mega, M, shiny","|-mega|p2a: Lopunny|Lopunny|Lopunnite","|move|p2a: Lopunny|Fake Out|p1a: Torkoal","|-damage|p1a: Torkoal|298/343","|","|-heal|p1a: Torkoal|319/343|[from] item: Leftovers","|turn|17","|","|switch|p1a: Arcanine|Arcanine, F|357/383","|-ability|p1a: Arcanine|Intimidate","|-unboost|p2a: Lopunny|atk|1","|move|p2a: Lopunny|High Jump Kick|p1a: Arcanine","|-damage|p1a: Arcanine|230/383","|","|turn|18","|","|move|p2a: Lopunny|High Jump Kick|p1a: Arcanine","|-damage|p1a: Arcanine|98/383","|move|p1a: Arcanine|Morning Sun|p1a: Arcanine","|-heal|p1a: Arcanine|289/383","|","|turn|19","|","|switch|p2a: Audino|Audino, M, shiny|410/410 brn","|-damage|p2a: Audino|359/410 brn|[from] Stealth Rock","|move|p1a: Arcanine|Will-O-Wisp|p2a: Audino|[miss]","|-miss|p1a: Arcanine|p2a: Audino","|","|-heal|p2a: Audino|384/410 brn|[from] item: Leftovers","|-damage|p2a: Audino|333/410 brn|[from] brn","|turn|20","|","|switch|p1a: Infernape|Infernape, M|289/355 tox","|move|p2a: Audino|Toxic|p1a: Infernape","|-fail|p1a: Infernape|tox","|","|-heal|p2a: Audino|358/410 brn|[from] item: Leftovers","|-damage|p1a: Infernape|267/355 tox|[from] psn","|-damage|p2a: Audino|307/410 brn|[from] brn","|turn|21","|","|switch|p2a: Wigglytuff|Wigglytuff, M, shiny|484/484","|-damage|p2a: Wigglytuff|424/484|[from] Stealth Rock","|move|p1a: Infernape|Taunt|p2a: Wigglytuff","|-start|p2a: Wigglytuff|move: Taunt","|","|-heal|p2a: Wigglytuff|454/484|[from] item: Leftovers","|-damage|p1a: Infernape|223/355 tox|[from] psn","|turn|22","|","|switch|p1a: Heatran|Heatran, F|385/385","|move|p2a: Wigglytuff|Hyper Voice|p1a: Heatran","|-resisted|p1a: Heatran","|-damage|p1a: Heatran|343/385","|","|-heal|p1a: Heatran|367/385|[from] item: Leftovers","|-heal|p2a: Wigglytuff|484/484|[from] item: Leftovers","|turn|23","|","|move|p1a: Heatran|Flash Cannon|p2a: Wigglytuff","|-supereffective|p2a: Wigglytuff","|-damage|p2a: Wigglytuff|94/484","|move|p2a: Wigglytuff|Charge Beam|p1a: Heatran","|-damage|p1a: Heatran|333/385","|-boost|p2a: Wigglytuff|spa|1","|","|-heal|p1a: Heatran|357/385|[from] item: Leftovers","|-heal|p2a: Wigglytuff|124/484|[from] item: Leftovers","|-end|p2a: Wigglytuff|move: Taunt","|turn|24","|","|move|p1a: Heatran|Flash Cannon|p2a: Wigglytuff","|-supereffective|p2a: Wigglytuff","|-damage|p2a: Wigglytuff|0 fnt","|faint|p2a: Wigglytuff","|","|-heal|p1a: Heatran|381/385|[from] item: Leftovers","|","|switch|p2a: Lopunny|Lopunny-Mega, M, shiny|238/271","|-damage|p2a: Lopunny|222/271|[from] Stealth Rock","|turn|25","|","|switch|p1a: Arcanine|Arcanine, F|289/383","|-ability|p1a: Arcanine|Intimidate","|-unboost|p2a: Lopunny|atk|1","|move|p2a: Lopunny|High Jump Kick|p1a: Arcanine","|-crit|p1a: Arcanine","|-damage|p1a: Arcanine|0 fnt","|faint|p1a: Arcanine","|","|","|switch|p1a: Torkoal|Torkoal, F|319/343","|turn|26","|","|move|p2a: Lopunny|High Jump Kick|p1a: Torkoal","|-damage|p1a: Torkoal|223/343","|move|p1a: Torkoal|Lava Plume|p2a: Lopunny","|-damage|p2a: Lopunny|137/271","|-status|p2a: Lopunny|brn","|","|-heal|p1a: Torkoal|244/343|[from] item: Leftovers","|-damage|p2a: Lopunny|104/271 brn|[from] brn","|turn|27","|","|move|p2a: Lopunny|High Jump Kick|p1a: Torkoal","|-damage|p1a: Torkoal|201/343","|move|p1a: Torkoal|Lava Plume|p2a: Lopunny","|-damage|p2a: Lopunny|23/271 brn","|","|-heal|p1a: Torkoal|222/343|[from] item: Leftovers","|-damage|p2a: Lopunny|0 fnt|[from] brn","|faint|p2a: Lopunny","|","|switch|p2a: Braviary|Braviary, M|341/341","|-damage|p2a: Braviary|256/341|[from] Stealth Rock","|turn|28","|","|move|p2a: Braviary|Defog|p1a: Torkoal","|-fail|p1a: Torkoal|unboost|[from] ability: White Smoke|[of] p1a: Torkoal","|-sideend|p2: Guard Darkrai|Stealth Rock|[from] move: Defog|[of] p2a: Braviary","|move|p1a: Torkoal|Yawn|p2a: Braviary","|-start|p2a: Braviary|move: Yawn|[of] p1a: Torkoal","|","|-heal|p1a: Torkoal|243/343|[from] item: Leftovers","|turn|29","|","|switch|p2a: Audino|Audino, M, shiny|410/410 brn","|move|p1a: Torkoal|Stealth Rock|p2a: Audino","|-sidestart|p2: Guard Darkrai|move: Stealth Rock","|","|-heal|p1a: Torkoal|264/343|[from] item: Leftovers","|-damage|p2a: Audino|359/410 brn|[from] brn","|turn|30","|","|switch|p1a: Heatran|Heatran, F|381/385","|move|p2a: Audino|Toxic|p1a: Heatran","|-immune|p1a: Heatran|[msg]","|","|-heal|p1a: Heatran|385/385|[from] item: Leftovers","|-heal|p2a: Audino|384/410 brn|[from] item: Leftovers","|-damage|p2a: Audino|333/410 brn|[from] brn","|turn|31","|","|move|p2a: Audino|Magic Coat|p2a: Audino","|-singleturn|p2a: Audino|move: Magic Coat","|move|p1a: Heatran|Flash Cannon|p2a: Audino","|-damage|p2a: Audino|239/410 brn","|","|-heal|p2a: Audino|264/410 brn|[from] item: Leftovers","|-damage|p2a: Audino|213/410 brn|[from] brn","|turn|32","|","|move|p1a: Heatran|Flash Cannon|p2a: Audino","|-damage|p2a: Audino|117/410 brn","|-unboost|p2a: Audino|spd|1","|move|p2a: Audino|Heal Bell|p2a: Audino","|-cureteam|p2a: Audino|[from] move: HealBell","|","|-heal|p2a: Audino|142/410|[from] item: Leftovers","|turn|33","|","|move|p1a: Heatran|Toxic|p2a: Audino","|-status|p2a: Audino|tox","|move|p2a: Audino|Wish|p2a: Audino","|","|-heal|p2a: Audino|167/410 tox|[from] item: Leftovers","|-damage|p2a: Audino|142/410 tox|[from] psn","|turn|34","|","|move|p1a: Heatran|Flash Cannon|p2a: Audino","|-damage|p2a: Audino|0 fnt","|faint|p2a: Audino","|","|","|switch|p2a: Braviary|Braviary, M|256/341","|-damage|p2a: Braviary|171/341|[from] Stealth Rock","|turn|35","|","|move|p2a: Braviary|Roost|p2a: Braviary","|-heal|p2a: Braviary|341/341","|move|p1a: Heatran|Flash Cannon|p2a: Braviary","|-damage|p2a: Braviary|185/341","|","|turn|36","|","|move|p2a: Braviary|Brave Bird|p1a: Heatran","|-resisted|p1a: Heatran","|-damage|p1a: Heatran|307/385","|-damage|p2a: Braviary|159/341|[from] recoil|[of] p1a: Heatran","|move|p1a: Heatran|Toxic|p2a: Braviary","|-status|p2a: Braviary|tox","|","|-heal|p1a: Heatran|331/385|[from] item: Leftovers","|-damage|p2a: Braviary|138/341 tox|[from] psn","|turn|37","|","|win|KGBeast"],"p1rating":{"entryid":"6349485","serverid":"eos","formatid":"monotype","userid":"kgbeast","username":"KGBeast","w":41,"l":"20","t":"0","gxe":64,"r":"1602.4834527501","rd":"52.388991108415","sigma":"0","rptime":"1438678800","rpr":1609.3076342172,"rprd":50.487924414525,"rpsigma":"0","acre":1194.271164296,"lacre":1194.271164296,"oldacre":"1174.6236435647"},"p2rating":{"entryid":"6034648","serverid":"eos","formatid":"monotype","userid":"guarddarkrai","username":"Guard Darkrai","w":"64","l":79,"t":"0","gxe":44.4,"r":"1460.1037078647","rd":"33.145922397542","sigma":"0","rptime":"1438678800","rpr":1457.2739154989,"rprd":32.366090143578,"rpsigma":"0","acre":1079.5312985791,"lacre":1079.5312985791,"oldacre":"1099.0690773817"},"endType":"forfeit"}