{"seed":[38894,55718,44098,53169],"turns":20,"p1":"Alliance - Wu Tang","p2":"V Monocle","p1team":[{"name":"ガブリアス","species":"garchomp","item":"rockyhelmet","ability":"Rough Skin","moves":["stealthrock","earthquake","dragontail","endure"],"nature":"Impish","evs":{"hp":252,"atk":0,"def":232,"spa":0,"spd":24,"spe":0},"ivs":{"hp":31,"atk":31,"def":31,"spa":31,"spd":31,"spe":31}},{"name":"オンバーン","species":"noivern","item":"choicescarf","ability":"Infiltrator","moves":["flamethrower","hurricane","dracometeor","darkpulse"],"nature":"Timid","evs":{"hp":0,"atk":0,"def":4,"spa":252,"spd":0,"spe":252},"ivs":{"hp":31,"atk":31,"def":31,"spa":31,"spd":31,"spe":31}},{"name":"チルタリス","species":"altaria","item":"altarianite","ability":"Natural Cure","moves":["dragondance","frustration","earthquake","roost"],"nature":"Adamant","evs":{"hp":188,"atk":68,"def":0,"spa":0,"spd":0,"spe":252},"happiness":0,"ivs":{"hp":31,"atk":31,"def":31,"spa":31,"spd":31,"spe":31}},{"name":"ラティオス","species":"latios","item":"choicescarf","ability":"Levitate","moves":["hiddenpowerfire","dragonpulse","psyshock","trick"],"nature":"Timid","evs":{"hp":0,"atk":0,"def":4,"spa":252,"spd":0,"spe":252},"ivs":{"hp":31,"atk":30,"def":31,"spa":30,"spd":31,"spe":30}},{"name":"キュレム","species":"kyuremblack","item":"lifeorb","ability":"Teravolt","moves":["icebeam","outrage","fusionbolt","ironhead"],"nature":"Naive","evs":{"hp":0,"atk":100,"def":0,"spa":180,"spd":0,"spe":228},"shiny":true,"ivs":{"hp":31,"atk":31,"def":31,"spa":31,"spd":31,"spe":31}},{"name":"ボーマンダ","species":"salamence","item":"choicescarf","ability":"Moxie","moves":["outrage","aerialace","steelwing","earthquake"],"nature":"Jolly","evs":{"hp":0,"atk":252,"def":4,"spa":0,"spd":0,"spe":252},"ivs":{"hp":31,"atk":31,"def":31,"spa":31,"spd":31,"spe":31}}],"p2team":[{"name":"Terrakion","species":"Terrakion","item":"choicescarf","ability":"Justified","moves":["earthquake","closecombat","stoneedge","poisonjab"],"nature":"Jolly","evs":{"hp":0,"atk":252,"def":0,"spa":0,"spd":4,"spe":252},"ivs":{"hp":31,"atk":31,"def":31,"spa":31,"spd":31,"spe":31}},{"name":"Archeops","species":"Archeops","item":"choicespecs","ability":"Defeatist","moves":["ancientpower","earthpower","dragonpulse","heatwave"],"nature":"Hasty","evs":{"hp":4,"atk":0,"def":0,"spa":252,"spd":0,"spe":252},"ivs":{"hp":31,"atk":31,"def":31,"spa":31,"spd":31,"spe":31}},{"name":"Carracosta","species":"Carracosta","item":"whiteherb","ability":"Sturdy","moves":["aquajet","shellsmash","knockoff","earthquake"],"nature":"Adamant","evs":{"hp":0,"atk":252,"def":0,"spa":0,"spd":4,"spe":252},"ivs":{"hp":31,"atk":31,"def":31,"spa":31,"spd":31,"spe":31}},{"name":"Cradily","species":"Cradily","item":"leftovers","ability":"Storm Drain","moves":["ancientpower","gigadrain","recover","toxic"],"nature":"Calm","evs":{"hp":252,"atk":0,"def":0,"spa":4,"spd":252,"spe":0},"ivs":{"hp":31,"atk":31,"def":31,"spa":31,"spd":31,"spe":31}},{"name":"Aggron","species":"Aggron","item":"aggronite","ability":"Sturdy","moves":["heavyslam","curse","rest","sleeptalk"],"nature":"Impish","evs":{"hp":248,"atk":8,"def":252,"spa":0,"spd":0,"spe":0},"ivs":{"hp":31,"atk":31,"def":31,"spa":31,"spd":31,"spe":31}},{"name":"Tyranitar","species":"Tyranitar","item":"focussash","ability":"Sand Stream","moves":["crunch","stealthrock","earthquake","superpower"],"nature":"Adamant","evs":{"hp":248,"atk":252,"def":0,"spa":0,"spd":8,"spe":0},"ivs":{"hp":31,"atk":31,"def":31,"spa":31,"spd":31,"spe":31}}],"log":["|player|p1|Alliance - Wu Tang|alliancewutang.png","|player|p2|V Monocle|vmonocle.png","|gametype|singles","|gen|6","|tier|Monotype","|rated","|rule|Baton Pass Clause: Limit one Baton Passer, can't pass Spe and other stats simultaneously","|rule|Swagger Clause: Swagger is banned","|rule|Same Type Clause: Pokémon in a team must share a type","|clearpoke","|poke|p1|Garchomp, F","|poke|p1|Noivern, M","|poke|p1|Altaria, M","|poke|p1|Latios, M","|poke|p1|Kyurem-Black, shiny","|poke|p1|Salamence, F","|poke|p2|Terrakion","|poke|p2|Archeops, M","|poke|p2|Carracosta, M","|poke|p2|Cradily, F","|poke|p2|Aggron, F","|poke|p2|Tyranitar, M","|rule|Sleep Clause Mod: Limit one foe put to sleep","|rule|Species Clause: Limit one of each Pokémon","|rule|OHKO Clause: OHKO moves are banned","|rule|Moody Clause: Moody is banned","|rule|Evasion Moves Clause: Evasion moves are banned","|rule|Endless Battle Clause: Forcing endless battles is banned","|rule|HP Percentage Mod: HP is shown in percentages","|teampreview","|","|start","|switch|p1a: ガブリアス|Garchomp, F|420/420","|switch|p2a: Tyranitar|Tyranitar, M|403/403","|-weather|Sandstorm","|turn|1","|","|move|p1a: ガブリアス|Stealth Rock|p2a: Tyranitar","|-sidestart|p2: V Monocle|move: Stealth Rock","|move|p2a: Tyranitar|Stealth Rock|p1a: ガブリアス","|-sidestart|p1: Alliance - Wu Tang|move: Stealth Rock","|","|-weather|Sandstorm|[upkeep]","|turn|2","|","|move|p1a: ガブリアス|Earthquake|p2a: Tyranitar","|-supereffective|p2a: Tyranitar","|-damage|p2a: Tyranitar|151/403","|move|p2a: Tyranitar|Crunch|p1a: ガブリアス","|-damage|p1a: ガブリアス|300/420","|-damage|p2a: Tyranitar|101/403|[from] ability: Rough Skin|[of] p1a: ガブリアス","|-damage|p2a: Tyranitar|34/403|[from] item: Rocky Helmet|[of] p1a: ガブリアス","|-unboost|p1a: ガブリアス|def|1","|","|-weather|Sandstorm|[upkeep]","|turn|3","|","|switch|p2a: Archeops|Archeops, M|292/292","|-damage|p2a: Archeops|219/292|[from] Stealth Rock","|move|p1a: ガブリアス|Earthquake|p2a: Archeops","|-immune|p2a: Archeops|[msg]","|","|-weather|Sandstorm|[upkeep]","|turn|4","|","|move|p2a: Archeops|Dragon Pulse|p1a: ガブリアス","|-supereffective|p1a: ガブリアス","|-damage|p1a: ガブリアス|10/420","|move|p1a: ガブリアス|Dragon Tail|p2a: Archeops","|-damage|p2a: Archeops|81/292","|drag|p2a: Cradily|Cradily, F|376/376","|-damage|p2a: Cradily|329/376|[from] Stealth Rock","|","|-weather|Sandstorm|[upkeep]","|-heal|p2a: Cradily|352/376|[from] item: Leftovers","|turn|5","|","|move|p1a: ガブリアス|Earthquake|p2a: Cradily","|-crit|p2a: Cradily","|-damage|p2a: Cradily|130/376","|move|p2a: Cradily|Giga Drain|p1a: ガブリアス","|-damage|p1a: ガブリアス|0 fnt","|-heal|p2a: Cradily|135/376|[from] drain|[of] p1a: ガブリアス","|faint|p1a: ガブリアス","|","|-weather|none","|-heal|p2a: Cradily|158/376|[from] item: Leftovers","|","|switch|p1a: キュレム|Kyurem-Black, shiny|391/391","|-damage|p1a: キュレム|294/391|[from] Stealth Rock","|-ability|p1a: キュレム|Teravolt","|turn|6","|","|move|p1a: キュレム|Iron Head|p2a: Cradily","|-supereffective|p2a: Cradily","|-damage|p2a: Cradily|0 fnt","|-damage|p1a: キュレム|255/391|[from] item: Life Orb","|faint|p2a: Cradily","|","|","|switch|p2a: Aggron|Aggron, F|343/343","|-damage|p2a: Aggron|322/343|[from] Stealth Rock","|turn|7","|","|switch|p1a: ボーマンダ|Salamence, F|331/331","|-damage|p1a: ボーマンダ|249/331|[from] Stealth Rock","|detailschange|p2a: Aggron|Aggron-Mega, F","|-mega|p2a: Aggron|Aggron|Aggronite","|move|p2a: Aggron|Curse|p2a: Aggron","|-unboost|p2a: Aggron|spe|1","|-boost|p2a: Aggron|atk|1","|-boost|p2a: Aggron|def|1","|","|turn|8","|","|move|p1a: ボーマンダ|Earthquake|p2a: Aggron","|-supereffective|p2a: Aggron","|-damage|p2a: Aggron|273/343","|move|p2a: Aggron|Heavy Slam|p1a: ボーマンダ","|-damage|p1a: ボーマンダ|17/331","|","|turn|9","|","|move|p1a: ボーマンダ|Earthquake|p2a: Aggron","|-supereffective|p2a: Aggron","|-damage|p2a: Aggron|225/343","|move|p2a: Aggron|Curse|p2a: Aggron","|-unboost|p2a: Aggron|spe|1","|-boost|p2a: Aggron|atk|1","|-boost|p2a: Aggron|def|1","|","|turn|10","|","|move|p1a: ボーマンダ|Earthquake|p2a: Aggron","|-supereffective|p2a: Aggron","|-damage|p2a: Aggron|186/343","|move|p2a: Aggron|Heavy Slam|p1a: ボーマンダ","|-damage|p1a: ボーマンダ|0 fnt","|faint|p1a: ボーマンダ","|","|","|switch|p1a: オンバーン|Noivern, M|311/311","|-damage|p1a: オンバーン|234/311|[from] Stealth Rock","|turn|11","|","|move|p1a: オンバーン|Flamethrower|p2a: Aggron","|-supereffective|p2a: Aggron","|-damage|p2a: Aggron|29/343","|-status|p2a: Aggron|brn","|move|p2a: Aggron|Rest|p2a: Aggron","|-status|p2a: Aggron|slp","|-heal|p2a: Aggron|343/343 slp|[silent]","|-status|p2a: Aggron|slp|[from] move: Rest","|","|turn|12","|","|move|p1a: オンバーン|Flamethrower|p2a: Aggron","|-supereffective|p2a: Aggron","|-damage|p2a: Aggron|186/343 slp","|cant|p2a: Aggron|slp","|move|p2a: Aggron|Sleep Talk|p2a: Aggron","|move|p2a: Aggron|Heavy Slam|p1a: オンバーン|[from]Sleep Talk","|-damage|p1a: オンバーン|0 fnt","|faint|p1a: オンバーン","|","|","|switch|p1a: ラティオス|Latios, M|301/301","|-damage|p1a: ラティオス|264/301|[from] Stealth Rock","|turn|13","|","|move|p1a: ラティオス|Hidden Power|p2a: Aggron","|-crit|p2a: Aggron","|-supereffective|p2a: Aggron","|-damage|p2a: Aggron|3/343 slp","|cant|p2a: Aggron|slp","|move|p2a: Aggron|Sleep Talk|p2a: Aggron","|move|p2a: Aggron|Curse|p2a: Aggron|[from]Sleep Talk","|-unboost|p2a: Aggron|spe|1","|-boost|p2a: Aggron|atk|1","|-boost|p2a: Aggron|def|1","|","|turn|14","|","|switch|p2a: Tyranitar|Tyranitar, M|34/403","|-damage|p2a: Tyranitar|0 fnt|[from] Stealth Rock","|faint|p2a: Tyranitar","|move|p1a: ラティオス|Hidden Power|p2: Tyranitar|[notarget]","|-notarget","|","|","|switch|p2a: Archeops|Archeops, M|81/292","|-damage|p2a: Archeops|8/292|[from] Stealth Rock","|turn|15","|","|move|p1a: ラティオス|Hidden Power|p2a: Archeops","|-resisted|p2a: Archeops","|-damage|p2a: Archeops|0 fnt","|faint|p2a: Archeops","|","|","|switch|p2a: Carracosta|Carracosta, M|289/289","|-damage|p2a: Carracosta|253/289|[from] Stealth Rock","|turn|16","|","|switch|p1a: キュレム|Kyurem-Black, shiny|255/391","|-damage|p1a: キュレム|158/391|[from] Stealth Rock","|-ability|p1a: キュレム|Teravolt","|move|p2a: Carracosta|Knock Off|p1a: キュレム","|-damage|p1a: キュレム|41/391","|-enditem|p1a: キュレム|Life Orb|[from] move: Knock Off|[of] p2a: Carracosta","|","|turn|17","|","|move|p2a: Carracosta|Aqua Jet|p1a: キュレム","|-resisted|p1a: キュレム","|-damage|p1a: キュレム|9/391","|move|p1a: キュレム|Fusion Bolt|p2a: Carracosta","|-supereffective|p2a: Carracosta","|-damage|p2a: Carracosta|41/289","|","|turn|18","|","|move|p2a: Carracosta|Aqua Jet|p1a: キュレム","|-resisted|p1a: キュレム","|-damage|p1a: キュレム|0 fnt","|faint|p1a: キュレム","|","|","|switch|p1a: ラティオス|Latios, M|264/301","|-damage|p1a: ラティオス|227/301|[from] Stealth Rock","|turn|19","|","|move|p2a: Carracosta|Aqua Jet|p1a: ラティオス","|-crit|p1a: ラティオス","|-resisted|p1a: ラティオス","|-damage|p1a: ラティオス|168/301","|move|p1a: ラティオス|Psyshock|p2a: Carracosta","|-damage|p2a: Carracosta|0 fnt","|faint|p2a: Carracosta","|","|","|switch|p2a: Terrakion|Terrakion|323/323","|-damage|p2a: Terrakion|303/323|[from] Stealth Rock","|turn|20","|","|move|p1a: ラティオス|Psyshock|p2a: Terrakion","|-supereffective|p2a: Terrakion","|-damage|p2a: Terrakion|0 fnt","|faint|p2a: Terrakion","|","|","|switch|p2a: Aggron|Aggron-Mega, F|3/343 slp","|-damage|p2a: Aggron|0 fnt|[from] Stealth Rock","|faint|p2a: Aggron","|","|win|Alliance - Wu Tang"],"p1rating":{"entryid":"7022950","serverid":"eos","formatid":"monotype","userid":"alliancewutang","username":"Alliance - Wu Tang","w":25,"l":"10","t":"0","gxe":66.6,"r":"1561.5796562847","rd":"69.552395762797","sigma":"0","rptime":"1438592400","rpr":1631.5069262963,"rprd":59.275354834687,"rpsigma":"0","acre":1301.5351665627,"lacre":1301.5351665627,"oldacre":"1288.2081275579"},"p2rating":{"entryid":"7320079","serverid":"eos","formatid":"monotype","userid":"vmonocle","username":"V Monocle","w":"7","l":12,"t":"0","gxe":41.4,"r":"1433.17272151","rd":"76.549615224921","sigma":"0","rptime":"1438592400","rpr":1433.2039997822,"rprd":72.246670611234,"rpsigma":"0","acre":1099.036165447,"lacre":1099.036165447,"oldacre":"1112.3632044518"},"endType":"normal"}