{"seed":[62447,58481,10708,58630],"turns":24,"p1":"Rain ☆ Pats","p2":"V Monocle","p1team":[{"name":"Bisharp","species":"Bisharp","item":"lifeorb","ability":"Defiant","moves":["knockoff","swordsdance","suckerpunch","ironhead"],"nature":"Jolly","evs":{"hp":0,"atk":252,"def":0,"spa":0,"spd":4,"spe":252},"ivs":{"hp":31,"atk":31,"def":31,"spa":31,"spd":31,"spe":31}},{"name":"Heatran","species":"Heatran","item":"airballoon","ability":"Flash Fire","moves":["lavaplume","earthpower","toxic","stealthrock"],"nature":"Calm","evs":{"hp":248,"atk":0,"def":0,"spa":8,"spd":252,"spe":0},"ivs":{"hp":31,"atk":31,"def":31,"spa":31,"spd":31,"spe":31}},{"name":"Excadrill","species":"Excadrill","item":"choicescarf","ability":"Mold Breaker","moves":["earthquake","rockslide","xscissor","ironhead"],"nature":"Jolly","evs":{"hp":0,"atk":252,"def":0,"spa":0,"spd":4,"spe":252},"ivs":{"hp":31,"atk":31,"def":31,"spa":31,"spd":31,"spe":31}},{"name":"Magnezone","species":"Magnezone","item":"choicescarf","ability":"Magnet Pull","moves":["voltswitch","thunderbolt","flashcannon","hiddenpowergrass"],"nature":"Timid","evs":{"hp":0,"atk":0,"def":0,"spa":252,"spd":4,"spe":252},"ivs":{"hp":31,"atk":30,"def":31,"spa":30,"spd":31,"spe":31}},{"name":"Scizor","species":"Scizor","item":"scizorite","ability":"Light Metal","moves":["bulletpunch","roost","uturn","swordsdance"],"nature":"Impish","evs":{"hp":248,"atk":44,"def":16,"spa":0,"spd":176,"spe":0},"ivs":{"hp":31,"atk":31,"def":31,"spa":31,"spd":31,"spe":31}},{"name":"Skarmory","species":"Skarmory","item":"rockyhelmet","ability":"Sturdy","moves":["bravebird","roost","spikes","whirlwind"],"nature":"Impish","evs":{"hp":248,"atk":0,"def":84,"spa":0,"spd":0,"spe":24},"ivs":{"hp":31,"atk":31,"def":31,"spa":31,"spd":31,"spe":31}}],"p2team":[{"name":"Aerodactyl","species":"Aerodactyl","item":"aerodactylite","ability":"Pressure","moves":["aerialace","stoneedge","icefang","earthquake"],"nature":"Adamant","evs":{"hp":0,"atk":252,"def":0,"spa":0,"spd":4,"spe":252},"ivs":{"hp":31,"atk":31,"def":31,"spa":31,"spd":31,"spe":31}},{"name":"Shuckle","species":"Shuckle","item":"mentalherb","ability":"Sturdy","moves":["stealthrock","stickyweb","encore","knockoff"],"nature":"Bold","evs":{"hp":248,"atk":0,"def":252,"spa":0,"spd":8,"spe":0},"ivs":{"hp":31,"atk":31,"def":31,"spa":31,"spd":31,"spe":31}},{"name":"Cradily","species":"Cradily","item":"leftovers","ability":"Storm Drain","moves":["stealthrock","gigadrain","mirrorcoat","recover"],"nature":"Calm","evs":{"hp":252,"atk":0,"def":0,"spa":4,"spd":252,"spe":0},"ivs":{"hp":31,"atk":31,"def":31,"spa":31,"spd":31,"spe":31}},{"name":"Tyranitar","species":"Tyranitar","item":"assaultvest","ability":"Sand Stream","moves":["stoneedge","crunch","fireblast","icepunch"],"nature":"Sassy","evs":{"hp":248,"atk":0,"def":0,"spa":8,"spd":252,"spe":0},"ivs":{"hp":31,"atk":31,"def":31,"spa":31,"spd":31,"spe":31}},{"name":"Terrakion","species":"Terrakion","item":"choiceband","ability":"Justified","moves":["closecombat","stoneedge","earthquake","ironhead"],"nature":"Jolly","evs":{"hp":0,"atk":252,"def":0,"spa":0,"spd":4,"spe":252},"ivs":{"hp":31,"atk":31,"def":31,"spa":31,"spd":31,"spe":31}},{"name":"Omastar","species":"Omastar","item":"focussash","ability":"Weak Armor","moves":["shellsmash","surf","icebeam","hiddenpowergrass"],"nature":"Timid","evs":{"hp":0,"atk":0,"def":0,"spa":252,"spd":4,"spe":252},"ivs":{"hp":31,"atk":30,"def":31,"spa":30,"spd":31,"spe":31}}],"log":["|player|p1|Rain ☆ Pats|1","|player|p2|V Monocle|vmonocle.png","|gametype|singles","|gen|6","|tier|Monotype","|rated","|rule|Baton Pass Clause: Limit one Baton Passer, can't pass Spe and other stats simultaneously","|rule|Swagger Clause: Swagger is banned","|rule|Same Type Clause: Pokémon in a team must share a type","|clearpoke","|poke|p1|Bisharp, M","|poke|p1|Heatran, F","|poke|p1|Excadrill, M","|poke|p1|Magnezone","|poke|p1|Scizor, M","|poke|p1|Skarmory, F","|poke|p2|Aerodactyl, F","|poke|p2|Shuckle, M","|poke|p2|Cradily, F","|poke|p2|Tyranitar, M","|poke|p2|Terrakion","|poke|p2|Omastar, F","|rule|Sleep Clause Mod: Limit one foe put to sleep","|rule|Species Clause: Limit one of each Pokémon","|rule|OHKO Clause: OHKO moves are banned","|rule|Moody Clause: Moody is banned","|rule|Evasion Moves Clause: Evasion moves are banned","|rule|Endless Battle Clause: Forcing endless battles is banned","|rule|HP Percentage Mod: HP is shown in percentages","|teampreview","|","|start","|switch|p1a: Magnezone|Magnezone|281/281","|switch|p2a: Shuckle|Shuckle, M|243/243","|turn|1","|","|move|p1a: Magnezone|Flash Cannon|p2a: Shuckle","|-supereffective|p2a: Shuckle","|-damage|p2a: Shuckle|99/243","|move|p2a: Shuckle|Sticky Web|p1a: Magnezone","|-sidestart|p1: Rain ☆ Pats|move: Sticky Web","|","|turn|2","|","|move|p1a: Magnezone|Flash Cannon|p2a: Shuckle","|-supereffective|p2a: Shuckle","|-damage|p2a: Shuckle|0 fnt","|faint|p2a: Shuckle","|","|","|switch|p2a: Terrakion|Terrakion|323/323","|turn|3","|","|move|p1a: Magnezone|Flash Cannon|p2a: Terrakion","|-supereffective|p2a: Terrakion","|-damage|p2a: Terrakion|23/323","|move|p2a: Terrakion|Close Combat|p1a: Magnezone","|-supereffective|p1a: Magnezone","|-damage|p1a: Magnezone|0 fnt","|-unboost|p2a: Terrakion|def|1","|-unboost|p2a: Terrakion|spd|1","|faint|p1a: Magnezone","|","|","|switch|p1a: Scizor|Scizor, M|343/343","|-activate|p1a: Scizor|move: Sticky Web","|-unboost|p1a: Scizor|spe|1","|turn|4","|","|switch|p2a: Cradily|Cradily, F|376/376","|detailschange|p1a: Scizor|Scizor-Mega, M","|-mega|p1a: Scizor|Scizor|Scizorite","|move|p1a: Scizor|Bullet Punch|p2a: Cradily","|-supereffective|p2a: Cradily","|-damage|p2a: Cradily|142/376","|","|-heal|p2a: Cradily|165/376|[from] item: Leftovers","|turn|5","|","|move|p1a: Scizor|Bullet Punch|p2a: Cradily","|-supereffective|p2a: Cradily","|-damage|p2a: Cradily|0 fnt","|faint|p2a: Cradily","|","|","|switch|p2a: Tyranitar|Tyranitar, M|403/403","|-weather|Sandstorm","|turn|6","|","|move|p2a: Tyranitar|Fire Blast|p1a: Scizor","|-supereffective|p1a: Scizor","|-damage|p1a: Scizor|39/343","|move|p1a: Scizor|Swords Dance|p1a: Scizor","|-boost|p1a: Scizor|atk|2","|","|-weather|Sandstorm|[upkeep]","|turn|7","|","|switch|p1a: Heatran|Heatran, F|385/385","|-item|p1a: Heatran|Air Balloon","|move|p2a: Tyranitar|Fire Blast|p1a: Heatran","|-start|p1a: Heatran|ability: Flash Fire","|","|-weather|Sandstorm|[upkeep]","|turn|8","|","|move|p1a: Heatran|Toxic|p2a: Tyranitar","|-status|p2a: Tyranitar|tox","|move|p2a: Tyranitar|Crunch|p1a: Heatran","|-damage|p1a: Heatran|262/385","|-enditem|p1a: Heatran|Air Balloon","|","|-weather|Sandstorm|[upkeep]","|-damage|p2a: Tyranitar|378/403 tox|[from] psn","|turn|9","|","|move|p1a: Heatran|Earth Power|p2a: Tyranitar","|-supereffective|p2a: Tyranitar","|-damage|p2a: Tyranitar|318/403 tox","|move|p2a: Tyranitar|Stone Edge|p1a: Heatran|[miss]","|-miss|p2a: Tyranitar|p1a: Heatran","|","|-weather|Sandstorm|[upkeep]","|-damage|p2a: Tyranitar|268/403 tox|[from] psn","|turn|10","|","|move|p1a: Heatran|Earth Power|p2a: Tyranitar","|-supereffective|p2a: Tyranitar","|-damage|p2a: Tyranitar|210/403 tox","|move|p2a: Tyranitar|Crunch|p1a: Heatran","|-damage|p1a: Heatran|138/385","|","|-weather|none","|-damage|p2a: Tyranitar|135/403 tox|[from] psn","|turn|11","|","|move|p1a: Heatran|Earth Power|p2a: Tyranitar","|-crit|p2a: Tyranitar","|-supereffective|p2a: Tyranitar","|-damage|p2a: Tyranitar|9/403 tox","|move|p2a: Tyranitar|Crunch|p1a: Heatran","|-damage|p1a: Heatran|12/385","|","|-damage|p2a: Tyranitar|0 fnt|[from] psn","|faint|p2a: Tyranitar","|","|switch|p2a: Aerodactyl|Aerodactyl, F|301/301","|-ability|p2a: Aerodactyl|Pressure","|turn|12","|","|detailschange|p2a: Aerodactyl|Aerodactyl-Mega, F","|-mega|p2a: Aerodactyl|Aerodactyl|Aerodactylite","|move|p2a: Aerodactyl|Aerial Ace|p1a: Heatran","|-resisted|p1a: Heatran","|-damage|p1a: Heatran|0 fnt","|faint|p1a: Heatran","|","|","|switch|p1a: Excadrill|Excadrill, M|361/361","|-activate|p1a: Excadrill|move: Sticky Web","|-unboost|p1a: Excadrill|spe|1","|-ability|p1a: Excadrill|Mold Breaker","|turn|13","|","|move|p2a: Aerodactyl|Earthquake|p1a: Excadrill","|-crit|p1a: Excadrill","|-supereffective|p1a: Excadrill","|-damage|p1a: Excadrill|0 fnt","|faint|p1a: Excadrill","|","|","|switch|p1a: Bisharp|Bisharp, M|271/271","|-activate|p1a: Bisharp|move: Sticky Web","|-unboost|p1a: Bisharp|spe|1","|-boost|p1a: Bisharp|atk|2|[from] ability: Defiant","|turn|14","|","|switch|p2a: Terrakion|Terrakion|23/323","|move|p1a: Bisharp|Sucker Punch|p2a: Terrakion","|-fail|p1a: Bisharp","|","|turn|15","|","|move|p1a: Bisharp|Sucker Punch|p2a: Terrakion","|-resisted|p2a: Terrakion","|-damage|p2a: Terrakion|0 fnt","|-damage|p1a: Bisharp|244/271|[from] item: Life Orb","|faint|p2a: Terrakion","|","|","|switch|p2a: Omastar|Omastar, F|281/281","|turn|16","|","|move|p2a: Omastar|Surf|p1a: Bisharp","|-damage|p1a: Bisharp|43/271","|move|p1a: Bisharp|Knock Off|p2a: Omastar","|-enditem|p2a: Omastar|Focus Sash","|-damage|p2a: Omastar|1/281","|-unboost|p2a: Omastar|def|1|[from] ability: Weak Armor","|-boost|p2a: Omastar|spe|1|[from] ability: Weak Armor","|-damage|p1a: Bisharp|16/271|[from] item: Life Orb","|","|turn|17","|","|move|p1a: Bisharp|Sucker Punch|p2a: Omastar","|-damage|p2a: Omastar|0 fnt","|-damage|p1a: Bisharp|0 fnt|[from] item: Life Orb","|faint|p2a: Omastar","|faint|p1a: Bisharp","|","|","|switch|p2a: Aerodactyl|Aerodactyl-Mega, F|301/301","|switch|p1a: Skarmory|Skarmory, F|333/333","|turn|18","|","|move|p2a: Aerodactyl|Stone Edge|p1a: Skarmory","|-damage|p1a: Skarmory|203/333","|move|p1a: Skarmory|Brave Bird|p2a: Aerodactyl","|-resisted|p2a: Aerodactyl","|-damage|p2a: Aerodactyl|240/301","|-damage|p1a: Skarmory|183/333|[from] recoil|[of] p2a: Aerodactyl","|","|turn|19","|","|move|p2a: Aerodactyl|Stone Edge|p1a: Skarmory","|-damage|p1a: Skarmory|45/333","|move|p1a: Skarmory|Roost|p1a: Skarmory","|-heal|p1a: Skarmory|212/333","|","|turn|20","|","|move|p2a: Aerodactyl|Stone Edge|p1a: Skarmory","|-damage|p1a: Skarmory|88/333","|move|p1a: Skarmory|Roost|p1a: Skarmory","|-heal|p1a: Skarmory|255/333","|","|turn|21","|","|move|p2a: Aerodactyl|Stone Edge|p1a: Skarmory","|-damage|p1a: Skarmory|126/333","|move|p1a: Skarmory|Roost|p1a: Skarmory","|-heal|p1a: Skarmory|293/333","|","|turn|22","|","|move|p2a: Aerodactyl|Stone Edge|p1a: Skarmory","|-crit|p1a: Skarmory","|-damage|p1a: Skarmory|89/333","|move|p1a: Skarmory|Brave Bird|p2a: Aerodactyl","|-crit|p2a: Aerodactyl","|-resisted|p2a: Aerodactyl","|-damage|p2a: Aerodactyl|143/301","|-damage|p1a: Skarmory|57/333|[from] recoil|[of] p2a: Aerodactyl","|","|turn|23","|","|move|p2a: Aerodactyl|Stone Edge|p1a: Skarmory|[miss]","|-miss|p2a: Aerodactyl|p1a: Skarmory","|move|p1a: Skarmory|Brave Bird|p2a: Aerodactyl","|-resisted|p2a: Aerodactyl","|-damage|p2a: Aerodactyl|71/301","|-damage|p1a: Skarmory|33/333|[from] recoil|[of] p2a: Aerodactyl","|","|turn|24","|","|move|p2a: Aerodactyl|Ice Fang|p1a: Skarmory","|-damage|p1a: Skarmory|0 fnt","|-damage|p2a: Aerodactyl|21/301|[from] item: Rocky Helmet|[of] p1a: Skarmory","|faint|p1a: Skarmory","|","|","|win|Rain ☆ Pats"],"p1rating":{"entryid":7398286,"formatid":"monotype","userid":"rainpats","username":"Rain ☆ Pats","r":1500,"rd":130,"sigma":0,"rpr":1534.2326799005,"rprd":122.37784312175,"rpsigma":0,"rptime":1438678800,"w":1,"l":0,"t":0,"gxe":54.3,"acre":1044.0190873003,"lacre":1044.0190873003,"oldacre":1000},"p2rating":{"entryid":"7320079","serverid":"eos","formatid":"monotype","userid":"vmonocle","username":"V Monocle","w":"8","l":18,"t":"0","gxe":35.3,"r":"1433.2039997822","rd":"72.246670611234","sigma":"0","rptime":"1438678800","rpr":1384.1319894319,"rprd":64.203084192877,"rpsigma":"0","acre":1018.2407195713,"lacre":1018.2407195713,"oldacre":"1035.0275432048"},"endType":"forfeit"}