{"seed":[30789,47022,64630,38380],"turns":32,"p1":"LTIL-Tahit","p2":"IV Chrono","p1team":[{"name":"Aegi","species":"aegislash","item":"weaknesspolicy","ability":"Stance Change","moves":["kingsshield","shadowball","sacredsword","shadowsneak"],"nature":"Quiet","evs":{"hp":252,"atk":4,"def":0,"spa":252,"spd":0,"spe":0},"ivs":{"hp":31,"atk":31,"def":31,"spa":31,"spd":31,"spe":0}},{"name":"G gar","species":"gengar","item":"widelens","ability":"Levitate","moves":["ominouswind","sludgebomb","focusblast","destinybond"],"nature":"Timid","evs":{"hp":0,"atk":0,"def":0,"spa":252,"spd":4,"spe":252},"ivs":{"hp":31,"atk":31,"def":31,"spa":31,"spd":31,"spe":31}},{"name":"Treve","species":"trevenant","item":"sitrusberry","ability":"Harvest","moves":["substitute","leechseed","willowisp","hornleech"],"nature":"Impish","evs":{"hp":252,"atk":0,"def":148,"spa":0,"spd":108,"spe":0},"ivs":{"hp":31,"atk":31,"def":31,"spa":31,"spd":31,"spe":31}},{"name":"Sableye","species":"Sableye","item":"sablenite","ability":"Prankster","moves":["calmmind","willowisp","recover","dazzlinggleam"],"nature":"Calm","evs":{"hp":0,"atk":0,"def":248,"spa":0,"spd":252,"spe":8},"ivs":{"hp":31,"atk":31,"def":31,"spa":31,"spd":31,"spe":31}},{"name":"G-S","species":"gourgeistsuper","item":"leftovers","ability":"Frisk","moves":["flamecharge","willowisp","leechseed","painsplit"],"nature":"Careful","evs":{"hp":252,"atk":0,"def":252,"spa":0,"spd":4,"spe":0},"ivs":{"hp":31,"atk":31,"def":31,"spa":31,"spd":31,"spe":31}},{"name":"Drifblim","species":"Drifblim","item":"sitrusberry","ability":"Unburden","moves":["hex","willowisp","toxic","clearsmog"],"nature":"Bold","evs":{"hp":252,"atk":0,"def":4,"spa":0,"spd":252,"spe":0},"ivs":{"hp":31,"atk":31,"def":31,"spa":31,"spd":31,"spe":31}}],"p2team":[{"name":"Traitor","species":"sableye","item":"sablenite","ability":"Prankster","moves":["knockoff","foulplay","recover","willowisp"],"nature":"Impish","evs":{"hp":252,"atk":4,"def":252,"spa":0,"spd":0,"spe":0},"ivs":{"hp":31,"atk":31,"def":31,"spa":31,"spd":31,"spe":31}},{"name":"Rebel","species":"umbreon","item":"leftovers","ability":"Synchronize","moves":["protect","wish","healbell","foulplay"],"nature":"Calm","evs":{"hp":252,"atk":0,"def":64,"spa":0,"spd":192,"spe":0},"ivs":{"hp":31,"atk":31,"def":31,"spa":31,"spd":31,"spe":31}},{"name":"Fugitive","species":"mandibuzz","item":"rockyhelmet","ability":"Overcoat","moves":["roost","toxic","foulplay","defog"],"nature":"Impish","evs":{"hp":252,"atk":0,"def":252,"spa":0,"spd":4,"spe":0},"ivs":{"hp":31,"atk":31,"def":31,"spa":31,"spd":31,"spe":31}},{"name":"Defector","species":"tyranitar","item":"assaultvest","ability":"Sand Stream","moves":["stoneedge","earthquake","fireblast","icebeam"],"nature":"Sassy","evs":{"hp":192,"atk":0,"def":0,"spa":64,"spd":252,"spe":0},"ivs":{"hp":31,"atk":31,"def":31,"spa":31,"spd":31,"spe":31}},{"name":"Turncoat","species":"bisharp","item":"focussash","ability":"Defiant","moves":["swordsdance","suckerpunch","knockoff","ironhead"],"nature":"Adamant","evs":{"hp":4,"atk":252,"def":0,"spa":0,"spd":0,"spe":252},"ivs":{"hp":31,"atk":31,"def":31,"spa":31,"spd":31,"spe":31}},{"name":"Renegade","species":"hoopaunbound","item":"sitrusberry","ability":"Magician","moves":["substitute","calmmind","psyshock","darkpulse"],"nature":"Bold","evs":{"hp":252,"atk":0,"def":252,"spa":4,"spd":0,"spe":0},"ivs":{"hp":31,"atk":31,"def":31,"spa":31,"spd":31,"spe":31}}],"log":["|player|p1|LTIL-Tahit|169","|player|p2|IV Chrono|169","|gametype|singles","|gen|6","|tier|Monotype","|rated","|rule|Baton Pass Clause: Limit one Baton Passer, can't pass Spe and other stats simultaneously","|rule|Swagger Clause: Swagger is banned","|rule|Same Type Clause: Pokémon in a team must share a type","|clearpoke","|poke|p1|Aegislash, F","|poke|p1|Gengar, F","|poke|p1|Trevenant, F","|poke|p1|Sableye, M","|poke|p1|Gourgeist-*, M","|poke|p1|Drifblim, F","|poke|p2|Sableye, M","|poke|p2|Umbreon, M","|poke|p2|Mandibuzz, F","|poke|p2|Tyranitar, F","|poke|p2|Bisharp, F","|poke|p2|Hoopa-Unbound","|rule|Sleep Clause Mod: Limit one foe put to sleep","|rule|Species Clause: Limit one of each Pokémon","|rule|OHKO Clause: OHKO moves are banned","|rule|Moody Clause: Moody is banned","|rule|Evasion Moves Clause: Evasion moves are banned","|rule|Endless Battle Clause: Forcing endless battles is banned","|rule|HP Percentage Mod: HP is shown in percentages","|teampreview","|","|start","|switch|p1a: Drifblim|Drifblim, F|504/504","|switch|p2a: Traitor|Sableye, M|304/304","|turn|1","|","|detailschange|p2a: Traitor|Sableye-Mega, M","|-mega|p2a: Traitor|Sableye|Sablenite","|move|p1a: Drifblim|Hex|p2a: Traitor","|-damage|p2a: Traitor|235/304","|move|p2a: Traitor|Knock Off|p1a: Drifblim","|-supereffective|p1a: Drifblim","|-damage|p1a: Drifblim|166/504","|-enditem|p1a: Drifblim|Sitrus Berry|[from] move: Knock Off|[of] p2a: Traitor","|","|turn|2","|","|move|p1a: Drifblim|Hex|p2a: Traitor","|-damage|p2a: Traitor|171/304","|move|p2a: Traitor|Foul Play|p1a: Drifblim","|-supereffective|p1a: Drifblim","|-damage|p1a: Drifblim|0 fnt","|faint|p1a: Drifblim","|","|","|switch|p1a: Aegi|Aegislash, F|324/324","|turn|3","|","|-formechange|p1a: Aegi|Aegislash-Blade","|move|p1a: Aegi|Shadow Ball|p2a: Traitor","|-damage|p2a: Traitor|12/304","|move|p2a: Traitor|Recover|p2a: Traitor","|-heal|p2a: Traitor|164/304","|","|turn|4","|","|switch|p2a: Rebel|Umbreon, M|394/394","|move|p1a: Aegi|Shadow Ball|p2a: Rebel","|-resisted|p2a: Rebel","|-damage|p2a: Rebel|341/394","|","|-heal|p2a: Rebel|365/394|[from] item: Leftovers","|turn|5","|","|move|p2a: Rebel|Foul Play|p1a: Aegi","|-supereffective|p1a: Aegi","|-damage|p1a: Aegi|0 fnt","|faint|p1a: Aegi","|","|-heal|p2a: Rebel|389/394|[from] item: Leftovers","|","|switch|p1a: G gar|Gengar, F|261/261","|turn|6","|","|move|p1a: G gar|Focus Blast|p2a: Rebel|[miss]","|-miss|p1a: G gar|p2a: Rebel","|move|p2a: Rebel|Wish|p2a: Rebel","|","|-heal|p2a: Rebel|394/394|[from] item: Leftovers","|turn|7","|","|move|p1a: G gar|Focus Blast|p2a: Rebel","|-supereffective|p2a: Rebel","|-damage|p2a: Rebel|230/394","|move|p2a: Rebel|Foul Play|p1a: G gar","|-crit|p1a: G gar","|-supereffective|p1a: G gar","|-damage|p1a: G gar|0 fnt","|faint|p1a: G gar","|","|-heal|p2a: Rebel|394/394|[from] move: Wish|[wisher] Rebel","|","|switch|p1a: Treve|Trevenant, F|374/374","|turn|8","|","|switch|p2a: Traitor|Sableye-Mega, M|164/304","|move|p1a: Treve|Substitute|p1a: Treve","|-start|p1a: Treve|Substitute","|-damage|p1a: Treve|281/374","|","|turn|9","|","|move|p1a: Treve|Horn Leech|p2a: Traitor","|-damage|p2a: Traitor|100/304","|-heal|p1a: Treve|313/374|[from] drain|[of] p2a: Traitor","|move|p2a: Traitor|Recover|p2a: Traitor","|-heal|p2a: Traitor|252/304","|","|turn|10","|","|move|p1a: Treve|Horn Leech|p2a: Traitor","|-damage|p2a: Traitor|197/304","|-heal|p1a: Treve|341/374|[from] drain|[of] p2a: Traitor","|move|p2a: Traitor|Knock Off|p1a: Treve","|-supereffective|p1a: Treve","|-end|p1a: Treve|Substitute","|","|turn|11","|","|move|p1a: Treve|Substitute|p1a: Treve","|-start|p1a: Treve|Substitute","|-damage|p1a: Treve|248/374","|move|p2a: Traitor|Knock Off|p1a: Treve","|-supereffective|p1a: Treve","|-end|p1a: Treve|Substitute","|","|turn|12","|","|move|p1a: Treve|Substitute|p1a: Treve","|-start|p1a: Treve|Substitute","|-damage|p1a: Treve|155/374","|-enditem|p1a: Treve|Sitrus Berry|[eat]","|-heal|p1a: Treve|248/374|[from] item: Sitrus Berry","|move|p2a: Traitor|Knock Off|p1a: Treve","|-crit|p1a: Treve","|-supereffective|p1a: Treve","|-end|p1a: Treve|Substitute","|","|-item|p1a: Treve|Sitrus Berry|[from] ability: Harvest","|turn|13","|","|move|p1a: Treve|Substitute|p1a: Treve","|-start|p1a: Treve|Substitute","|-damage|p1a: Treve|155/374","|-enditem|p1a: Treve|Sitrus Berry|[eat]","|-heal|p1a: Treve|248/374|[from] item: Sitrus Berry","|move|p2a: Traitor|Knock Off|p1a: Treve","|-supereffective|p1a: Treve","|-end|p1a: Treve|Substitute","|","|turn|14","|","|move|p1a: Treve|Horn Leech|p2a: Traitor","|-damage|p2a: Traitor|137/304","|-heal|p1a: Treve|278/374|[from] drain|[of] p2a: Traitor","|move|p2a: Traitor|Knock Off|p1a: Treve","|-supereffective|p1a: Treve","|-damage|p1a: Treve|138/374","|","|turn|15","|","|move|p1a: Treve|Substitute|p1a: Treve","|-start|p1a: Treve|Substitute","|-damage|p1a: Treve|45/374","|move|p2a: Traitor|Recover|p2a: Traitor","|-heal|p2a: Traitor|289/304","|","|-item|p1a: Treve|Sitrus Berry|[from] ability: Harvest","|-enditem|p1a: Treve|Sitrus Berry|[eat]","|-heal|p1a: Treve|138/374|[from] item: Sitrus Berry","|turn|16","|","|move|p1a: Treve|Horn Leech|p2a: Traitor","|-damage|p2a: Traitor|232/304","|-heal|p1a: Treve|167/374|[from] drain|[of] p2a: Traitor","|move|p2a: Traitor|Foul Play|p1a: Treve","|-supereffective|p1a: Treve","|-end|p1a: Treve|Substitute","|","|turn|17","|","|move|p1a: Treve|Substitute|p1a: Treve","|-start|p1a: Treve|Substitute","|-damage|p1a: Treve|74/374","|move|p2a: Traitor|Foul Play|p1a: Treve","|-supereffective|p1a: Treve","|-end|p1a: Treve|Substitute","|","|turn|18","|","|move|p1a: Treve|Horn Leech|p2a: Traitor","|-damage|p2a: Traitor|171/304","|-heal|p1a: Treve|105/374|[from] drain|[of] p2a: Traitor","|move|p2a: Traitor|Foul Play|p1a: Treve","|-supereffective|p1a: Treve","|-damage|p1a: Treve|0 fnt","|faint|p1a: Treve","|","|","|switch|p1a: Sableye|Sableye, M|241/241","|turn|19","|","|detailschange|p1a: Sableye|Sableye-Mega, M","|-mega|p1a: Sableye|Sableye|Sablenite","|move|p1a: Sableye|Calm Mind|p1a: Sableye","|-boost|p1a: Sableye|spa|1","|-boost|p1a: Sableye|spd|1","|move|p2a: Traitor|Knock Off|p1a: Sableye","|-damage|p1a: Sableye|198/241","|","|turn|20","|","|switch|p2a: Renegade|Hoopa-Unbound|364/364","|move|p1a: Sableye|Calm Mind|p1a: Sableye","|-boost|p1a: Sableye|spa|1","|-boost|p1a: Sableye|spd|1","|","|turn|21","|","|move|p2a: Renegade|Calm Mind|p2a: Renegade","|-boost|p2a: Renegade|spa|1","|-boost|p2a: Renegade|spd|1","|move|p1a: Sableye|Dazzling Gleam|p2a: Renegade","|-supereffective|p2a: Renegade","|-damage|p2a: Renegade|238/364","|","|turn|22","|","|move|p2a: Renegade|Calm Mind|p2a: Renegade","|-boost|p2a: Renegade|spa|1","|-boost|p2a: Renegade|spd|1","|move|p1a: Sableye|Will-O-Wisp|p2a: Renegade","|-status|p2a: Renegade|brn","|","|-damage|p2a: Renegade|193/364 brn|[from] brn","|turn|23","|","|move|p2a: Renegade|Dark Pulse|p1a: Sableye","|-damage|p1a: Sableye|101/241","|move|p1a: Sableye|Calm Mind|p1a: Sableye","|-boost|p1a: Sableye|spa|1","|-boost|p1a: Sableye|spd|1","|","|-damage|p2a: Renegade|148/364 brn|[from] brn","|-enditem|p2a: Renegade|Sitrus Berry|[eat]","|-heal|p2a: Renegade|239/364 brn|[from] item: Sitrus Berry","|turn|24","|","|move|p2a: Renegade|Calm Mind|p2a: Renegade","|-boost|p2a: Renegade|spa|1","|-boost|p2a: Renegade|spd|1","|move|p1a: Sableye|Recover|p1a: Sableye","|-heal|p1a: Sableye|222/241","|","|-damage|p2a: Renegade|194/364 brn|[from] brn","|turn|25","|","|move|p2a: Renegade|Calm Mind|p2a: Renegade","|-boost|p2a: Renegade|spa|1","|-boost|p2a: Renegade|spd|1","|move|p1a: Sableye|Calm Mind|p1a: Sableye","|-boost|p1a: Sableye|spa|1","|-boost|p1a: Sableye|spd|1","|","|-damage|p2a: Renegade|149/364 brn|[from] brn","|turn|26","|","|move|p2a: Renegade|Dark Pulse|p1a: Sableye","|-damage|p1a: Sableye|119/241","|move|p1a: Sableye|Dazzling Gleam|p2a: Renegade","|-supereffective|p2a: Renegade","|-damage|p2a: Renegade|65/364 brn","|","|-damage|p2a: Renegade|20/364 brn|[from] brn","|turn|27","|","|move|p2a: Renegade|Dark Pulse|p1a: Sableye","|-damage|p1a: Sableye|26/241","|cant|p1a: Sableye|flinch","|","|-damage|p2a: Renegade|0 fnt|[from] brn","|faint|p2a: Renegade","|","|switch|p2a: Turncoat|Bisharp, F|272/272","|turn|28","|","|move|p2a: Turncoat|Iron Head|p1a: Sableye","|-crit|p1a: Sableye","|-damage|p1a: Sableye|0 fnt","|faint|p1a: Sableye","|","|","|switch|p1a: G-S|Gourgeist-Super, M|374/374","|-item|p2a: Turncoat|Focus Sash|[from] ability: Frisk|[of] p1a: G-S|[identify]","|turn|29","|","|move|p2a: Turncoat|Swords Dance|p2a: Turncoat","|-boost|p2a: Turncoat|atk|2","|move|p1a: G-S|Will-O-Wisp|p2a: Turncoat","|-status|p2a: Turncoat|brn","|","|-damage|p2a: Turncoat|238/272 brn|[from] brn","|turn|30","|","|move|p2a: Turncoat|Swords Dance|p2a: Turncoat","|-boost|p2a: Turncoat|atk|2","|move|p1a: G-S|Flame Charge|p2a: Turncoat","|-supereffective|p2a: Turncoat","|-damage|p2a: Turncoat|154/272 brn","|-boost|p1a: G-S|spe|1","|","|-damage|p2a: Turncoat|120/272 brn|[from] brn","|turn|31","|","|move|p2a: Turncoat|Knock Off|p1a: G-S","|-supereffective|p1a: G-S","|-damage|p1a: G-S|26/374","|-enditem|p1a: G-S|Leftovers|[from] move: Knock Off|[of] p2a: Turncoat","|move|p1a: G-S|Leech Seed|p2a: Turncoat","|-start|p2a: Turncoat|move: Leech Seed","|","|-damage|p2a: Turncoat|86/272 brn|[from] Leech Seed|[of] p1a: G-S","|-heal|p1a: G-S|60/374|[silent]","|-damage|p2a: Turncoat|52/272 brn|[from] brn","|turn|32","|","|move|p2a: Turncoat|Knock Off|p1a: G-S","|-supereffective|p1a: G-S","|-damage|p1a: G-S|0 fnt","|faint|p1a: G-S","|","|win|IV Chrono"],"p1rating":{"entryid":"6925118","serverid":"eos","formatid":"monotype","userid":"ltiltahit","username":"LTIL-Tahit","w":"33","l":37,"t":"0","gxe":46.6,"r":"1487.0572827682","rd":"50.373019293434","sigma":"0","rptime":"1438678800","rpr":1474.3548575105,"rprd":48.602665684615,"rpsigma":"0","acre":1111.2398707684,"lacre":1111.2398707684,"oldacre":"1146.1786260848"},"p2rating":{"entryid":7387696,"formatid":"monotype","userid":"ivchrono","username":"IV Chrono","r":1500,"rd":130,"sigma":0,"rpr":1540.715393345,"rprd":121.95263372816,"rpsigma":0,"rptime":1438678800,"w":1,"l":0,"t":0,"gxe":55.1,"acre":1055.9020085062,"lacre":1055.9020085062,"oldacre":1000},"endType":"normal"}