{"seed":[28677,1235,30767,37927],"turns":30,"p1":"KGBeast","p2":"Carnie Marx","p1team":[{"name":"Sudowoodo","species":"Sudowoodo","item":"custapberry","ability":"Sturdy","moves":["explosion","suckerpunch","counter","dynamicpunch"],"nature":"Adamant","evs":{"hp":252,"atk":252,"def":0,"spa":0,"spd":0,"spe":4},"ivs":{"hp":31,"atk":31,"def":31,"spa":31,"spd":31,"spe":31}},{"name":"Rampardos","species":"Rampardos","item":"lifeorb","ability":"Sheer Force","moves":["pursuit","thunderbolt","flamethrower","icebeam"],"nature":"Rash","evs":{"hp":0,"atk":4,"def":0,"spa":252,"spd":0,"spe":252},"ivs":{"hp":31,"atk":31,"def":31,"spa":31,"spd":31,"spe":31}},{"name":"Archeops","species":"Archeops","item":"powerherb","ability":"Defeatist","moves":["skyattack","acrobatics","earthquake","stoneedge"],"nature":"Jolly","evs":{"hp":0,"atk":252,"def":4,"spa":0,"spd":0,"spe":252},"ivs":{"hp":31,"atk":31,"def":31,"spa":31,"spd":31,"spe":31}},{"name":"Cradily","species":"Cradily","item":"leftovers","ability":"Storm Drain","moves":["stealthrock","gigadrain","ancientpower","recover"],"nature":"Calm","evs":{"hp":252,"atk":0,"def":0,"spa":0,"spd":252,"spe":4},"ivs":{"hp":31,"atk":0,"def":31,"spa":31,"spd":31,"spe":31}},{"name":"Terrakion","species":"Terrakion","item":"choicescarf","ability":"Justified","moves":["closecombat","earthquake","stoneedge","quickattack"],"nature":"Adamant","evs":{"hp":0,"atk":252,"def":4,"spa":0,"spd":0,"spe":252},"ivs":{"hp":31,"atk":31,"def":31,"spa":31,"spd":31,"spe":31}},{"name":"Diancie","species":"Diancie","item":"diancite","ability":"Clear Body","moves":["protect","diamondstorm","moonblast","earthpower"],"nature":"Naive","evs":{"hp":0,"atk":4,"def":0,"spa":252,"spd":0,"spe":252},"ivs":{"hp":31,"atk":31,"def":31,"spa":31,"spd":31,"spe":31}}],"p2team":[{"name":"Sharpedo","species":"Sharpedo","item":"focussash","ability":"Speed Boost","moves":["crunch","waterfall","earthquake","destinybond"],"nature":"Adamant","evs":{"hp":0,"atk":252,"def":0,"spa":0,"spd":4,"spe":252},"ivs":{"hp":31,"atk":31,"def":31,"spa":31,"spd":31,"spe":31}},{"name":"Clawitzer","species":"Clawitzer","item":"choicespecs","ability":"Mega Launcher","moves":["dragonpulse","darkpulse","waterpulse","icebeam"],"nature":"Modest","evs":{"hp":248,"atk":0,"def":0,"spa":252,"spd":8,"spe":0},"ivs":{"hp":31,"atk":31,"def":31,"spa":31,"spd":31,"spe":31}},{"name":"Ludicolo","species":"Ludicolo","item":"leftovers","ability":"Swift Swim","moves":["gigadrain","icebeam","surf","energyball"],"nature":"Modest","evs":{"hp":0,"atk":0,"def":0,"spa":252,"spd":4,"spe":252},"ivs":{"hp":31,"atk":31,"def":31,"spa":31,"spd":31,"spe":31}},{"name":"Lanturn","species":"Lanturn","item":"assaultvest","ability":"Volt Absorb","moves":["surf","discharge","dazzlinggleam","icebeam"],"nature":"Modest","evs":{"hp":248,"atk":0,"def":0,"spa":252,"spd":8,"spe":0},"ivs":{"hp":31,"atk":31,"def":31,"spa":31,"spd":31,"spe":31}},{"name":"Suicune","species":"Suicune","item":"leftovers","ability":"Pressure","moves":["rest","icebeam","scald","sleeptalk"],"nature":"Modest","evs":{"hp":252,"atk":0,"def":0,"spa":252,"spd":4,"spe":0},"ivs":{"hp":31,"atk":31,"def":31,"spa":31,"spd":31,"spe":31}},{"name":"Politoed","species":"Politoed","item":"leftovers","ability":"Drizzle","moves":["scald","icebeam","psychic","toxic"],"nature":"Bold","evs":{"hp":252,"atk":0,"def":252,"spa":4,"spd":0,"spe":0},"ivs":{"hp":31,"atk":31,"def":31,"spa":31,"spd":31,"spe":31}}],"log":["|player|p1|KGBeast|kgbeast.png","|player|p2|Carnie Marx|238","|gametype|singles","|gen|6","|tier|Monotype","|rated","|rule|Baton Pass Clause: Limit one Baton Passer, can't pass Spe and other stats simultaneously","|rule|Swagger Clause: Swagger is banned","|rule|Same Type Clause: Pokémon in a team must share a type","|clearpoke","|poke|p1|Sudowoodo, M","|poke|p1|Rampardos, M","|poke|p1|Archeops, F","|poke|p1|Cradily, M","|poke|p1|Terrakion","|poke|p1|Diancie","|poke|p2|Sharpedo, M","|poke|p2|Clawitzer, F","|poke|p2|Ludicolo, M","|poke|p2|Lanturn, F","|poke|p2|Suicune","|poke|p2|Politoed, M","|rule|Sleep Clause Mod: Limit one foe put to sleep","|rule|Species Clause: Limit one of each Pokémon","|rule|OHKO Clause: OHKO moves are banned","|rule|Moody Clause: Moody is banned","|rule|Evasion Moves Clause: Evasion moves are banned","|rule|Endless Battle Clause: Forcing endless battles is banned","|rule|HP Percentage Mod: HP is shown in percentages","|teampreview","|","|start","|switch|p1a: Cradily|Cradily, M|376/376","|switch|p2a: Suicune|Suicune|404/404","|-ability|p2a: Suicune|Pressure","|turn|1","|","|move|p2a: Suicune|Ice Beam|p1a: Cradily","|-supereffective|p1a: Cradily","|-damage|p1a: Cradily|250/376","|move|p1a: Cradily|Stealth Rock|p2a: Suicune","|-sidestart|p2: Carnie Marx|move: Stealth Rock","|","|-heal|p1a: Cradily|273/376|[from] item: Leftovers","|turn|2","|","|move|p2a: Suicune|Ice Beam|p1a: Cradily","|-supereffective|p1a: Cradily","|-damage|p1a: Cradily|149/376","|move|p1a: Cradily|Giga Drain|p2a: Suicune","|-supereffective|p2a: Suicune","|-damage|p2a: Suicune|276/404","|-heal|p1a: Cradily|213/376|[from] drain|[of] p2a: Suicune","|","|-heal|p2a: Suicune|301/404|[from] item: Leftovers","|-heal|p1a: Cradily|236/376|[from] item: Leftovers","|turn|3","|","|move|p2a: Suicune|Scald|p1a: Cradily","|-boost|p1a: Cradily|spa|1|[from] ability: Storm Drain","|move|p1a: Cradily|Giga Drain|p2a: Suicune","|-supereffective|p2a: Suicune","|-damage|p2a: Suicune|119/404","|-heal|p1a: Cradily|327/376|[from] drain|[of] p2a: Suicune","|","|-heal|p2a: Suicune|144/404|[from] item: Leftovers","|-heal|p1a: Cradily|350/376|[from] item: Leftovers","|turn|4","|","|move|p2a: Suicune|Rest|p2a: Suicune","|-status|p2a: Suicune|slp","|-heal|p2a: Suicune|404/404 slp|[silent]","|-status|p2a: Suicune|slp|[from] move: Rest","|move|p1a: Cradily|Giga Drain|p2a: Suicune","|-supereffective|p2a: Suicune","|-damage|p2a: Suicune|206/404 slp","|-heal|p1a: Cradily|376/376|[from] drain|[of] p2a: Suicune","|","|-heal|p2a: Suicune|231/404 slp|[from] item: Leftovers","|turn|5","|","|cant|p2a: Suicune|slp","|move|p2a: Suicune|Sleep Talk|p2a: Suicune","|move|p2a: Suicune|Rest|p2a: Suicune|[from]Sleep Talk","|-fail|p2a: Suicune","|move|p1a: Cradily|Giga Drain|p2a: Suicune","|-supereffective|p2a: Suicune","|-damage|p2a: Suicune|39/404 slp","|","|-heal|p2a: Suicune|64/404 slp|[from] item: Leftovers","|turn|6","|","|cant|p2a: Suicune|slp","|move|p2a: Suicune|Sleep Talk|p2a: Suicune","|move|p2a: Suicune|Scald|p1a: Cradily|[from]Sleep Talk","|-boost|p1a: Cradily|spa|1|[from] ability: Storm Drain","|move|p1a: Cradily|Giga Drain|p2a: Suicune","|-supereffective|p2a: Suicune","|-damage|p2a: Suicune|0 fnt","|faint|p2a: Suicune","|","|","|switch|p2a: Sharpedo|Sharpedo, M|281/281","|-damage|p2a: Sharpedo|246/281|[from] Stealth Rock","|turn|7","|","|switch|p1a: Rampardos|Rampardos, M|335/335","|move|p2a: Sharpedo|Destiny Bond|p2a: Sharpedo","|-singlemove|p2a: Sharpedo|Destiny Bond","|","|-boost|p2a: Sharpedo|spe|1|[from] ability: Speed Boost","|turn|8","|","|move|p2a: Sharpedo|Waterfall|p1a: Rampardos","|-supereffective|p1a: Rampardos","|-damage|p1a: Rampardos|0 fnt","|faint|p1a: Rampardos","|","|-boost|p2a: Sharpedo|spe|1|[from] ability: Speed Boost","|","|switch|p1a: Sudowoodo|Sudowoodo, M|344/344","|turn|9","|","|move|p2a: Sharpedo|Waterfall|p1a: Sudowoodo","|-supereffective|p1a: Sudowoodo","|-damage|p1a: Sudowoodo|62/344","|move|p1a: Sudowoodo|Dynamic Punch|p2a: Sharpedo","|-supereffective|p2a: Sharpedo","|-damage|p2a: Sharpedo|0 fnt","|faint|p2a: Sharpedo","|","|","|switch|p2a: Politoed|Politoed, M|384/384","|-damage|p2a: Politoed|336/384|[from] Stealth Rock","|-weather|RainDance","|turn|10","|-enditem|p1a: Sudowoodo|Custap Berry|[eat]","|-activate|p1a: Sudowoodo|Custap Berry","|","|move|p1a: Sudowoodo|Explosion|p2a: Politoed","|-damage|p2a: Politoed|95/384","|faint|p1a: Sudowoodo","|move|p2a: Politoed|Scald|p1: Sudowoodo|[notarget]","|-notarget","|","|-weather|RainDance|[upkeep]","|-heal|p2a: Politoed|119/384|[from] item: Leftovers","|","|switch|p1a: Terrakion|Terrakion|323/323","|turn|11","|","|switch|p2a: Lanturn|Lanturn, F|453/453","|-damage|p2a: Lanturn|397/453|[from] Stealth Rock","|move|p1a: Terrakion|Close Combat|p2a: Lanturn","|-damage|p2a: Lanturn|18/453","|-unboost|p1a: Terrakion|def|1","|-unboost|p1a: Terrakion|spd|1","|","|-weather|RainDance|[upkeep]","|turn|12","|","|move|p1a: Terrakion|Close Combat|p2a: Lanturn","|-damage|p2a: Lanturn|0 fnt","|-unboost|p1a: Terrakion|def|1","|-unboost|p1a: Terrakion|spd|1","|faint|p2a: Lanturn","|","|-weather|RainDance|[upkeep]","|","|switch|p2a: Ludicolo|Ludicolo, M|301/301","|-damage|p2a: Ludicolo|264/301|[from] Stealth Rock","|turn|13","|","|switch|p1a: Cradily|Cradily, M|376/376","|move|p2a: Ludicolo|Giga Drain|p1a: Cradily","|-damage|p1a: Cradily|295/376","|-heal|p2a: Ludicolo|301/301|[from] drain|[of] p1a: Cradily","|","|-weather|RainDance|[upkeep]","|-heal|p1a: Cradily|318/376|[from] item: Leftovers","|turn|14","|","|move|p2a: Ludicolo|Ice Beam|p1a: Cradily","|-crit|p1a: Cradily","|-supereffective|p1a: Cradily","|-damage|p1a: Cradily|120/376","|move|p1a: Cradily|Ancient Power|p2a: Ludicolo","|-damage|p2a: Ludicolo|243/301","|","|-weather|none","|-heal|p2a: Ludicolo|261/301|[from] item: Leftovers","|-heal|p1a: Cradily|143/376|[from] item: Leftovers","|turn|15","|","|move|p2a: Ludicolo|Ice Beam|p1a: Cradily","|-supereffective|p1a: Cradily","|-damage|p1a: Cradily|5/376","|move|p1a: Cradily|Recover|p1a: Cradily","|-heal|p1a: Cradily|193/376","|","|-heal|p2a: Ludicolo|279/301|[from] item: Leftovers","|-heal|p1a: Cradily|216/376|[from] item: Leftovers","|turn|16","|","|move|p2a: Ludicolo|Energy Ball|p1a: Cradily","|-damage|p1a: Cradily|120/376","|move|p1a: Cradily|Recover|p1a: Cradily","|-heal|p1a: Cradily|308/376","|","|-heal|p2a: Ludicolo|297/301|[from] item: Leftovers","|-heal|p1a: Cradily|331/376|[from] item: Leftovers","|turn|17","|","|move|p2a: Ludicolo|Energy Ball|p1a: Cradily","|-damage|p1a: Cradily|235/376","|move|p1a: Cradily|Ancient Power|p2a: Ludicolo","|-damage|p2a: Ludicolo|239/301","|","|-heal|p2a: Ludicolo|257/301|[from] item: Leftovers","|-heal|p1a: Cradily|258/376|[from] item: Leftovers","|turn|18","|","|switch|p1a: Diancie|Diancie|241/241","|move|p2a: Ludicolo|Energy Ball|p1a: Diancie","|-supereffective|p1a: Diancie","|-damage|p1a: Diancie|19/241","|","|-heal|p2a: Ludicolo|275/301|[from] item: Leftovers","|turn|19","|","|detailschange|p1a: Diancie|Diancie-Mega","|-mega|p1a: Diancie|Diancie|Diancite","|move|p1a: Diancie|Protect|p1a: Diancie","|-singleturn|p1a: Diancie|Protect","|move|p2a: Ludicolo|Surf|p1a: Diancie","|-activate|p1a: Diancie|Protect","|","|-heal|p2a: Ludicolo|293/301|[from] item: Leftovers","|turn|20","|","|switch|p2a: Politoed|Politoed, M|119/384","|-damage|p2a: Politoed|71/384|[from] Stealth Rock","|-weather|RainDance","|move|p1a: Diancie|Moonblast|p2a: Politoed","|-damage|p2a: Politoed|0 fnt","|faint|p2a: Politoed","|","|-weather|RainDance|[upkeep]","|","|switch|p2a: Ludicolo|Ludicolo, M|293/301","|-damage|p2a: Ludicolo|256/301|[from] Stealth Rock","|turn|21","|","|move|p2a: Ludicolo|Ice Beam|p1a: Diancie","|-damage|p1a: Diancie|0 fnt","|faint|p1a: Diancie","|","|-weather|RainDance|[upkeep]","|-heal|p2a: Ludicolo|274/301|[from] item: Leftovers","|","|switch|p1a: Cradily|Cradily, M|258/376","|turn|22","|","|move|p2a: Ludicolo|Ice Beam|p1a: Cradily","|-supereffective|p1a: Cradily","|-damage|p1a: Cradily|130/376","|move|p1a: Cradily|Recover|p1a: Cradily","|-heal|p1a: Cradily|318/376","|","|-weather|RainDance|[upkeep]","|-heal|p2a: Ludicolo|292/301|[from] item: Leftovers","|-heal|p1a: Cradily|341/376|[from] item: Leftovers","|turn|23","|","|move|p2a: Ludicolo|Energy Ball|p1a: Cradily","|-damage|p1a: Cradily|250/376","|move|p1a: Cradily|Recover|p1a: Cradily","|-heal|p1a: Cradily|376/376","|","|-weather|RainDance|[upkeep]","|-heal|p2a: Ludicolo|301/301|[from] item: Leftovers","|turn|24","|","|move|p2a: Ludicolo|Energy Ball|p1a: Cradily","|-crit|p1a: Cradily","|-damage|p1a: Cradily|246/376","|move|p1a: Cradily|Ancient Power|p2a: Ludicolo","|-damage|p2a: Ludicolo|241/301","|","|-weather|none","|-heal|p2a: Ludicolo|259/301|[from] item: Leftovers","|-heal|p1a: Cradily|269/376|[from] item: Leftovers","|turn|25","|","|move|p2a: Ludicolo|Energy Ball|p1a: Cradily","|-damage|p1a: Cradily|169/376","|move|p1a: Cradily|Ancient Power|p2a: Ludicolo","|-damage|p2a: Ludicolo|204/301","|","|-heal|p2a: Ludicolo|222/301|[from] item: Leftovers","|-heal|p1a: Cradily|192/376|[from] item: Leftovers","|turn|26","|","|move|p2a: Ludicolo|Ice Beam|p1a: Cradily","|-supereffective|p1a: Cradily","|-damage|p1a: Cradily|68/376","|move|p1a: Cradily|Ancient Power|p2a: Ludicolo","|-damage|p2a: Ludicolo|161/301","|","|-heal|p2a: Ludicolo|179/301|[from] item: Leftovers","|-heal|p1a: Cradily|91/376|[from] item: Leftovers","|turn|27","|","|move|p2a: Ludicolo|Ice Beam|p1a: Cradily","|-supereffective|p1a: Cradily","|-damage|p1a: Cradily|0 fnt","|faint|p1a: Cradily","|","|-heal|p2a: Ludicolo|197/301|[from] item: Leftovers","|","|switch|p1a: Archeops|Archeops, F|291/291","|turn|28","|","|move|p1a: Archeops|Sky Attack|p2a: Ludicolo|[still]","|-prepare|p1a: Archeops|Sky Attack|p2a: Ludicolo","|-enditem|p1a: Archeops|Power Herb","|-anim|p1a: Archeops|Sky Attack|p2a: Ludicolo","|-supereffective|p2a: Ludicolo","|-damage|p2a: Ludicolo|0 fnt","|faint|p2a: Ludicolo","|","|","|switch|p2a: Clawitzer|Clawitzer, F|345/345","|-damage|p2a: Clawitzer|302/345|[from] Stealth Rock","|turn|29","|","|move|p1a: Archeops|Acrobatics|p2a: Clawitzer","|-damage|p2a: Clawitzer|70/345","|move|p2a: Clawitzer|Water Pulse|p1a: Archeops","|-supereffective|p1a: Archeops","|-damage|p1a: Archeops|0 fnt","|faint|p1a: Archeops","|","|","|switch|p1a: Terrakion|Terrakion|323/323","|turn|30","|","|move|p1a: Terrakion|Close Combat|p2a: Clawitzer","|-damage|p2a: Clawitzer|0 fnt","|-unboost|p1a: Terrakion|def|1","|-unboost|p1a: Terrakion|spd|1","|faint|p2a: Clawitzer","|","|win|KGBeast"],"p1rating":{"entryid":"6349485","serverid":"eos","formatid":"monotype","userid":"kgbeast","username":"KGBeast","w":39,"l":"20","t":"0","gxe":62.7,"r":"1602.4834527501","rd":"52.388991108415","sigma":"0","rptime":"1438678800","rpr":1598.7072717601,"rprd":51.417231991693,"rpsigma":"0","acre":1152.9600356817,"lacre":1152.9600356817,"oldacre":"1133.2876145065"},"p2rating":{"entryid":"5821777","serverid":"eos","formatid":"monotype","userid":"carniemarx","username":"Carnie Marx","w":"62","l":72,"t":"0","gxe":46.8,"r":"1486.0439468262","rd":"37.970696333481","sigma":"0","rptime":"1438678800","rpr":1475.8072714289,"rprd":37.372330893607,"rpsigma":"0","acre":1043.369383635,"lacre":1043.369383635,"oldacre":"1058.0956439642"},"endType":"normal"}