{"seed":[13670,41429,29592,8631],"turns":29,"p1":"DJMadness","p2":"Sovereign Rido","p1team":[{"name":"Beedrill","species":"Beedrill","item":"beedrillite","ability":"Swarm","moves":["uturn","protect","poisonjab","aerialace"],"nature":"Jolly","evs":{"hp":0,"atk":252,"def":0,"spa":0,"spd":4,"spe":252},"gender":"M","shiny":true,"ivs":{"hp":31,"atk":31,"def":31,"spa":31,"spd":31,"spe":31}},{"name":"Volcarona","species":"Volcarona","item":"sitrusberry","ability":"Flame Body","moves":["bugbuzz","fierydance","quiverdance","gigadrain"],"nature":"Timid","evs":{"hp":252,"atk":0,"def":0,"spa":0,"spd":4,"spe":252},"gender":"F","shiny":true,"ivs":{"hp":31,"atk":31,"def":31,"spa":31,"spd":31,"spe":31}},{"name":"Armaldo","species":"Armaldo","item":"leftovers","ability":"Battle Armor","moves":["stealthrock","rapidspin","toxic","xscissor"],"nature":"Impish","evs":{"hp":252,"atk":4,"def":252,"spa":0,"spd":0,"spe":0},"gender":"M","shiny":true,"ivs":{"hp":31,"atk":31,"def":31,"spa":31,"spd":31,"spe":31}},{"name":"Galvantula","species":"Galvantula","item":"focussash","ability":"Compound Eyes","moves":["stickyweb","thunder","energyball","bugbuzz"],"nature":"Timid","evs":{"hp":0,"atk":0,"def":0,"spa":252,"spd":4,"spe":252},"gender":"F","shiny":true,"ivs":{"hp":31,"atk":31,"def":31,"spa":31,"spd":31,"spe":31}},{"name":"Scyther","species":"Scyther","item":"eviolite","ability":"Technician","moves":["aerialace","swordsdance","roost","quickattack"],"nature":"Jolly","evs":{"hp":252,"atk":4,"def":0,"spa":0,"spd":0,"spe":252},"gender":"M","shiny":true,"ivs":{"hp":31,"atk":31,"def":31,"spa":31,"spd":31,"spe":31}},{"name":"Vivillon","species":"Vivillon","item":"lifeorb","ability":"Compound Eyes","moves":["hurricane","sleeppowder","drainingkiss","quiverdance"],"nature":"Timid","evs":{"hp":0,"atk":0,"def":0,"spa":252,"spd":0,"spe":252},"gender":"F","shiny":true,"ivs":{"hp":31,"atk":31,"def":31,"spa":31,"spd":31,"spe":31}}],"p2team":[{"name":"Washing","species":"rotomwash","item":"choicescarf","ability":"Levitate","moves":["trick","hydropump","voltswitch","willowisp"],"nature":"Timid","evs":{"hp":0,"atk":0,"def":0,"spa":252,"spd":4,"spe":252},"ivs":{"hp":31,"atk":31,"def":31,"spa":31,"spd":31,"spe":31}},{"name":"ME Q(._.)Q","species":"swampert","item":"swampertite","ability":"Torrent","moves":["protect","waterfall","icepunch","earthquake"],"nature":"Adamant","evs":{"hp":248,"atk":252,"def":0,"spa":0,"spd":8,"spe":0},"ivs":{"hp":31,"atk":31,"def":31,"spa":31,"spd":31,"spe":31}},{"name":"Poliswag","species":"politoed","item":"ejectbutton","ability":"Drizzle","moves":["hydropump","scald","focusblast","psychic"],"nature":"Modest","evs":{"hp":248,"atk":0,"def":0,"spa":252,"spd":8,"spe":0},"ivs":{"hp":31,"atk":31,"def":31,"spa":31,"spd":31,"spe":31}},{"name":"Azuman","species":"azumarill","item":"sitrusberry","ability":"Sap Sipper","moves":["aquajet","playrough","waterfall","bellydrum"],"nature":"Adamant","evs":{"hp":252,"atk":252,"def":0,"spa":0,"spd":4,"spe":0},"gender":"M","ivs":{"hp":31,"atk":31,"def":31,"spa":31,"spd":31,"spe":31}},{"name":"SlowMax","species":"slowbro","item":"leftovers","ability":"Regenerator","moves":["calmmind","slackoff","psychic","toxic"],"nature":"Bold","evs":{"hp":252,"atk":0,"def":252,"spa":4,"spd":0,"spe":0},"gender":"M","ivs":{"hp":31,"atk":31,"def":31,"spa":31,"spd":31,"spe":31}},{"name":"Cloyster","species":"Cloyster","item":"focussash","ability":"Skill Link","moves":["iceshard","shellsmash","rockblast","iciclespear"],"nature":"Adamant","evs":{"hp":0,"atk":252,"def":0,"spa":0,"spd":4,"spe":252},"ivs":{"hp":31,"atk":31,"def":31,"spa":31,"spd":31,"spe":31}}],"log":["|player|p1|DJMadness|92","|player|p2|Sovereign Rido|8","|gametype|singles","|gen|6","|tier|Monotype","|rated","|rule|Baton Pass Clause: Limit one Baton Passer, can't pass Spe and other stats simultaneously","|rule|Swagger Clause: Swagger is banned","|rule|Same Type Clause: Pokémon in a team must share a type","|clearpoke","|poke|p1|Beedrill, M, shiny","|poke|p1|Volcarona, F, shiny","|poke|p1|Armaldo, M, shiny","|poke|p1|Galvantula, F, shiny","|poke|p1|Scyther, M, shiny","|poke|p1|Vivillon, F, shiny","|poke|p2|Rotom-Wash","|poke|p2|Swampert, F","|poke|p2|Politoed, M","|poke|p2|Azumarill, M","|poke|p2|Slowbro, M","|poke|p2|Cloyster, M","|rule|Sleep Clause Mod: Limit one foe put to sleep","|rule|Species Clause: Limit one of each Pokémon","|rule|OHKO Clause: OHKO moves are banned","|rule|Moody Clause: Moody is banned","|rule|Evasion Moves Clause: Evasion moves are banned","|rule|Endless Battle Clause: Forcing endless battles is banned","|rule|HP Percentage Mod: HP is shown in percentages","|teampreview","|","|start","|switch|p1a: Vivillon|Vivillon, F, shiny|301/301","|switch|p2a: Poliswag|Politoed, M|383/383","|-weather|RainDance","|turn|1","|","|move|p1a: Vivillon|Sleep Powder|p2a: Poliswag","|-status|p2a: Poliswag|slp","|cant|p2a: Poliswag|slp","|","|-weather|RainDance|[upkeep]","|turn|2","|","|switch|p2a: ME Q(._.)Q|Swampert, F|403/403","|move|p1a: Vivillon|Quiver Dance|p1a: Vivillon","|-boost|p1a: Vivillon|spa|1","|-boost|p1a: Vivillon|spd|1","|-boost|p1a: Vivillon|spe|1","|","|-weather|RainDance|[upkeep]","|turn|3","|","|detailschange|p2a: ME Q(._.)Q|Swampert-Mega, F","|-mega|p2a: ME Q(._.)Q|Swampert|Swampertite","|move|p2a: ME Q(._.)Q|Protect|p2a: ME Q(._.)Q","|-singleturn|p2a: ME Q(._.)Q|Protect","|move|p1a: Vivillon|Hurricane|p2a: ME Q(._.)Q","|-activate|p2a: ME Q(._.)Q|Protect","|","|-weather|RainDance|[upkeep]","|turn|4","|","|move|p1a: Vivillon|Hurricane|p2a: ME Q(._.)Q","|-damage|p2a: ME Q(._.)Q|140/403","|-damage|p1a: Vivillon|271/301|[from] item: Life Orb","|move|p2a: ME Q(._.)Q|Ice Punch|p1a: Vivillon","|-supereffective|p1a: Vivillon","|-damage|p1a: Vivillon|0 fnt","|faint|p1a: Vivillon","|","|-weather|RainDance|[upkeep]","|","|switch|p1a: Beedrill|Beedrill, M, shiny|271/271","|turn|5","|","|detailschange|p1a: Beedrill|Beedrill-Mega, M, shiny","|-mega|p1a: Beedrill|Beedrill|Beedrillite","|move|p1a: Beedrill|Protect|p1a: Beedrill","|-singleturn|p1a: Beedrill|Protect","|move|p2a: ME Q(._.)Q|Ice Punch|p1a: Beedrill","|-activate|p1a: Beedrill|Protect","|","|-weather|none","|turn|6","|","|switch|p2a: Poliswag|Politoed, M|383/383 slp","|-weather|RainDance","|move|p1a: Beedrill|U-turn|p2a: Poliswag","|-damage|p2a: Poliswag|133/383 slp","|-enditem|p2a: Poliswag|Eject Button","|","|switch|p2a: ME Q(._.)Q|Swampert-Mega, F|140/403","|","|-weather|RainDance|[upkeep]","|turn|7","|","|move|p1a: Beedrill|Protect|p1a: Beedrill","|-singleturn|p1a: Beedrill|Protect","|move|p2a: ME Q(._.)Q|Ice Punch|p1a: Beedrill","|-activate|p1a: Beedrill|Protect","|","|-weather|RainDance|[upkeep]","|turn|8","|","|switch|p1a: Galvantula|Galvantula, F, shiny|281/281","|move|p2a: ME Q(._.)Q|Ice Punch|p1a: Galvantula","|-damage|p1a: Galvantula|114/281","|","|-weather|RainDance|[upkeep]","|turn|9","|","|move|p2a: ME Q(._.)Q|Ice Punch|p1a: Galvantula","|-damage|p1a: Galvantula|0 fnt","|faint|p1a: Galvantula","|","|-weather|RainDance|[upkeep]","|","|switch|p1a: Beedrill|Beedrill-Mega, M, shiny|271/271","|turn|10","|","|move|p1a: Beedrill|Protect|p1a: Beedrill","|-singleturn|p1a: Beedrill|Protect","|move|p2a: ME Q(._.)Q|Ice Punch|p1a: Beedrill","|-activate|p1a: Beedrill|Protect","|","|-weather|none","|turn|11","|","|move|p1a: Beedrill|U-turn|p2a: ME Q(._.)Q","|-damage|p2a: ME Q(._.)Q|0 fnt","|faint|p2a: ME Q(._.)Q","|","|switch|p1a: Armaldo|Armaldo, M, shiny|354/354","|","|","|switch|p2a: Cloyster|Cloyster, M|241/241","|turn|12","|","|move|p2a: Cloyster|Shell Smash|p2a: Cloyster","|-unboost|p2a: Cloyster|def|1","|-unboost|p2a: Cloyster|spd|1","|-boost|p2a: Cloyster|atk|2","|-boost|p2a: Cloyster|spa|2","|-boost|p2a: Cloyster|spe|2","|move|p1a: Armaldo|Toxic|p2a: Cloyster","|-status|p2a: Cloyster|tox","|","|-damage|p2a: Cloyster|226/241 tox|[from] psn","|turn|13","|","|move|p2a: Cloyster|Icicle Spear|p1a: Armaldo","|-damage|p1a: Armaldo|299/354","|-damage|p1a: Armaldo|245/354","|-damage|p1a: Armaldo|191/354","|-damage|p1a: Armaldo|134/354","|-damage|p1a: Armaldo|80/354","|-hitcount|p1a: Armaldo|5","|move|p1a: Armaldo|Stealth Rock|p2a: Cloyster","|-sidestart|p2: Sovereign Rido|move: Stealth Rock","|","|-heal|p1a: Armaldo|102/354|[from] item: Leftovers","|-damage|p2a: Cloyster|196/241 tox|[from] psn","|turn|14","|","|move|p2a: Cloyster|Icicle Spear|p1a: Armaldo","|-damage|p1a: Armaldo|44/354","|-damage|p1a: Armaldo|0 fnt","|-hitcount|p1a: Armaldo|2","|faint|p1a: Armaldo","|","|-damage|p2a: Cloyster|151/241 tox|[from] psn","|","|switch|p1a: Beedrill|Beedrill-Mega, M, shiny|271/271","|turn|15","|","|move|p1a: Beedrill|Protect|p1a: Beedrill","|-singleturn|p1a: Beedrill|Protect","|move|p2a: Cloyster|Icicle Spear|p1a: Beedrill","|-activate|p1a: Beedrill|Protect","|","|-damage|p2a: Cloyster|91/241 tox|[from] psn","|turn|16","|","|move|p2a: Cloyster|Icicle Spear|p1a: Beedrill","|-crit|p1a: Beedrill","|-damage|p1a: Beedrill|10/271","|-damage|p1a: Beedrill|0 fnt","|-hitcount|p1a: Beedrill|2","|faint|p1a: Beedrill","|","|-damage|p2a: Cloyster|16/241 tox|[from] psn","|","|switch|p1a: Scyther|Scyther, M, shiny|344/344","|turn|17","|","|move|p1a: Scyther|Quick Attack|p2a: Cloyster","|-damage|p2a: Cloyster|0 fnt","|faint|p2a: Cloyster","|","|","|switch|p2a: Washing|Rotom-Wash|241/241","|-damage|p2a: Washing|211/241|[from] Stealth Rock","|turn|18","|","|switch|p1a: Volcarona|Volcarona, F, shiny|374/374","|move|p2a: Washing|Volt Switch|p1a: Volcarona","|-damage|p1a: Volcarona|277/374","|","|switch|p2a: SlowMax|Slowbro, M|394/394","|-damage|p2a: SlowMax|345/394|[from] Stealth Rock","|","|-heal|p2a: SlowMax|369/394|[from] item: Leftovers","|turn|19","|","|move|p1a: Volcarona|Quiver Dance|p1a: Volcarona","|-boost|p1a: Volcarona|spa|1","|-boost|p1a: Volcarona|spd|1","|-boost|p1a: Volcarona|spe|1","|move|p2a: SlowMax|Calm Mind|p2a: SlowMax","|-boost|p2a: SlowMax|spa|1","|-boost|p2a: SlowMax|spd|1","|","|-heal|p2a: SlowMax|393/394|[from] item: Leftovers","|turn|20","|","|move|p1a: Volcarona|Quiver Dance|p1a: Volcarona","|-boost|p1a: Volcarona|spa|1","|-boost|p1a: Volcarona|spd|1","|-boost|p1a: Volcarona|spe|1","|move|p2a: SlowMax|Toxic|p1a: Volcarona","|-status|p1a: Volcarona|tox","|","|-heal|p2a: SlowMax|394/394|[from] item: Leftovers","|-damage|p1a: Volcarona|254/374 tox|[from] psn","|turn|21","|","|move|p1a: Volcarona|Bug Buzz|p2a: SlowMax","|-supereffective|p2a: SlowMax","|-damage|p2a: SlowMax|0 fnt","|faint|p2a: SlowMax","|","|-damage|p1a: Volcarona|208/374 tox|[from] psn","|","|switch|p2a: Azuman|Azumarill, M|404/404","|-damage|p2a: Azuman|354/404|[from] Stealth Rock","|turn|22","|","|move|p2a: Azuman|Aqua Jet|p1a: Volcarona","|-supereffective|p1a: Volcarona","|-damage|p1a: Volcarona|76/374 tox","|-status|p2a: Azuman|brn","|-enditem|p1a: Volcarona|Sitrus Berry|[eat]","|-heal|p1a: Volcarona|169/374 tox|[from] item: Sitrus Berry","|move|p1a: Volcarona|Giga Drain|p2a: Azuman","|-boost|p2a: Azuman|atk|1|[from] ability: Sap Sipper","|","|-damage|p1a: Volcarona|100/374 tox|[from] psn","|-damage|p2a: Azuman|304/404 brn|[from] brn","|turn|23","|","|move|p2a: Azuman|Aqua Jet|p1a: Volcarona","|-supereffective|p1a: Volcarona","|-damage|p1a: Volcarona|6/374 tox","|move|p1a: Volcarona|Bug Buzz|p2a: Azuman","|-resisted|p2a: Azuman","|-damage|p2a: Azuman|136/404 brn","|-enditem|p2a: Azuman|Sitrus Berry|[eat]","|-heal|p2a: Azuman|237/404 brn|[from] item: Sitrus Berry","|","|-damage|p1a: Volcarona|0 fnt|[from] psn","|-damage|p2a: Azuman|187/404 brn|[from] brn","|faint|p1a: Volcarona","|","|switch|p1a: Scyther|Scyther, M, shiny|344/344","|turn|24","|","|move|p2a: Azuman|Aqua Jet|p1a: Scyther","|-damage|p1a: Scyther|317/344","|move|p1a: Scyther|Swords Dance|p1a: Scyther","|-boost|p1a: Scyther|atk|2","|","|-damage|p2a: Azuman|137/404 brn|[from] brn","|turn|25","|","|move|p1a: Scyther|Swords Dance|p1a: Scyther","|-boost|p1a: Scyther|atk|2","|move|p2a: Azuman|Play Rough|p1a: Scyther","|-damage|p1a: Scyther|257/344","|","|-damage|p2a: Azuman|87/404 brn|[from] brn","|turn|26","|","|move|p2a: Azuman|Aqua Jet|p1a: Scyther","|-damage|p1a: Scyther|233/344","|move|p1a: Scyther|Swords Dance|p1a: Scyther","|-boost|p1a: Scyther|atk|2","|","|-damage|p2a: Azuman|37/404 brn|[from] brn","|turn|27","|","|move|p2a: Azuman|Aqua Jet|p1a: Scyther","|-damage|p1a: Scyther|207/344","|move|p1a: Scyther|Roost|p1a: Scyther","|-heal|p1a: Scyther|344/344","|","|-damage|p2a: Azuman|0 fnt|[from] brn","|faint|p2a: Azuman","|","|switch|p2a: Washing|Rotom-Wash|211/241","|-damage|p2a: Washing|181/241|[from] Stealth Rock","|turn|28","|","|move|p2a: Washing|Volt Switch|p1a: Scyther","|-supereffective|p1a: Scyther","|-damage|p1a: Scyther|174/344","|","|switch|p2a: Poliswag|Politoed, M|133/383 slp","|-damage|p2a: Poliswag|86/383 slp|[from] Stealth Rock","|-weather|RainDance","|move|p1a: Scyther|Aerial Ace|p2a: Poliswag","|-damage|p2a: Poliswag|0 fnt","|faint|p2a: Poliswag","|","|-weather|RainDance|[upkeep]","|","|switch|p2a: Washing|Rotom-Wash|181/241","|-damage|p2a: Washing|151/241|[from] Stealth Rock","|turn|29","|","|move|p1a: Scyther|Quick Attack|p2a: Washing","|-damage|p2a: Washing|0 fnt","|faint|p2a: Washing","|","|win|DJMadness"],"p1rating":{"entryid":"7355209","serverid":"eos","formatid":"monotype","userid":"djmadness","username":"DJMadness","w":4,"l":"10","t":"0","gxe":36.3,"r":"1344.0194674362","rd":"88.375044745558","sigma":"0","rptime":"1438678800","rpr":1391.1290997505,"rprd":83.14291037596,"rpsigma":"0","acre":1119.853987858,"lacre":1119.853987858,"oldacre":"1098.0534647976"},"p2rating":{"entryid":"7389141","serverid":"eos","formatid":"monotype","userid":"sovereignrido","username":"Sovereign Rido","w":"1","l":1,"t":"0","gxe":48,"r":"1500","rd":"130","sigma":"0","rptime":"1438678800","rpr":1484.3194104997,"rprd":116.45968256442,"rpsigma":"0","acre":1034.7270071418,"lacre":1034.7270071418,"oldacre":"1049.7831667458"},"endType":"normal"}