{"seed":[4905,44986,12497,42800],"turns":25,"p1":"Sovereign♕Cactus","p2":"MrNyanNyanz","p1team":[{"name":"Pink Rod","species":"swampert","item":"leftovers","ability":"Torrent","moves":["scald","earthquake","stealthrock","roar"],"nature":"Impish","evs":{"hp":252,"atk":4,"def":252,"spa":0,"spd":0,"spe":0},"gender":"M","shiny":true,"ivs":{"hp":31,"atk":31,"def":31,"spa":31,"spd":31,"spe":31}},{"name":"Butters","species":"azumarill","item":"wacanberry","ability":"Sap Sipper","moves":["toxic","scald","encore","protect"],"nature":"Bold","evs":{"hp":248,"atk":0,"def":252,"spa":0,"spd":8,"spe":0},"gender":"M","shiny":true,"ivs":{"hp":31,"atk":31,"def":31,"spa":31,"spd":31,"spe":31}},{"name":"Mr.WasheeWashee","species":"rotomwash","item":"leftovers","ability":"Levitate","moves":["voltswitch","willowisp","hydropump","painsplit"],"nature":"Calm","evs":{"hp":252,"atk":0,"def":0,"spa":4,"spd":252,"spe":0},"ivs":{"hp":31,"atk":31,"def":31,"spa":31,"spd":31,"spe":31}},{"name":"StartOnStarAction","species":"starmie","item":"choicescarf","ability":"Natural Cure","moves":["icebeam","psychic","surf","powergem"],"nature":"Timid","evs":{"hp":0,"atk":0,"def":0,"spa":252,"spd":4,"spe":252},"shiny":true,"ivs":{"hp":31,"atk":31,"def":31,"spa":31,"spd":31,"spe":31}},{"name":"Cotton The D-bag","species":"politoed","item":"choicespecs","ability":"Drizzle","moves":["focusblast","icebeam","scald","psychic"],"nature":"Modest","evs":{"hp":248,"atk":0,"def":0,"spa":252,"spd":8,"spe":0},"gender":"F","shiny":true,"ivs":{"hp":31,"atk":31,"def":31,"spa":31,"spd":31,"spe":31}},{"name":"Angry","species":"kingdra","item":"lifeorb","ability":"Swift Swim","moves":["dracometeor","hydropump","waterfall","outrage"],"nature":"Lonely","evs":{"hp":0,"atk":252,"def":0,"spa":4,"spd":0,"spe":252},"gender":"M","shiny":true,"ivs":{"hp":31,"atk":31,"def":31,"spa":31,"spd":31,"spe":31}}],"p2team":[{"name":"Charizard","species":"Charizard","item":"charizarditey","ability":"Blaze","moves":["solarbeam","fireblast","defog","focusblast"],"nature":"Timid","evs":{"hp":0,"atk":0,"def":0,"spa":252,"spd":4,"spe":252},"ivs":{"hp":31,"atk":31,"def":31,"spa":31,"spd":31,"spe":31}},{"name":"Rotom-Heat","species":"Rotom-Heat","item":"lightclay","ability":"Levitate","moves":["voltswitch","reflect","lightscreen","willowisp"],"nature":"Bold","evs":{"hp":252,"atk":0,"def":252,"spa":4,"spd":0,"spe":0},"ivs":{"hp":31,"atk":31,"def":31,"spa":31,"spd":31,"spe":31}},{"name":"Heatran","species":"Heatran","item":"airballoon","ability":"Flash Fire","moves":["stealthrock","lavaplume","flashcannon","toxic"],"nature":"Calm","evs":{"hp":248,"atk":0,"def":0,"spa":8,"spd":252,"spe":0},"ivs":{"hp":31,"atk":31,"def":31,"spa":31,"spd":31,"spe":31}},{"name":"Victini","species":"Victini","item":"choicescarf","ability":"Victory Star","moves":["vcreate","energyball","psyshock","boltstrike"],"nature":"Hasty","evs":{"hp":0,"atk":252,"def":0,"spa":4,"spd":0,"spe":252},"ivs":{"hp":31,"atk":31,"def":31,"spa":31,"spd":31,"spe":31}},{"name":"Infernape","species":"Infernape","item":"choiceband","ability":"Iron Fist","moves":["machpunch","thunderpunch","firepunch","closecombat"],"nature":"Jolly","evs":{"hp":0,"atk":252,"def":0,"spa":0,"spd":4,"spe":252},"ivs":{"hp":31,"atk":31,"def":31,"spa":31,"spd":31,"spe":31}},{"name":"Entei","species":"Entei","item":"assaultvest","ability":"Pressure","moves":["extremespeed","sacredfire","stoneedge","ironhead"],"nature":"Adamant","evs":{"hp":0,"atk":252,"def":0,"spa":0,"spd":4,"spe":252},"shiny":true,"ivs":{"hp":31,"atk":31,"def":31,"spa":31,"spd":31,"spe":31}}],"log":["|player|p1|Sovereign♕Cactus|251","|player|p2|MrNyanNyanz|mrnyannyanz.png","|gametype|singles","|gen|6","|tier|Monotype","|rated","|rule|Baton Pass Clause: Limit one Baton Passer, can't pass Spe and other stats simultaneously","|rule|Swagger Clause: Swagger is banned","|rule|Same Type Clause: Pokémon in a team must share a type","|clearpoke","|poke|p1|Swampert, M, shiny","|poke|p1|Azumarill, M, shiny","|poke|p1|Rotom-Wash","|poke|p1|Starmie, shiny","|poke|p1|Politoed, F, shiny","|poke|p1|Kingdra, M, shiny","|poke|p2|Charizard, F","|poke|p2|Rotom-Heat","|poke|p2|Heatran, M","|poke|p2|Victini","|poke|p2|Infernape, M","|poke|p2|Entei, shiny","|rule|Sleep Clause Mod: Limit one foe put to sleep","|rule|Species Clause: Limit one of each Pokémon","|rule|OHKO Clause: OHKO moves are banned","|rule|Moody Clause: Moody is banned","|rule|Evasion Moves Clause: Evasion moves are banned","|rule|Endless Battle Clause: Forcing endless battles is banned","|rule|HP Percentage Mod: HP is shown in percentages","|teampreview","|","|start","|switch|p1a: Pink Rod|Swampert, M, shiny|404/404","|switch|p2a: Victini|Victini|341/341","|turn|1","|","|move|p2a: Victini|Energy Ball|p1a: Pink Rod","|-supereffective|p1a: Pink Rod","|-damage|p1a: Pink Rod|80/404","|move|p1a: Pink Rod|Stealth Rock|p2a: Victini","|-sidestart|p2: MrNyanNyanz|move: Stealth Rock","|","|-heal|p1a: Pink Rod|105/404|[from] item: Leftovers","|turn|2","|","|switch|p1a: Butters|Azumarill, M, shiny|403/403","|move|p2a: Victini|Energy Ball|p1a: Butters","|-boost|p1a: Butters|atk|1|[from] ability: Sap Sipper","|","|turn|3","|","|switch|p2a: Rotom-Heat|Rotom-Heat|304/304","|-damage|p2a: Rotom-Heat|228/304|[from] Stealth Rock","|move|p1a: Butters|Scald|p2a: Rotom-Heat","|-supereffective|p2a: Rotom-Heat","|-damage|p2a: Rotom-Heat|112/304","|","|turn|4","|","|move|p1a: Butters|Protect|p1a: Butters","|-singleturn|p1a: Butters|Protect","|move|p2a: Rotom-Heat|Light Screen|p2a: Rotom-Heat","|-sidestart|p2: MrNyanNyanz|move: Light Screen","|","|turn|5","|","|move|p2a: Rotom-Heat|Reflect|p2a: Rotom-Heat","|-sidestart|p2: MrNyanNyanz|Reflect","|move|p1a: Butters|Encore|p2a: Rotom-Heat","|-start|p2a: Rotom-Heat|Encore","|","|turn|6","|","|switch|p2a: Heatran|Heatran, M|385/385","|-damage|p2a: Heatran|337/385|[from] Stealth Rock","|-item|p2a: Heatran|Air Balloon","|move|p1a: Butters|Toxic|p2a: Heatran","|-immune|p2a: Heatran|[msg]","|","|turn|7","|","|move|p2a: Heatran|Toxic|p1a: Butters","|-status|p1a: Butters|tox","|move|p1a: Butters|Scald|p2a: Heatran","|-supereffective|p2a: Heatran","|-damage|p2a: Heatran|295/385","|-enditem|p2a: Heatran|Air Balloon","|","|-damage|p1a: Butters|378/403 tox|[from] psn","|turn|8","|","|switch|p1a: Cotton The D-bag|Politoed, F, shiny|383/383","|-weather|RainDance","|move|p2a: Heatran|Stealth Rock|p1a: Cotton The D-bag","|-sidestart|p1: Sovereign♕Cactus|move: Stealth Rock","|","|-weather|RainDance|[upkeep]","|turn|9","|","|move|p2a: Heatran|Toxic|p1a: Cotton The D-bag","|-status|p1a: Cotton The D-bag|tox","|move|p1a: Cotton The D-bag|Focus Blast|p2a: Heatran","|-supereffective|p2a: Heatran","|-damage|p2a: Heatran|179/385","|","|-weather|RainDance|[upkeep]","|-damage|p1a: Cotton The D-bag|360/383 tox|[from] psn","|turn|10","|","|switch|p2a: Charizard|Charizard, F|297/297","|-damage|p2a: Charizard|149/297|[from] Stealth Rock","|switch|p1a: Butters|Azumarill, M, shiny|378/403 tox","|-damage|p1a: Butters|328/403 tox|[from] Stealth Rock","|","|-weather|RainDance|[upkeep]","|-damage|p1a: Butters|303/403 tox|[from] psn","|turn|11","|","|detailschange|p2a: Charizard|Charizard-Mega-Y, F","|-mega|p2a: Charizard|Charizard|Charizardite Y","|-weather|SunnyDay","|move|p2a: Charizard|Defog|p1a: Butters","|-unboost|p1a: Butters|evasion|1","|-sideend|p1: Sovereign♕Cactus|Stealth Rock|[from] move: Defog|[of] p1a: Butters","|-sideend|p2: MrNyanNyanz|Stealth Rock|[from] move: Defog|[of] p2a: Charizard","|move|p1a: Butters|Toxic|p2a: Charizard","|-status|p2a: Charizard|tox","|","|-weather|SunnyDay|[upkeep]","|-damage|p2a: Charizard|131/297 tox|[from] psn","|-damage|p1a: Butters|253/403 tox|[from] psn","|-sideend|p2: MrNyanNyanz|move: Light Screen","|turn|12","|","|switch|p2a: Rotom-Heat|Rotom-Heat|112/304","|move|p1a: Butters|Protect|p1a: Butters","|-fail|p1a: Butters","|","|-weather|SunnyDay|[upkeep]","|-damage|p1a: Butters|178/403 tox|[from] psn","|-sideend|p2: MrNyanNyanz|Reflect","|turn|13","|","|move|p2a: Rotom-Heat|Volt Switch|p1a: Butters","|-supereffective|p1a: Butters","|-enditem|p1a: Butters|Wacan Berry|[eat]","|-damage|p1a: Butters|84/403 tox","|","|switch|p2a: Heatran|Heatran, M|179/385","|move|p1a: Butters|Toxic|p2a: Heatran","|-immune|p2a: Heatran|[msg]","|","|-weather|SunnyDay|[upkeep]","|-damage|p1a: Butters|0 fnt|[from] psn","|faint|p1a: Butters","|","|switch|p1a: Cotton The D-bag|Politoed, F, shiny|360/383 tox","|-weather|RainDance","|turn|14","|","|move|p2a: Heatran|Stealth Rock|p1a: Cotton The D-bag","|-sidestart|p1: Sovereign♕Cactus|move: Stealth Rock","|move|p1a: Cotton The D-bag|Scald|p2a: Heatran","|-supereffective|p2a: Heatran","|-damage|p2a: Heatran|0 fnt","|faint|p2a: Heatran","|","|-weather|RainDance|[upkeep]","|-damage|p1a: Cotton The D-bag|337/383 tox|[from] psn","|","|switch|p2a: Charizard|Charizard-Mega-Y, F|131/297 tox","|-weather|SunnyDay","|turn|15","|","|switch|p1a: Pink Rod|Swampert, M, shiny|105/404","|-damage|p1a: Pink Rod|80/404|[from] Stealth Rock","|move|p2a: Charizard|Solar Beam|p1a: Pink Rod|[still]","|-prepare|p2a: Charizard|Solar Beam|p1a: Pink Rod","|-anim|p2a: Charizard|Solar Beam|p1a: Pink Rod","|-supereffective|p1a: Pink Rod","|-damage|p1a: Pink Rod|0 fnt","|faint|p1a: Pink Rod","|","|-weather|SunnyDay|[upkeep]","|-damage|p2a: Charizard|113/297 tox|[from] psn","|","|switch|p1a: StartOnStarAction|Starmie, shiny|261/261","|-damage|p1a: StartOnStarAction|229/261|[from] Stealth Rock","|turn|16","|","|switch|p2a: Victini|Victini|341/341","|move|p1a: StartOnStarAction|Power Gem|p2a: Victini","|-crit|p2a: Victini","|-supereffective|p2a: Victini","|-damage|p2a: Victini|111/341","|","|-weather|SunnyDay|[upkeep]","|turn|17","|","|move|p1a: StartOnStarAction|Power Gem|p2a: Victini","|-supereffective|p2a: Victini","|-damage|p2a: Victini|0 fnt","|faint|p2a: Victini","|","|-weather|SunnyDay|[upkeep]","|","|switch|p2a: Infernape|Infernape, M|293/293","|turn|18","|","|switch|p1a: Cotton The D-bag|Politoed, F, shiny|337/383 tox","|-damage|p1a: Cotton The D-bag|290/383 tox|[from] Stealth Rock","|-weather|RainDance","|move|p2a: Infernape|Thunder Punch|p1a: Cotton The D-bag","|-supereffective|p1a: Cotton The D-bag","|-damage|p1a: Cotton The D-bag|0 fnt","|faint|p1a: Cotton The D-bag","|","|-weather|RainDance|[upkeep]","|","|switch|p1a: Angry|Kingdra, M, shiny|291/291","|-damage|p1a: Angry|255/291|[from] Stealth Rock","|turn|19","|","|switch|p2a: Charizard|Charizard-Mega-Y, F|113/297 tox","|-weather|SunnyDay","|move|p1a: Angry|Waterfall|p2a: Charizard","|-supereffective|p2a: Charizard","|-damage|p2a: Charizard|0 fnt","|-damage|p1a: Angry|226/291|[from] item: Life Orb","|faint|p2a: Charizard","|","|-weather|SunnyDay|[upkeep]","|","|switch|p2a: Rotom-Heat|Rotom-Heat|112/304","|turn|20","|","|move|p1a: Angry|Outrage|p2a: Rotom-Heat","|-damage|p2a: Rotom-Heat|0 fnt","|-damage|p1a: Angry|197/291|[from] item: Life Orb","|faint|p2a: Rotom-Heat","|","|-weather|SunnyDay|[upkeep]","|","|switch|p2a: Infernape|Infernape, M|293/293","|turn|21","|","|move|p2a: Infernape|Close Combat|p1a: Angry","|-damage|p1a: Angry|0 fnt","|-unboost|p2a: Infernape|def|1","|-unboost|p2a: Infernape|spd|1","|faint|p1a: Angry","|","|-weather|SunnyDay|[upkeep]","|","|switch|p1a: Mr.WasheeWashee|Rotom-Wash|304/304","|-damage|p1a: Mr.WasheeWashee|266/304|[from] Stealth Rock","|turn|22","|","|switch|p2a: Entei|Entei, shiny|371/371","|-ability|p2a: Entei|Pressure","|move|p1a: Mr.WasheeWashee|Hydro Pump|p2a: Entei","|-supereffective|p2a: Entei","|-damage|p2a: Entei|257/371","|","|-weather|SunnyDay|[upkeep]","|-heal|p1a: Mr.WasheeWashee|285/304|[from] item: Leftovers","|turn|23","|","|move|p2a: Entei|Sacred Fire|p1a: Mr.WasheeWashee|[miss]","|-miss|p2a: Entei|p1a: Mr.WasheeWashee","|move|p1a: Mr.WasheeWashee|Hydro Pump|p2a: Entei","|-supereffective|p2a: Entei","|-damage|p2a: Entei|149/371","|","|-weather|none","|-heal|p1a: Mr.WasheeWashee|304/304|[from] item: Leftovers","|turn|24","|","|move|p2a: Entei|Sacred Fire|p1a: Mr.WasheeWashee","|-resisted|p1a: Mr.WasheeWashee","|-damage|p1a: Mr.WasheeWashee|223/304","|move|p1a: Mr.WasheeWashee|Hydro Pump|p2a: Entei","|-supereffective|p2a: Entei","|-damage|p2a: Entei|0 fnt","|faint|p2a: Entei","|","|-heal|p1a: Mr.WasheeWashee|242/304|[from] item: Leftovers","|","|switch|p2a: Infernape|Infernape, M|293/293","|turn|25","|","|move|p2a: Infernape|Thunder Punch|p1a: Mr.WasheeWashee","|-damage|p1a: Mr.WasheeWashee|117/304","|move|p1a: Mr.WasheeWashee|Hydro Pump|p2a: Infernape","|-supereffective|p2a: Infernape","|-damage|p2a: Infernape|0 fnt","|faint|p2a: Infernape","|","|win|Sovereign♕Cactus"],"p1rating":{"entryid":"6867552","serverid":"eos","formatid":"monotype","userid":"sovereigncactus","username":"Sovereign♕Cactus","w":82,"l":"91","t":"0","gxe":47.1,"r":"1477.6967967484","rd":"27.962104385794","sigma":"0","rptime":"1438678800","rpr":1477.9513046377,"rprd":27.787882657034,"rpsigma":"0","acre":1203.4310572111,"lacre":1203.4310572111,"oldacre":"1175.3493761819"},"p2rating":{"entryid":"6703862","serverid":"eos","formatid":"monotype","userid":"mrnyannyanz","username":"MrNyanNyanz","w":"50","l":38,"t":"0","gxe":55.5,"r":"1537.4006844982","rd":"40.879362621391","sigma":"0","rptime":"1438678800","rpr":1541.9356971193,"rprd":38.532362902399,"rpsigma":"0","acre":1190.314038844,"lacre":1190.314038844,"oldacre":"1218.3957198732"},"endType":"normal"}