{"seed":[7902,26541,19496,4112],"turns":25,"p1":"Alliance - Warner","p2":"IV Chrono","p1team":[{"name":"Scizor","species":"Scizor","item":"choiceband","ability":"Technician","moves":["bulletpunch","uturn","knockoff","pursuit"],"nature":"Adamant","evs":{"hp":248,"atk":252,"def":0,"spa":0,"spd":8,"spe":0},"ivs":{"hp":31,"atk":31,"def":31,"spa":31,"spd":31,"spe":31}},{"name":"Forretress","species":"Forretress","item":"leftovers","ability":"Overcoat","moves":["stealthrock","toxic","rapidspin","voltswitch"],"nature":"Bold","evs":{"hp":252,"atk":0,"def":252,"spa":4,"spd":0,"spe":0},"ivs":{"hp":31,"atk":31,"def":31,"spa":31,"spd":31,"spe":31}},{"name":"Pinsir","species":"Pinsir","item":"pinsirite","ability":"Hyper Cutter","moves":["quickattack","return","swordsdance","earthquake"],"nature":"Jolly","evs":{"hp":0,"atk":252,"def":0,"spa":0,"spd":4,"spe":252},"ivs":{"hp":31,"atk":31,"def":31,"spa":31,"spd":31,"spe":31}},{"name":"Volcarona","species":"Volcarona","item":"sitrusberry","ability":"Flame Body","moves":["fierydance","roost","gigadrain","quiverdance"],"nature":"Timid","evs":{"hp":0,"atk":0,"def":0,"spa":128,"spd":128,"spe":252},"ivs":{"hp":31,"atk":0,"def":31,"spa":31,"spd":31,"spe":31}},{"name":"Heracross","species":"Heracross","item":"choicescarf","ability":"Moxie","moves":["earthquake","megahorn","knockoff","closecombat"],"nature":"Jolly","evs":{"hp":0,"atk":252,"def":0,"spa":0,"spd":4,"spe":252},"ivs":{"hp":31,"atk":31,"def":31,"spa":31,"spd":31,"spe":31}},{"name":"Genesect","species":"Genesect","item":"choicescarf","ability":"Download","moves":["uturn","thunderbolt","icebeam","energyball"],"nature":"Serious","evs":{"hp":0,"atk":0,"def":0,"spa":252,"spd":4,"spe":252},"ivs":{"hp":31,"atk":31,"def":31,"spa":31,"spd":31,"spe":31}}],"p2team":[{"name":"Traitor","species":"sableye","item":"sablenite","ability":"Prankster","moves":["knockoff","foulplay","recover","willowisp"],"nature":"Impish","evs":{"hp":252,"atk":4,"def":252,"spa":0,"spd":0,"spe":0},"ivs":{"hp":31,"atk":31,"def":31,"spa":31,"spd":31,"spe":31}},{"name":"Rebel","species":"umbreon","item":"leftovers","ability":"Synchronize","moves":["protect","wish","healbell","foulplay"],"nature":"Calm","evs":{"hp":252,"atk":0,"def":64,"spa":0,"spd":192,"spe":0},"ivs":{"hp":31,"atk":31,"def":31,"spa":31,"spd":31,"spe":31}},{"name":"Fugitive","species":"mandibuzz","item":"rockyhelmet","ability":"Overcoat","moves":["roost","toxic","foulplay","defog"],"nature":"Impish","evs":{"hp":252,"atk":0,"def":252,"spa":0,"spd":4,"spe":0},"ivs":{"hp":31,"atk":31,"def":31,"spa":31,"spd":31,"spe":31}},{"name":"Defector","species":"tyranitar","item":"assaultvest","ability":"Sand Stream","moves":["stoneedge","earthquake","fireblast","icebeam"],"nature":"Sassy","evs":{"hp":192,"atk":0,"def":0,"spa":64,"spd":252,"spe":0},"ivs":{"hp":31,"atk":31,"def":31,"spa":31,"spd":31,"spe":31}},{"name":"Turncoat","species":"bisharp","item":"focussash","ability":"Defiant","moves":["swordsdance","suckerpunch","knockoff","ironhead"],"nature":"Adamant","evs":{"hp":4,"atk":252,"def":0,"spa":0,"spd":0,"spe":252},"ivs":{"hp":31,"atk":31,"def":31,"spa":31,"spd":31,"spe":31}},{"name":"Renegade","species":"murkrow","item":"eviolite","ability":"Prankster","moves":["meanlook","perishsong","featherdance","roost"],"nature":"Impish","evs":{"hp":252,"atk":0,"def":252,"spa":0,"spd":4,"spe":0},"ivs":{"hp":31,"atk":31,"def":31,"spa":31,"spd":31,"spe":31}}],"log":["|player|p1|Alliance - Warner|167","|player|p2|IV Chrono|ivchrono.png","|gametype|singles","|gen|6","|tier|Monotype","|rated","|rule|Baton Pass Clause: Limit one Baton Passer, can't pass Spe and other stats simultaneously","|rule|Swagger Clause: Swagger is banned","|rule|Same Type Clause: Pokémon in a team must share a type","|clearpoke","|poke|p1|Scizor, F","|poke|p1|Forretress, F","|poke|p1|Pinsir, F","|poke|p1|Volcarona, M","|poke|p1|Heracross, M","|poke|p1|Genesect-*","|poke|p2|Sableye, F","|poke|p2|Umbreon, F","|poke|p2|Mandibuzz, F","|poke|p2|Tyranitar, M","|poke|p2|Bisharp, M","|poke|p2|Murkrow, F","|rule|Sleep Clause Mod: Limit one foe put to sleep","|rule|Species Clause: Limit one of each Pokémon","|rule|OHKO Clause: OHKO moves are banned","|rule|Moody Clause: Moody is banned","|rule|Evasion Moves Clause: Evasion moves are banned","|rule|Endless Battle Clause: Forcing endless battles is banned","|rule|HP Percentage Mod: HP is shown in percentages","|teampreview","|","|start","|switch|p1a: Genesect|Genesect|283/283","|switch|p2a: Traitor|Sableye, F|304/304","|-boost|p1a: Genesect|spa|1|[from] ability: Download","|turn|1","|","|switch|p1a: Volcarona|Volcarona, M|311/311","|detailschange|p2a: Traitor|Sableye-Mega, F","|-mega|p2a: Traitor|Sableye|Sablenite","|move|p2a: Traitor|Knock Off|p1a: Volcarona","|-damage|p1a: Volcarona|164/311","|-enditem|p1a: Volcarona|Sitrus Berry|[from] move: Knock Off|[of] p2a: Traitor","|","|turn|2","|","|switch|p2a: Defector|Tyranitar, M|389/389","|-weather|Sandstorm","|move|p1a: Volcarona|Quiver Dance|p1a: Volcarona","|-boost|p1a: Volcarona|spa|1","|-boost|p1a: Volcarona|spd|1","|-boost|p1a: Volcarona|spe|1","|","|-weather|Sandstorm|[upkeep]","|-damage|p1a: Volcarona|145/311|[from] sandstorm","|turn|3","|","|move|p1a: Volcarona|Giga Drain|p2a: Defector","|-supereffective|p2a: Defector","|-damage|p2a: Defector|309/389","|-heal|p1a: Volcarona|185/311|[from] drain|[of] p2a: Defector","|move|p2a: Defector|Stone Edge|p1a: Volcarona","|-supereffective|p1a: Volcarona","|-damage|p1a: Volcarona|0 fnt","|faint|p1a: Volcarona","|","|-weather|Sandstorm|[upkeep]","|","|switch|p1a: Heracross|Heracross, M|301/301","|turn|4","|","|switch|p1a: Forretress|Forretress, F|354/354","|switch|p2a: Fugitive|Mandibuzz, F|424/424","|","|-weather|Sandstorm|[upkeep]","|turn|5","|","|switch|p2a: Traitor|Sableye-Mega, F|304/304","|move|p1a: Forretress|Toxic|p2a: Traitor","|move|p2a: Traitor|Toxic|p1a: Forretress|[from]Magic Bounce","|-immune|p1a: Forretress|[msg]","|","|-weather|Sandstorm|[upkeep]","|-damage|p2a: Traitor|285/304|[from] sandstorm","|turn|6","|","|move|p1a: Forretress|Volt Switch|p2a: Traitor","|-damage|p2a: Traitor|252/304","|","|switch|p1a: Genesect|Genesect|283/283","|-boost|p1a: Genesect|spa|1|[from] ability: Download","|move|p2a: Traitor|Will-O-Wisp|p1a: Genesect","|-status|p1a: Genesect|brn","|","|-weather|none","|-damage|p1a: Genesect|248/283 brn|[from] brn","|turn|7","|","|move|p1a: Genesect|Ice Beam|p2a: Traitor","|-damage|p2a: Traitor|118/304","|move|p2a: Traitor|Recover|p2a: Traitor","|-heal|p2a: Traitor|270/304","|","|-damage|p1a: Genesect|213/283 brn|[from] brn","|turn|8","|","|switch|p2a: Rebel|Umbreon, F|394/394","|move|p1a: Genesect|Ice Beam|p2a: Rebel","|-damage|p2a: Rebel|291/394","|","|-heal|p2a: Rebel|315/394|[from] item: Leftovers","|-damage|p1a: Genesect|178/283 brn|[from] brn","|turn|9","|","|switch|p1a: Scizor|Scizor, F|343/343","|move|p2a: Rebel|Wish|p2a: Rebel","|","|-heal|p2a: Rebel|339/394|[from] item: Leftovers","|turn|10","|","|switch|p2a: Fugitive|Mandibuzz, F|424/424","|move|p1a: Scizor|U-turn|p2a: Fugitive","|-crit|p2a: Fugitive","|-damage|p2a: Fugitive|207/424","|-damage|p1a: Scizor|286/343|[from] item: Rocky Helmet|[of] p2a: Fugitive","|","|switch|p1a: Genesect|Genesect|178/283 brn","|-boost|p1a: Genesect|spa|1|[from] ability: Download","|","|-heal|p2a: Fugitive|404/424|[from] move: Wish|[wisher] Rebel","|-damage|p1a: Genesect|143/283 brn|[from] brn","|turn|11","|","|switch|p2a: Rebel|Umbreon, F|339/394","|move|p1a: Genesect|Thunderbolt|p2a: Rebel","|-damage|p2a: Rebel|239/394","|","|-heal|p2a: Rebel|263/394|[from] item: Leftovers","|-damage|p1a: Genesect|108/283 brn|[from] brn","|turn|12","|","|switch|p1a: Scizor|Scizor, F|286/343","|move|p2a: Rebel|Wish|p2a: Rebel","|","|-heal|p2a: Rebel|287/394|[from] item: Leftovers","|turn|13","|","|switch|p2a: Renegade|Murkrow, F|324/324","|move|p1a: Scizor|U-turn|p2a: Renegade","|-damage|p2a: Renegade|176/324","|","|switch|p1a: Pinsir|Pinsir, F|271/271","|","|-heal|p2a: Renegade|324/324|[from] move: Wish|[wisher] Rebel","|turn|14","|","|detailschange|p1a: Pinsir|Pinsir-Mega, F","|-mega|p1a: Pinsir|Pinsir|Pinsirite","|move|p2a: Renegade|Feather Dance|p1a: Pinsir","|-unboost|p1a: Pinsir|atk|2","|move|p1a: Pinsir|Swords Dance|p1a: Pinsir","|-boost|p1a: Pinsir|atk|2","|","|turn|15","|","|move|p2a: Renegade|Feather Dance|p1a: Pinsir","|-unboost|p1a: Pinsir|atk|2","|move|p1a: Pinsir|Swords Dance|p1a: Pinsir","|-boost|p1a: Pinsir|atk|2","|","|turn|16","|","|move|p2a: Renegade|Perish Song|p2a: Renegade","|-start|p1a: Pinsir|perish3|[silent]","|-start|p2a: Renegade|perish3|[silent]","|-fieldactivate|move: Perish Song","|move|p1a: Pinsir|Swords Dance|p1a: Pinsir","|-boost|p1a: Pinsir|atk|2","|","|-start|p1a: Pinsir|perish3","|-start|p2a: Renegade|perish3","|turn|17","|","|move|p2a: Renegade|Feather Dance|p1a: Pinsir","|-unboost|p1a: Pinsir|atk|2","|move|p1a: Pinsir|Return|p2a: Renegade","|-damage|p2a: Renegade|95/324","|","|-start|p1a: Pinsir|perish2","|-start|p2a: Renegade|perish2","|turn|18","|","|move|p2a: Renegade|Roost|p2a: Renegade","|-heal|p2a: Renegade|257/324","|move|p1a: Pinsir|Return|p2a: Renegade","|-damage|p2a: Renegade|34/324","|","|-start|p1a: Pinsir|perish1","|-start|p2a: Renegade|perish1","|turn|19","|","|switch|p1a: Genesect|Genesect|108/283 brn","|-boost|p1a: Genesect|spa|1|[from] ability: Download","|switch|p2a: Fugitive|Mandibuzz, F|404/424","|","|-damage|p1a: Genesect|73/283 brn|[from] brn","|turn|20","|","|move|p1a: Genesect|U-turn|p2a: Fugitive","|-damage|p2a: Fugitive|368/424","|-damage|p1a: Genesect|26/283 brn|[from] item: Rocky Helmet|[of] p2a: Fugitive","|","|switch|p1a: Forretress|Forretress, F|354/354","|move|p2a: Fugitive|Roost|p2a: Fugitive","|-heal|p2a: Fugitive|424/424","|","|turn|21","|","|switch|p2a: Traitor|Sableye-Mega, F|270/304","|move|p1a: Forretress|Volt Switch|p2a: Traitor","|-damage|p2a: Traitor|237/304","|","|switch|p1a: Scizor|Scizor, F|286/343","|","|turn|22","|","|move|p1a: Scizor|Bullet Punch|p2a: Traitor","|-damage|p2a: Traitor|126/304","|move|p2a: Traitor|Recover|p2a: Traitor","|-heal|p2a: Traitor|278/304","|","|turn|23","|","|switch|p1a: Genesect|Genesect|26/283 brn","|-boost|p1a: Genesect|spa|1|[from] ability: Download","|move|p2a: Traitor|Knock Off|p1a: Genesect","|-damage|p1a: Genesect|0 fnt","|-enditem|p1a: Genesect|Choice Scarf|[from] move: Knock Off|[of] p2a: Traitor","|faint|p1a: Genesect","|","|","|switch|p1a: Pinsir|Pinsir-Mega, F|271/271","|turn|24","|","|move|p1a: Pinsir|Swords Dance|p1a: Pinsir","|-boost|p1a: Pinsir|atk|2","|move|p2a: Traitor|Will-O-Wisp|p1a: Pinsir","|-status|p1a: Pinsir|brn","|","|-damage|p1a: Pinsir|238/271 brn|[from] brn","|turn|25","|","|move|p1a: Pinsir|Swords Dance|p1a: Pinsir","|-boost|p1a: Pinsir|atk|2","|move|p2a: Traitor|Foul Play|p1a: Pinsir","|-damage|p1a: Pinsir|0 fnt","|faint|p1a: Pinsir","|","|","|win|IV Chrono"],"p1rating":{"entryid":"7343610","serverid":"eos","formatid":"monotype","userid":"alliancewarner","username":"Alliance - Warner","w":"9","l":6,"t":"0","gxe":55.5,"r":"1545.9386565356","rd":"80.883334111778","sigma":"0","rptime":"1438678800","rpr":1542.7425585298,"rprd":77.254638234156,"rpsigma":"0","acre":1095.3975285635,"lacre":1095.3975285635,"oldacre":"1124.7833902415"},"p2rating":{"entryid":"7387696","serverid":"eos","formatid":"monotype","userid":"ivchrono","username":"IV Chrono","w":3,"l":"1","t":"0","gxe":56.9,"r":"1500","rd":"130","sigma":"0","rptime":"1438678800","rpr":1554.4499641475,"rprd":105.25267718577,"rpsigma":"0","acre":1099.0693940884,"lacre":1099.0693940884,"oldacre":"1063.194092585"},"endType":"forfeit"}