{"seed":[54510,46986,3240,38613],"turns":27,"p1":"InfernalxCrown","p2":"SWL Neßki","p1team":[{"name":"Aegislash","species":"Aegislash","item":"weaknesspolicy","ability":"Stance Change","moves":["shadowball","shadowsneak","kingsshield","sacredsword"],"nature":"Brave","evs":{"hp":252,"atk":76,"def":0,"spa":176,"spd":4,"spe":0},"ivs":{"hp":31,"atk":31,"def":31,"spa":31,"spd":31,"spe":0},"shiny":true},{"name":"Sableye","species":"Sableye","item":"leftovers","ability":"Prankster","moves":["willowisp","recover","taunt","knockoff"],"nature":"Careful","evs":{"hp":252,"atk":0,"def":84,"spa":0,"spd":168,"spe":4},"ivs":{"hp":31,"atk":0,"def":31,"spa":31,"spd":31,"spe":31}},{"name":"Golurk","species":"Golurk","item":"focussash","ability":"No Guard","moves":["stealthrock","curse","dynamicpunch","stoneedge"],"nature":"Adamant","evs":{"hp":4,"atk":252,"def":0,"spa":0,"spd":0,"spe":252},"shiny":true,"ivs":{"hp":31,"atk":31,"def":31,"spa":31,"spd":31,"spe":31}},{"name":"Jellicent","species":"Jellicent","item":"leftovers","ability":"Cursed Body","moves":["acidarmor","toxic","recover","scald"],"nature":"Calm","evs":{"hp":252,"atk":0,"def":4,"spa":0,"spd":252,"spe":0},"gender":"M","ivs":{"hp":31,"atk":0,"def":31,"spa":31,"spd":31,"spe":31}},{"name":"Chandelure","species":"Chandelure","item":"choicescarf","ability":"Infiltrator","moves":["flamethrower","shadowball","energyball","trick"],"nature":"Timid","evs":{"hp":0,"atk":0,"def":4,"spa":252,"spd":0,"spe":252},"ivs":{"hp":31,"atk":0,"def":31,"spa":31,"spd":31,"spe":31},"shiny":true},{"name":"Gengar","species":"Gengar","item":"choicespecs","ability":"Levitate","moves":["dazzlinggleam","shadowball","thunderbolt","sludgewave"],"nature":"Timid","evs":{"hp":4,"atk":0,"def":0,"spa":252,"spd":0,"spe":252},"ivs":{"hp":31,"atk":0,"def":31,"spa":31,"spd":31,"spe":31}}],"p2team":[{"name":"Azumarill","species":"Azumarill","item":"sitrusberry","ability":"Huge Power","moves":["aquajet","playrough","knockoff","bellydrum"],"nature":"Adamant","evs":{"hp":244,"atk":252,"def":0,"spa":0,"spd":0,"spe":12},"ivs":{"hp":31,"atk":31,"def":31,"spa":31,"spd":31,"spe":31}},{"name":"Ludicolo","species":"Ludicolo","item":"assaultvest","ability":"Swift Swim","moves":["scald","icebeam","gigadrain","focusblast"],"nature":"Timid","evs":{"hp":0,"atk":0,"def":0,"spa":252,"spd":4,"spe":252},"ivs":{"hp":31,"atk":0,"def":31,"spa":31,"spd":31,"spe":31}},{"name":"Keldeo","species":"Keldeo","item":"focussash","ability":"Justified","moves":["taunt","scald","secretsword","endeavor"],"nature":"Timid","evs":{"hp":0,"atk":0,"def":0,"spa":252,"spd":4,"spe":252},"ivs":{"hp":31,"atk":0,"def":31,"spa":31,"spd":31,"spe":31}},{"name":"Seismitoad","species":"Seismitoad","item":"lifeorb","ability":"Swift Swim","moves":["stealthrock","earthquake","knockoff","scald"],"nature":"Adamant","evs":{"hp":0,"atk":252,"def":0,"spa":4,"spd":0,"spe":252},"ivs":{"hp":31,"atk":31,"def":31,"spa":31,"spd":31,"spe":31}},{"name":"Politoed","species":"Politoed","item":"choicescarf","ability":"Drizzle","moves":["surf","icebeam","psychic","scald"],"nature":"Modest","evs":{"hp":0,"atk":0,"def":0,"spa":252,"spd":4,"spe":252},"ivs":{"hp":31,"atk":0,"def":31,"spa":31,"spd":31,"spe":31}},{"name":"Gyarados","species":"Gyarados","item":"gyaradosite","ability":"Intimidate","moves":["dragondance","earthquake","icefang","crunch"],"nature":"Jolly","evs":{"hp":0,"atk":252,"def":0,"spa":0,"spd":4,"spe":252},"ivs":{"hp":31,"atk":31,"def":31,"spa":31,"spd":31,"spe":31}}],"log":["|player|p1|InfernalxCrown|infernalxcrown.png","|player|p2|SWL Neßki|swlneki.png","|gametype|singles","|gen|6","|tier|Monotype","|rated","|rule|Baton Pass Clause: Limit one Baton Passer, can't pass Spe and other stats simultaneously","|rule|Swagger Clause: Swagger is banned","|rule|Same Type Clause: Pokémon in a team must share a type","|clearpoke","|poke|p1|Aegislash, M, shiny","|poke|p1|Sableye, M","|poke|p1|Golurk, shiny","|poke|p1|Jellicent, M","|poke|p1|Chandelure, F, shiny","|poke|p1|Gengar, M","|poke|p2|Azumarill, M","|poke|p2|Ludicolo, F","|poke|p2|Keldeo","|poke|p2|Seismitoad, F","|poke|p2|Politoed, M","|poke|p2|Gyarados, F","|rule|Sleep Clause Mod: Limit one foe put to sleep","|rule|Species Clause: Limit one of each Pokémon","|rule|OHKO Clause: OHKO moves are banned","|rule|Moody Clause: Moody is banned","|rule|Evasion Moves Clause: Evasion moves are banned","|rule|Endless Battle Clause: Forcing endless battles is banned","|rule|HP Percentage Mod: HP is shown in percentages","|teampreview","|","|start","|switch|p1a: Sableye|Sableye, M|304/304","|switch|p2a: Politoed|Politoed, M|321/321","|-weather|RainDance","|turn|1","|","|move|p2a: Politoed|Scald|p1a: Sableye","|-damage|p1a: Sableye|103/304","|move|p1a: Sableye|Knock Off|p2a: Politoed","|-damage|p2a: Politoed|225/321","|-enditem|p2a: Politoed|Choice Scarf|[from] move: Knock Off|[of] p1a: Sableye","|","|-weather|RainDance|[upkeep]","|-heal|p1a: Sableye|122/304|[from] item: Leftovers","|turn|2","|","|move|p2a: Politoed|Scald|p1a: Sableye","|-damage|p1a: Sableye|0 fnt","|faint|p1a: Sableye","|","|-weather|RainDance|[upkeep]","|","|switch|p1a: Gengar|Gengar, M|262/262","|turn|3","|","|switch|p2a: Keldeo|Keldeo|323/323","|move|p1a: Gengar|Thunderbolt|p2a: Keldeo","|-supereffective|p2a: Keldeo","|-enditem|p2a: Keldeo|Focus Sash","|-damage|p2a: Keldeo|1/323","|","|-weather|RainDance|[upkeep]","|turn|4","|","|move|p1a: Gengar|Thunderbolt|p2a: Keldeo","|-supereffective|p2a: Keldeo","|-damage|p2a: Keldeo|0 fnt","|faint|p2a: Keldeo","|","|-weather|RainDance|[upkeep]","|","|switch|p2a: Seismitoad|Seismitoad, F|351/351","|turn|5","|","|switch|p1a: Aegislash|Aegislash, M, shiny|324/324","|move|p2a: Seismitoad|Stealth Rock|p1a: Aegislash","|-sidestart|p1: InfernalxCrown|move: Stealth Rock","|","|-weather|none","|turn|6","|","|move|p2a: Seismitoad|Scald|p1a: Aegislash","|-damage|p1a: Aegislash|254/324","|-status|p1a: Aegislash|brn","|-damage|p2a: Seismitoad|316/351|[from] item: Life Orb","|-formechange|p1a: Aegislash|Aegislash-Blade","|move|p1a: Aegislash|Shadow Ball|p2a: Seismitoad","|-crit|p2a: Seismitoad","|-damage|p2a: Seismitoad|42/351","|","|-damage|p1a: Aegislash|214/324 brn|[from] brn","|turn|7","|","|switch|p2a: Politoed|Politoed, M|225/321","|-weather|RainDance","|move|p1a: Aegislash|Shadow Sneak|p2a: Politoed","|-damage|p2a: Politoed|179/321","|","|-weather|RainDance|[upkeep]","|-damage|p1a: Aegislash|174/324 brn|[from] brn","|turn|8","|","|switch|p2a: Seismitoad|Seismitoad, F|42/351","|switch|p1a: Jellicent|Jellicent, M|404/404","|-damage|p1a: Jellicent|354/404|[from] Stealth Rock","|","|-weather|RainDance|[upkeep]","|-heal|p1a: Jellicent|379/404|[from] item: Leftovers","|turn|9","|","|switch|p1a: Aegislash|Aegislash, M, shiny|174/324 brn","|-damage|p1a: Aegislash|154/324 brn|[from] Stealth Rock","|move|p2a: Seismitoad|Knock Off|p1a: Aegislash","|-supereffective|p1a: Aegislash","|-damage|p1a: Aegislash|0 fnt","|-enditem|p1a: Aegislash|Weakness Policy|[from] move: Knock Off|[of] p2a: Seismitoad","|-damage|p2a: Seismitoad|7/351|[from] item: Life Orb","|faint|p1a: Aegislash","|","|-weather|RainDance|[upkeep]","|","|switch|p1a: Chandelure|Chandelure, F, shiny|261/261","|-damage|p1a: Chandelure|196/261|[from] Stealth Rock","|turn|10","|","|move|p2a: Seismitoad|Earthquake|p1a: Chandelure","|-supereffective|p1a: Chandelure","|-damage|p1a: Chandelure|0 fnt","|-damage|p2a: Seismitoad|0 fnt|[from] item: Life Orb","|faint|p1a: Chandelure","|faint|p2a: Seismitoad","|","|-weather|RainDance|[upkeep]","|","|switch|p1a: Gengar|Gengar, M|262/262","|switch|p2a: Azumarill|Azumarill, M|402/402","|-damage|p1a: Gengar|230/262|[from] Stealth Rock","|turn|11","|","|move|p2a: Azumarill|Aqua Jet|p1a: Gengar","|-damage|p1a: Gengar|25/262","|move|p1a: Gengar|Sludge Wave|p2a: Azumarill","|-supereffective|p2a: Azumarill","|-damage|p2a: Azumarill|0 fnt","|faint|p2a: Azumarill","|","|-weather|none","|","|switch|p2a: Politoed|Politoed, M|179/321","|-weather|RainDance","|turn|12","|","|move|p1a: Gengar|Sludge Wave|p2a: Politoed","|-damage|p2a: Politoed|0 fnt","|faint|p2a: Politoed","|","|-weather|RainDance|[upkeep]","|","|switch|p2a: Ludicolo|Ludicolo, F|301/301","|turn|13","|","|move|p2a: Ludicolo|Scald|p1a: Gengar","|-damage|p1a: Gengar|0 fnt","|faint|p1a: Gengar","|","|-weather|RainDance|[upkeep]","|","|switch|p1a: Jellicent|Jellicent, M|379/404","|-damage|p1a: Jellicent|329/404|[from] Stealth Rock","|turn|14","|","|move|p2a: Ludicolo|Giga Drain|p1a: Jellicent","|-supereffective|p1a: Jellicent","|-damage|p1a: Jellicent|183/404","|move|p1a: Jellicent|Recover|p1a: Jellicent","|-heal|p1a: Jellicent|385/404","|","|-weather|RainDance|[upkeep]","|-heal|p1a: Jellicent|404/404|[from] item: Leftovers","|turn|15","|","|move|p2a: Ludicolo|Giga Drain|p1a: Jellicent","|-supereffective|p1a: Jellicent","|-damage|p1a: Jellicent|264/404","|-start|p2a: Ludicolo|Disable|Giga Drain","|move|p1a: Jellicent|Acid Armor|p1a: Jellicent","|-boost|p1a: Jellicent|def|2","|","|-weather|RainDance|[upkeep]","|-heal|p1a: Jellicent|289/404|[from] item: Leftovers","|turn|16","|","|move|p2a: Ludicolo|Focus Blast|p1a: Jellicent","|-immune|p1a: Jellicent|[msg]","|move|p1a: Jellicent|Acid Armor|p1a: Jellicent","|-boost|p1a: Jellicent|def|2","|","|-weather|none","|-heal|p1a: Jellicent|314/404|[from] item: Leftovers","|turn|17","|","|switch|p2a: Gyarados|Gyarados, F|331/331","|-ability|p2a: Gyarados|Intimidate","|-unboost|p1a: Jellicent|atk|1","|move|p1a: Jellicent|Toxic|p2a: Gyarados","|-status|p2a: Gyarados|tox","|","|-heal|p1a: Jellicent|339/404|[from] item: Leftovers","|-damage|p2a: Gyarados|311/331 tox|[from] psn","|turn|18","|","|detailschange|p2a: Gyarados|Gyarados-Mega, F","|-mega|p2a: Gyarados|Gyarados|Gyaradosite","|-ability|p2a: Gyarados|Mold Breaker","|move|p2a: Gyarados|Dragon Dance|p2a: Gyarados","|-boost|p2a: Gyarados|atk|1","|-boost|p2a: Gyarados|spe|1","|move|p1a: Jellicent|Scald|p2a: Gyarados","|-resisted|p2a: Gyarados","|-damage|p2a: Gyarados|281/331 tox","|","|-heal|p1a: Jellicent|364/404|[from] item: Leftovers","|-damage|p2a: Gyarados|241/331 tox|[from] psn","|turn|19","|","|move|p2a: Gyarados|Crunch|p1a: Jellicent","|-supereffective|p1a: Jellicent","|-damage|p1a: Jellicent|136/404","|move|p1a: Jellicent|Acid Armor|p1a: Jellicent","|-boost|p1a: Jellicent|def|2","|","|-heal|p1a: Jellicent|161/404|[from] item: Leftovers","|-damage|p2a: Gyarados|181/331 tox|[from] psn","|turn|20","|","|move|p2a: Gyarados|Crunch|p1a: Jellicent","|-supereffective|p1a: Jellicent","|-damage|p1a: Jellicent|5/404","|move|p1a: Jellicent|Recover|p1a: Jellicent","|-heal|p1a: Jellicent|207/404","|","|-heal|p1a: Jellicent|232/404|[from] item: Leftovers","|-damage|p2a: Gyarados|101/331 tox|[from] psn","|turn|21","|","|move|p2a: Gyarados|Dragon Dance|p2a: Gyarados","|-boost|p2a: Gyarados|atk|1","|-boost|p2a: Gyarados|spe|1","|move|p1a: Jellicent|Recover|p1a: Jellicent","|-heal|p1a: Jellicent|404/404","|","|-damage|p2a: Gyarados|1/331 tox|[from] psn","|turn|22","|","|move|p2a: Gyarados|Crunch|p1a: Jellicent","|-supereffective|p1a: Jellicent","|-damage|p1a: Jellicent|204/404","|move|p1a: Jellicent|Recover|p1a: Jellicent","|-heal|p1a: Jellicent|404/404","|","|-damage|p2a: Gyarados|0 fnt|[from] psn","|faint|p2a: Gyarados","|","|switch|p2a: Ludicolo|Ludicolo, F|301/301","|turn|23","|","|move|p2a: Ludicolo|Giga Drain|p1a: Jellicent","|-supereffective|p1a: Jellicent","|-damage|p1a: Jellicent|270/404","|-start|p2a: Ludicolo|Disable|Giga Drain","|move|p1a: Jellicent|Toxic|p2a: Ludicolo","|-status|p2a: Ludicolo|tox","|","|-heal|p1a: Jellicent|295/404|[from] item: Leftovers","|-damage|p2a: Ludicolo|283/301 tox|[from] psn","|turn|24","|","|move|p2a: Ludicolo|Focus Blast|p1a: Jellicent","|-immune|p1a: Jellicent|[msg]","|move|p1a: Jellicent|Scald|p2a: Ludicolo","|-resisted|p2a: Ludicolo","|-damage|p2a: Ludicolo|270/301 tox","|","|-heal|p1a: Jellicent|320/404|[from] item: Leftovers","|-damage|p2a: Ludicolo|234/301 tox|[from] psn","|turn|25","|","|move|p2a: Ludicolo|Focus Blast|p1a: Jellicent","|-immune|p1a: Jellicent|[msg]","|move|p1a: Jellicent|Scald|p2a: Ludicolo","|-resisted|p2a: Ludicolo","|-damage|p2a: Ludicolo|222/301 tox","|","|-heal|p1a: Jellicent|345/404|[from] item: Leftovers","|-damage|p2a: Ludicolo|168/301 tox|[from] psn","|turn|26","|","|move|p2a: Ludicolo|Focus Blast|p1a: Jellicent","|-immune|p1a: Jellicent|[msg]","|move|p1a: Jellicent|Scald|p2a: Ludicolo","|-resisted|p2a: Ludicolo","|-damage|p2a: Ludicolo|155/301 tox","|","|-heal|p1a: Jellicent|370/404|[from] item: Leftovers","|-damage|p2a: Ludicolo|83/301 tox|[from] psn","|turn|27","|","|move|p2a: Ludicolo|Focus Blast|p1a: Jellicent","|-immune|p1a: Jellicent|[msg]","|move|p1a: Jellicent|Scald|p2a: Ludicolo","|-resisted|p2a: Ludicolo","|-damage|p2a: Ludicolo|69/301 tox","|","|-heal|p1a: Jellicent|395/404|[from] item: Leftovers","|-damage|p2a: Ludicolo|0 fnt|[from] psn","|faint|p2a: Ludicolo","|","|win|InfernalxCrown"],"p1rating":{"entryid":"5724468","serverid":"eos","formatid":"monotype","userid":"infernalxcrown","username":"InfernalxCrown","w":76,"l":"70","t":"0","gxe":53.9,"r":"1534.1648545692","rd":"40.276670449758","sigma":"0","rptime":"1438678800","rpr":1529.9359038815,"rprd":39.538795397036,"rpsigma":"0","acre":1179.8779734814,"lacre":1179.8779734814,"oldacre":"1141.2490628331"},"p2rating":{"entryid":"6746789","serverid":"eos","formatid":"monotype","userid":"swlneki","username":"SWL Neßki","w":"26","l":13,"t":"0","gxe":67.4,"r":"1655.5784159023","rd":"62.349765214186","sigma":"0","rptime":"1438678800","rpr":1637.9799121518,"rprd":56.478710949911,"rpsigma":"0","acre":1322.7900898693,"lacre":1322.7900898693,"oldacre":"1353.693218388"},"endType":"normal"}