{"seed":[64799,45881,65068,46244],"turns":20,"p1":"logan333333","p2":"Kre8noyz","p1team":[{"name":"Jirachi","species":"Jirachi","item":"colburberry","ability":"Serene Grace","moves":["dazzlinggleam","flashcannon","zenheadbutt","firepunch"],"nature":"Hasty","evs":{"hp":0,"atk":252,"def":0,"spa":4,"spd":0,"spe":252},"shiny":true,"ivs":{"hp":31,"atk":31,"def":31,"spa":31,"spd":31,"spe":31}},{"name":"Meowstic","species":"Meowstic","item":"colburberry","ability":"Keen Eye","moves":["darkpulse","thunderbolt","poweruppunch","psyshock"],"nature":"Hasty","evs":{"hp":0,"atk":4,"def":0,"spa":252,"spd":0,"spe":252},"shiny":true,"ivs":{"hp":31,"atk":31,"def":31,"spa":31,"spd":31,"spe":31}},{"name":"Slowbro","species":"Slowbro","item":"colburberry","ability":"Own Tempo","moves":["drainpunch","earthquake","aquatail","fireblast"],"nature":"Naughty","evs":{"hp":248,"atk":252,"def":0,"spa":8,"spd":0,"spe":0},"shiny":true,"ivs":{"hp":31,"atk":31,"def":31,"spa":31,"spd":31,"spe":31}},{"name":"Celebi","species":"Celebi","item":"enigmaberry","ability":"Natural Cure","moves":["leafstorm","psychic","signalbeam","swordsdance"],"nature":"Timid","evs":{"hp":0,"atk":0,"def":0,"spa":252,"spd":4,"spe":252},"ivs":{"hp":31,"atk":31,"def":31,"spa":31,"spd":31,"spe":31}},{"name":"Victini","species":"Victini","item":"enigmaberry","ability":"Victory Star","moves":["blueflare","dazzlinggleam","firepunch","psyshock"],"nature":"Hasty","evs":{"hp":0,"atk":4,"def":0,"spa":252,"spd":0,"spe":252},"ivs":{"hp":31,"atk":31,"def":31,"spa":31,"spd":31,"spe":31}},{"name":"Hoopa-Unbound","species":"Hoopa-Unbound","item":"","ability":"Magician","moves":["darkpulse","firepunch","hyperspacehole","magiccoat"],"nature":"Mild","evs":{"hp":248,"atk":8,"def":0,"spa":252,"spd":0,"spe":0},"ivs":{"hp":31,"atk":31,"def":31,"spa":31,"spd":31,"spe":31}}],"p2team":[{"name":"Swampert","species":"Swampert","item":"focussash","ability":"Damp","moves":["earthquake","brickbreak","icepunch","counter"],"nature":"Impish","evs":{"hp":8,"atk":252,"def":0,"spa":0,"spd":0,"spe":248},"happiness":0,"ivs":{"hp":31,"atk":31,"def":31,"spa":31,"spd":31,"spe":31}},{"name":"Starmie","species":"Starmie","item":"leftovers","ability":"Natural Cure","moves":["rapidspin","signalbeam","psychic","reflecttype"],"nature":"Timid","evs":{"hp":0,"atk":0,"def":4,"spa":188,"spd":64,"spe":252},"ivs":{"hp":31,"atk":31,"def":31,"spa":31,"spd":31,"spe":31}},{"name":"Keldeo-Resolute","species":"Keldeo-Resolute","item":"leftovers","ability":"Justified","moves":["surf","secretsword","hiddenpowerflying","calmmind"],"nature":"Timid","evs":{"hp":0,"atk":4,"def":0,"spa":252,"spd":0,"spe":252},"ivs":{"hp":30,"atk":30,"def":30,"spa":30,"spd":30,"spe":31}},{"name":"Politoed","species":"Politoed","item":"leftovers","ability":"Drizzle","moves":["endeavor","hypnosis","perishsong","scald"],"nature":"","evs":{"hp":0,"atk":0,"def":252,"spa":0,"spd":252,"spe":4},"ivs":{"hp":31,"atk":31,"def":31,"spa":31,"spd":31,"spe":31}},{"name":"Lapras","species":"Lapras","item":"leftovers","ability":"Hydration","moves":["raindance","confuseray","freezedry","surf"],"nature":"Timid","evs":{"hp":0,"atk":0,"def":4,"spa":252,"spd":0,"spe":252},"ivs":{"hp":31,"atk":31,"def":31,"spa":31,"spd":31,"spe":31}},{"name":"Kingdra","species":"Kingdra","item":"lifeorb","ability":"Swift Swim","moves":["clearsmog","dragonpulse","scald","raindance"],"nature":"","evs":{"hp":4,"atk":0,"def":0,"spa":252,"spd":0,"spe":252},"ivs":{"hp":31,"atk":31,"def":31,"spa":31,"spd":31,"spe":31}}],"log":["|player|p1|logan333333|281","|player|p2|Kre8noyz|163","|gametype|singles","|gen|6","|tier|Monotype","|rated","|rule|Baton Pass Clause: Limit one Baton Passer, can't pass Spe and other stats simultaneously","|rule|Swagger Clause: Swagger is banned","|rule|Same Type Clause: Pokémon in a team must share a type","|clearpoke","|poke|p1|Jirachi, shiny","|poke|p1|Meowstic, M, shiny","|poke|p1|Slowbro, M, shiny","|poke|p1|Celebi","|poke|p1|Victini","|poke|p1|Hoopa-Unbound","|poke|p2|Swampert, F","|poke|p2|Starmie","|poke|p2|Keldeo-Resolute","|poke|p2|Politoed, M","|poke|p2|Lapras, F","|poke|p2|Kingdra, F","|rule|Sleep Clause Mod: Limit one foe put to sleep","|rule|Species Clause: Limit one of each Pokémon","|rule|OHKO Clause: OHKO moves are banned","|rule|Moody Clause: Moody is banned","|rule|Evasion Moves Clause: Evasion moves are banned","|rule|Endless Battle Clause: Forcing endless battles is banned","|rule|HP Percentage Mod: HP is shown in percentages","|teampreview","|","|start","|switch|p1a: Meowstic|Meowstic, M, shiny|289/289","|switch|p2a: Politoed|Politoed, M|321/321","|-weather|RainDance","|turn|1","|","|move|p1a: Meowstic|Thunderbolt|p2a: Politoed","|-supereffective|p2a: Politoed","|-damage|p2a: Politoed|193/321","|move|p2a: Politoed|Scald|p1a: Meowstic","|-damage|p1a: Meowstic|127/289","|-status|p1a: Meowstic|brn","|","|-weather|RainDance|[upkeep]","|-heal|p2a: Politoed|213/321|[from] item: Leftovers","|-damage|p1a: Meowstic|91/289 brn|[from] brn","|turn|2","|","|switch|p2a: Swampert|Swampert, F|343/343","|move|p1a: Meowstic|Thunderbolt|p2a: Swampert","|-immune|p2a: Swampert|[msg]","|","|-weather|RainDance|[upkeep]","|-damage|p1a: Meowstic|55/289 brn|[from] brn","|turn|3","|","|switch|p2a: Starmie|Starmie|261/261","|move|p1a: Meowstic|Power-Up Punch|p2a: Starmie","|-resisted|p2a: Starmie","|-damage|p2a: Starmie|256/261","|-boost|p1a: Meowstic|atk|1","|","|-weather|RainDance|[upkeep]","|-heal|p2a: Starmie|261/261|[from] item: Leftovers","|-damage|p1a: Meowstic|19/289 brn|[from] brn","|turn|4","|","|move|p2a: Starmie|Psychic|p1a: Meowstic","|-resisted|p1a: Meowstic","|-damage|p1a: Meowstic|0 fnt","|faint|p1a: Meowstic","|","|-weather|RainDance|[upkeep]","|","|switch|p1a: Hoopa-Unbound|Hoopa-Unbound|363/363","|turn|5","|","|move|p2a: Starmie|Reflect Type|p1a: Hoopa-Unbound","|-start|p2a: Starmie|typechange|[from] move: Reflect Type|[of] p1a: Hoopa-Unbound","|move|p1a: Hoopa-Unbound|Dark Pulse|p2a: Starmie","|-damage|p2a: Starmie|68/261","|-item|p1a: Hoopa-Unbound|Leftovers|[from] ability: Magician|[of] p2a: Starmie","|","|-weather|none","|turn|6","|","|move|p2a: Starmie|Signal Beam|p1a: Hoopa-Unbound","|-supereffective|p1a: Hoopa-Unbound","|-damage|p1a: Hoopa-Unbound|135/363","|move|p1a: Hoopa-Unbound|Dark Pulse|p2a: Starmie","|-damage|p2a: Starmie|0 fnt","|faint|p2a: Starmie","|","|-heal|p1a: Hoopa-Unbound|157/363|[from] item: Leftovers","|","|switch|p2a: Politoed|Politoed, M|213/321","|-weather|RainDance","|turn|7","|","|move|p1a: Hoopa-Unbound|Hyperspace Hole|p2a: Politoed","|-damage|p2a: Politoed|51/321","|move|p2a: Politoed|Scald|p1a: Hoopa-Unbound","|-damage|p1a: Hoopa-Unbound|61/363","|-status|p1a: Hoopa-Unbound|brn","|","|-weather|RainDance|[upkeep]","|-heal|p1a: Hoopa-Unbound|83/363 brn|[from] item: Leftovers","|-heal|p2a: Politoed|71/321|[from] item: Leftovers","|-damage|p1a: Hoopa-Unbound|38/363 brn|[from] brn","|turn|8","|","|switch|p2a: Kingdra|Kingdra, F|292/292","|move|p1a: Hoopa-Unbound|Hyperspace Hole|p2a: Kingdra","|-crit|p2a: Kingdra","|-damage|p2a: Kingdra|0 fnt","|faint|p2a: Kingdra","|","|-weather|RainDance|[upkeep]","|-heal|p1a: Hoopa-Unbound|60/363 brn|[from] item: Leftovers","|-damage|p1a: Hoopa-Unbound|15/363 brn|[from] brn","|","|switch|p2a: Keldeo-Resolute|Keldeo-Resolute|322/322","|turn|9","|","|move|p2a: Keldeo-Resolute|Surf|p1a: Hoopa-Unbound","|-damage|p1a: Hoopa-Unbound|0 fnt","|faint|p1a: Hoopa-Unbound","|","|-weather|RainDance|[upkeep]","|","|switch|p1a: Celebi|Celebi|341/341","|turn|10","|","|move|p2a: Keldeo-Resolute|Hidden Power|p1a: Celebi","|-supereffective|p1a: Celebi","|-damage|p1a: Celebi|199/341","|-enditem|p1a: Celebi|Enigma Berry|[eat]","|-heal|p1a: Celebi|284/341|[from] item: Enigma Berry","|move|p1a: Celebi|Psychic|p2a: Keldeo-Resolute","|-supereffective|p2a: Keldeo-Resolute","|-damage|p2a: Keldeo-Resolute|52/322","|-unboost|p2a: Keldeo-Resolute|spd|1","|","|-weather|RainDance|[upkeep]","|-heal|p2a: Keldeo-Resolute|72/322|[from] item: Leftovers","|turn|11","|","|move|p2a: Keldeo-Resolute|Hidden Power|p1a: Celebi","|-supereffective|p1a: Celebi","|-damage|p1a: Celebi|134/341","|move|p1a: Celebi|Psychic|p2a: Keldeo-Resolute","|-supereffective|p2a: Keldeo-Resolute","|-damage|p2a: Keldeo-Resolute|0 fnt","|faint|p2a: Keldeo-Resolute","|","|-weather|none","|","|switch|p2a: Lapras|Lapras, F|401/401","|turn|12","|","|move|p1a: Celebi|Leaf Storm|p2a: Lapras","|-supereffective|p2a: Lapras","|-damage|p2a: Lapras|21/401","|-unboost|p1a: Celebi|spa|2","|move|p2a: Lapras|Freeze-Dry|p1a: Celebi","|-supereffective|p1a: Celebi","|-damage|p1a: Celebi|0 fnt","|faint|p1a: Celebi","|","|-heal|p2a: Lapras|46/401|[from] item: Leftovers","|","|switch|p1a: Jirachi|Jirachi, shiny|341/341","|turn|13","|","|move|p1a: Jirachi|Fire Punch|p2a: Lapras","|-damage|p2a: Lapras|0 fnt","|faint|p2a: Lapras","|","|","|switch|p2a: Politoed|Politoed, M|71/321","|-weather|RainDance","|turn|14","|","|move|p1a: Jirachi|Flash Cannon|p2a: Politoed","|-resisted|p2a: Politoed","|-damage|p2a: Politoed|36/321","|move|p2a: Politoed|Scald|p1a: Jirachi","|-damage|p1a: Jirachi|203/341","|","|-weather|RainDance|[upkeep]","|-heal|p2a: Politoed|56/321|[from] item: Leftovers","|turn|15","|","|move|p1a: Jirachi|Zen Headbutt|p2a: Politoed","|-damage|p2a: Politoed|0 fnt","|faint|p2a: Politoed","|","|-weather|RainDance|[upkeep]","|","|switch|p2a: Swampert|Swampert, F|343/343","|turn|16","|","|move|p1a: Jirachi|Flash Cannon|p2a: Swampert","|-resisted|p2a: Swampert","|-damage|p2a: Swampert|289/343","|-unboost|p2a: Swampert|spd|1","|move|p2a: Swampert|Earthquake|p1a: Jirachi","|-supereffective|p1a: Jirachi","|-damage|p1a: Jirachi|0 fnt","|faint|p1a: Jirachi","|","|-weather|RainDance|[upkeep]","|","|switch|p1a: Slowbro|Slowbro, M, shiny|393/393","|turn|17","|","|move|p2a: Swampert|Earthquake|p1a: Slowbro","|-damage|p1a: Slowbro|237/393","|move|p1a: Slowbro|Earthquake|p2a: Swampert","|-damage|p2a: Swampert|192/343","|","|-weather|RainDance|[upkeep]","|turn|18","|","|move|p2a: Swampert|Earthquake|p1a: Slowbro","|-damage|p1a: Slowbro|87/393","|move|p1a: Slowbro|Drain Punch|p2a: Swampert","|-damage|p2a: Swampert|126/343","|-heal|p1a: Slowbro|120/393|[from] drain|[of] p2a: Swampert","|","|-weather|none","|turn|19","|","|move|p2a: Swampert|Earthquake|p1a: Slowbro","|-damage|p1a: Slowbro|0 fnt","|faint|p1a: Slowbro","|","|","|switch|p1a: Victini|Victini|341/341","|turn|20","|","|move|p1a: Victini|Psyshock|p2a: Swampert","|-damage|p2a: Swampert|0 fnt","|faint|p2a: Swampert","|","|win|logan333333"],"p1rating":{"entryid":"6410749","serverid":"eos","formatid":"monotype","userid":"logan333333","username":"logan333333","w":8,"l":"25","t":"0","gxe":29.9,"r":"1299.5741083593","rd":"80.559610267248","sigma":"0","rptime":"1438678800","rpr":1337.0926535611,"rprd":68.546467221954,"rpsigma":"0","acre":1081.7697907321,"lacre":1081.7697907321,"oldacre":"1041.9983915375"},"p2rating":{"entryid":"6510480","serverid":"eos","formatid":"monotype","userid":"kre8noyz","username":"Kre8noyz","w":"33","l":49,"t":"0","gxe":41.4,"r":"1432.5258890743","rd":"44.549536468704","sigma":"0","rptime":"1438678800","rpr":1433.9481545159,"rprd":43.408105782221,"rpsigma":"0","acre":1075.7763548912,"lacre":1075.7763548912,"oldacre":"1105.2801490011"},"endType":"normal"}