{"seed":[55995,52231,31907,42918],"turns":24,"p1":"Guard Wulf","p2":"DownSyndromeDMOC","p1team":[{"name":"Camerupt","species":"Camerupt","item":"cameruptite","ability":"Solid Rock","moves":["ancientpower","fireblast","earthpower","protect"],"nature":"Modest","evs":{"hp":248,"atk":0,"def":0,"spa":252,"spd":8,"spe":0},"ivs":{"hp":31,"atk":31,"def":31,"spa":31,"spd":31,"spe":31}},{"name":"Seismitoad","species":"Seismitoad","item":"leftovers","ability":"Water Absorb","moves":["scald","knockoff","icepunch","drainpunch"],"nature":"Sassy","evs":{"hp":232,"atk":16,"def":0,"spa":8,"spd":252,"spe":0},"ivs":{"hp":31,"atk":31,"def":31,"spa":31,"spd":31,"spe":31}},{"name":"Landorus","species":"Landorus","item":"lifeorb","ability":"Sheer Force","moves":["earthpower","grassknot","psychic","sludgewave"],"nature":"Timid","evs":{"hp":0,"atk":0,"def":0,"spa":252,"spd":4,"spe":252},"ivs":{"hp":31,"atk":31,"def":31,"spa":31,"spd":31,"spe":31}},{"name":"Mamoswine","species":"Mamoswine","item":"focussash","ability":"Thick Fat","moves":["stealthrock","endeavor","iciclecrash","iceshard"],"nature":"Impish","evs":{"hp":0,"atk":32,"def":252,"spa":0,"spd":0,"spe":224},"ivs":{"hp":31,"atk":31,"def":31,"spa":31,"spd":31,"spe":31}},{"name":"Garchomp","species":"Garchomp","item":"choicescarf","ability":"Rough Skin","moves":["outrage","fireblast","earthquake","stoneedge"],"nature":"Naive","evs":{"hp":0,"atk":252,"def":0,"spa":4,"spd":0,"spe":252},"ivs":{"hp":31,"atk":31,"def":31,"spa":31,"spd":31,"spe":31}},{"name":"Gliscor","species":"Gliscor","item":"toxicorb","ability":"Poison Heal","moves":["swordsdance","earthquake","facade","roost"],"nature":"Careful","evs":{"hp":244,"atk":0,"def":8,"spa":0,"spd":200,"spe":56},"ivs":{"hp":31,"atk":31,"def":31,"spa":31,"spd":31,"spe":31}}],"p2team":[{"name":"Kiwi","species":"gardevoir","item":"gardevoirite","ability":"Trace","moves":["hypervoice","psyshock","focusblast","calmmind"],"nature":"Timid","evs":{"hp":0,"atk":4,"def":0,"spa":252,"spd":0,"spe":252},"shiny":true,"ivs":{"hp":31,"atk":31,"def":31,"spa":31,"spd":31,"spe":31}},{"name":"Victini","species":"Victini","item":"choicescarf","ability":"Victory Star","moves":["vcreate","uturn","boltstrike","trick"],"nature":"Jolly","evs":{"hp":0,"atk":252,"def":0,"spa":0,"spd":4,"spe":252},"ivs":{"hp":31,"atk":31,"def":31,"spa":31,"spd":31,"spe":31}},{"name":"Soul Train","species":"latias","item":"lifeorb","ability":"Levitate","moves":["dracometeor","psyshock","defog","healingwish"],"nature":"Timid","evs":{"hp":0,"atk":0,"def":0,"spa":252,"spd":4,"spe":252},"ivs":{"hp":31,"atk":31,"def":31,"spa":31,"spd":31,"spe":31}},{"name":"First Class","species":"metagross","item":"assaultvest","ability":"Clear Body","moves":["meteormash","bulletpunch","zenheadbutt","earthquake"],"nature":"Adamant","evs":{"hp":248,"atk":252,"def":0,"spa":0,"spd":8,"spe":0},"shiny":true,"ivs":{"hp":31,"atk":31,"def":31,"spa":31,"spd":31,"spe":31}},{"name":"BigPapaLongDong","species":"slowbro","item":"rockyhelmet","ability":"Regenerator","moves":["scald","thunderwave","icebeam","slackoff"],"nature":"Bold","evs":{"hp":248,"atk":0,"def":252,"spa":8,"spd":0,"spe":0},"ivs":{"hp":31,"atk":31,"def":31,"spa":31,"spd":31,"spe":31}},{"name":"McBiggleDiggles","species":"meloetta","item":"choicespecs","ability":"Serene Grace","moves":["shadowball","hypervoice","dazzlinggleam","psyshock"],"nature":"Modest","evs":{"hp":248,"atk":0,"def":0,"spa":252,"spd":8,"spe":0},"ivs":{"hp":31,"atk":31,"def":31,"spa":31,"spd":31,"spe":31}}],"log":["|player|p1|Guard Wulf|143","|player|p2|DownSyndromeDMOC|1","|gametype|singles","|gen|6","|tier|Monotype","|rated","|rule|Baton Pass Clause: Limit one Baton Passer, can't pass Spe and other stats simultaneously","|rule|Swagger Clause: Swagger is banned","|rule|Same Type Clause: Pokémon in a team must share a type","|clearpoke","|poke|p1|Camerupt, F","|poke|p1|Seismitoad, F","|poke|p1|Landorus, M","|poke|p1|Mamoswine, M","|poke|p1|Garchomp, F","|poke|p1|Gliscor, F","|poke|p2|Gardevoir, M, shiny","|poke|p2|Victini","|poke|p2|Latias, F","|poke|p2|Metagross, shiny","|poke|p2|Slowbro, F","|poke|p2|Meloetta","|rule|Sleep Clause Mod: Limit one foe put to sleep","|rule|Species Clause: Limit one of each Pokémon","|rule|OHKO Clause: OHKO moves are banned","|rule|Moody Clause: Moody is banned","|rule|Evasion Moves Clause: Evasion moves are banned","|rule|Endless Battle Clause: Forcing endless battles is banned","|rule|HP Percentage Mod: HP is shown in percentages","|teampreview","|","|start","|switch|p1a: Camerupt|Camerupt, F|343/343","|switch|p2a: Kiwi|Gardevoir, M, shiny|277/277","|-ability|p2a: Kiwi|Solid Rock|[from] ability: Trace|[of] p1a: Camerupt","|turn|1","|","|detailschange|p2a: Kiwi|Gardevoir-Mega, M, shiny","|-mega|p2a: Kiwi|Gardevoir|Gardevoirite","|detailschange|p1a: Camerupt|Camerupt-Mega, F","|-mega|p1a: Camerupt|Camerupt|Cameruptite","|move|p2a: Kiwi|Hyper Voice|p1a: Camerupt","|-resisted|p1a: Camerupt","|-damage|p1a: Camerupt|217/343","|move|p1a: Camerupt|Fire Blast|p2a: Kiwi","|-damage|p2a: Kiwi|27/277","|","|turn|2","|","|move|p2a: Kiwi|Psyshock|p1a: Camerupt","|-damage|p1a: Camerupt|57/343","|move|p1a: Camerupt|Earth Power|p2a: Kiwi","|-damage|p2a: Kiwi|0 fnt","|faint|p2a: Kiwi","|","|","|switch|p2a: McBiggleDiggles|Meloetta|403/403","|turn|3","|","|move|p2a: McBiggleDiggles|Psyshock|p1a: Camerupt","|-damage|p1a: Camerupt|0 fnt","|faint|p1a: Camerupt","|","|","|switch|p1a: Mamoswine|Mamoswine, M|361/361","|turn|4","|","|move|p1a: Mamoswine|Stealth Rock|p2a: McBiggleDiggles","|-sidestart|p2: DownSyndromeDMOC|move: Stealth Rock","|move|p2a: McBiggleDiggles|Psyshock|p1a: Mamoswine","|-damage|p1a: Mamoswine|151/361","|","|turn|5","|","|move|p1a: Mamoswine|Icicle Crash|p2a: McBiggleDiggles","|-damage|p2a: McBiggleDiggles|240/403","|move|p2a: McBiggleDiggles|Psyshock|p1a: Mamoswine","|-damage|p1a: Mamoswine|0 fnt","|faint|p1a: Mamoswine","|","|","|switch|p1a: Gliscor|Gliscor, F|352/352","|turn|6","|","|switch|p2a: Soul Train|Latias, F|301/301","|-damage|p2a: Soul Train|264/301|[from] Stealth Rock","|move|p1a: Gliscor|Earthquake|p2a: Soul Train","|-immune|p2a: Soul Train|[msg]","|","|-status|p1a: Gliscor|tox|[from] item: Toxic Orb","|turn|7","|","|switch|p1a: Seismitoad|Seismitoad, F|409/409","|move|p2a: Soul Train|Draco Meteor|p1a: Seismitoad","|-damage|p1a: Seismitoad|162/409","|-unboost|p2a: Soul Train|spa|2","|-damage|p2a: Soul Train|234/301|[from] item: Life Orb","|","|-heal|p1a: Seismitoad|187/409|[from] item: Leftovers","|turn|8","|","|switch|p2a: BigPapaLongDong|Slowbro, F|393/393","|-damage|p2a: BigPapaLongDong|344/393|[from] Stealth Rock","|move|p1a: Seismitoad|Knock Off|p2a: BigPapaLongDong","|-supereffective|p2a: BigPapaLongDong","|-damage|p2a: BigPapaLongDong|250/393","|-damage|p1a: Seismitoad|119/409|[from] item: Rocky Helmet|[of] p2a: BigPapaLongDong","|-enditem|p2a: BigPapaLongDong|Rocky Helmet|[from] move: Knock Off|[of] p1a: Seismitoad","|","|-heal|p1a: Seismitoad|144/409|[from] item: Leftovers","|turn|9","|","|move|p1a: Seismitoad|Scald|p2a: BigPapaLongDong","|-resisted|p2a: BigPapaLongDong","|-damage|p2a: BigPapaLongDong|202/393","|move|p2a: BigPapaLongDong|Ice Beam|p1a: Seismitoad","|-damage|p1a: Seismitoad|86/409","|","|-heal|p1a: Seismitoad|111/409|[from] item: Leftovers","|turn|10","|","|switch|p2a: McBiggleDiggles|Meloetta|240/403","|-damage|p2a: McBiggleDiggles|190/403|[from] Stealth Rock","|move|p1a: Seismitoad|Scald|p2a: McBiggleDiggles","|-damage|p2a: McBiggleDiggles|126/403","|","|-heal|p1a: Seismitoad|136/409|[from] item: Leftovers","|turn|11","|","|move|p2a: McBiggleDiggles|Hyper Voice|p1a: Seismitoad","|-damage|p1a: Seismitoad|0 fnt","|faint|p1a: Seismitoad","|","|","|switch|p1a: Gliscor|Gliscor, F|352/352 tox","|turn|12","|","|move|p1a: Gliscor|Facade|p2a: McBiggleDiggles","|-damage|p2a: McBiggleDiggles|0 fnt","|faint|p2a: McBiggleDiggles","|","|","|switch|p2a: BigPapaLongDong|Slowbro, F|333/393","|-damage|p2a: BigPapaLongDong|284/393|[from] Stealth Rock","|turn|13","|","|move|p1a: Gliscor|Facade|p2a: BigPapaLongDong","|-damage|p2a: BigPapaLongDong|208/393","|move|p2a: BigPapaLongDong|Ice Beam|p1a: Gliscor","|-supereffective|p1a: Gliscor","|-damage|p1a: Gliscor|84/352 tox","|","|-heal|p1a: Gliscor|128/352 tox|[from] ability: Poison Heal","|turn|14","|","|move|p1a: Gliscor|Earthquake|p2a: BigPapaLongDong","|-damage|p2a: BigPapaLongDong|133/393","|move|p2a: BigPapaLongDong|Slack Off|p2a: BigPapaLongDong","|-heal|p2a: BigPapaLongDong|330/393","|","|-heal|p1a: Gliscor|172/352 tox|[from] ability: Poison Heal","|turn|15","|","|move|p1a: Gliscor|Roost|p1a: Gliscor","|-heal|p1a: Gliscor|348/352 tox","|move|p2a: BigPapaLongDong|Ice Beam|p1a: Gliscor","|-supereffective|p1a: Gliscor","|-damage|p1a: Gliscor|222/352 tox","|","|-heal|p1a: Gliscor|266/352 tox|[from] ability: Poison Heal","|turn|16","|","|move|p1a: Gliscor|Swords Dance|p1a: Gliscor","|-boost|p1a: Gliscor|atk|2","|move|p2a: BigPapaLongDong|Ice Beam|p1a: Gliscor","|-supereffective|p1a: Gliscor","|-damage|p1a: Gliscor|6/352 tox","|","|-heal|p1a: Gliscor|50/352 tox|[from] ability: Poison Heal","|turn|17","|","|move|p1a: Gliscor|Facade|p2a: BigPapaLongDong","|-damage|p2a: BigPapaLongDong|194/393","|move|p2a: BigPapaLongDong|Scald|p1a: Gliscor","|-supereffective|p1a: Gliscor","|-damage|p1a: Gliscor|0 fnt","|faint|p1a: Gliscor","|","|","|switch|p1a: Landorus|Landorus, M|319/319","|turn|18","|","|switch|p2a: First Class|Metagross, shiny|363/363","|-damage|p2a: First Class|341/363|[from] Stealth Rock","|move|p1a: Landorus|Grass Knot|p2a: First Class","|-resisted|p2a: First Class","|-damage|p2a: First Class|285/363","|-damage|p1a: Landorus|288/319|[from] item: Life Orb","|","|turn|19","|","|switch|p2a: Soul Train|Latias, F|234/301","|-damage|p2a: Soul Train|197/301|[from] Stealth Rock","|move|p1a: Landorus|Earth Power|p2a: Soul Train","|-immune|p2a: Soul Train|[msg]","|","|turn|20","|","|move|p2a: Soul Train|Draco Meteor|p1a: Landorus","|-damage|p1a: Landorus|0 fnt","|-unboost|p2a: Soul Train|spa|2","|-damage|p2a: Soul Train|167/301|[from] item: Life Orb","|faint|p1a: Landorus","|","|","|switch|p1a: Garchomp|Garchomp, F|357/357","|turn|21","|","|move|p1a: Garchomp|Outrage|p2a: Soul Train","|-supereffective|p2a: Soul Train","|-damage|p2a: Soul Train|0 fnt","|faint|p2a: Soul Train","|","|","|switch|p2a: BigPapaLongDong|Slowbro, F|325/393","|-damage|p2a: BigPapaLongDong|276/393|[from] Stealth Rock","|turn|22","|","|move|p1a: Garchomp|Outrage|p2a: BigPapaLongDong|[from]lockedmove","|-damage|p2a: BigPapaLongDong|132/393","|-start|p1a: Garchomp|confusion|[fatigue]","|move|p2a: BigPapaLongDong|Ice Beam|p1a: Garchomp","|-supereffective|p1a: Garchomp","|-damage|p1a: Garchomp|1/357","|","|turn|23","|","|switch|p2a: First Class|Metagross, shiny|285/363","|-damage|p2a: First Class|263/363|[from] Stealth Rock","|-activate|p1a: Garchomp|confusion","|move|p1a: Garchomp|Outrage|p2a: First Class","|-resisted|p2a: First Class","|-damage|p2a: First Class|181/363","|","|turn|24","|","|move|p2a: First Class|Bullet Punch|p1a: Garchomp","|-crit|p1a: Garchomp","|-damage|p1a: Garchomp|0 fnt","|-damage|p2a: First Class|136/363|[from] ability: Rough Skin|[of] p1a: Garchomp","|faint|p1a: Garchomp","|","|win|DownSyndromeDMOC"],"p1rating":{"entryid":"7326062","serverid":"eos","formatid":"monotype","userid":"guardwulf","username":"Guard Wulf","w":"22","l":8,"t":"0","gxe":66.7,"r":"1637.1416517052","rd":"64.153541804946","sigma":"0","rptime":"1438678800","rpr":1632.5514106568,"rprd":60.053721575463,"rpsigma":"0","acre":1294.2068544099,"lacre":1294.2068544099,"oldacre":"1322.0319384617"},"p2rating":{"entryid":"7212085","serverid":"eos","formatid":"monotype","userid":"downsyndromedmoc","username":"DownSyndromeDMOC","w":10,"l":"2","t":"0","gxe":69.2,"r":"1570.8388632309","rd":"118.42084550315","sigma":"0","rptime":"1438678800","rpr":1656.6368781204,"rprd":83.495184531027,"rpsigma":"0","acre":1213.2250882361,"lacre":1213.2250882361,"oldacre":"1178.4437331714"},"endType":"normal"}