{"seed":[55238,53046,47519,43013],"turns":25,"p1":"Guard Darkrai","p2":"V Monocle","p1team":[{"name":"Persian","species":"Persian","item":"lifeorb","ability":"Technician","moves":["fakeout","uturn","knockoff","aerialace"],"nature":"Jolly","evs":{"hp":0,"atk":252,"def":0,"spa":0,"spd":4,"spe":252},"shiny":true,"ivs":{"hp":31,"atk":31,"def":31,"spa":31,"spd":31,"spe":31}},{"name":"Bibarel","species":"Bibarel","item":"whiteherb","ability":"Simple","moves":["amnesia","curse","waterfall","return"],"nature":"Jolly","evs":{"hp":0,"atk":252,"def":0,"spa":0,"spd":4,"spe":252},"shiny":true,"ivs":{"hp":31,"atk":31,"def":31,"spa":31,"spd":31,"spe":31}},{"name":"Lopunny","species":"Lopunny","item":"lopunnite","ability":"Cute Charm","moves":["fakeout","highjumpkick","return","icepunch"],"nature":"Jolly","evs":{"hp":0,"atk":252,"def":0,"spa":0,"spd":4,"spe":252},"shiny":true,"ivs":{"hp":31,"atk":31,"def":31,"spa":31,"spd":31,"spe":31}},{"name":"Wigglytuff","species":"Wigglytuff","item":"leftovers","ability":"Competitive","moves":["fireblast","hypervoice","dazzlinggleam","chargebeam"],"nature":"Modest","evs":{"hp":252,"atk":0,"def":0,"spa":252,"spd":4,"spe":0},"shiny":true,"ivs":{"hp":31,"atk":31,"def":31,"spa":31,"spd":31,"spe":31}},{"name":"Audino","species":"Audino","item":"leftovers","ability":"Regenerator","moves":["wish","healbell","magiccoat","toxic"],"nature":"Calm","evs":{"hp":252,"atk":0,"def":4,"spa":0,"spd":252,"spe":0},"shiny":true,"ivs":{"hp":31,"atk":31,"def":31,"spa":31,"spd":31,"spe":31}},{"name":"Braviary","species":"Braviary","item":"brightpowder","ability":"Defiant","moves":["bravebird","uturn","roost","defog"],"nature":"","evs":{"hp":0,"atk":0,"def":0,"spa":0,"spd":0,"spe":0},"ivs":{"hp":31,"atk":31,"def":31,"spa":31,"spd":31,"spe":31}}],"p2team":[{"name":"Aerodactyl","species":"Aerodactyl","item":"aerodactylite","ability":"Pressure","moves":["aerialace","stoneedge","icefang","earthquake"],"nature":"Adamant","evs":{"hp":0,"atk":252,"def":0,"spa":0,"spd":4,"spe":252},"ivs":{"hp":31,"atk":31,"def":31,"spa":31,"spd":31,"spe":31}},{"name":"Shuckle","species":"Shuckle","item":"mentalherb","ability":"Sturdy","moves":["stealthrock","stickyweb","encore","knockoff"],"nature":"Bold","evs":{"hp":248,"atk":0,"def":252,"spa":0,"spd":8,"spe":0},"ivs":{"hp":31,"atk":31,"def":31,"spa":31,"spd":31,"spe":31}},{"name":"Cradily","species":"Cradily","item":"leftovers","ability":"Storm Drain","moves":["stealthrock","gigadrain","mirrorcoat","recover"],"nature":"Calm","evs":{"hp":252,"atk":0,"def":0,"spa":4,"spd":252,"spe":0},"ivs":{"hp":31,"atk":31,"def":31,"spa":31,"spd":31,"spe":31}},{"name":"Tyranitar","species":"Tyranitar","item":"assaultvest","ability":"Sand Stream","moves":["stoneedge","crunch","fireblast","icepunch"],"nature":"Sassy","evs":{"hp":248,"atk":0,"def":0,"spa":8,"spd":252,"spe":0},"ivs":{"hp":31,"atk":31,"def":31,"spa":31,"spd":31,"spe":31}},{"name":"Terrakion","species":"Terrakion","item":"choiceband","ability":"Justified","moves":["closecombat","stoneedge","earthquake","ironhead"],"nature":"Jolly","evs":{"hp":0,"atk":252,"def":0,"spa":0,"spd":4,"spe":252},"ivs":{"hp":31,"atk":31,"def":31,"spa":31,"spd":31,"spe":31}},{"name":"Omastar","species":"Omastar","item":"focussash","ability":"Weak Armor","moves":["shellsmash","surf","icebeam","hiddenpowergrass"],"nature":"Timid","evs":{"hp":0,"atk":0,"def":0,"spa":252,"spd":4,"spe":252},"ivs":{"hp":31,"atk":30,"def":31,"spa":30,"spd":31,"spe":31}}],"log":["|player|p1|Guard Darkrai|guarddarkrai.png","|player|p2|V Monocle|vmonocle.png","|gametype|singles","|gen|6","|tier|Monotype","|rated","|rule|Baton Pass Clause: Limit one Baton Passer, can't pass Spe and other stats simultaneously","|rule|Swagger Clause: Swagger is banned","|rule|Same Type Clause: Pokémon in a team must share a type","|clearpoke","|poke|p1|Persian, M, shiny","|poke|p1|Bibarel, F, shiny","|poke|p1|Lopunny, F, shiny","|poke|p1|Wigglytuff, F, shiny","|poke|p1|Audino, F, shiny","|poke|p1|Braviary, M","|poke|p2|Aerodactyl, F","|poke|p2|Shuckle, F","|poke|p2|Cradily, M","|poke|p2|Tyranitar, M","|poke|p2|Terrakion","|poke|p2|Omastar, F","|rule|Sleep Clause Mod: Limit one foe put to sleep","|rule|Species Clause: Limit one of each Pokémon","|rule|OHKO Clause: OHKO moves are banned","|rule|Moody Clause: Moody is banned","|rule|Evasion Moves Clause: Evasion moves are banned","|rule|Endless Battle Clause: Forcing endless battles is banned","|rule|HP Percentage Mod: HP is shown in percentages","|teampreview","|","|start","|switch|p1a: Wigglytuff|Wigglytuff, F, shiny|484/484","|switch|p2a: Tyranitar|Tyranitar, M|403/403","|-weather|Sandstorm","|turn|1","|","|switch|p2a: Terrakion|Terrakion|323/323","|move|p1a: Wigglytuff|Dazzling Gleam|p2a: Terrakion","|-supereffective|p2a: Terrakion","|-damage|p2a: Terrakion|143/323","|","|-weather|Sandstorm|[upkeep]","|-damage|p1a: Wigglytuff|454/484|[from] sandstorm","|-heal|p1a: Wigglytuff|484/484|[from] item: Leftovers","|turn|2","|","|move|p2a: Terrakion|Iron Head|p1a: Wigglytuff","|-supereffective|p1a: Wigglytuff","|-damage|p1a: Wigglytuff|0 fnt","|faint|p1a: Wigglytuff","|","|-weather|Sandstorm|[upkeep]","|","|switch|p1a: Bibarel|Bibarel, F, shiny|299/299","|turn|3","|","|switch|p2a: Cradily|Cradily, M|376/376","|move|p1a: Bibarel|Curse|p1a: Bibarel","|-unboost|p1a: Bibarel|spe|2","|-boost|p1a: Bibarel|atk|2","|-boost|p1a: Bibarel|def|2","|-enditem|p1a: Bibarel|White Herb","|-restoreboost|p1a: Bibarel|[silent]","|","|-weather|Sandstorm|[upkeep]","|-damage|p1a: Bibarel|281/299|[from] sandstorm","|turn|4","|","|move|p1a: Bibarel|Amnesia|p1a: Bibarel","|-boost|p1a: Bibarel|spd|4","|move|p2a: Cradily|Giga Drain|p1a: Bibarel","|-supereffective|p1a: Bibarel","|-damage|p1a: Bibarel|209/299","|","|-weather|Sandstorm|[upkeep]","|-damage|p1a: Bibarel|191/299|[from] sandstorm","|turn|5","|","|switch|p2a: Shuckle|Shuckle, F|243/243","|move|p1a: Bibarel|Waterfall|p2a: Shuckle","|-supereffective|p2a: Shuckle","|-damage|p2a: Shuckle|69/243","|","|-weather|none","|turn|6","|","|switch|p2a: Cradily|Cradily, M|376/376","|move|p1a: Bibarel|Waterfall|p2a: Cradily","|-boost|p2a: Cradily|spa|1|[from] ability: Storm Drain","|","|turn|7","|","|switch|p1a: Audino|Audino, F, shiny|410/410","|move|p2a: Cradily|Giga Drain|p1a: Audino","|-damage|p1a: Audino|314/410","|","|-heal|p1a: Audino|339/410|[from] item: Leftovers","|turn|8","|","|move|p1a: Audino|Toxic|p2a: Cradily","|-status|p2a: Cradily|tox","|move|p2a: Cradily|Stealth Rock|p1a: Audino","|-sidestart|p1: Guard Darkrai|move: Stealth Rock","|","|-heal|p1a: Audino|364/410|[from] item: Leftovers","|-damage|p2a: Cradily|353/376 tox|[from] psn","|turn|9","|","|switch|p2a: Shuckle|Shuckle, F|69/243","|move|p1a: Audino|Wish|p1a: Audino","|","|-heal|p1a: Audino|389/410|[from] item: Leftovers","|turn|10","|","|move|p1a: Audino|Toxic|p2a: Shuckle","|-status|p2a: Shuckle|tox","|move|p2a: Shuckle|Sticky Web|p1a: Audino","|-sidestart|p1: Guard Darkrai|move: Sticky Web","|","|-heal|p1a: Audino|410/410|[from] move: Wish|[wisher] Audino","|-damage|p2a: Shuckle|54/243 tox|[from] psn","|turn|11","|","|switch|p1a: Braviary|Braviary, M|341/341","|-damage|p1a: Braviary|256/341|[from] Stealth Rock","|move|p2a: Shuckle|Encore|p1a: Braviary","|-fail|p1a: Braviary","|","|-damage|p2a: Shuckle|24/243 tox|[from] psn","|turn|12","|","|move|p1a: Braviary|Defog|p2a: Shuckle","|-unboost|p2a: Shuckle|evasion|1","|-sideend|p1: Guard Darkrai|Stealth Rock|[from] move: Defog|[of] p1a: Braviary","|-sideend|p1: Guard Darkrai|Sticky Web|[from] move: Defog|[of] p1a: Braviary","|move|p2a: Shuckle|Knock Off|p1a: Braviary|[miss]","|-miss|p2a: Shuckle|p1a: Braviary","|","|-damage|p2a: Shuckle|0 fnt|[from] psn","|faint|p2a: Shuckle","|","|switch|p2a: Tyranitar|Tyranitar, M|403/403","|-weather|Sandstorm","|turn|13","|","|move|p1a: Braviary|U-turn|p2a: Tyranitar","|-supereffective|p2a: Tyranitar","|-damage|p2a: Tyranitar|287/403","|","|switch|p1a: Bibarel|Bibarel, F, shiny|191/299","|move|p2a: Tyranitar|Ice Punch|p1a: Bibarel","|-resisted|p1a: Bibarel","|-damage|p1a: Bibarel|129/299","|","|-weather|Sandstorm|[upkeep]","|-damage|p1a: Bibarel|111/299|[from] sandstorm","|turn|14","|","|move|p1a: Bibarel|Amnesia|p1a: Bibarel","|-boost|p1a: Bibarel|spd|4","|move|p2a: Tyranitar|Crunch|p1a: Bibarel","|-damage|p1a: Bibarel|0 fnt","|faint|p1a: Bibarel","|","|-weather|Sandstorm|[upkeep]","|","|switch|p1a: Lopunny|Lopunny, F, shiny|271/271","|turn|15","|","|detailschange|p1a: Lopunny|Lopunny-Mega, F, shiny","|-mega|p1a: Lopunny|Lopunny|Lopunnite","|move|p1a: Lopunny|High Jump Kick|p2a: Tyranitar","|-supereffective|p2a: Tyranitar","|-damage|p2a: Tyranitar|0 fnt","|faint|p2a: Tyranitar","|","|-weather|Sandstorm|[upkeep]","|-damage|p1a: Lopunny|255/271|[from] sandstorm","|","|switch|p2a: Omastar|Omastar, F|281/281","|turn|16","|","|switch|p1a: Audino|Audino, F, shiny|410/410","|move|p2a: Omastar|Surf|p1a: Audino","|-crit|p1a: Audino","|-damage|p1a: Audino|226/410","|","|-weather|Sandstorm|[upkeep]","|-damage|p1a: Audino|201/410|[from] sandstorm","|-heal|p1a: Audino|226/410|[from] item: Leftovers","|turn|17","|","|switch|p2a: Terrakion|Terrakion|143/323","|move|p1a: Audino|Wish|p1a: Audino","|","|-weather|none","|-heal|p1a: Audino|251/410|[from] item: Leftovers","|turn|18","|","|move|p2a: Terrakion|Close Combat|p1a: Audino","|-supereffective|p1a: Audino","|-damage|p1a: Audino|0 fnt","|-unboost|p2a: Terrakion|def|1","|-unboost|p2a: Terrakion|spd|1","|faint|p1a: Audino","|","|","|switch|p1a: Braviary|Braviary, M|256/341","|turn|19","|","|switch|p2a: Cradily|Cradily, M|353/376 tox","|move|p1a: Braviary|Brave Bird|p2a: Cradily","|-damage|p2a: Cradily|172/376 tox","|-damage|p1a: Braviary|196/341|[from] recoil|[of] p2a: Cradily","|","|-heal|p2a: Cradily|195/376 tox|[from] item: Leftovers","|-damage|p2a: Cradily|172/376 tox|[from] psn","|turn|20","|","|move|p1a: Braviary|Roost|p1a: Braviary","|-heal|p1a: Braviary|341/341","|move|p2a: Cradily|Recover|p2a: Cradily","|-heal|p2a: Cradily|360/376 tox","|","|-heal|p2a: Cradily|376/376 tox|[from] item: Leftovers","|-damage|p2a: Cradily|330/376 tox|[from] psn","|turn|21","|","|switch|p2a: Aerodactyl|Aerodactyl, F|301/301","|-ability|p2a: Aerodactyl|Pressure","|move|p1a: Braviary|U-turn|p2a: Aerodactyl","|-resisted|p2a: Aerodactyl","|-damage|p2a: Aerodactyl|252/301","|","|switch|p1a: Lopunny|Lopunny-Mega, F, shiny|255/271","|","|turn|22","|","|detailschange|p2a: Aerodactyl|Aerodactyl-Mega, F","|-mega|p2a: Aerodactyl|Aerodactyl|Aerodactylite","|move|p1a: Lopunny|Ice Punch|p2a: Aerodactyl","|-supereffective|p2a: Aerodactyl","|-damage|p2a: Aerodactyl|36/301","|move|p2a: Aerodactyl|Aerial Ace|p1a: Lopunny","|-supereffective|p1a: Lopunny","|-damage|p1a: Lopunny|0 fnt","|faint|p1a: Lopunny","|","|","|switch|p1a: Persian|Persian, M, shiny|271/271","|turn|23","|","|move|p1a: Persian|Fake Out|p2a: Aerodactyl","|-resisted|p2a: Aerodactyl","|-damage|p2a: Aerodactyl|0 fnt","|-damage|p1a: Persian|244/271|[from] item: Life Orb","|faint|p2a: Aerodactyl","|","|","|switch|p2a: Terrakion|Terrakion|143/323","|turn|24","|","|move|p1a: Persian|Aerial Ace|p2a: Terrakion","|-damage|p2a: Terrakion|49/323","|-damage|p1a: Persian|217/271|[from] item: Life Orb","|move|p2a: Terrakion|Close Combat|p1a: Persian","|-supereffective|p1a: Persian","|-damage|p1a: Persian|0 fnt","|-unboost|p2a: Terrakion|def|1","|-unboost|p2a: Terrakion|spd|1","|faint|p1a: Persian","|","|","|switch|p1a: Braviary|Braviary, M|341/341","|turn|25","|","|move|p2a: Terrakion|Close Combat|p1a: Braviary","|-damage|p1a: Braviary|0 fnt","|-unboost|p2a: Terrakion|def|1","|-unboost|p2a: Terrakion|spd|1","|faint|p1a: Braviary","|","|win|V Monocle"],"p1rating":{"entryid":"6034648","serverid":"eos","formatid":"monotype","userid":"guarddarkrai","username":"Guard Darkrai","w":"66","l":80,"t":"0","gxe":44.6,"r":"1460.1037078647","rd":"33.145922397542","sigma":"0","rptime":"1438678800","rpr":1458.916470519,"rprd":32.012071935658,"rpsigma":"0","acre":1091.6173562163,"lacre":1091.6173562163,"oldacre":"1122.5704618708"},"p2rating":{"entryid":"7320079","serverid":"eos","formatid":"monotype","userid":"vmonocle","username":"V Monocle","w":8,"l":"15","t":"0","gxe":38.4,"r":"1433.2039997822","rd":"72.246670611234","sigma":"0","rptime":"1438678800","rpr":1409.2121725186,"rprd":67.112891871076,"rpsigma":"0","acre":1080.6455316975,"lacre":1080.6455316975,"oldacre":"1038.2184389168"},"endType":"normal"}