{"seed":[30260,26073,59182,30419],"turns":30,"p1":"Alliance - Mxy","p2":"MrNyanNyanz","p1team":[{"name":"Gengar","species":"Gengar","item":"choicescarf","ability":"Levitate","moves":["shadowball","sludgewave","focusblast","destinybond"],"nature":"Timid","evs":{"hp":0,"atk":0,"def":0,"spa":252,"spd":4,"spe":252},"ivs":{"hp":31,"atk":31,"def":31,"spa":31,"spd":31,"spe":31}},{"name":"Beedrill","species":"Beedrill","item":"beedrillite","ability":"Swarm","moves":["uturn","poisonjab","drillrun","protect"],"nature":"Jolly","evs":{"hp":0,"atk":252,"def":0,"spa":0,"spd":4,"spe":252},"ivs":{"hp":31,"atk":31,"def":31,"spa":31,"spd":31,"spe":31}},{"name":"Venusaur","species":"Venusaur","item":"venusaurite","ability":"Chlorophyll","moves":["gigadrain","sludgebomb","synthesis","hiddenpowerfire"],"nature":"Bold","evs":{"hp":248,"atk":0,"def":96,"spa":0,"spd":144,"spe":20},"ivs":{"hp":31,"atk":30,"def":31,"spa":30,"spd":31,"spe":30}},{"name":"Nidoqueen","species":"Nidoqueen","item":"airballoon","ability":"Sheer Force","moves":["stealthrock","flamethrower","earthpower","icebeam"],"nature":"Modest","evs":{"hp":248,"atk":0,"def":80,"spa":180,"spd":0,"spe":0},"ivs":{"hp":31,"atk":31,"def":31,"spa":31,"spd":31,"spe":31}},{"name":"Drapion","species":"Drapion","item":"blacksludge","ability":"Battle Armor","moves":["knockoff","taunt","toxicspikes","earthquake"],"nature":"Jolly","evs":{"hp":200,"atk":56,"def":0,"spa":0,"spd":0,"spe":252},"ivs":{"hp":31,"atk":31,"def":31,"spa":31,"spd":31,"spe":31}},{"name":"Scolipede","species":"Scolipede","item":"lifeorb","ability":"Speed Boost","moves":["megahorn","superpower","rockslide","protect"],"nature":"Jolly","evs":{"hp":0,"atk":252,"def":0,"spa":0,"spd":4,"spe":252},"shiny":true,"ivs":{"hp":31,"atk":31,"def":31,"spa":31,"spd":31,"spe":31}}],"p2team":[{"name":"Nyxia","species":"liepard","item":"ironball","ability":"Prankster","moves":["thunderwave","taunt","trick","assist"],"nature":"Naive","evs":{"hp":0,"atk":128,"def":0,"spa":128,"spd":0,"spe":252},"ivs":{"hp":31,"atk":31,"def":31,"spa":31,"spd":31,"spe":31}},{"name":"Devillion","species":"houndoom","item":"houndoominite","ability":"Flash Fire","moves":["nastyplot","protect","darkpulse","flamethrower"],"nature":"Timid","evs":{"hp":0,"atk":0,"def":0,"spa":252,"spd":4,"spe":252},"ivs":{"hp":31,"atk":31,"def":31,"spa":31,"spd":31,"spe":31}},{"name":"2Sharp","species":"bisharp","item":"choicescarf","ability":"Defiant","moves":["suckerpunch","ironhead","knockoff","stoneedge"],"nature":"Jolly","evs":{"hp":0,"atk":252,"def":0,"spa":0,"spd":4,"spe":252},"shiny":true,"ivs":{"hp":31,"atk":31,"def":31,"spa":31,"spd":31,"spe":31}},{"name":"Stall","species":"sableye","item":"leftovers","ability":"Prankster","moves":["recover","willowisp","toxic","shadowball"],"nature":"Calm","evs":{"hp":252,"atk":0,"def":0,"spa":4,"spd":252,"spe":0},"shiny":true,"ivs":{"hp":31,"atk":31,"def":31,"spa":31,"spd":31,"spe":31}},{"name":"Drago","species":"hydreigon","item":"choicescarf","ability":"Levitate","moves":["earthpower","darkpulse","dracometeor","flashcannon"],"nature":"Timid","evs":{"hp":0,"atk":0,"def":0,"spa":252,"spd":4,"spe":252},"shiny":true,"ivs":{"hp":31,"atk":31,"def":31,"spa":31,"spd":31,"spe":31}},{"name":"Emma","species":"mandibuzz","item":"rockyhelmet","ability":"Overcoat","moves":["bravebird","roost","defog","knockoff"],"nature":"Impish","evs":{"hp":248,"atk":8,"def":252,"spa":0,"spd":0,"spe":0},"ivs":{"hp":31,"atk":31,"def":31,"spa":31,"spd":31,"spe":31}}],"log":["|player|p1|Alliance - Mxy|270","|player|p2|MrNyanNyanz|mrnyannyanz.png","|gametype|singles","|gen|6","|tier|Monotype","|rated","|rule|Baton Pass Clause: Limit one Baton Passer, can't pass Spe and other stats simultaneously","|rule|Swagger Clause: Swagger is banned","|rule|Same Type Clause: Pokémon in a team must share a type","|clearpoke","|poke|p1|Gengar, F","|poke|p1|Beedrill, M","|poke|p1|Venusaur, F","|poke|p1|Nidoqueen, F","|poke|p1|Drapion, M","|poke|p1|Scolipede, M, shiny","|poke|p2|Liepard, F","|poke|p2|Houndoom, M","|poke|p2|Bisharp, M, shiny","|poke|p2|Sableye, F, shiny","|poke|p2|Hydreigon, F, shiny","|poke|p2|Mandibuzz, F","|rule|Sleep Clause Mod: Limit one foe put to sleep","|rule|Species Clause: Limit one of each Pokémon","|rule|OHKO Clause: OHKO moves are banned","|rule|Moody Clause: Moody is banned","|rule|Evasion Moves Clause: Evasion moves are banned","|rule|Endless Battle Clause: Forcing endless battles is banned","|rule|HP Percentage Mod: HP is shown in percentages","|teampreview","|","|start","|switch|p1a: Drapion|Drapion, M|331/331","|switch|p2a: Nyxia|Liepard, F|269/269","|turn|1","|","|move|p2a: Nyxia|Thunder Wave|p1a: Drapion","|-status|p1a: Drapion|par","|cant|p1a: Drapion|par","|","|turn|2","|","|move|p2a: Nyxia|Taunt|p1a: Drapion","|-start|p1a: Drapion|move: Taunt","|cant|p1a: Drapion|move: Taunt|Toxic Spikes","|","|turn|3","|","|move|p2a: Nyxia|Assist|p2a: Nyxia","|move|p2a: Nyxia|Brave Bird|p1a: Drapion|[from]Assist","|-damage|p1a: Drapion|242/331 par","|-damage|p2a: Nyxia|240/269|[from] recoil|[of] p1a: Drapion","|move|p1a: Drapion|Knock Off|p2a: Nyxia","|-resisted|p2a: Nyxia","|-damage|p2a: Nyxia|140/269","|-enditem|p2a: Nyxia|Iron Ball|[from] move: Knock Off|[of] p1a: Drapion","|","|-heal|p1a: Drapion|262/331 par|[from] item: Black Sludge","|turn|4","|","|move|p2a: Nyxia|Assist|p2a: Nyxia","|move|p2a: Nyxia|Stone Edge|p1a: Drapion|[from]Assist","|-damage|p1a: Drapion|190/331 par","|move|p1a: Drapion|Earthquake|p2a: Nyxia","|-damage|p2a: Nyxia|0 fnt","|faint|p2a: Nyxia","|","|-heal|p1a: Drapion|210/331 par|[from] item: Black Sludge","|-end|p1a: Drapion|move: Taunt","|","|switch|p2a: Devillion|Houndoom, M|291/291","|turn|5","|","|detailschange|p2a: Devillion|Houndoom-Mega, M","|-mega|p2a: Devillion|Houndoom|Houndoominite","|move|p2a: Devillion|Flamethrower|p1a: Drapion","|-damage|p1a: Drapion|0 fnt","|faint|p1a: Drapion","|","|","|switch|p1a: Beedrill|Beedrill, M|271/271","|turn|6","|","|switch|p2a: Emma|Mandibuzz, F|423/423","|detailschange|p1a: Beedrill|Beedrill-Mega, M","|-mega|p1a: Beedrill|Beedrill|Beedrillite","|move|p1a: Beedrill|Protect|p1a: Beedrill","|-fail|p1a: Beedrill","|","|turn|7","|","|move|p1a: Beedrill|U-turn|p2a: Emma","|-crit|p2a: Emma","|-damage|p2a: Emma|221/423","|-damage|p1a: Beedrill|226/271|[from] item: Rocky Helmet|[of] p2a: Emma","|","|switch|p1a: Venusaur|Venusaur, F|363/363","|move|p2a: Emma|Knock Off|p1a: Venusaur","|-damage|p1a: Venusaur|311/363","|","|turn|8","|","|switch|p2a: Devillion|Houndoom-Mega, M|291/291","|move|p1a: Venusaur|Sludge Bomb|p2a: Devillion","|-damage|p2a: Devillion|182/291","|","|turn|9","|","|move|p2a: Devillion|Flamethrower|p1a: Venusaur","|-supereffective|p1a: Venusaur","|-damage|p1a: Venusaur|5/363","|move|p1a: Venusaur|Sludge Bomb|p2a: Devillion","|-damage|p2a: Devillion|70/291","|-status|p2a: Devillion|psn","|","|-damage|p2a: Devillion|34/291 psn|[from] psn","|turn|10","|","|move|p2a: Devillion|Flamethrower|p1a: Venusaur","|-supereffective|p1a: Venusaur","|-damage|p1a: Venusaur|0 fnt","|faint|p1a: Venusaur","|","|-damage|p2a: Devillion|0 fnt|[from] psn","|faint|p2a: Devillion","|","|switch|p1a: Nidoqueen|Nidoqueen, F|383/383","|switch|p2a: Stall|Sableye, F, shiny|304/304","|-item|p1a: Nidoqueen|Air Balloon","|turn|11","|","|move|p1a: Nidoqueen|Stealth Rock|p2a: Stall","|-sidestart|p2: MrNyanNyanz|move: Stealth Rock","|move|p2a: Stall|Shadow Ball|p1a: Nidoqueen","|-damage|p1a: Nidoqueen|313/383","|-enditem|p1a: Nidoqueen|Air Balloon","|","|turn|12","|","|move|p2a: Stall|Will-O-Wisp|p1a: Nidoqueen","|-status|p1a: Nidoqueen|brn","|move|p1a: Nidoqueen|Earth Power|p2a: Stall","|-damage|p2a: Stall|175/304","|","|-heal|p2a: Stall|194/304|[from] item: Leftovers","|-damage|p1a: Nidoqueen|266/383 brn|[from] brn","|turn|13","|","|move|p2a: Stall|Recover|p2a: Stall","|-heal|p2a: Stall|304/304","|move|p1a: Nidoqueen|Earth Power|p2a: Stall","|-damage|p2a: Stall|156/304","|","|-heal|p2a: Stall|175/304|[from] item: Leftovers","|-damage|p1a: Nidoqueen|219/383 brn|[from] brn","|turn|14","|","|switch|p1a: Scolipede|Scolipede, M, shiny|261/261","|move|p2a: Stall|Recover|p2a: Stall","|-heal|p2a: Stall|304/304","|","|turn|15","|","|move|p1a: Scolipede|Protect|p1a: Scolipede","|-singleturn|p1a: Scolipede|Protect","|move|p2a: Stall|Will-O-Wisp|p1a: Scolipede","|-activate|p1a: Scolipede|Protect","|","|-boost|p1a: Scolipede|spe|1|[from] ability: Speed Boost","|turn|16","|","|move|p2a: Stall|Will-O-Wisp|p1a: Scolipede","|-status|p1a: Scolipede|brn","|move|p1a: Scolipede|Megahorn|p2a: Stall","|-damage|p2a: Stall|147/304","|-damage|p1a: Scolipede|235/261 brn|[from] item: Life Orb","|","|-heal|p2a: Stall|166/304|[from] item: Leftovers","|-damage|p1a: Scolipede|203/261 brn|[from] brn","|-boost|p1a: Scolipede|spe|1|[from] ability: Speed Boost","|turn|17","|","|move|p2a: Stall|Recover|p2a: Stall","|-heal|p2a: Stall|304/304","|move|p1a: Scolipede|Megahorn|p2a: Stall","|-damage|p2a: Stall|153/304","|-damage|p1a: Scolipede|177/261 brn|[from] item: Life Orb","|","|-heal|p2a: Stall|172/304|[from] item: Leftovers","|-damage|p1a: Scolipede|145/261 brn|[from] brn","|-boost|p1a: Scolipede|spe|1|[from] ability: Speed Boost","|turn|18","|","|move|p2a: Stall|Recover|p2a: Stall","|-heal|p2a: Stall|304/304","|move|p1a: Scolipede|Megahorn|p2a: Stall","|-damage|p2a: Stall|148/304","|-damage|p1a: Scolipede|119/261 brn|[from] item: Life Orb","|","|-heal|p2a: Stall|167/304|[from] item: Leftovers","|-damage|p1a: Scolipede|87/261 brn|[from] brn","|-boost|p1a: Scolipede|spe|1|[from] ability: Speed Boost","|turn|19","|","|move|p2a: Stall|Recover|p2a: Stall","|-heal|p2a: Stall|304/304","|move|p1a: Scolipede|Megahorn|p2a: Stall","|-damage|p2a: Stall|160/304","|-damage|p1a: Scolipede|61/261 brn|[from] item: Life Orb","|","|-heal|p2a: Stall|179/304|[from] item: Leftovers","|-damage|p1a: Scolipede|29/261 brn|[from] brn","|-boost|p1a: Scolipede|spe|1|[from] ability: Speed Boost","|turn|20","|","|move|p2a: Stall|Recover|p2a: Stall","|-heal|p2a: Stall|304/304","|move|p1a: Scolipede|Megahorn|p2a: Stall|[miss]","|-miss|p1a: Scolipede|p2a: Stall","|","|-damage|p1a: Scolipede|0 fnt|[from] brn","|faint|p1a: Scolipede","|","|switch|p1a: Gengar|Gengar, F|261/261","|turn|21","|","|move|p1a: Gengar|Shadow Ball|p2a: Stall","|-damage|p2a: Stall|172/304","|move|p2a: Stall|Shadow Ball|p1a: Gengar","|-supereffective|p1a: Gengar","|-damage|p1a: Gengar|81/261","|","|-heal|p2a: Stall|191/304|[from] item: Leftovers","|turn|22","|","|switch|p1a: Nidoqueen|Nidoqueen, F|219/383 brn","|move|p2a: Stall|Recover|p2a: Stall","|-heal|p2a: Stall|304/304","|","|-damage|p1a: Nidoqueen|172/383 brn|[from] brn","|turn|23","|","|switch|p2a: Emma|Mandibuzz, F|221/423","|-damage|p2a: Emma|116/423|[from] Stealth Rock","|move|p1a: Nidoqueen|Earth Power|p2a: Emma","|-immune|p2a: Emma|[msg]","|","|-damage|p1a: Nidoqueen|125/383 brn|[from] brn","|turn|24","|","|move|p2a: Emma|Defog|p1a: Nidoqueen","|-unboost|p1a: Nidoqueen|evasion|1","|-sideend|p2: MrNyanNyanz|Stealth Rock|[from] move: Defog|[of] p2a: Emma","|move|p1a: Nidoqueen|Ice Beam|p2a: Emma","|-supereffective|p2a: Emma","|-damage|p2a: Emma|0 fnt","|faint|p2a: Emma","|","|-damage|p1a: Nidoqueen|78/383 brn|[from] brn","|","|switch|p2a: Drago|Hydreigon, F, shiny|325/325","|turn|25","|","|move|p2a: Drago|Dark Pulse|p1a: Nidoqueen","|-damage|p1a: Nidoqueen|0 fnt","|faint|p1a: Nidoqueen","|","|","|switch|p1a: Beedrill|Beedrill-Mega, M|226/271","|turn|26","|","|move|p2a: Drago|Dark Pulse|p1a: Beedrill","|-damage|p1a: Beedrill|51/271","|move|p1a: Beedrill|U-turn|p2a: Drago","|-supereffective|p2a: Drago","|-damage|p2a: Drago|0 fnt","|faint|p2a: Drago","|","|switch|p1a: Gengar|Gengar, F|81/261","|","|","|switch|p2a: Stall|Sableye, F, shiny|304/304","|turn|27","|","|move|p1a: Gengar|Destiny Bond|p1a: Gengar","|-singlemove|p1a: Gengar|Destiny Bond","|move|p2a: Stall|Shadow Ball|p1a: Gengar","|-supereffective|p1a: Gengar","|-damage|p1a: Gengar|0 fnt","|faint|p1a: Gengar","|-activate|p1a: Gengar|Destiny Bond","|faint|p2a: Stall","|","|","|switch|p1a: Beedrill|Beedrill-Mega, M|51/271","|switch|p2a: 2Sharp|Bisharp, M, shiny|271/271","|turn|28","|","|move|p1a: Beedrill|Protect|p1a: Beedrill","|-singleturn|p1a: Beedrill|Protect","|move|p2a: 2Sharp|Sucker Punch|p1a: Beedrill","|-fail|p2a: 2Sharp","|","|turn|29","|","|move|p1a: Beedrill|Protect|p1a: Beedrill","|-fail|p1a: Beedrill","|move|p2a: 2Sharp|Sucker Punch|p1a: Beedrill","|-fail|p2a: 2Sharp","|","|turn|30","|","|move|p2a: 2Sharp|Sucker Punch|p1a: Beedrill","|-damage|p1a: Beedrill|0 fnt","|faint|p1a: Beedrill","|","|win|MrNyanNyanz"],"p1rating":{"entryid":"6690851","serverid":"eos","formatid":"monotype","userid":"alliancemxy","username":"Alliance - Mxy","w":"61","l":30,"t":"0","gxe":65.7,"r":"1618.9608920016","rd":"40.891370654892","sigma":"0","rptime":"1438678800","rpr":1623.0691836737,"rprd":39.959216980849,"rpsigma":"0","acre":1208.4865497826,"lacre":1208.4865497826,"oldacre":"1238.5663781104"},"p2rating":{"entryid":"6703862","serverid":"eos","formatid":"monotype","userid":"mrnyannyanz","username":"MrNyanNyanz","w":45,"l":"34","t":"0","gxe":55.7,"r":1537.4006844982,"rd":40.879362621391,"sigma":"0","rptime":1438678800,"rpr":1543.186685473,"rprd":40.618161250159,"rpsigma":"0","acre":1197.0532958554,"lacre":1197.0532958554,"oldacre":"1166.9734675276"},"endType":"normal"}