{"seed":[46268,45118,11234,32710],"turns":31,"p1":"Seven Swell","p2":"Alliance - Theo","p1team":[{"name":"Mew","species":"Mew","item":"leftovers","ability":"Synchronize","moves":["roost","toxic","healbell","aurasphere"],"nature":"Calm","evs":{"hp":252,"atk":0,"def":0,"spa":4,"spd":252,"spe":0},"ivs":{"hp":31,"atk":31,"def":31,"spa":31,"spd":31,"spe":31}},{"name":"Slowbro","species":"Slowbro","item":"rockyhelmet","ability":"Regenerator","moves":["scald","yawn","flamethrower","slackoff"],"nature":"Bold","evs":{"hp":252,"atk":0,"def":252,"spa":4,"spd":0,"spe":0},"ivs":{"hp":31,"atk":31,"def":31,"spa":31,"spd":31,"spe":31}},{"name":"Deoxys-Speed","species":"Deoxys-Speed","item":"focussash","ability":"Pressure","moves":["stealthrock","thunderbolt","thunderwave","icebeam"],"nature":"Timid","evs":{"hp":252,"atk":0,"def":44,"spa":0,"spd":0,"spe":212},"ivs":{"hp":31,"atk":31,"def":31,"spa":31,"spd":31,"spe":31}},{"name":"Gardevoir","species":"Gardevoir","item":"gardevoirite","ability":"Trace","moves":["hypervoice","psyshock","destinybond","thunderbolt"],"nature":"Timid","evs":{"hp":0,"atk":0,"def":4,"spa":252,"spd":0,"spe":252},"ivs":{"hp":31,"atk":0,"def":31,"spa":31,"spd":31,"spe":31}},{"name":"Latias","species":"Latias","item":"leftovers","ability":"Levitate","moves":["dracometeor","psyshock","roost","defog"],"nature":"Timid","evs":{"hp":252,"atk":0,"def":0,"spa":4,"spd":0,"spe":252},"ivs":{"hp":31,"atk":31,"def":31,"spa":31,"spd":31,"spe":31}},{"name":"Hoopa-Unbound","species":"Hoopa-Unbound","item":"focussash","ability":"Magician","moves":["hyperspacefury","drainpunch","firepunch","gunkshot"],"nature":"Adamant","evs":{"hp":0,"atk":252,"def":0,"spa":0,"spd":4,"spe":252},"ivs":{"hp":31,"atk":31,"def":31,"spa":31,"spd":31,"spe":31}}],"p2team":[{"name":"Hoopa-Unbound","species":"Hoopa-Unbound","item":"lifeorb","ability":"Magician","moves":["zenheadbutt","gunkshot","hyperspacefury","drainpunch"],"nature":"Brave","evs":{"hp":240,"atk":252,"def":0,"spa":16,"spd":0,"spe":0},"ivs":{"hp":31,"atk":31,"def":31,"spa":31,"spd":31,"spe":0}},{"name":"Deoxys-Defense","species":"Deoxys-Defense","item":"leftovers","ability":"Pressure","moves":["stealthrock","trickroom","recover","toxic"],"nature":"Sassy","evs":{"hp":248,"atk":0,"def":156,"spa":0,"spd":104,"spe":0},"ivs":{"hp":31,"atk":31,"def":31,"spa":31,"spd":31,"spe":0}},{"name":"Victini","species":"Victini","item":"assaultvest","ability":"Victory Star","moves":["vcreate","boltstrike","zenheadbutt","poweruppunch"],"nature":"Brave","evs":{"hp":248,"atk":252,"def":8,"spa":0,"spd":0,"spe":0},"ivs":{"hp":31,"atk":31,"def":31,"spa":31,"spd":31,"spe":0}},{"name":"Mew","species":"Mew","item":"leftovers","ability":"Synchronize","moves":["defog","willowisp","roost","knockoff"],"nature":"Careful","evs":{"hp":248,"atk":8,"def":16,"spa":0,"spd":236,"spe":0},"ivs":{"hp":31,"atk":31,"def":31,"spa":31,"spd":31,"spe":31}},{"name":"Gardevoir","species":"Gardevoir","item":"gardevoirite","ability":"Synchronize","moves":["hypervoice","psyshock","hiddenpowerground","shadowball"],"nature":"Quiet","evs":{"hp":252,"atk":0,"def":0,"spa":252,"spd":4,"spe":0},"ivs":{"hp":31,"atk":31,"def":31,"spa":30,"spd":30,"spe":0}},{"name":"Slowbro","species":"Slowbro","item":"rockyhelmet","ability":"Regenerator","moves":["slackoff","scald","flamethrower","trickroom"],"nature":"Relaxed","evs":{"hp":236,"atk":0,"def":252,"spa":8,"spd":12,"spe":0},"ivs":{"hp":31,"atk":31,"def":31,"spa":31,"spd":31,"spe":0}}],"log":["|player|p1|Seven Swell|sevenswell.png","|player|p2|Alliance - Theo|2","|gametype|singles","|gen|6","|tier|Monotype","|rated","|rule|Baton Pass Clause: Limit one Baton Passer, can't pass Spe and other stats simultaneously","|rule|Swagger Clause: Swagger is banned","|rule|Same Type Clause: Pokémon in a team must share a type","|clearpoke","|poke|p1|Mew","|poke|p1|Slowbro, M","|poke|p1|Deoxys-Speed","|poke|p1|Gardevoir, F","|poke|p1|Latias, F","|poke|p1|Hoopa-Unbound","|poke|p2|Hoopa-Unbound","|poke|p2|Deoxys-Defense","|poke|p2|Victini","|poke|p2|Mew","|poke|p2|Gardevoir, F","|poke|p2|Slowbro, F","|rule|Sleep Clause Mod: Limit one foe put to sleep","|rule|Species Clause: Limit one of each Pokémon","|rule|OHKO Clause: OHKO moves are banned","|rule|Moody Clause: Moody is banned","|rule|Evasion Moves Clause: Evasion moves are banned","|rule|Endless Battle Clause: Forcing endless battles is banned","|rule|HP Percentage Mod: HP is shown in percentages","|teampreview","|","|start","|switch|p1a: Mew|Mew|404/404","|switch|p2a: Deoxys-Defense|Deoxys-Defense|303/303","|-ability|p2a: Deoxys-Defense|Pressure","|turn|1","|","|move|p1a: Mew|Toxic|p2a: Deoxys-Defense","|-status|p2a: Deoxys-Defense|tox","|move|p2a: Deoxys-Defense|Trick Room|p2a: Deoxys-Defense","|-fieldstart|move: Trick Room|[of] p2a: Deoxys-Defense","|","|-damage|p2a: Deoxys-Defense|285/303 tox|[from] psn","|turn|2","|","|switch|p2a: Hoopa-Unbound|Hoopa-Unbound|361/361","|move|p1a: Mew|Toxic|p2a: Hoopa-Unbound","|-status|p2a: Hoopa-Unbound|tox","|","|-damage|p2a: Hoopa-Unbound|339/361 tox|[from] psn","|turn|3","|","|move|p2a: Hoopa-Unbound|Hyperspace Fury|p1a: Mew","|-supereffective|p1a: Mew","|-damage|p1a: Mew|0 fnt","|-unboost|p2a: Hoopa-Unbound|def|1","|-damage|p2a: Hoopa-Unbound|303/361 tox|[from] item: Life Orb","|faint|p1a: Mew","|","|-damage|p2a: Hoopa-Unbound|259/361 tox|[from] psn","|","|switch|p1a: Hoopa-Unbound|Hoopa-Unbound|301/301","|turn|4","|","|move|p2a: Hoopa-Unbound|Hyperspace Fury|p1a: Hoopa-Unbound","|-enditem|p1a: Hoopa-Unbound|Focus Sash","|-damage|p1a: Hoopa-Unbound|1/301","|-unboost|p2a: Hoopa-Unbound|def|1","|-damage|p2a: Hoopa-Unbound|223/361 tox|[from] item: Life Orb","|move|p1a: Hoopa-Unbound|Hyperspace Fury|p2a: Hoopa-Unbound","|-damage|p2a: Hoopa-Unbound|0 fnt","|-item|p1a: Hoopa-Unbound|Life Orb|[from] ability: Magician|[of] p2a: Hoopa-Unbound","|-unboost|p1a: Hoopa-Unbound|def|1","|-damage|p1a: Hoopa-Unbound|0 fnt|[from] item: Life Orb","|faint|p2a: Hoopa-Unbound","|faint|p1a: Hoopa-Unbound","|","|","|switch|p1a: Deoxys-Speed|Deoxys-Speed|304/304","|switch|p2a: Slowbro|Slowbro, F|390/390","|-ability|p1a: Deoxys-Speed|Pressure","|turn|5","|","|move|p2a: Slowbro|Scald|p1a: Deoxys-Speed","|-damage|p1a: Deoxys-Speed|201/304","|move|p1a: Deoxys-Speed|Stealth Rock|p2a: Slowbro","|-sidestart|p2: Alliance - Theo|move: Stealth Rock","|","|-fieldend|move: Trick Room","|turn|6","|","|move|p1a: Deoxys-Speed|Thunderbolt|p2a: Slowbro","|-supereffective|p2a: Slowbro","|-damage|p2a: Slowbro|242/390","|move|p2a: Slowbro|Trick Room|p2a: Slowbro","|-fieldstart|move: Trick Room|[of] p2a: Slowbro","|","|turn|7","|","|switch|p1a: Latias|Latias, F|364/364","|move|p2a: Slowbro|Scald|p1a: Latias","|-resisted|p1a: Latias","|-damage|p1a: Latias|328/364","|-status|p1a: Latias|brn","|","|-heal|p1a: Latias|350/364 brn|[from] item: Leftovers","|-damage|p1a: Latias|305/364 brn|[from] brn","|turn|8","|","|switch|p2a: Victini|Victini|403/403","|-damage|p2a: Victini|303/403|[from] Stealth Rock","|move|p1a: Latias|Psyshock|p2a: Victini","|-resisted|p2a: Victini","|-damage|p2a: Victini|250/403","|","|-heal|p1a: Latias|327/364 brn|[from] item: Leftovers","|-damage|p1a: Latias|282/364 brn|[from] brn","|turn|9","|","|move|p2a: Victini|V-create|p1a: Latias","|-resisted|p1a: Latias","|-damage|p1a: Latias|135/364 brn","|-unboost|p2a: Victini|spe|1","|-unboost|p2a: Victini|def|1","|-unboost|p2a: Victini|spd|1","|move|p1a: Latias|Roost|p1a: Latias","|-heal|p1a: Latias|317/364 brn","|","|-heal|p1a: Latias|339/364 brn|[from] item: Leftovers","|-damage|p1a: Latias|294/364 brn|[from] brn","|turn|10","|","|switch|p2a: Deoxys-Defense|Deoxys-Defense|285/303 tox","|-damage|p2a: Deoxys-Defense|248/303 tox|[from] Stealth Rock","|-ability|p2a: Deoxys-Defense|Pressure","|move|p1a: Latias|Draco Meteor|p2a: Deoxys-Defense","|-damage|p2a: Deoxys-Defense|154/303 tox","|-unboost|p1a: Latias|spa|2","|","|-heal|p2a: Deoxys-Defense|172/303 tox|[from] item: Leftovers","|-heal|p1a: Latias|316/364 brn|[from] item: Leftovers","|-damage|p2a: Deoxys-Defense|154/303 tox|[from] psn","|-damage|p1a: Latias|271/364 brn|[from] brn","|-fieldend|move: Trick Room","|turn|11","|","|switch|p1a: Slowbro|Slowbro, M|394/394","|move|p2a: Deoxys-Defense|Recover|p2a: Deoxys-Defense","|-heal|p2a: Deoxys-Defense|303/303 tox","|","|-damage|p2a: Deoxys-Defense|267/303 tox|[from] psn","|turn|12","|","|move|p2a: Deoxys-Defense|Toxic|p1a: Slowbro|[miss]","|-miss|p2a: Deoxys-Defense|p1a: Slowbro","|move|p1a: Slowbro|Scald|p2a: Deoxys-Defense","|-damage|p2a: Deoxys-Defense|213/303 tox","|","|-heal|p2a: Deoxys-Defense|231/303 tox|[from] item: Leftovers","|-damage|p2a: Deoxys-Defense|177/303 tox|[from] psn","|turn|13","|","|move|p1a: Slowbro|Scald|p2a: Deoxys-Defense","|-damage|p2a: Deoxys-Defense|122/303 tox","|move|p2a: Deoxys-Defense|Trick Room|p2a: Deoxys-Defense","|-fieldstart|move: Trick Room|[of] p2a: Deoxys-Defense","|","|-heal|p2a: Deoxys-Defense|140/303 tox|[from] item: Leftovers","|-damage|p2a: Deoxys-Defense|68/303 tox|[from] psn","|turn|14","|","|switch|p2a: Mew|Mew|403/403","|-damage|p2a: Mew|353/403|[from] Stealth Rock","|move|p1a: Slowbro|Scald|p2a: Mew","|-damage|p2a: Mew|289/403","|","|-heal|p2a: Mew|314/403|[from] item: Leftovers","|turn|15","|","|move|p1a: Slowbro|Yawn|p2a: Mew","|-start|p2a: Mew|move: Yawn|[of] p1a: Slowbro","|move|p2a: Mew|Knock Off|p1a: Slowbro","|-supereffective|p1a: Slowbro","|-damage|p1a: Slowbro|284/394","|-damage|p2a: Mew|247/403|[from] item: Rocky Helmet|[of] p1a: Slowbro","|-enditem|p1a: Slowbro|Rocky Helmet|[from] move: Knock Off|[of] p2a: Mew","|","|-heal|p2a: Mew|272/403|[from] item: Leftovers","|turn|16","|","|move|p1a: Slowbro|Scald|p2a: Mew","|-damage|p2a: Mew|200/403","|move|p2a: Mew|Will-O-Wisp|p1a: Slowbro","|-status|p1a: Slowbro|brn","|","|-end|p2a: Mew|move: Yawn|[silent]","|-status|p2a: Mew|slp","|-heal|p2a: Mew|225/403 slp|[from] item: Leftovers","|-damage|p1a: Slowbro|235/394 brn|[from] brn","|turn|17","|","|switch|p2a: Victini|Victini|250/403","|-damage|p2a: Victini|150/403|[from] Stealth Rock","|move|p1a: Slowbro|Slack Off|p1a: Slowbro","|-heal|p1a: Slowbro|394/394 brn","|","|-damage|p1a: Slowbro|345/394 brn|[from] brn","|-fieldend|move: Trick Room","|turn|18","|","|move|p2a: Victini|Bolt Strike|p1a: Slowbro","|-supereffective|p1a: Slowbro","|-damage|p1a: Slowbro|169/394 brn","|move|p1a: Slowbro|Scald|p2a: Victini","|-supereffective|p2a: Victini","|-damage|p2a: Victini|30/403","|","|-damage|p1a: Slowbro|120/394 brn|[from] brn","|turn|19","|","|switch|p1a: Latias|Latias, F|271/364 brn","|move|p2a: Victini|Bolt Strike|p1a: Latias","|-resisted|p1a: Latias","|-damage|p1a: Latias|194/364 brn","|","|-heal|p1a: Latias|216/364 brn|[from] item: Leftovers","|-damage|p1a: Latias|171/364 brn|[from] brn","|turn|20","|","|switch|p2a: Slowbro|Slowbro, F|372/390","|-damage|p2a: Slowbro|324/390|[from] Stealth Rock","|move|p1a: Latias|Psyshock|p2a: Slowbro","|-resisted|p2a: Slowbro","|-damage|p2a: Slowbro|287/390","|","|-heal|p1a: Latias|193/364 brn|[from] item: Leftovers","|-damage|p1a: Latias|148/364 brn|[from] brn","|turn|21","|","|move|p1a: Latias|Draco Meteor|p2a: Slowbro","|-damage|p2a: Slowbro|76/390","|-unboost|p1a: Latias|spa|2","|move|p2a: Slowbro|Trick Room|p2a: Slowbro","|-fieldstart|move: Trick Room|[of] p2a: Slowbro","|","|-heal|p1a: Latias|170/364 brn|[from] item: Leftovers","|-damage|p1a: Latias|125/364 brn|[from] brn","|turn|22","|","|switch|p2a: Mew|Mew|225/403 slp","|-damage|p2a: Mew|175/403 slp|[from] Stealth Rock","|move|p1a: Latias|Roost|p1a: Latias","|-heal|p1a: Latias|307/364 brn","|","|-heal|p2a: Mew|200/403 slp|[from] item: Leftovers","|-heal|p1a: Latias|329/364 brn|[from] item: Leftovers","|-damage|p1a: Latias|284/364 brn|[from] brn","|turn|23","|","|switch|p1a: Gardevoir|Gardevoir, F|277/277","|-ability|p1a: Gardevoir|Synchronize|[from] ability: Trace|[of] p2a: Mew","|cant|p2a: Mew|slp","|","|-heal|p2a: Mew|225/403 slp|[from] item: Leftovers","|turn|24","|","|detailschange|p1a: Gardevoir|Gardevoir-Mega, F","|-mega|p1a: Gardevoir|Gardevoir|Gardevoirite","|cant|p2a: Mew|slp","|move|p1a: Gardevoir|Hyper Voice|p2a: Mew","|-damage|p2a: Mew|57/403 slp","|","|-heal|p2a: Mew|82/403 slp|[from] item: Leftovers","|turn|25","|","|-curestatus|p2a: Mew|slp","|move|p2a: Mew|Roost|p2a: Mew","|-heal|p2a: Mew|284/403","|move|p1a: Gardevoir|Hyper Voice|p2a: Mew","|-damage|p2a: Mew|91/403","|","|-heal|p2a: Mew|116/403|[from] item: Leftovers","|-fieldend|move: Trick Room","|turn|26","|","|move|p1a: Gardevoir|Hyper Voice|p2a: Mew","|-damage|p2a: Mew|0 fnt","|faint|p2a: Mew","|","|","|switch|p2a: Slowbro|Slowbro, F|206/390","|-damage|p2a: Slowbro|158/390|[from] Stealth Rock","|turn|27","|","|switch|p2a: Victini|Victini|30/403","|-damage|p2a: Victini|0 fnt|[from] Stealth Rock","|faint|p2a: Victini","|move|p1a: Gardevoir|Thunderbolt|p2: Victini|[notarget]","|-notarget","|","|","|switch|p2a: Deoxys-Defense|Deoxys-Defense|68/303 tox","|-damage|p2a: Deoxys-Defense|31/303 tox|[from] Stealth Rock","|-ability|p2a: Deoxys-Defense|Pressure","|turn|28","|","|move|p1a: Gardevoir|Hyper Voice|p2a: Deoxys-Defense","|-damage|p2a: Deoxys-Defense|0 fnt","|faint|p2a: Deoxys-Defense","|","|","|switch|p2a: Slowbro|Slowbro, F|288/390","|-damage|p2a: Slowbro|240/390|[from] Stealth Rock","|turn|29","|","|move|p1a: Gardevoir|Hyper Voice|p2a: Slowbro","|-damage|p2a: Slowbro|0 fnt","|faint|p2a: Slowbro","|","|","|switch|p2a: Gardevoir|Gardevoir, F|340/340","|-damage|p2a: Gardevoir|298/340|[from] Stealth Rock","|turn|30","|","|detailschange|p2a: Gardevoir|Gardevoir-Mega, F","|-mega|p2a: Gardevoir|Gardevoir|Gardevoirite","|move|p1a: Gardevoir|Hyper Voice|p2a: Gardevoir","|-damage|p2a: Gardevoir|121/340","|move|p2a: Gardevoir|Hyper Voice|p1a: Gardevoir","|-damage|p1a: Gardevoir|55/277","|","|turn|31","|","|win|Seven Swell"],"p1rating":{"entryid":"7267988","serverid":"eos","formatid":"monotype","userid":"sevenswell","username":"Seven Swell","w":32,"l":"21","t":"0","gxe":62.1,"r":"1581.1770835154","rd":"48.801543514469","sigma":"0","rptime":"1438678800","rpr":1593.7063699736,"rprd":47.982309747308,"rpsigma":"0","acre":1210.6066998464,"lacre":1210.6066998464,"oldacre":"1198.5159035762"},"p2rating":{"entryid":7386764,"formatid":"monotype","userid":"alliancetheo","username":"Alliance - Theo","r":1500,"rd":130,"sigma":0,"rpr":1467.1029973162,"rprd":122.31071041023,"rpsigma":0,"rptime":1438678800,"w":0,"l":1,"t":0,"gxe":45.9,"acre":1000,"lacre":1000,"oldacre":1000},"endType":"forfeit"}