{"seed":[26240,37984,62708,42450],"turns":18,"p1":"E4 IceHawk†","p2":"DJ Biggie","p1team":[{"name":"^_^","species":"froslass","item":"focussash","ability":"Cursed Body","moves":["thunderwave","hiddenpowerfire","confuseray","hex"],"nature":"Timid","evs":{"hp":252,"atk":0,"def":0,"spa":4,"spd":0,"spe":252},"ivs":{"hp":31,"atk":30,"def":31,"spa":30,"spd":31,"spe":30}},{"name":"Weavile","species":"Weavile","item":"lifeorb","ability":"Pressure","moves":["knockoff","iciclecrash","iceshard","lowkick"],"nature":"Adamant","evs":{"hp":0,"atk":252,"def":0,"spa":0,"spd":4,"spe":252},"ivs":{"hp":31,"atk":31,"def":31,"spa":31,"spd":31,"spe":31}},{"name":"Kyurem-Black","species":"Kyurem-Black","item":"choicescarf","ability":"Teravolt","moves":["outrage","fusionbolt","icebeam","ironhead"],"nature":"Naive","evs":{"hp":0,"atk":252,"def":0,"spa":4,"spd":0,"spe":252},"ivs":{"hp":31,"atk":31,"def":31,"spa":31,"spd":31,"spe":31}},{"name":"Abomasnow","species":"Abomasnow","item":"abomasite","ability":"Soundproof","moves":["blizzard","gigadrain","earthquake","iceshard"],"nature":"Mild","evs":{"hp":248,"atk":8,"def":0,"spa":252,"spd":0,"spe":0},"ivs":{"hp":31,"atk":31,"def":31,"spa":31,"spd":31,"spe":31}},{"name":"Mamoswine","species":"Mamoswine","item":"lifeorb","ability":"Thick Fat","moves":["earthquake","iciclespear","iceshard","superpower"],"nature":"Jolly","evs":{"hp":0,"atk":252,"def":0,"spa":0,"spd":4,"spe":252},"ivs":{"hp":31,"atk":31,"def":31,"spa":31,"spd":31,"spe":31}},{"name":"Avalugg","species":"Avalugg","item":"rockyhelmet","ability":"Sturdy","moves":["avalanche","rapidspin","roar","recover"],"nature":"Relaxed","evs":{"hp":248,"atk":8,"def":252,"spa":0,"spd":0,"spe":0},"ivs":{"hp":31,"atk":31,"def":31,"spa":31,"spd":31,"spe":0}}],"p2team":[{"name":"Faildra","species":"kingdra","item":"scopelens","ability":"Sniper","moves":["focusenergy","dracometeor","surf","agility"],"nature":"Modest","evs":{"hp":0,"atk":0,"def":4,"spa":252,"spd":0,"spe":252},"ivs":{"hp":31,"atk":31,"def":31,"spa":31,"spd":31,"spe":31}},{"name":"Hen + Tie","species":"tentacruel","item":"blacksludge","ability":"Liquid Ooze","moves":["scald","rapidspin","acidspray","knockoff"],"nature":"Timid","evs":{"hp":248,"atk":0,"def":216,"spa":0,"spd":28,"spe":16},"ivs":{"hp":31,"atk":31,"def":31,"spa":31,"spd":31,"spe":31}},{"name":"Kenny (The Bae)","species":"azumarill","item":"assaultvest","ability":"Sap Sipper","moves":["playrough","waterfall","aquajet","knockoff"],"nature":"Adamant","evs":{"hp":240,"atk":252,"def":0,"spa":0,"spd":16,"spe":0},"gender":"F","ivs":{"hp":31,"atk":31,"def":31,"spa":31,"spd":31,"spe":31}},{"name":"Slippy","species":"politoed","item":"choicespecs","ability":"Drizzle","moves":["scald","hydropump","hiddenpowergrass","mudbomb"],"nature":"Modest","evs":{"hp":248,"atk":0,"def":0,"spa":252,"spd":8,"spe":0},"ivs":{"hp":31,"atk":30,"def":31,"spa":30,"spd":31,"spe":31}},{"name":"Samba de Amigo","species":"ludicolo","item":"lifeorb","ability":"Swift Swim","moves":["hydropump","gigadrain","icebeam","focusblast"],"nature":"Modest","evs":{"hp":0,"atk":0,"def":0,"spa":252,"spd":4,"spe":252},"ivs":{"hp":31,"atk":31,"def":31,"spa":31,"spd":31,"spe":31}},{"name":"JUST DO IT!","species":"swampert","item":"swampertite","ability":"Damp","moves":["waterfall","earthquake","icepunch","poweruppunch"],"nature":"Adamant","evs":{"hp":0,"atk":252,"def":4,"spa":0,"spd":0,"spe":252},"ivs":{"hp":31,"atk":31,"def":31,"spa":31,"spd":31,"spe":31}}],"log":["|player|p1|E4 IceHawk†|80","|player|p2|DJ Biggie|djbiggie.png","|gametype|singles","|gen|6","|tier|Monotype","|rated","|rule|Baton Pass Clause: Limit one Baton Passer, can't pass Spe and other stats simultaneously","|rule|Swagger Clause: Swagger is banned","|rule|Same Type Clause: Pokémon in a team must share a type","|clearpoke","|poke|p1|Froslass, F","|poke|p1|Weavile, M","|poke|p1|Kyurem-Black","|poke|p1|Abomasnow, F","|poke|p1|Mamoswine, F","|poke|p1|Avalugg, M","|poke|p2|Kingdra, M","|poke|p2|Tentacruel, F","|poke|p2|Azumarill, F","|poke|p2|Politoed, M","|poke|p2|Ludicolo, M","|poke|p2|Swampert, M","|rule|Sleep Clause Mod: Limit one foe put to sleep","|rule|Species Clause: Limit one of each Pokémon","|rule|OHKO Clause: OHKO moves are banned","|rule|Moody Clause: Moody is banned","|rule|Evasion Moves Clause: Evasion moves are banned","|rule|Endless Battle Clause: Forcing endless battles is banned","|rule|HP Percentage Mod: HP is shown in percentages","|teampreview","|","|start","|switch|p1a: ^_^|Froslass, F|344/344","|switch|p2a: Slippy|Politoed, M|383/383","|-weather|RainDance","|turn|1","|","|move|p1a: ^_^|Thunder Wave|p2a: Slippy","|-status|p2a: Slippy|par","|move|p2a: Slippy|Scald|p1a: ^_^","|-enditem|p1a: ^_^|Focus Sash","|-damage|p1a: ^_^|1/344","|-status|p1a: ^_^|brn","|","|-weather|RainDance|[upkeep]","|-damage|p1a: ^_^|0 fnt|[from] brn","|faint|p1a: ^_^","|","|switch|p1a: Abomasnow|Abomasnow, F|383/383","|turn|2","|","|switch|p2a: Hen + Tie|Tentacruel, F|363/363","|detailschange|p1a: Abomasnow|Abomasnow-Mega, F","|-mega|p1a: Abomasnow|Abomasnow|Abomasite","|-weather|Hail","|move|p1a: Abomasnow|Giga Drain|p2a: Hen + Tie","|-damage|p2a: Hen + Tie|239/363","|-damage|p1a: Abomasnow|321/383|[from] ability: Liquid Ooze|[of] p2a: Hen + Tie","|","|-weather|Hail|[upkeep]","|-damage|p2a: Hen + Tie|217/363|[from] hail","|-heal|p2a: Hen + Tie|239/363|[from] item: Black Sludge","|turn|3","|","|switch|p1a: Kyurem-Black|Kyurem-Black|391/391","|-ability|p1a: Kyurem-Black|Teravolt","|move|p2a: Hen + Tie|Acid Spray|p1a: Kyurem-Black","|-damage|p1a: Kyurem-Black|343/391","|-unboost|p1a: Kyurem-Black|spd|2","|","|-weather|Hail|[upkeep]","|-damage|p2a: Hen + Tie|217/363|[from] hail","|-heal|p2a: Hen + Tie|239/363|[from] item: Black Sludge","|turn|4","|","|move|p1a: Kyurem-Black|Fusion Bolt|p2a: Hen + Tie","|-supereffective|p2a: Hen + Tie","|-damage|p2a: Hen + Tie|0 fnt","|faint|p2a: Hen + Tie","|","|-weather|Hail|[upkeep]","|","|switch|p2a: Faildra|Kingdra, M|291/291","|turn|5","|","|move|p1a: Kyurem-Black|Fusion Bolt|p2a: Faildra","|-crit|p2a: Faildra","|-damage|p2a: Faildra|75/291","|move|p2a: Faildra|Draco Meteor|p1a: Kyurem-Black","|-supereffective|p1a: Kyurem-Black","|-damage|p1a: Kyurem-Black|0 fnt","|-unboost|p2a: Faildra|spa|2","|faint|p1a: Kyurem-Black","|","|-weather|Hail|[upkeep]","|-damage|p2a: Faildra|57/291|[from] hail","|","|switch|p1a: Weavile|Weavile, M|281/281","|-ability|p1a: Weavile|Pressure","|turn|6","|","|move|p1a: Weavile|Icicle Crash|p2a: Faildra|[miss]","|-miss|p1a: Weavile|p2a: Faildra","|move|p2a: Faildra|Draco Meteor|p1a: Weavile","|-damage|p1a: Weavile|157/281","|-unboost|p2a: Faildra|spa|2","|","|-weather|none","|turn|7","|","|switch|p2a: Slippy|Politoed, M|383/383 par","|-weather|RainDance","|move|p1a: Weavile|Icicle Crash|p2a: Slippy","|-resisted|p2a: Slippy","|-damage|p2a: Slippy|258/383 par","|-damage|p1a: Weavile|129/281|[from] item: Life Orb","|","|-weather|RainDance|[upkeep]","|turn|8","|","|move|p1a: Weavile|Knock Off|p2a: Slippy","|-damage|p2a: Slippy|0 fnt","|-enditem|p2a: Slippy|Choice Specs|[from] move: Knock Off|[of] p1a: Weavile","|-damage|p1a: Weavile|101/281|[from] item: Life Orb","|faint|p2a: Slippy","|","|-weather|RainDance|[upkeep]","|","|switch|p2a: Kenny (The Bae)|Azumarill, F|401/401","|turn|9","|","|move|p1a: Weavile|Knock Off|p2a: Kenny (The Bae)","|-resisted|p2a: Kenny (The Bae)","|-damage|p2a: Kenny (The Bae)|257/401","|-enditem|p2a: Kenny (The Bae)|Assault Vest|[from] move: Knock Off|[of] p1a: Weavile","|-damage|p1a: Weavile|73/281|[from] item: Life Orb","|move|p2a: Kenny (The Bae)|Play Rough|p1a: Weavile","|-supereffective|p1a: Weavile","|-damage|p1a: Weavile|0 fnt","|faint|p1a: Weavile","|","|-weather|RainDance|[upkeep]","|","|switch|p1a: Abomasnow|Abomasnow-Mega, F|321/383","|-weather|Hail","|turn|10","|","|move|p2a: Kenny (The Bae)|Play Rough|p1a: Abomasnow","|-damage|p1a: Abomasnow|222/383","|move|p1a: Abomasnow|Blizzard|p2a: Kenny (The Bae)","|-resisted|p2a: Kenny (The Bae)","|-damage|p2a: Kenny (The Bae)|137/401","|","|-weather|Hail|[upkeep]","|-damage|p2a: Kenny (The Bae)|112/401|[from] hail","|turn|11","|","|switch|p2a: Faildra|Kingdra, M|57/291","|move|p1a: Abomasnow|Blizzard|p2a: Faildra","|-damage|p2a: Faildra|0 fnt","|faint|p2a: Faildra","|","|-weather|Hail|[upkeep]","|","|switch|p2a: Samba de Amigo|Ludicolo, M|301/301","|turn|12","|","|move|p2a: Samba de Amigo|Focus Blast|p1a: Abomasnow","|-supereffective|p1a: Abomasnow","|-damage|p1a: Abomasnow|0 fnt","|-damage|p2a: Samba de Amigo|271/301|[from] item: Life Orb","|faint|p1a: Abomasnow","|","|-weather|Hail|[upkeep]","|-damage|p2a: Samba de Amigo|253/301|[from] hail","|","|switch|p1a: Mamoswine|Mamoswine, F|361/361","|turn|13","|","|switch|p2a: Kenny (The Bae)|Azumarill, F|112/401","|move|p1a: Mamoswine|Icicle Spear|p2a: Kenny (The Bae)","|-resisted|p2a: Kenny (The Bae)","|-damage|p2a: Kenny (The Bae)|74/401","|-resisted|p2a: Kenny (The Bae)","|-damage|p2a: Kenny (The Bae)|39/401","|-resisted|p2a: Kenny (The Bae)","|-damage|p2a: Kenny (The Bae)|4/401","|-resisted|p2a: Kenny (The Bae)","|-damage|p2a: Kenny (The Bae)|0 fnt","|-hitcount|p2a: Kenny (The Bae)|4","|-damage|p1a: Mamoswine|325/361|[from] item: Life Orb","|faint|p2a: Kenny (The Bae)","|","|-weather|Hail|[upkeep]","|","|switch|p2a: JUST DO IT!|Swampert, M|341/341","|turn|14","|","|detailschange|p2a: JUST DO IT!|Swampert-Mega, M","|-mega|p2a: JUST DO IT!|Swampert|Swampertite","|move|p1a: Mamoswine|Icicle Spear|p2a: JUST DO IT!","|-damage|p2a: JUST DO IT!|286/341","|-damage|p2a: JUST DO IT!|231/341","|-hitcount|p2a: JUST DO IT!|2","|-damage|p1a: Mamoswine|289/361|[from] item: Life Orb","|move|p2a: JUST DO IT!|Waterfall|p1a: Mamoswine","|-supereffective|p1a: Mamoswine","|-damage|p1a: Mamoswine|0 fnt","|faint|p1a: Mamoswine","|","|-weather|none","|","|switch|p1a: Avalugg|Avalugg, M|393/393","|turn|15","|","|move|p2a: JUST DO IT!|Waterfall|p1a: Avalugg","|-damage|p1a: Avalugg|305/393","|-damage|p2a: JUST DO IT!|175/341|[from] item: Rocky Helmet|[of] p1a: Avalugg","|move|p1a: Avalugg|Avalanche|p2a: JUST DO IT!","|-damage|p2a: JUST DO IT!|39/341","|","|turn|16","|","|move|p2a: JUST DO IT!|Earthquake|p1a: Avalugg","|-crit|p1a: Avalugg","|-damage|p1a: Avalugg|154/393","|move|p1a: Avalugg|Recover|p1a: Avalugg","|-heal|p1a: Avalugg|351/393","|","|turn|17","|","|move|p2a: JUST DO IT!|Earthquake|p1a: Avalugg","|-damage|p1a: Avalugg|258/393","|move|p1a: Avalugg|Avalanche|p2a: JUST DO IT!","|-damage|p2a: JUST DO IT!|0 fnt","|faint|p2a: JUST DO IT!","|","|","|switch|p2a: Samba de Amigo|Ludicolo, M|253/301","|turn|18","|","|move|p2a: Samba de Amigo|Hydro Pump|p1a: Avalugg","|-damage|p1a: Avalugg|0 fnt","|-damage|p2a: Samba de Amigo|223/301|[from] item: Life Orb","|faint|p1a: Avalugg","|","|win|DJ Biggie"],"p1rating":{"entryid":7403154,"formatid":"monotype","userid":"e4icehawk","username":"E4 IceHawk†","r":1500,"rd":130,"sigma":0,"rpr":1460.9541826113,"rprd":122.15770964434,"rpsigma":0,"rptime":1438678800,"w":0,"l":1,"t":0,"gxe":45.1,"acre":1000,"lacre":1000,"oldacre":1000},"p2rating":{"entryid":"7236327","serverid":"eos","formatid":"monotype","userid":"djbiggie","username":"DJ Biggie","w":12,"l":"8","t":"0","gxe":54.7,"r":"1524.1693725529","rd":"71.603359091834","sigma":"0","rptime":"1438678800","rpr":1536.4894059224,"rprd":70.343345120487,"rpsigma":"0","acre":1137.0435085205,"lacre":1137.0435085205,"oldacre":"1120.3744394812"},"endType":"normal"}