{"seed":[14920,11398,6406,12720],"turns":29,"p1":"DownSyndromeDMOC","p2":"MrNyanNyanz","p1team":[{"name":"Kiwi","species":"gardevoir","item":"gardevoirite","ability":"Trace","moves":["hypervoice","psyshock","focusblast","calmmind"],"nature":"Timid","evs":{"hp":0,"atk":4,"def":0,"spa":252,"spd":0,"spe":252},"shiny":true,"ivs":{"hp":31,"atk":31,"def":31,"spa":31,"spd":31,"spe":31}},{"name":"Victini","species":"Victini","item":"choicescarf","ability":"Victory Star","moves":["vcreate","uturn","boltstrike","trick"],"nature":"Jolly","evs":{"hp":0,"atk":252,"def":0,"spa":0,"spd":4,"spe":252},"ivs":{"hp":31,"atk":31,"def":31,"spa":31,"spd":31,"spe":31}},{"name":"Soul Train","species":"latias","item":"lifeorb","ability":"Levitate","moves":["dracometeor","psyshock","defog","healingwish"],"nature":"Timid","evs":{"hp":0,"atk":0,"def":0,"spa":252,"spd":4,"spe":252},"ivs":{"hp":31,"atk":31,"def":31,"spa":31,"spd":31,"spe":31}},{"name":"First Class","species":"metagross","item":"assaultvest","ability":"Clear Body","moves":["meteormash","bulletpunch","zenheadbutt","earthquake"],"nature":"Adamant","evs":{"hp":248,"atk":252,"def":0,"spa":0,"spd":8,"spe":0},"shiny":true,"ivs":{"hp":31,"atk":31,"def":31,"spa":31,"spd":31,"spe":31}},{"name":"BigPapaLongDong","species":"slowbro","item":"rockyhelmet","ability":"Regenerator","moves":["scald","thunderwave","icebeam","slackoff"],"nature":"Bold","evs":{"hp":248,"atk":0,"def":252,"spa":8,"spd":0,"spe":0},"ivs":{"hp":31,"atk":31,"def":31,"spa":31,"spd":31,"spe":31}},{"name":"McBiggleDiggles","species":"meloetta","item":"choicespecs","ability":"Serene Grace","moves":["shadowball","hypervoice","dazzlinggleam","psyshock"],"nature":"Modest","evs":{"hp":248,"atk":0,"def":0,"spa":252,"spd":8,"spe":0},"ivs":{"hp":31,"atk":31,"def":31,"spa":31,"spd":31,"spe":31}}],"p2team":[{"name":"Bisharp","species":"Bisharp","item":"focussash","ability":"Defiant","moves":["suckerpunch","swordsdance","knockoff","ironhead"],"nature":"Adamant","evs":{"hp":248,"atk":252,"def":0,"spa":0,"spd":8,"spe":0},"ivs":{"hp":31,"atk":31,"def":31,"spa":31,"spd":31,"spe":31}},{"name":"Magnezone","species":"Magnezone","item":"choicescarf","ability":"Magnet Pull","moves":["thunderbolt","hiddenpowerice","voltswitch","flashcannon"],"nature":"Timid","evs":{"hp":0,"atk":0,"def":0,"spa":252,"spd":4,"spe":252},"ivs":{"hp":31,"atk":30,"def":30,"spa":31,"spd":31,"spe":31}},{"name":"Doublade","species":"Doublade","item":"eviolite","ability":"No Guard","moves":["swordsdance","rockslide","sacredsword","shadowsneak"],"nature":"Adamant","evs":{"hp":248,"atk":252,"def":0,"spa":0,"spd":8,"spe":0},"ivs":{"hp":31,"atk":31,"def":31,"spa":31,"spd":31,"spe":31}},{"name":"Heatran","species":"Heatran","item":"airballoon","ability":"Flash Fire","moves":["lavaplume","earthpower","ancientpower","roar"],"nature":"Modest","evs":{"hp":240,"atk":0,"def":0,"spa":252,"spd":0,"spe":16},"ivs":{"hp":31,"atk":31,"def":31,"spa":31,"spd":31,"spe":31}},{"name":"Skarmory","species":"Skarmory","item":"rockyhelmet","ability":"Sturdy","moves":["bravebird","roost","defog","stealthrock"],"nature":"Impish","evs":{"hp":248,"atk":0,"def":236,"spa":0,"spd":0,"spe":24},"ivs":{"hp":31,"atk":31,"def":31,"spa":31,"spd":31,"spe":31}},{"name":"Scizor","species":"Scizor","item":"scizorite","ability":"Technician","moves":["swordsdance","superpower","bulletpunch","bugbite"],"nature":"Adamant","evs":{"hp":248,"atk":252,"def":0,"spa":0,"spd":8,"spe":0},"ivs":{"hp":31,"atk":31,"def":31,"spa":31,"spd":31,"spe":31}}],"log":["|player|p1|DownSyndromeDMOC|1","|player|p2|MrNyanNyanz|mrnyannyanz.png","|gametype|singles","|gen|6","|tier|Monotype","|rated","|rule|Baton Pass Clause: Limit one Baton Passer, can't pass Spe and other stats simultaneously","|rule|Swagger Clause: Swagger is banned","|rule|Same Type Clause: Pokémon in a team must share a type","|clearpoke","|poke|p1|Gardevoir, F, shiny","|poke|p1|Victini","|poke|p1|Latias, F","|poke|p1|Metagross, shiny","|poke|p1|Slowbro, F","|poke|p1|Meloetta","|poke|p2|Bisharp, M","|poke|p2|Magnezone","|poke|p2|Doublade, M","|poke|p2|Heatran, F","|poke|p2|Skarmory, M","|poke|p2|Scizor, M","|rule|Sleep Clause Mod: Limit one foe put to sleep","|rule|Species Clause: Limit one of each Pokémon","|rule|OHKO Clause: OHKO moves are banned","|rule|Moody Clause: Moody is banned","|rule|Evasion Moves Clause: Evasion moves are banned","|rule|Endless Battle Clause: Forcing endless battles is banned","|rule|HP Percentage Mod: HP is shown in percentages","|teampreview","|","|start","|switch|p1a: First Class|Metagross, shiny|363/363","|switch|p2a: Bisharp|Bisharp, M|333/333","|turn|1","|","|move|p2a: Bisharp|Knock Off|p1a: First Class","|-supereffective|p1a: First Class","|-damage|p1a: First Class|57/363","|-enditem|p1a: First Class|Assault Vest|[from] move: Knock Off|[of] p2a: Bisharp","|move|p1a: First Class|Earthquake|p2a: Bisharp","|-supereffective|p2a: Bisharp","|-damage|p2a: Bisharp|79/333","|","|turn|2","|","|move|p1a: First Class|Bullet Punch|p2a: Bisharp","|-resisted|p2a: Bisharp","|-damage|p2a: Bisharp|40/333","|move|p2a: Bisharp|Sucker Punch|p1a: First Class","|-fail|p2a: Bisharp","|","|turn|3","|","|switch|p2a: Skarmory|Skarmory, M|333/333","|move|p1a: First Class|Earthquake|p2a: Skarmory","|-immune|p2a: Skarmory|[msg]","|","|turn|4","|","|switch|p1a: BigPapaLongDong|Slowbro, F|393/393","|move|p2a: Skarmory|Stealth Rock|p1a: BigPapaLongDong","|-sidestart|p1: DownSyndromeDMOC|move: Stealth Rock","|","|turn|5","|","|switch|p2a: Magnezone|Magnezone|281/281","|move|p1a: BigPapaLongDong|Scald|p2a: Magnezone","|-damage|p2a: Magnezone|181/281","|","|turn|6","|","|move|p2a: Magnezone|Volt Switch|p1a: BigPapaLongDong","|-supereffective|p1a: BigPapaLongDong","|-damage|p1a: BigPapaLongDong|97/393","|","|switch|p2a: Skarmory|Skarmory, M|333/333","|move|p1a: BigPapaLongDong|Scald|p2a: Skarmory","|-damage|p2a: Skarmory|203/333","|","|turn|7","|","|switch|p1a: Soul Train|Latias, F|301/301","|-damage|p1a: Soul Train|264/301|[from] Stealth Rock","|move|p2a: Skarmory|Brave Bird|p1a: Soul Train","|-damage|p1a: Soul Train|128/301","|-damage|p2a: Skarmory|158/333|[from] recoil|[of] p1a: Soul Train","|","|turn|8","|","|switch|p2a: Bisharp|Bisharp, M|40/333","|move|p1a: Soul Train|Defog|p2a: Bisharp","|-unboost|p2a: Bisharp|evasion|1","|-boost|p2a: Bisharp|atk|2|[from] ability: Defiant","|-sideend|p1: DownSyndromeDMOC|Stealth Rock|[from] move: Defog|[of] p1a: Soul Train","|","|turn|9","|","|move|p1a: Soul Train|Healing Wish|p1a: Soul Train","|faint|p1a: Soul Train","|move|p2a: Bisharp|Knock Off|p1: Soul Train|[notarget]","|-notarget","|","|","|switch|p1a: First Class|Metagross, shiny|57/363","|-heal|p1a: First Class|363/363|[from] move: Healing Wish","|turn|10","|","|move|p1a: First Class|Bullet Punch|p2a: Bisharp","|-resisted|p2a: Bisharp","|-damage|p2a: Bisharp|0 fnt","|faint|p2a: Bisharp","|","|","|switch|p2a: Doublade|Doublade, M|321/321","|turn|11","|","|switch|p1a: McBiggleDiggles|Meloetta|403/403","|move|p2a: Doublade|Swords Dance|p2a: Doublade","|-boost|p2a: Doublade|atk|2","|","|turn|12","|","|move|p1a: McBiggleDiggles|Shadow Ball|p2a: Doublade","|-supereffective|p2a: Doublade","|-damage|p2a: Doublade|0 fnt","|faint|p2a: Doublade","|","|","|switch|p2a: Scizor|Scizor, M|343/343","|turn|13","|","|switch|p1a: First Class|Metagross, shiny|363/363","|detailschange|p2a: Scizor|Scizor-Mega, M","|-mega|p2a: Scizor|Scizor|Scizorite","|move|p2a: Scizor|Bug Bite|p1a: First Class","|-damage|p1a: First Class|204/363","|","|turn|14","|","|switch|p1a: BigPapaLongDong|Slowbro, F|228/393","|move|p2a: Scizor|Swords Dance|p2a: Scizor","|-boost|p2a: Scizor|atk|2","|","|turn|15","|","|switch|p1a: Kiwi|Gardevoir, F, shiny|277/277","|-ability|p1a: Kiwi|Technician|[from] ability: Trace|[of] p2a: Scizor","|move|p2a: Scizor|Bug Bite|p1a: Kiwi","|-damage|p1a: Kiwi|0 fnt","|faint|p1a: Kiwi","|","|","|switch|p1a: Victini|Victini|341/341","|turn|16","|","|switch|p2a: Skarmory|Skarmory, M|158/333","|move|p1a: Victini|V-create|p2a: Skarmory","|-crit|p2a: Skarmory","|-supereffective|p2a: Skarmory","|-damage|p2a: Skarmory|0 fnt","|-damage|p1a: Victini|285/341|[from] item: Rocky Helmet|[of] p2a: Skarmory","|-unboost|p1a: Victini|spe|1","|-unboost|p1a: Victini|def|1","|-unboost|p1a: Victini|spd|1","|faint|p2a: Skarmory","|","|","|switch|p2a: Heatran|Heatran, F|383/383","|-item|p2a: Heatran|Air Balloon","|turn|17","|","|switch|p1a: BigPapaLongDong|Slowbro, F|359/393","|switch|p2a: Scizor|Scizor-Mega, M|343/343","|","|turn|18","|","|move|p2a: Scizor|Bug Bite|p1a: BigPapaLongDong","|-supereffective|p1a: BigPapaLongDong","|-damage|p1a: BigPapaLongDong|81/393","|-damage|p2a: Scizor|286/343|[from] item: Rocky Helmet|[of] p1a: BigPapaLongDong","|move|p1a: BigPapaLongDong|Scald|p2a: Scizor","|-damage|p2a: Scizor|192/343","|-status|p2a: Scizor|brn","|","|-damage|p2a: Scizor|150/343 brn|[from] brn","|turn|19","|","|switch|p1a: First Class|Metagross, shiny|204/363","|move|p2a: Scizor|Bug Bite|p1a: First Class","|-damage|p1a: First Class|131/363","|","|-damage|p2a: Scizor|108/343 brn|[from] brn","|turn|20","|","|move|p2a: Scizor|Bug Bite|p1a: First Class","|-damage|p1a: First Class|54/363","|move|p1a: First Class|Meteor Mash|p2a: Scizor","|-resisted|p2a: Scizor","|-damage|p2a: Scizor|41/343 brn","|","|-damage|p2a: Scizor|0 fnt|[from] brn","|faint|p2a: Scizor","|","|switch|p2a: Magnezone|Magnezone|181/281","|turn|21","|","|move|p2a: Magnezone|Thunderbolt|p1a: First Class","|-damage|p1a: First Class|0 fnt","|faint|p1a: First Class","|","|","|switch|p1a: McBiggleDiggles|Meloetta|403/403","|turn|22","|","|move|p2a: Magnezone|Thunderbolt|p1a: McBiggleDiggles","|-damage|p1a: McBiggleDiggles|271/403","|-status|p1a: McBiggleDiggles|par","|move|p1a: McBiggleDiggles|Psyshock|p2a: Magnezone","|-resisted|p2a: Magnezone","|-damage|p2a: Magnezone|82/281","|","|turn|23","|","|switch|p2a: Heatran|Heatran, F|383/383","|-item|p2a: Heatran|Air Balloon","|move|p1a: McBiggleDiggles|Psyshock|p2a: Heatran","|-resisted|p2a: Heatran","|-damage|p2a: Heatran|265/383","|-enditem|p2a: Heatran|Air Balloon","|","|turn|24","|","|move|p2a: Heatran|Lava Plume|p1a: McBiggleDiggles","|-damage|p1a: McBiggleDiggles|151/403 par","|move|p1a: McBiggleDiggles|Psyshock|p2a: Heatran","|-resisted|p2a: Heatran","|-damage|p2a: Heatran|157/383","|","|turn|25","|","|move|p2a: Heatran|Lava Plume|p1a: McBiggleDiggles","|-damage|p1a: McBiggleDiggles|30/403 par","|move|p1a: McBiggleDiggles|Psyshock|p2a: Heatran","|-resisted|p2a: Heatran","|-damage|p2a: Heatran|55/383","|","|turn|26","|","|move|p2a: Heatran|Lava Plume|p1a: McBiggleDiggles","|-damage|p1a: McBiggleDiggles|0 fnt","|faint|p1a: McBiggleDiggles","|","|","|switch|p1a: Victini|Victini|285/341","|turn|27","|","|move|p1a: Victini|Bolt Strike|p2a: Heatran","|-damage|p2a: Heatran|0 fnt","|faint|p2a: Heatran","|","|","|switch|p2a: Magnezone|Magnezone|82/281","|turn|28","|","|switch|p1a: BigPapaLongDong|Slowbro, F|212/393","|move|p2a: Magnezone|Thunderbolt|p1a: BigPapaLongDong","|-supereffective|p1a: BigPapaLongDong","|-damage|p1a: BigPapaLongDong|0 fnt","|faint|p1a: BigPapaLongDong","|","|","|switch|p1a: Victini|Victini|285/341","|turn|29","|","|move|p1a: Victini|V-create|p2a: Magnezone","|-supereffective|p2a: Magnezone","|-damage|p2a: Magnezone|0 fnt","|-unboost|p1a: Victini|spe|1","|-unboost|p1a: Victini|def|1","|-unboost|p1a: Victini|spd|1","|faint|p2a: Magnezone","|","|win|DownSyndromeDMOC"],"p1rating":{"entryid":"7212085","serverid":"eos","formatid":"monotype","userid":"downsyndromedmoc","username":"DownSyndromeDMOC","w":9,"l":"1","t":"0","gxe":69.3,"r":"1570.8388632309","rd":"118.42084550315","sigma":"0","rptime":"1438678800","rpr":1657.6059936384,"rprd":88.310063295917,"rpsigma":"0","acre":1196.3492787992,"lacre":1196.3492787992,"oldacre":"1180.2336654908"},"p2rating":{"entryid":"6703862","serverid":"eos","formatid":"monotype","userid":"mrnyannyanz","username":"MrNyanNyanz","w":"50","l":44,"t":"0","gxe":52.1,"r":"1537.4006844982","rd":"40.879362621391","sigma":"0","rptime":"1438678800","rpr":1516.2670206365,"rprd":37.362356779921,"rpsigma":"0","acre":1039.742109331,"lacre":1039.742109331,"oldacre":"1051.1325489749"},"endType":"normal"}