{"seed":[48281,63797,21674,32742],"turns":25,"p1":"Knight Ryan","p2":"Gym Ldr Mitsuka∆","p1team":[{"name":"Breloom","species":"Breloom","item":"lifeorb","ability":"Technician","moves":["machpunch","bulletseed","swordsdance","spore"],"nature":"Jolly","evs":{"hp":0,"atk":252,"def":0,"spa":0,"spd":4,"spe":252},"gender":"M","ivs":{"hp":31,"atk":31,"def":31,"spa":31,"spd":31,"spe":31}},{"name":"Trevenant","species":"Trevenant","item":"lumberry","ability":"Harvest","moves":["willowisp","calmmind","shadowball","leechseed"],"nature":"Bold","evs":{"hp":248,"atk":0,"def":252,"spa":8,"spd":0,"spe":0},"gender":"F","shiny":true,"ivs":{"hp":31,"atk":31,"def":31,"spa":31,"spd":31,"spe":31}},{"name":"Venusaur","species":"Venusaur","item":"venusaurite","ability":"Chlorophyll","moves":["gigadrain","sludgebomb","earthquake","growth"],"nature":"Mild","evs":{"hp":0,"atk":4,"def":0,"spa":252,"spd":0,"spe":252},"gender":"M","ivs":{"hp":31,"atk":31,"def":31,"spa":31,"spd":31,"spe":31}},{"name":"Rotom-Mow","species":"Rotom-Mow","item":"sitrusberry","ability":"Levitate","moves":["discharge","leafstorm","hiddenpowerice","toxic"],"nature":"Modest","evs":{"hp":248,"atk":0,"def":0,"spa":252,"spd":8,"spe":0},"ivs":{"hp":31,"atk":30,"def":30,"spa":31,"spd":31,"spe":31}},{"name":"Ferrothorn","species":"Ferrothorn","item":"rockyhelmet","ability":"Iron Barbs","moves":["curse","gyroball","stealthrock","spikes"],"nature":"Relaxed","evs":{"hp":248,"atk":8,"def":252,"spa":0,"spd":0,"spe":0},"gender":"F","ivs":{"hp":31,"atk":31,"def":31,"spa":31,"spd":31,"spe":0}},{"name":"Serperior","species":"Serperior","item":"sitrusberry","ability":"Contrary","moves":["dragonpulse","leafstorm","hiddenpowerfire","glare"],"nature":"Timid","evs":{"hp":0,"atk":0,"def":0,"spa":252,"spd":4,"spe":252},"gender":"M","ivs":{"hp":31,"atk":30,"def":31,"spa":30,"spd":31,"spe":30},"shiny":true}],"p2team":[{"name":"Victreebel","species":"Victreebel","item":"salacberry","ability":"Gluttony","moves":["belch","knockoff","gigadrain","sleeppowder"],"nature":"Rash","evs":{"hp":0,"atk":8,"def":0,"spa":252,"spd":0,"spe":248},"ivs":{"hp":31,"atk":31,"def":31,"spa":31,"spd":31,"spe":31}},{"name":"Venusaur","species":"Venusaur","item":"venusaurite","ability":"Overgrow","moves":["synthesis","earthquake","leechseed","sludgebomb"],"nature":"Sassy","evs":{"hp":248,"atk":8,"def":172,"spa":0,"spd":80,"spe":0},"ivs":{"hp":31,"atk":31,"def":31,"spa":31,"spd":31,"spe":31}},{"name":"Breloom","species":"Breloom","item":"focussash","ability":"Technician","moves":["spore","swordsdance","machpunch","rocktomb"],"nature":"Jolly","evs":{"hp":0,"atk":252,"def":0,"spa":0,"spd":4,"spe":252},"ivs":{"hp":31,"atk":31,"def":31,"spa":31,"spd":31,"spe":31}},{"name":"Celebi","species":"Celebi","item":"lifeorb","ability":"Natural Cure","moves":["psychic","earthpower","gigadrain","suckerpunch"],"nature":"Rash","evs":{"hp":252,"atk":72,"def":0,"spa":184,"spd":0,"spe":0},"ivs":{"hp":31,"atk":31,"def":31,"spa":31,"spd":31,"spe":31}},{"name":"Ferrothorn","species":"Ferrothorn","item":"occaberry","ability":"Iron Barbs","moves":["leechseed","stealthrock","gyroball","knockoff"],"nature":"Careful","evs":{"hp":248,"atk":8,"def":0,"spa":0,"spd":252,"spe":0},"ivs":{"hp":31,"atk":31,"def":31,"spa":31,"spd":31,"spe":0}},{"name":"Serperior","species":"Serperior","item":"lifeorb","ability":"Contrary","moves":["leafstorm","frenzyplant","hiddenpowerfire","dragonpulse"],"nature":"Timid","evs":{"hp":0,"atk":0,"def":0,"spa":252,"spd":4,"spe":252},"ivs":{"hp":31,"atk":30,"def":31,"spa":30,"spd":31,"spe":30}}],"log":["|player|p1|Knight Ryan|170","|player|p2|Gym Ldr Mitsuka∆|2","|gametype|singles","|gen|6","|tier|Monotype","|rated","|rule|Baton Pass Clause: Limit one Baton Passer, can't pass Spe and other stats simultaneously","|rule|Swagger Clause: Swagger is banned","|rule|Same Type Clause: Pokémon in a team must share a type","|clearpoke","|poke|p1|Breloom, M","|poke|p1|Trevenant, F, shiny","|poke|p1|Venusaur, M","|poke|p1|Rotom-Mow","|poke|p1|Ferrothorn, F","|poke|p1|Serperior, M, shiny","|poke|p2|Victreebel, M","|poke|p2|Venusaur, F","|poke|p2|Breloom, M","|poke|p2|Celebi","|poke|p2|Ferrothorn, M","|poke|p2|Serperior, F","|rule|Sleep Clause Mod: Limit one foe put to sleep","|rule|Species Clause: Limit one of each Pokémon","|rule|OHKO Clause: OHKO moves are banned","|rule|Moody Clause: Moody is banned","|rule|Evasion Moves Clause: Evasion moves are banned","|rule|Endless Battle Clause: Forcing endless battles is banned","|rule|HP Percentage Mod: HP is shown in percentages","|teampreview","|","|start","|switch|p1a: Serperior|Serperior, M, shiny|291/291","|switch|p2a: Serperior|Serperior, F|291/291","|turn|1","|","|move|p1a: Serperior|Glare|p2a: Serperior","|-status|p2a: Serperior|par","|cant|p2a: Serperior|par","|","|turn|2","|","|move|p1a: Serperior|Leaf Storm|p2a: Serperior","|-resisted|p2a: Serperior","|-damage|p2a: Serperior|204/291 par","|-boost|p1a: Serperior|spa|2","|move|p2a: Serperior|Hidden Power|p1a: Serperior","|-supereffective|p1a: Serperior","|-damage|p1a: Serperior|145/291","|-damage|p2a: Serperior|175/291 par|[from] item: Life Orb","|-enditem|p1a: Serperior|Sitrus Berry|[eat]","|-heal|p1a: Serperior|217/291|[from] item: Sitrus Berry","|","|turn|3","|","|move|p1a: Serperior|Hidden Power|p2a: Serperior","|-supereffective|p2a: Serperior","|-damage|p2a: Serperior|0 fnt","|faint|p2a: Serperior","|","|","|switch|p2a: Venusaur|Venusaur, F|363/363","|turn|4","|","|detailschange|p2a: Venusaur|Venusaur-Mega, F","|-mega|p2a: Venusaur|Venusaur|Venusaurite","|move|p1a: Serperior|Glare|p2a: Venusaur","|-status|p2a: Venusaur|par","|move|p2a: Venusaur|Sludge Bomb|p1a: Serperior","|-supereffective|p1a: Serperior","|-damage|p1a: Serperior|0 fnt","|faint|p1a: Serperior","|","|","|switch|p1a: Ferrothorn|Ferrothorn, F|351/351","|turn|5","|","|switch|p2a: Breloom|Breloom, M|261/261","|move|p1a: Ferrothorn|Stealth Rock|p2a: Breloom","|-sidestart|p2: Gym Ldr Mitsuka∆|move: Stealth Rock","|","|turn|6","|","|move|p2a: Breloom|Swords Dance|p2a: Breloom","|-boost|p2a: Breloom|atk|2","|move|p1a: Ferrothorn|Curse|p1a: Ferrothorn","|-unboost|p1a: Ferrothorn|spe|1","|-boost|p1a: Ferrothorn|atk|1","|-boost|p1a: Ferrothorn|def|1","|","|turn|7","|","|move|p2a: Breloom|Swords Dance|p2a: Breloom","|-boost|p2a: Breloom|atk|2","|move|p1a: Ferrothorn|Curse|p1a: Ferrothorn","|-unboost|p1a: Ferrothorn|spe|1","|-boost|p1a: Ferrothorn|atk|1","|-boost|p1a: Ferrothorn|def|1","|","|turn|8","|","|move|p2a: Breloom|Mach Punch|p1a: Ferrothorn","|-supereffective|p1a: Ferrothorn","|-damage|p1a: Ferrothorn|163/351","|-damage|p2a: Breloom|229/261|[from] ability: Iron Barbs|[of] p1a: Ferrothorn","|-damage|p2a: Breloom|186/261|[from] item: Rocky Helmet|[of] p1a: Ferrothorn","|move|p1a: Ferrothorn|Curse|p1a: Ferrothorn","|-unboost|p1a: Ferrothorn|spe|1","|-boost|p1a: Ferrothorn|atk|1","|-boost|p1a: Ferrothorn|def|1","|","|turn|9","|","|move|p2a: Breloom|Mach Punch|p1a: Ferrothorn","|-supereffective|p1a: Ferrothorn","|-damage|p1a: Ferrothorn|17/351","|-damage|p2a: Breloom|154/261|[from] ability: Iron Barbs|[of] p1a: Ferrothorn","|-damage|p2a: Breloom|111/261|[from] item: Rocky Helmet|[of] p1a: Ferrothorn","|move|p1a: Ferrothorn|Gyro Ball|p2a: Breloom","|-damage|p2a: Breloom|0 fnt","|faint|p2a: Breloom","|","|","|switch|p2a: Ferrothorn|Ferrothorn, M|351/351","|-damage|p2a: Ferrothorn|330/351|[from] Stealth Rock","|turn|10","|","|move|p2a: Ferrothorn|Knock Off|p1a: Ferrothorn","|-damage|p1a: Ferrothorn|0 fnt","|-damage|p2a: Ferrothorn|287/351|[from] ability: Iron Barbs|[of] p1a: Ferrothorn","|-damage|p2a: Ferrothorn|229/351|[from] item: Rocky Helmet|[of] p1a: Ferrothorn","|-enditem|p1a: Ferrothorn|Rocky Helmet|[from] move: Knock Off|[of] p2a: Ferrothorn","|faint|p1a: Ferrothorn","|","|","|switch|p1a: Trevenant|Trevenant, F, shiny|373/373","|turn|11","|","|move|p1a: Trevenant|Will-O-Wisp|p2a: Ferrothorn|[miss]","|-miss|p1a: Trevenant|p2a: Ferrothorn","|move|p2a: Ferrothorn|Knock Off|p1a: Trevenant","|-crit|p1a: Trevenant","|-supereffective|p1a: Trevenant","|-damage|p1a: Trevenant|189/373","|-enditem|p1a: Trevenant|Lum Berry|[from] move: Knock Off|[of] p2a: Ferrothorn","|","|turn|12","|","|move|p1a: Trevenant|Will-O-Wisp|p2a: Ferrothorn","|-status|p2a: Ferrothorn|brn","|move|p2a: Ferrothorn|Stealth Rock|p1a: Trevenant","|-sidestart|p1: Knight Ryan|move: Stealth Rock","|","|-damage|p2a: Ferrothorn|186/351 brn|[from] brn","|turn|13","|","|switch|p2a: Victreebel|Victreebel, M|301/301","|-damage|p2a: Victreebel|264/301|[from] Stealth Rock","|move|p1a: Trevenant|Calm Mind|p1a: Trevenant","|-boost|p1a: Trevenant|spa|1","|-boost|p1a: Trevenant|spd|1","|","|turn|14","|","|move|p2a: Victreebel|Knock Off|p1a: Trevenant","|-supereffective|p1a: Trevenant","|-damage|p1a: Trevenant|97/373","|move|p1a: Trevenant|Will-O-Wisp|p2a: Victreebel","|-status|p2a: Victreebel|brn","|","|-damage|p2a: Victreebel|227/301 brn|[from] brn","|turn|15","|","|move|p2a: Victreebel|Knock Off|p1a: Trevenant","|-supereffective|p1a: Trevenant","|-damage|p1a: Trevenant|52/373","|move|p1a: Trevenant|Shadow Ball|p2a: Victreebel","|-damage|p2a: Victreebel|80/301 brn","|-enditem|p2a: Victreebel|Salac Berry|[eat]","|-boost|p2a: Victreebel|spe|1|[from] item: Salac Berry","|","|-damage|p2a: Victreebel|43/301 brn|[from] brn","|turn|16","|","|move|p2a: Victreebel|Belch|p1a: Trevenant","|-damage|p1a: Trevenant|0 fnt","|faint|p1a: Trevenant","|","|-damage|p2a: Victreebel|6/301 brn|[from] brn","|","|switch|p1a: Breloom|Breloom, M|261/261","|-damage|p1a: Breloom|245/261|[from] Stealth Rock","|turn|17","|","|move|p1a: Breloom|Mach Punch|p2a: Victreebel","|-resisted|p2a: Victreebel","|-damage|p2a: Victreebel|0 fnt","|-damage|p1a: Breloom|219/261|[from] item: Life Orb","|faint|p2a: Victreebel","|","|","|switch|p2a: Celebi|Celebi|404/404","|-damage|p2a: Celebi|354/404|[from] Stealth Rock","|turn|18","|","|move|p1a: Breloom|Swords Dance|p1a: Breloom","|-boost|p1a: Breloom|atk|2","|move|p2a: Celebi|Psychic|p1a: Breloom","|-supereffective|p1a: Breloom","|-damage|p1a: Breloom|0 fnt","|-damage|p2a: Celebi|314/404|[from] item: Life Orb","|faint|p1a: Breloom","|","|","|switch|p1a: Venusaur|Venusaur, M|301/301","|-damage|p1a: Venusaur|264/301|[from] Stealth Rock","|turn|19","|","|detailschange|p1a: Venusaur|Venusaur-Mega, M","|-mega|p1a: Venusaur|Venusaur|Venusaurite","|move|p1a: Venusaur|Sludge Bomb|p2a: Celebi","|-supereffective|p2a: Celebi","|-damage|p2a: Celebi|0 fnt","|faint|p2a: Celebi","|","|","|switch|p2a: Venusaur|Venusaur-Mega, F|363/363 par","|-damage|p2a: Venusaur|318/363 par|[from] Stealth Rock","|turn|20","|","|move|p1a: Venusaur|Growth|p1a: Venusaur","|-boost|p1a: Venusaur|atk|1","|-boost|p1a: Venusaur|spa|1","|move|p2a: Venusaur|Sludge Bomb|p1a: Venusaur","|-damage|p1a: Venusaur|153/301","|","|turn|21","|","|move|p1a: Venusaur|Sludge Bomb|p2a: Venusaur","|-damage|p2a: Venusaur|122/363 par","|move|p2a: Venusaur|Sludge Bomb|p1a: Venusaur","|-damage|p1a: Venusaur|45/301","|","|turn|22","|","|switch|p2a: Ferrothorn|Ferrothorn, M|186/351 brn","|-damage|p2a: Ferrothorn|165/351 brn|[from] Stealth Rock","|move|p1a: Venusaur|Sludge Bomb|p2a: Ferrothorn","|-immune|p2a: Ferrothorn|[msg]","|","|-damage|p2a: Ferrothorn|122/351 brn|[from] brn","|turn|23","|","|move|p1a: Venusaur|Earthquake|p2a: Ferrothorn","|-damage|p2a: Ferrothorn|34/351 brn","|move|p2a: Ferrothorn|Gyro Ball|p1a: Venusaur","|-damage|p1a: Venusaur|0 fnt","|faint|p1a: Venusaur","|","|-damage|p2a: Ferrothorn|0 fnt|[from] brn","|faint|p2a: Ferrothorn","|","|switch|p1a: Rotom-Mow|Rotom-Mow|303/303","|switch|p2a: Venusaur|Venusaur-Mega, F|122/363 par","|-damage|p1a: Rotom-Mow|266/303|[from] Stealth Rock","|-damage|p2a: Venusaur|77/363 par|[from] Stealth Rock","|turn|24","|","|move|p1a: Rotom-Mow|Hidden Power|p2a: Venusaur","|-supereffective|p2a: Venusaur","|-damage|p2a: Venusaur|23/363 par","|cant|p2a: Venusaur|par","|","|turn|25","|","|move|p1a: Rotom-Mow|Hidden Power|p2a: Venusaur","|-supereffective|p2a: Venusaur","|-damage|p2a: Venusaur|0 fnt","|faint|p2a: Venusaur","|","|win|Knight Ryan"],"p1rating":{"entryid":"680905","serverid":"eos","formatid":"monotype","userid":"knightryan","username":"Knight Ryan","w":10,"l":"12","t":"0","gxe":48.1,"r":"1403.8094993324","rd":"97.799903656578","sigma":"0","rptime":"1441011600","rpr":1485.3546784126,"rprd":68.090382387522,"rpsigma":"0","acre":1145.0404542171,"lacre":1145.0404542171,"oldacre":"1108.2005311347"},"p2rating":{"entryid":"379503","serverid":"eos","formatid":"monotype","userid":"gymldrmitsuka","username":"Gym Ldr Mitsuka∆","w":"32","l":19,"t":"0","gxe":61.4,"r":"1563.1648398293","rd":"55.125863875314","sigma":"0","rptime":"1441011600","rpr":1588.2634937385,"rprd":49.160764946064,"rpsigma":"0","acre":1250.1847229045,"lacre":1250.1847229045,"oldacre":"1287.0246459869"},"endType":"normal"}