{"seed":[28013,57276,2238,16480],"turns":39,"p1":"Sovereign♕Genesect","p2":"Imp Donut","p1team":[{"name":"Keldeo","species":"Keldeo","item":"choicespecs","ability":"Justified","moves":["hiddenpowerpsychic","hydropump","secretsword","focusblast"],"nature":"Timid","evs":{"hp":0,"atk":0,"def":0,"spa":252,"spd":4,"spe":252},"ivs":{"hp":31,"atk":30,"def":31,"spa":31,"spd":31,"spe":30}},{"name":"Starmie","species":"Starmie","item":"choicescarf","ability":"Natural Cure","moves":["icebeam","thunderbolt","hydropump","psyshock"],"nature":"Timid","evs":{"hp":0,"atk":0,"def":0,"spa":252,"spd":4,"spe":252},"ivs":{"hp":31,"atk":31,"def":31,"spa":31,"spd":31,"spe":31}},{"name":"Rotom-Wash","species":"Rotom-Wash","item":"leftovers","ability":"Levitate","moves":["willowisp","thunderbolt","voltswitch","hydropump"],"nature":"Calm","evs":{"hp":252,"atk":0,"def":0,"spa":4,"spd":252,"spe":0},"ivs":{"hp":31,"atk":31,"def":31,"spa":31,"spd":31,"spe":31}},{"name":"Gyarados","species":"Gyarados","item":"gyaradosite","ability":"Intimidate","moves":["dragondance","waterfall","crunch","earthquake"],"nature":"Adamant","evs":{"hp":0,"atk":252,"def":0,"spa":0,"spd":4,"spe":252},"ivs":{"hp":31,"atk":31,"def":31,"spa":31,"spd":31,"spe":31}},{"name":"Slowking","species":"Slowking","item":"assaultvest","ability":"Regenerator","moves":["scald","psychic","flamethrower","icebeam"],"nature":"Modest","evs":{"hp":248,"atk":0,"def":0,"spa":228,"spd":32,"spe":0},"ivs":{"hp":31,"atk":31,"def":31,"spa":31,"spd":31,"spe":31}},{"name":"Quagsire","species":"Quagsire","item":"leftovers","ability":"Unaware","moves":["icepunch","curse","rest","sleeptalk"],"nature":"Impish","evs":{"hp":252,"atk":4,"def":252,"spa":0,"spd":0,"spe":0},"ivs":{"hp":31,"atk":31,"def":31,"spa":31,"spd":31,"spe":31}}],"p2team":[{"name":"Cobalion","species":"Cobalion","item":"choicescarf","ability":"Justified","moves":["closecombat","ironhead","stoneedge","xscissor"],"nature":"Jolly","evs":{"hp":0,"atk":252,"def":0,"spa":0,"spd":4,"spe":252},"ivs":{"hp":31,"atk":31,"def":31,"spa":31,"spd":31,"spe":31}},{"name":"Heatran","species":"Heatran","item":"airballoon","ability":"Flash Fire","moves":["ancientpower","earthpower","lavaplume","hiddenpowergrass"],"nature":"Modest","evs":{"hp":232,"atk":0,"def":0,"spa":252,"spd":0,"spe":24},"ivs":{"hp":31,"atk":30,"def":31,"spa":30,"spd":31,"spe":31}},{"name":"Skarmory","species":"Skarmory","item":"rockyhelmet","ability":"Sturdy","moves":["bravebird","stealthrock","roost","whirlwind"],"nature":"Impish","evs":{"hp":248,"atk":0,"def":236,"spa":0,"spd":0,"spe":24},"ivs":{"hp":31,"atk":31,"def":31,"spa":31,"spd":31,"spe":31}},{"name":"Ferrothorn","species":"Ferrothorn","item":"leftovers","ability":"Iron Barbs","moves":["leechseed","protect","toxic","powerwhip"],"nature":"Impish","evs":{"hp":252,"atk":4,"def":252,"spa":0,"spd":0,"spe":0},"ivs":{"hp":31,"atk":31,"def":31,"spa":31,"spd":31,"spe":31}},{"name":"Magnezone","species":"Magnezone","item":"airballoon","ability":"Sturdy","moves":["thunderbolt","hiddenpowerice","flashcannon","toxic"],"nature":"Modest","evs":{"hp":248,"atk":0,"def":0,"spa":252,"spd":8,"spe":0},"ivs":{"hp":31,"atk":30,"def":30,"spa":31,"spd":31,"spe":31}},{"name":"Registeel","species":"Registeel","item":"leftovers","ability":"Clear Body","moves":["icepunch","curse","ironhead","earthquake"],"nature":"Careful","evs":{"hp":252,"atk":0,"def":4,"spa":0,"spd":252,"spe":0},"ivs":{"hp":31,"atk":31,"def":31,"spa":31,"spd":31,"spe":31}}],"log":["|player|p1|Sovereign♕Genesect|1","|player|p2|Imp Donut|170","|gametype|singles","|gen|6","|tier|Monotype","|rated","|rule|Baton Pass Clause: Limit one Baton Passer, can't pass Spe and other stats simultaneously","|rule|Swagger Clause: Swagger is banned","|rule|Same Type Clause: Pokémon in a team must share a type","|clearpoke","|poke|p1|Keldeo","|poke|p1|Starmie","|poke|p1|Rotom-Wash","|poke|p1|Gyarados, M","|poke|p1|Slowking, M","|poke|p1|Quagsire, F","|poke|p2|Cobalion","|poke|p2|Heatran, M","|poke|p2|Skarmory, F","|poke|p2|Ferrothorn, M","|poke|p2|Magnezone","|poke|p2|Registeel","|rule|Sleep Clause Mod: Limit one foe put to sleep","|rule|Species Clause: Limit one of each Pokémon","|rule|OHKO Clause: OHKO moves are banned","|rule|Moody Clause: Moody is banned","|rule|Evasion Moves Clause: Evasion moves are banned","|rule|Endless Battle Clause: Forcing endless battles is banned","|rule|HP Percentage Mod: HP is shown in percentages","|teampreview","|","|start","|switch|p1a: Gyarados|Gyarados, M|331/331","|switch|p2a: Skarmory|Skarmory, F|333/333","|-ability|p1a: Gyarados|Intimidate","|-unboost|p2a: Skarmory|atk|1","|turn|1","|","|switch|p1a: Starmie|Starmie|261/261","|move|p2a: Skarmory|Stealth Rock|p1a: Starmie","|-sidestart|p1: Sovereign♕Genesect|move: Stealth Rock","|","|turn|2","|","|switch|p2a: Ferrothorn|Ferrothorn, M|352/352","|move|p1a: Starmie|Thunderbolt|p2a: Ferrothorn","|-resisted|p2a: Ferrothorn","|-damage|p2a: Ferrothorn|311/352","|","|-heal|p2a: Ferrothorn|333/352|[from] item: Leftovers","|turn|3","|","|switch|p1a: Slowking|Slowking, M|393/393","|-damage|p1a: Slowking|344/393|[from] Stealth Rock","|move|p2a: Ferrothorn|Leech Seed|p1a: Slowking","|-start|p1a: Slowking|move: Leech Seed","|","|-heal|p2a: Ferrothorn|352/352|[from] item: Leftovers","|-damage|p1a: Slowking|295/393|[from] Leech Seed|[of] p2a: Ferrothorn","|turn|4","|","|move|p2a: Ferrothorn|Protect|p2a: Ferrothorn","|-singleturn|p2a: Ferrothorn|Protect","|move|p1a: Slowking|Scald|p2a: Ferrothorn","|-activate|p2a: Ferrothorn|Protect","|","|-damage|p1a: Slowking|246/393|[from] Leech Seed|[of] p2a: Ferrothorn","|turn|5","|","|move|p1a: Slowking|Flamethrower|p2a: Ferrothorn","|-supereffective|p2a: Ferrothorn","|-damage|p2a: Ferrothorn|0 fnt","|faint|p2a: Ferrothorn","|","|","|switch|p2a: Magnezone|Magnezone|343/343","|-item|p2a: Magnezone|Air Balloon","|turn|6","|","|switch|p2a: Heatran|Heatran, M|381/381","|-item|p2a: Heatran|Air Balloon","|move|p1a: Slowking|Scald|p2a: Heatran","|-supereffective|p2a: Heatran","|-damage|p2a: Heatran|123/381","|-enditem|p2a: Heatran|Air Balloon","|","|-damage|p1a: Slowking|197/393|[from] Leech Seed|[of] p2a: Heatran","|-heal|p2a: Heatran|172/381|[silent]","|turn|7","|","|move|p2a: Heatran|Hidden Power|p1a: Slowking","|-supereffective|p1a: Slowking","|-damage|p1a: Slowking|103/393","|move|p1a: Slowking|Scald|p2a: Heatran","|-supereffective|p2a: Heatran","|-damage|p2a: Heatran|0 fnt","|faint|p2a: Heatran","|","|","|switch|p2a: Magnezone|Magnezone|343/343","|-item|p2a: Magnezone|Air Balloon","|turn|8","|","|move|p2a: Magnezone|Thunderbolt|p1a: Slowking","|-supereffective|p1a: Slowking","|-damage|p1a: Slowking|0 fnt","|faint|p1a: Slowking","|","|","|switch|p1a: Keldeo|Keldeo|323/323","|-damage|p1a: Keldeo|303/323|[from] Stealth Rock","|turn|9","|","|move|p1a: Keldeo|Secret Sword|p2a: Magnezone","|-supereffective|p2a: Magnezone","|-ability|p2a: Magnezone|Sturdy","|-damage|p2a: Magnezone|1/343","|-enditem|p2a: Magnezone|Air Balloon","|move|p2a: Magnezone|Thunderbolt|p1a: Keldeo","|-supereffective|p1a: Keldeo","|-damage|p1a: Keldeo|0 fnt","|faint|p1a: Keldeo","|","|","|switch|p1a: Rotom-Wash|Rotom-Wash|304/304","|-damage|p1a: Rotom-Wash|266/304|[from] Stealth Rock","|turn|10","|","|move|p1a: Rotom-Wash|Volt Switch|p2a: Magnezone","|-resisted|p2a: Magnezone","|-damage|p2a: Magnezone|0 fnt","|faint|p2a: Magnezone","|","|switch|p1a: Gyarados|Gyarados, M|331/331","|-damage|p1a: Gyarados|249/331|[from] Stealth Rock","|","|","|switch|p2a: Cobalion|Cobalion|323/323","|turn|11","|","|move|p2a: Cobalion|Stone Edge|p1a: Gyarados","|-crit|p1a: Gyarados","|-supereffective|p1a: Gyarados","|-damage|p1a: Gyarados|0 fnt","|faint|p1a: Gyarados","|","|","|switch|p1a: Rotom-Wash|Rotom-Wash|266/304","|-damage|p1a: Rotom-Wash|228/304|[from] Stealth Rock","|turn|12","|","|switch|p2a: Skarmory|Skarmory, F|333/333","|move|p1a: Rotom-Wash|Hydro Pump|p2a: Skarmory","|-damage|p2a: Skarmory|164/333","|","|-heal|p1a: Rotom-Wash|247/304|[from] item: Leftovers","|turn|13","|","|switch|p2a: Registeel|Registeel|364/364","|move|p1a: Rotom-Wash|Thunderbolt|p2a: Registeel","|-damage|p2a: Registeel|309/364","|","|-heal|p1a: Rotom-Wash|266/304|[from] item: Leftovers","|-heal|p2a: Registeel|331/364|[from] item: Leftovers","|turn|14","|","|move|p1a: Rotom-Wash|Volt Switch|p2a: Registeel","|-damage|p2a: Registeel|282/364","|","|switch|p1a: Starmie|Starmie|261/261","|-damage|p1a: Starmie|229/261|[from] Stealth Rock","|move|p2a: Registeel|Curse|p2a: Registeel","|-unboost|p2a: Registeel|spe|1","|-boost|p2a: Registeel|atk|1","|-boost|p2a: Registeel|def|1","|","|-heal|p2a: Registeel|304/364|[from] item: Leftovers","|turn|15","|","|move|p1a: Starmie|Hydro Pump|p2a: Registeel|[miss]","|-miss|p1a: Starmie|p2a: Registeel","|move|p2a: Registeel|Earthquake|p1a: Starmie","|-damage|p1a: Starmie|117/261","|","|-heal|p2a: Registeel|326/364|[from] item: Leftovers","|turn|16","|","|move|p1a: Starmie|Hydro Pump|p2a: Registeel|[miss]","|-miss|p1a: Starmie|p2a: Registeel","|move|p2a: Registeel|Earthquake|p1a: Starmie","|-damage|p1a: Starmie|19/261","|","|-heal|p2a: Registeel|348/364|[from] item: Leftovers","|turn|17","|","|move|p1a: Starmie|Hydro Pump|p2a: Registeel","|-damage|p2a: Registeel|263/364","|move|p2a: Registeel|Iron Head|p1a: Starmie","|-resisted|p1a: Starmie","|-damage|p1a: Starmie|0 fnt","|faint|p1a: Starmie","|","|-heal|p2a: Registeel|285/364|[from] item: Leftovers","|","|switch|p1a: Quagsire|Quagsire, F|394/394","|-damage|p1a: Quagsire|370/394|[from] Stealth Rock","|turn|18","|","|move|p1a: Quagsire|Curse|p1a: Quagsire","|-unboost|p1a: Quagsire|spe|1","|-boost|p1a: Quagsire|atk|1","|-boost|p1a: Quagsire|def|1","|move|p2a: Registeel|Ice Punch|p1a: Quagsire","|-damage|p1a: Quagsire|346/394","|","|-heal|p2a: Registeel|307/364|[from] item: Leftovers","|-heal|p1a: Quagsire|370/394|[from] item: Leftovers","|turn|19","|","|switch|p2a: Skarmory|Skarmory, F|164/333","|move|p1a: Quagsire|Curse|p1a: Quagsire","|-unboost|p1a: Quagsire|spe|1","|-boost|p1a: Quagsire|atk|1","|-boost|p1a: Quagsire|def|1","|","|-heal|p1a: Quagsire|394/394|[from] item: Leftovers","|turn|20","|","|move|p1a: Quagsire|Ice Punch|p2a: Skarmory","|-damage|p2a: Skarmory|107/333","|-damage|p1a: Quagsire|329/394|[from] item: Rocky Helmet|[of] p2a: Skarmory","|-status|p2a: Skarmory|frz","|cant|p2a: Skarmory|frz","|","|-heal|p1a: Quagsire|353/394|[from] item: Leftovers","|turn|21","|","|cant|p2a: Skarmory|frz","|move|p1a: Quagsire|Ice Punch|p2a: Skarmory","|-damage|p2a: Skarmory|50/333 frz","|-damage|p1a: Quagsire|288/394|[from] item: Rocky Helmet|[of] p2a: Skarmory","|","|-heal|p1a: Quagsire|312/394|[from] item: Leftovers","|turn|22","|","|cant|p2a: Skarmory|frz","|move|p1a: Quagsire|Ice Punch|p2a: Skarmory","|-damage|p2a: Skarmory|0 fnt","|-damage|p1a: Quagsire|247/394|[from] item: Rocky Helmet|[of] p2a: Skarmory","|faint|p2a: Skarmory","|","|-heal|p1a: Quagsire|271/394|[from] item: Leftovers","|","|switch|p2a: Cobalion|Cobalion|323/323","|turn|23","|","|move|p2a: Cobalion|Close Combat|p1a: Quagsire","|-damage|p1a: Quagsire|204/394","|-unboost|p2a: Cobalion|def|1","|-unboost|p2a: Cobalion|spd|1","|move|p1a: Quagsire|Curse|p1a: Quagsire","|-unboost|p1a: Quagsire|spe|1","|-boost|p1a: Quagsire|atk|1","|-boost|p1a: Quagsire|def|1","|","|-heal|p1a: Quagsire|228/394|[from] item: Leftovers","|turn|24","|","|move|p2a: Cobalion|Close Combat|p1a: Quagsire","|-damage|p1a: Quagsire|176/394","|-unboost|p2a: Cobalion|def|1","|-unboost|p2a: Cobalion|spd|1","|move|p1a: Quagsire|Curse|p1a: Quagsire","|-unboost|p1a: Quagsire|spe|1","|-boost|p1a: Quagsire|atk|1","|-boost|p1a: Quagsire|def|1","|","|-heal|p1a: Quagsire|200/394|[from] item: Leftovers","|turn|25","|","|move|p2a: Cobalion|Close Combat|p1a: Quagsire","|-damage|p1a: Quagsire|158/394","|-unboost|p2a: Cobalion|def|1","|-unboost|p2a: Cobalion|spd|1","|move|p1a: Quagsire|Rest|p1a: Quagsire","|-status|p1a: Quagsire|slp","|-heal|p1a: Quagsire|394/394 slp|[silent]","|-status|p1a: Quagsire|slp|[from] move: Rest","|","|turn|26","|","|move|p2a: Cobalion|Close Combat|p1a: Quagsire","|-damage|p1a: Quagsire|352/394 slp","|-unboost|p2a: Cobalion|def|1","|-unboost|p2a: Cobalion|spd|1","|cant|p1a: Quagsire|slp","|move|p1a: Quagsire|Sleep Talk|p1a: Quagsire","|move|p1a: Quagsire|Ice Punch|p2a: Cobalion|[from]Sleep Talk","|-resisted|p2a: Cobalion","|-damage|p2a: Cobalion|264/323","|","|-heal|p1a: Quagsire|376/394 slp|[from] item: Leftovers","|turn|27","|","|move|p2a: Cobalion|Close Combat|p1a: Quagsire","|-damage|p1a: Quagsire|331/394 slp","|-unboost|p2a: Cobalion|def|1","|-unboost|p2a: Cobalion|spd|1","|cant|p1a: Quagsire|slp","|move|p1a: Quagsire|Sleep Talk|p1a: Quagsire","|move|p1a: Quagsire|Rest|p1a: Quagsire|[from]Sleep Talk","|-fail|p1a: Quagsire","|","|-heal|p1a: Quagsire|355/394 slp|[from] item: Leftovers","|turn|28","|","|move|p2a: Cobalion|Close Combat|p1a: Quagsire","|-damage|p1a: Quagsire|309/394 slp","|-unboost|p2a: Cobalion|def|1","|-unboost|p2a: Cobalion|spd|1","|-curestatus|p1a: Quagsire|slp","|move|p1a: Quagsire|Ice Punch|p2a: Cobalion","|-resisted|p2a: Cobalion","|-damage|p2a: Cobalion|205/323","|","|-heal|p1a: Quagsire|333/394|[from] item: Leftovers","|turn|29","|","|move|p2a: Cobalion|Close Combat|p1a: Quagsire","|-damage|p1a: Quagsire|287/394","|move|p1a: Quagsire|Curse|p1a: Quagsire","|-unboost|p1a: Quagsire|spe|1","|-boost|p1a: Quagsire|atk|1","|-boost|p1a: Quagsire|def|1","|","|-heal|p1a: Quagsire|311/394|[from] item: Leftovers","|turn|30","|","|move|p2a: Cobalion|Close Combat|p1a: Quagsire","|-damage|p1a: Quagsire|274/394","|move|p1a: Quagsire|Curse|p1a: Quagsire","|-unboost|p1a: Quagsire|spe|1","|-boost|p1a: Quagsire|atk|1","|-boost|p1a: Quagsire|def|1","|","|-heal|p1a: Quagsire|298/394|[from] item: Leftovers","|turn|31","|","|switch|p2a: Registeel|Registeel|307/364","|move|p1a: Quagsire|Ice Punch|p2a: Registeel","|-resisted|p2a: Registeel","|-damage|p2a: Registeel|234/364","|","|-heal|p2a: Registeel|256/364|[from] item: Leftovers","|-heal|p1a: Quagsire|322/394|[from] item: Leftovers","|turn|32","|","|move|p2a: Registeel|Ice Punch|p1a: Quagsire","|-damage|p1a: Quagsire|313/394","|move|p1a: Quagsire|Ice Punch|p2a: Registeel","|-resisted|p2a: Registeel","|-damage|p2a: Registeel|183/364","|","|-heal|p2a: Registeel|205/364|[from] item: Leftovers","|-heal|p1a: Quagsire|337/394|[from] item: Leftovers","|turn|33","|","|move|p2a: Registeel|Earthquake|p1a: Quagsire","|-damage|p1a: Quagsire|323/394","|move|p1a: Quagsire|Ice Punch|p2a: Registeel","|-resisted|p2a: Registeel","|-damage|p2a: Registeel|138/364","|","|-heal|p2a: Registeel|160/364|[from] item: Leftovers","|-heal|p1a: Quagsire|347/394|[from] item: Leftovers","|turn|34","|","|move|p2a: Registeel|Earthquake|p1a: Quagsire","|-damage|p1a: Quagsire|335/394","|move|p1a: Quagsire|Ice Punch|p2a: Registeel","|-crit|p2a: Registeel","|-resisted|p2a: Registeel","|-damage|p2a: Registeel|52/364","|","|-heal|p2a: Registeel|74/364|[from] item: Leftovers","|-heal|p1a: Quagsire|359/394|[from] item: Leftovers","|turn|35","|","|move|p2a: Registeel|Earthquake|p1a: Quagsire","|-damage|p1a: Quagsire|345/394","|move|p1a: Quagsire|Ice Punch|p2a: Registeel","|-resisted|p2a: Registeel","|-damage|p2a: Registeel|6/364","|","|-heal|p2a: Registeel|28/364|[from] item: Leftovers","|-heal|p1a: Quagsire|369/394|[from] item: Leftovers","|turn|36","|","|move|p2a: Registeel|Iron Head|p1a: Quagsire","|-resisted|p1a: Quagsire","|-damage|p1a: Quagsire|360/394","|move|p1a: Quagsire|Ice Punch|p2a: Registeel","|-resisted|p2a: Registeel","|-damage|p2a: Registeel|0 fnt","|faint|p2a: Registeel","|","|-heal|p1a: Quagsire|384/394|[from] item: Leftovers","|","|switch|p2a: Cobalion|Cobalion|205/323","|turn|37","|","|move|p2a: Cobalion|Stone Edge|p1a: Quagsire","|-resisted|p1a: Quagsire","|-damage|p1a: Quagsire|375/394","|move|p1a: Quagsire|Ice Punch|p2a: Cobalion","|-resisted|p2a: Cobalion","|-damage|p2a: Cobalion|126/323","|","|-heal|p1a: Quagsire|394/394|[from] item: Leftovers","|turn|38","|","|move|p2a: Cobalion|Stone Edge|p1a: Quagsire","|-resisted|p1a: Quagsire","|-damage|p1a: Quagsire|384/394","|move|p1a: Quagsire|Ice Punch|p2a: Cobalion","|-resisted|p2a: Cobalion","|-damage|p2a: Cobalion|41/323","|","|-heal|p1a: Quagsire|394/394|[from] item: Leftovers","|turn|39","|","|move|p2a: Cobalion|Stone Edge|p1a: Quagsire|[miss]","|-miss|p2a: Cobalion|p1a: Quagsire","|move|p1a: Quagsire|Ice Punch|p2a: Cobalion","|-resisted|p2a: Cobalion","|-damage|p2a: Cobalion|0 fnt","|faint|p2a: Cobalion","|","|win|Sovereign♕Genesect"],"p1rating":{"entryid":"631432","serverid":"eos","formatid":"monotype","userid":"sovereigngenesect","username":"Sovereign♕Genesect","w":5,"l":"11","t":"0","gxe":39.4,"r":"1394.7461426866","rd":"76.938505234672","sigma":"0","rptime":"1441011600","rpr":1417.3148918959,"rprd":75.559181911623,"rpsigma":"0","acre":1080.5728878473,"lacre":1080.5728878473,"oldacre":"1025.7266529107"},"p2rating":{"entryid":"659054","serverid":"eos","formatid":"monotype","userid":"impdonut","username":"Imp Donut","w":"11","l":4,"t":"0","gxe":63.9,"r":"1561.2890700983","rd":"91.620289995019","sigma":"0","rptime":"1441011600","rpr":1609.6744125893,"rprd":77.468222872806,"rpsigma":"0","acre":1186.8698699464,"lacre":1186.8698699464,"oldacre":"1224.808936246"},"endType":"normal"}