{"seed":[28398,9645,24699,46620],"turns":34,"p1":"Knight Ryan","p2":"Rain ☆ Fae - ⒶⓌⒶⓎ","p1team":[{"name":"Breloom","species":"Breloom","item":"lifeorb","ability":"Technician","moves":["machpunch","bulletseed","swordsdance","spore"],"nature":"Jolly","evs":{"hp":0,"atk":252,"def":0,"spa":0,"spd":4,"spe":252},"gender":"M","ivs":{"hp":31,"atk":31,"def":31,"spa":31,"spd":31,"spe":31}},{"name":"Trevenant","species":"Trevenant","item":"lumberry","ability":"Harvest","moves":["willowisp","calmmind","shadowball","leechseed"],"nature":"Bold","evs":{"hp":248,"atk":0,"def":252,"spa":8,"spd":0,"spe":0},"gender":"F","shiny":true,"ivs":{"hp":31,"atk":31,"def":31,"spa":31,"spd":31,"spe":31}},{"name":"Venusaur","species":"Venusaur","item":"venusaurite","ability":"Chlorophyll","moves":["gigadrain","sludgebomb","earthquake","growth"],"nature":"Mild","evs":{"hp":0,"atk":4,"def":0,"spa":252,"spd":0,"spe":252},"gender":"M","ivs":{"hp":31,"atk":31,"def":31,"spa":31,"spd":31,"spe":31}},{"name":"Rotom-Mow","species":"Rotom-Mow","item":"sitrusberry","ability":"Levitate","moves":["discharge","leafstorm","hiddenpowerice","toxic"],"nature":"Modest","evs":{"hp":248,"atk":0,"def":0,"spa":252,"spd":8,"spe":0},"ivs":{"hp":31,"atk":30,"def":30,"spa":31,"spd":31,"spe":31}},{"name":"Ferrothorn","species":"Ferrothorn","item":"rockyhelmet","ability":"Iron Barbs","moves":["curse","gyroball","stealthrock","spikes"],"nature":"Relaxed","evs":{"hp":248,"atk":8,"def":252,"spa":0,"spd":0,"spe":0},"gender":"F","ivs":{"hp":31,"atk":31,"def":31,"spa":31,"spd":31,"spe":0}},{"name":"Serperior","species":"Serperior","item":"sitrusberry","ability":"Contrary","moves":["dragonpulse","leafstorm","hiddenpowerfire","glare"],"nature":"Timid","evs":{"hp":0,"atk":0,"def":0,"spa":252,"spd":4,"spe":252},"gender":"M","ivs":{"hp":31,"atk":30,"def":31,"spa":30,"spd":31,"spe":30},"shiny":true}],"p2team":[{"name":"Golurk","species":"Golurk","item":"assaultvest","ability":"No Guard","moves":["stoneedge","icepunch","earthquake","dynamicpunch"],"nature":"Adamant","evs":{"hp":4,"atk":252,"def":0,"spa":0,"spd":252,"spe":0},"ivs":{"hp":31,"atk":31,"def":31,"spa":31,"spd":31,"spe":31}},{"name":"Sableye","species":"Sableye","item":"leftovers","ability":"Prankster","moves":["taunt","knockoff","willowisp","recover"],"nature":"Impish","evs":{"hp":232,"atk":0,"def":252,"spa":0,"spd":0,"spe":24},"ivs":{"hp":31,"atk":31,"def":31,"spa":31,"spd":31,"spe":31}},{"name":"Doublade","species":"Doublade","item":"eviolite","ability":"No Guard","moves":["gyroball","destinybond","toxic","swordsdance"],"nature":"Relaxed","evs":{"hp":248,"atk":8,"def":252,"spa":0,"spd":0,"spe":0},"ivs":{"hp":31,"atk":31,"def":31,"spa":31,"spd":31,"spe":0}},{"name":"Jellicent","species":"Jellicent","item":"leftovers","ability":"Water Absorb","moves":["scald","willowisp","recover","taunt"],"nature":"Calm","evs":{"hp":252,"atk":0,"def":0,"spa":0,"spd":212,"spe":44},"ivs":{"hp":31,"atk":31,"def":31,"spa":31,"spd":31,"spe":31}},{"name":"Gengar","species":"Gengar","item":"lifeorb","ability":"Levitate","moves":["shadowball","sludgewave","focusblast","taunt"],"nature":"Timid","evs":{"hp":0,"atk":0,"def":0,"spa":252,"spd":4,"spe":252},"ivs":{"hp":31,"atk":31,"def":31,"spa":31,"spd":31,"spe":31}},{"name":"Banette","species":"Banette","item":"banettite","ability":"Insomnia","moves":["destinybond","suckerpunch","thunderwave","gunkshot"],"nature":"Adamant","evs":{"hp":248,"atk":252,"def":0,"spa":0,"spd":8,"spe":0},"ivs":{"hp":31,"atk":31,"def":31,"spa":31,"spd":31,"spe":31}}],"log":["|player|p1|Knight Ryan|170","|player|p2|Rain ☆ Fae - ⒶⓌⒶⓎ|rainfae.png","|gametype|singles","|gen|6","|tier|Monotype","|rated","|rule|Baton Pass Clause: Limit one Baton Passer, can't pass Spe and other stats simultaneously","|rule|Swagger Clause: Swagger is banned","|rule|Same Type Clause: Pokémon in a team must share a type","|clearpoke","|poke|p1|Breloom, M","|poke|p1|Trevenant, F, shiny","|poke|p1|Venusaur, M","|poke|p1|Rotom-Mow","|poke|p1|Ferrothorn, F","|poke|p1|Serperior, M, shiny","|poke|p2|Golurk","|poke|p2|Sableye, F","|poke|p2|Doublade, F","|poke|p2|Jellicent, F","|poke|p2|Gengar, F","|poke|p2|Banette, F","|rule|Sleep Clause Mod: Limit one foe put to sleep","|rule|Species Clause: Limit one of each Pokémon","|rule|OHKO Clause: OHKO moves are banned","|rule|Moody Clause: Moody is banned","|rule|Evasion Moves Clause: Evasion moves are banned","|rule|Endless Battle Clause: Forcing endless battles is banned","|rule|HP Percentage Mod: HP is shown in percentages","|teampreview","|","|start","|switch|p1a: Ferrothorn|Ferrothorn, F|351/351","|switch|p2a: Sableye|Sableye, F|299/299","|turn|1","|","|move|p2a: Sableye|Taunt|p1a: Ferrothorn","|-start|p1a: Ferrothorn|move: Taunt","|cant|p1a: Ferrothorn|move: Taunt|Stealth Rock","|","|turn|2","|","|move|p2a: Sableye|Will-O-Wisp|p1a: Ferrothorn|[miss]","|-miss|p2a: Sableye|p1a: Ferrothorn","|move|p1a: Ferrothorn|Gyro Ball|p2a: Sableye","|-damage|p2a: Sableye|208/299","|","|-heal|p2a: Sableye|226/299|[from] item: Leftovers","|turn|3","|","|switch|p1a: Trevenant|Trevenant, F, shiny|373/373","|move|p2a: Sableye|Will-O-Wisp|p1a: Trevenant","|-status|p1a: Trevenant|brn","|-enditem|p1a: Trevenant|Lum Berry|[eat]","|-curestatus|p1a: Trevenant|brn","|","|-heal|p2a: Sableye|244/299|[from] item: Leftovers","|-item|p1a: Trevenant|Lum Berry|[from] ability: Harvest","|turn|4","|","|move|p2a: Sableye|Taunt|p1a: Trevenant","|-start|p1a: Trevenant|move: Taunt","|cant|p1a: Trevenant|move: Taunt|Will-O-Wisp","|","|-heal|p2a: Sableye|262/299|[from] item: Leftovers","|turn|5","|","|move|p2a: Sableye|Will-O-Wisp|p1a: Trevenant","|-status|p1a: Trevenant|brn","|-enditem|p1a: Trevenant|Lum Berry|[eat]","|-curestatus|p1a: Trevenant|brn","|move|p1a: Trevenant|Shadow Ball|p2a: Sableye","|-damage|p2a: Sableye|162/299","|","|-heal|p2a: Sableye|180/299|[from] item: Leftovers","|turn|6","|","|move|p1a: Trevenant|Shadow Ball|p2a: Sableye","|-damage|p2a: Sableye|89/299","|move|p2a: Sableye|Knock Off|p1a: Trevenant","|-supereffective|p1a: Trevenant","|-damage|p1a: Trevenant|265/373","|","|-heal|p2a: Sableye|107/299|[from] item: Leftovers","|-end|p1a: Trevenant|move: Taunt","|-item|p1a: Trevenant|Lum Berry|[from] ability: Harvest","|turn|7","|","|move|p2a: Sableye|Recover|p2a: Sableye","|-heal|p2a: Sableye|257/299","|move|p1a: Trevenant|Shadow Ball|p2a: Sableye","|-damage|p2a: Sableye|163/299","|-unboost|p2a: Sableye|spd|1","|","|-heal|p2a: Sableye|181/299|[from] item: Leftovers","|turn|8","|","|move|p2a: Sableye|Taunt|p1a: Trevenant","|-start|p1a: Trevenant|move: Taunt","|cant|p1a: Trevenant|move: Taunt|Leech Seed","|","|-heal|p2a: Sableye|199/299|[from] item: Leftovers","|turn|9","|","|move|p1a: Trevenant|Shadow Ball|p2a: Sableye","|-damage|p2a: Sableye|43/299","|move|p2a: Sableye|Knock Off|p1a: Trevenant","|-supereffective|p1a: Trevenant","|-damage|p1a: Trevenant|119/373","|-enditem|p1a: Trevenant|Lum Berry|[from] move: Knock Off|[of] p2a: Sableye","|","|-heal|p2a: Sableye|61/299|[from] item: Leftovers","|turn|10","|","|switch|p2a: Doublade|Doublade, F|321/321","|move|p1a: Trevenant|Shadow Ball|p2a: Doublade","|-supereffective|p2a: Doublade","|-damage|p2a: Doublade|153/321","|","|-end|p1a: Trevenant|move: Taunt","|turn|11","|","|move|p1a: Trevenant|Shadow Ball|p2a: Doublade","|-supereffective|p2a: Doublade","|-damage|p2a: Doublade|0 fnt","|faint|p2a: Doublade","|","|","|switch|p2a: Banette|Banette, F|331/331","|turn|12","|","|detailschange|p2a: Banette|Banette-Mega, F","|-mega|p2a: Banette|Banette|Banettite","|move|p2a: Banette|Sucker Punch|p1a: Trevenant","|-fail|p2a: Banette","|move|p1a: Trevenant|Leech Seed|p2a: Banette","|-start|p2a: Banette|move: Leech Seed","|","|-damage|p2a: Banette|290/331|[from] Leech Seed|[of] p1a: Trevenant","|-heal|p1a: Trevenant|160/373|[silent]","|turn|13","|","|move|p2a: Banette|Gunk Shot|p1a: Trevenant","|-damage|p1a: Trevenant|0 fnt","|faint|p1a: Trevenant","|","|","|switch|p1a: Ferrothorn|Ferrothorn, F|351/351","|turn|14","|","|move|p2a: Banette|Thunder Wave|p1a: Ferrothorn","|-status|p1a: Ferrothorn|par","|move|p1a: Ferrothorn|Stealth Rock|p2a: Banette","|-sidestart|p2: Rain ☆ Fae - ⒶⓌⒶⓎ|move: Stealth Rock","|","|-damage|p2a: Banette|249/331|[from] Leech Seed|[of] p1a: Ferrothorn","|turn|15","|","|switch|p2a: Golurk|Golurk|320/320","|-damage|p2a: Golurk|300/320|[from] Stealth Rock","|move|p1a: Ferrothorn|Curse|p1a: Ferrothorn","|-unboost|p1a: Ferrothorn|spe|1","|-boost|p1a: Ferrothorn|atk|1","|-boost|p1a: Ferrothorn|def|1","|","|turn|16","|","|move|p2a: Golurk|Dynamic Punch|p1a: Ferrothorn","|-supereffective|p1a: Ferrothorn","|-damage|p1a: Ferrothorn|245/351 par","|-damage|p2a: Golurk|260/320|[from] ability: Iron Barbs|[of] p1a: Ferrothorn","|-damage|p2a: Golurk|207/320|[from] item: Rocky Helmet|[of] p1a: Ferrothorn","|-start|p1a: Ferrothorn|confusion","|-activate|p1a: Ferrothorn|confusion","|-damage|p1a: Ferrothorn|227/351 par|[from] confusion","|","|turn|17","|","|switch|p2a: Gengar|Gengar, F|261/261","|-damage|p2a: Gengar|229/261|[from] Stealth Rock","|-activate|p1a: Ferrothorn|confusion","|cant|p1a: Ferrothorn|par","|","|turn|18","|","|move|p2a: Gengar|Focus Blast|p1a: Ferrothorn|[miss]","|-miss|p2a: Gengar|p1a: Ferrothorn","|-end|p1a: Ferrothorn|confusion","|move|p1a: Ferrothorn|Gyro Ball|p2a: Gengar","|-damage|p2a: Gengar|0 fnt","|faint|p2a: Gengar","|","|","|switch|p2a: Golurk|Golurk|207/320","|-damage|p2a: Golurk|187/320|[from] Stealth Rock","|turn|19","|","|move|p2a: Golurk|Earthquake|p1a: Ferrothorn","|-damage|p1a: Ferrothorn|158/351 par","|move|p1a: Ferrothorn|Gyro Ball|p2a: Golurk","|-damage|p2a: Golurk|0 fnt","|faint|p2a: Golurk","|","|","|switch|p2a: Banette|Banette-Mega, F|249/331","|-damage|p2a: Banette|208/331|[from] Stealth Rock","|turn|20","|","|move|p2a: Banette|Sucker Punch|p1a: Ferrothorn","|-fail|p2a: Banette","|move|p1a: Ferrothorn|Spikes|p2a: Banette","|-sidestart|p2: Rain ☆ Fae - ⒶⓌⒶⓎ|Spikes","|","|turn|21","|","|move|p2a: Banette|Sucker Punch|p1a: Ferrothorn","|-fail|p2a: Banette","|move|p1a: Ferrothorn|Spikes|p2a: Banette","|-sidestart|p2: Rain ☆ Fae - ⒶⓌⒶⓎ|Spikes","|","|turn|22","|","|switch|p2a: Sableye|Sableye, F|61/299","|-damage|p2a: Sableye|12/299|[from] Spikes","|-damage|p2a: Sableye|0 fnt|[from] Stealth Rock","|faint|p2a: Sableye","|move|p1a: Ferrothorn|Spikes|p2: Sableye","|-sidestart|p2: Rain ☆ Fae - ⒶⓌⒶⓎ|Spikes","|","|","|switch|p2a: Jellicent|Jellicent, F|404/404","|-damage|p2a: Jellicent|354/404|[from] Stealth Rock","|-damage|p2a: Jellicent|253/404|[from] Spikes","|turn|23","|","|move|p2a: Jellicent|Recover|p2a: Jellicent","|-heal|p2a: Jellicent|404/404","|move|p1a: Ferrothorn|Gyro Ball|p2a: Jellicent","|-resisted|p2a: Jellicent","|-damage|p2a: Jellicent|235/404","|","|-heal|p2a: Jellicent|260/404|[from] item: Leftovers","|turn|24","|","|move|p2a: Jellicent|Recover|p2a: Jellicent","|-heal|p2a: Jellicent|404/404","|move|p1a: Ferrothorn|Gyro Ball|p2a: Jellicent","|-resisted|p2a: Jellicent","|-damage|p2a: Jellicent|235/404","|","|-heal|p2a: Jellicent|260/404|[from] item: Leftovers","|turn|25","|","|move|p2a: Jellicent|Recover|p2a: Jellicent","|-heal|p2a: Jellicent|404/404","|move|p1a: Ferrothorn|Curse|p1a: Ferrothorn","|-unboost|p1a: Ferrothorn|spe|1","|-boost|p1a: Ferrothorn|atk|1","|-boost|p1a: Ferrothorn|def|1","|","|turn|26","|","|move|p2a: Jellicent|Scald|p1a: Ferrothorn","|-resisted|p1a: Ferrothorn","|-damage|p1a: Ferrothorn|123/351 par","|move|p1a: Ferrothorn|Gyro Ball|p2a: Jellicent","|-resisted|p2a: Jellicent","|-damage|p2a: Jellicent|164/404","|","|-heal|p2a: Jellicent|189/404|[from] item: Leftovers","|turn|27","|","|move|p2a: Jellicent|Recover|p2a: Jellicent","|-heal|p2a: Jellicent|391/404","|move|p1a: Ferrothorn|Gyro Ball|p2a: Jellicent","|-resisted|p2a: Jellicent","|-damage|p2a: Jellicent|148/404","|","|-heal|p2a: Jellicent|173/404|[from] item: Leftovers","|turn|28","|","|move|p2a: Jellicent|Recover|p2a: Jellicent","|-heal|p2a: Jellicent|375/404","|move|p1a: Ferrothorn|Curse|p1a: Ferrothorn","|-unboost|p1a: Ferrothorn|spe|1","|-boost|p1a: Ferrothorn|atk|1","|-boost|p1a: Ferrothorn|def|1","|","|-heal|p2a: Jellicent|400/404|[from] item: Leftovers","|turn|29","|","|move|p2a: Jellicent|Scald|p1a: Ferrothorn","|-resisted|p1a: Ferrothorn","|-damage|p1a: Ferrothorn|89/351 par","|move|p1a: Ferrothorn|Curse|p1a: Ferrothorn","|-unboost|p1a: Ferrothorn|spe|1","|-boost|p1a: Ferrothorn|atk|1","|-boost|p1a: Ferrothorn|def|1","|","|-heal|p2a: Jellicent|404/404|[from] item: Leftovers","|turn|30","|","|move|p2a: Jellicent|Scald|p1a: Ferrothorn","|-resisted|p1a: Ferrothorn","|-damage|p1a: Ferrothorn|56/351 par","|move|p1a: Ferrothorn|Gyro Ball|p2a: Jellicent","|-resisted|p2a: Jellicent","|-damage|p2a: Jellicent|54/404","|","|-heal|p2a: Jellicent|79/404|[from] item: Leftovers","|turn|31","|","|switch|p1a: Rotom-Mow|Rotom-Mow|303/303","|move|p2a: Jellicent|Scald|p1a: Rotom-Mow","|-resisted|p1a: Rotom-Mow","|-damage|p1a: Rotom-Mow|267/303","|","|-heal|p2a: Jellicent|104/404|[from] item: Leftovers","|turn|32","|","|move|p1a: Rotom-Mow|Discharge|p2a: Jellicent","|-supereffective|p2a: Jellicent","|-damage|p2a: Jellicent|0 fnt","|faint|p2a: Jellicent","|","|","|switch|p2a: Banette|Banette-Mega, F|208/331","|-damage|p2a: Banette|126/331|[from] Spikes","|-damage|p2a: Banette|85/331|[from] Stealth Rock","|turn|33","|","|move|p2a: Banette|Sucker Punch|p1a: Rotom-Mow","|-fail|p2a: Banette","|move|p1a: Rotom-Mow|Toxic|p2a: Banette","|-status|p2a: Banette|tox","|","|-damage|p2a: Banette|65/331 tox|[from] psn","|turn|34","|","|move|p2a: Banette|Sucker Punch|p1a: Rotom-Mow","|-damage|p1a: Rotom-Mow|158/303","|move|p1a: Rotom-Mow|Hidden Power|p2a: Banette","|-damage|p2a: Banette|0 fnt","|faint|p2a: Banette","|","|win|Knight Ryan"],"p1rating":{"entryid":"680905","serverid":"eos","formatid":"monotype","userid":"knightryan","username":"Knight Ryan","w":3,"l":"5","t":"0","gxe":45.2,"r":"1403.8094993324","rd":"97.799903656578","sigma":"0","rptime":"1441011600","rpr":1462.64267053,"rprd":92.155730800543,"rpsigma":"0","acre":1095.5257017278,"lacre":1095.5257017278,"oldacre":"1063.972536266"},"p2rating":{"entryid":"544452","serverid":"eos","formatid":"monotype","userid":"rainfae","username":"Rain ☆ Fae","w":"2","l":1,"t":"0","gxe":52.7,"r":"1540.1606143388","rd":"123.40150317888","sigma":"0","rptime":"1441011600","rpr":1521.3539101663,"rprd":112.15464140762,"rpsigma":"0","acre":1054.7278007357,"lacre":1054.7278007357,"oldacre":"1077.1092318411"},"endType":"normal"}