{"seed":[22048,40449,15716,10994],"turns":32,"p1":"SWL Jyph","p2":"Rain ☆ S.Herbs","p1team":[{"name":"Amoonguss","species":"Amoonguss","item":"blacksludge","ability":"Regenerator","moves":["spore","sludgebomb","gigadrain","synthesis"],"nature":"Bold","evs":{"hp":252,"atk":0,"def":252,"spa":0,"spd":4,"spe":0},"ivs":{"hp":31,"atk":31,"def":31,"spa":31,"spd":31,"spe":31}},{"name":"Nidoqueen","species":"Nidoqueen","item":"lifeorb","ability":"Sheer Force","moves":["stealthrock","earthpower","fireblast","icebeam"],"nature":"Modest","evs":{"hp":252,"atk":0,"def":0,"spa":252,"spd":4,"spe":0},"ivs":{"hp":31,"atk":31,"def":31,"spa":31,"spd":31,"spe":31}},{"name":"Tentacruel","species":"Tentacruel","item":"blacksludge","ability":"Liquid Ooze","moves":["haze","scald","rapidspin","gigadrain"],"nature":"Calm","evs":{"hp":252,"atk":0,"def":4,"spa":0,"spd":22,"spe":0},"ivs":{"hp":31,"atk":31,"def":31,"spa":31,"spd":31,"spe":31}},{"name":"Gengar","species":"Gengar","item":"lifeorb","ability":"Levitate","moves":["dazzlinggleam","shadowball","sludgewave","thunderbolt"],"nature":"Timid","evs":{"hp":0,"atk":0,"def":0,"spa":252,"spd":4,"spe":252},"ivs":{"hp":31,"atk":31,"def":31,"spa":31,"spd":31,"spe":31}},{"name":"Beedrill","species":"Beedrill","item":"beedrillite","ability":"Swarm","moves":["protect","drillrun","poisonjab","uturn"],"nature":"Jolly","evs":{"hp":0,"atk":252,"def":0,"spa":0,"spd":4,"spe":252},"ivs":{"hp":31,"atk":31,"def":31,"spa":31,"spd":31,"spe":31}},{"name":"Drapion","species":"Drapion","item":"assaultvest","ability":"Battle Armor","moves":["knockoff","pursuit","rockslide","earthquake"],"nature":"Adamant","evs":{"hp":248,"atk":200,"def":0,"spa":0,"spd":60,"spe":0},"ivs":{"hp":31,"atk":31,"def":31,"spa":31,"spd":31,"spe":31}}],"p2team":[{"name":"Weezing","species":"Weezing","item":"blacksludge","ability":"Levitate","moves":["sludgebomb","flamethrower","darkpulse","painsplit"],"nature":"Modest","evs":{"hp":252,"atk":0,"def":0,"spa":252,"spd":4,"spe":0},"shiny":true,"ivs":{"hp":31,"atk":31,"def":31,"spa":31,"spd":31,"spe":31}},{"name":"Dragalge","species":"Dragalge","item":"blacksludge","ability":"Adaptability","moves":["dragonpulse","sludgewave","toxicspikes","scald"],"nature":"Modest","evs":{"hp":252,"atk":0,"def":0,"spa":252,"spd":4,"spe":0},"shiny":true,"ivs":{"hp":31,"atk":31,"def":31,"spa":31,"spd":31,"spe":31}},{"name":"Crobat","species":"Crobat","item":"blacksludge","ability":"Infiltrator","moves":["bravebird","superfang","xscissor","confuseray"],"nature":"Jolly","evs":{"hp":0,"atk":252,"def":0,"spa":0,"spd":4,"spe":252},"ivs":{"hp":31,"atk":31,"def":31,"spa":31,"spd":31,"spe":31}},{"name":"Venusaur","species":"Venusaur","item":"venusaurite","ability":"Chlorophyll","moves":["leechseed","earthquake","gigadrain","sludgebomb"],"nature":"Mild","evs":{"hp":0,"atk":4,"def":0,"spa":252,"spd":0,"spe":252},"shiny":true,"ivs":{"hp":31,"atk":31,"def":31,"spa":31,"spd":31,"spe":31}},{"name":"Drapion","species":"Drapion","item":"lumberry","ability":"Sniper","moves":["crosspoison","nightslash","earthquake","swordsdance"],"nature":"Jolly","evs":{"hp":248,"atk":252,"def":0,"spa":0,"spd":8,"spe":0},"ivs":{"hp":31,"atk":31,"def":31,"spa":31,"spd":31,"spe":31}},{"name":"Scolipede","species":"Scolipede","item":"lifeorb","ability":"Speed Boost","moves":["megahorn","poisonjab","earthquake","protect"],"nature":"Adamant","evs":{"hp":0,"atk":252,"def":0,"spa":0,"spd":4,"spe":252},"shiny":true,"ivs":{"hp":31,"atk":31,"def":31,"spa":31,"spd":31,"spe":31}}],"log":["|player|p1|SWL Jyph|swljyph.png","|player|p2|Rain ☆ S.Herbs|154","|gametype|singles","|gen|6","|tier|Monotype","|rated","|rule|Baton Pass Clause: Limit one Baton Passer, can't pass Spe and other stats simultaneously","|rule|Swagger Clause: Swagger is banned","|rule|Same Type Clause: Pokémon in a team must share a type","|clearpoke","|poke|p1|Amoonguss, M","|poke|p1|Nidoqueen, F","|poke|p1|Tentacruel, F","|poke|p1|Gengar, M","|poke|p1|Beedrill, F","|poke|p1|Drapion, M","|poke|p2|Weezing, M, shiny","|poke|p2|Dragalge, M, shiny","|poke|p2|Crobat, M","|poke|p2|Venusaur, F, shiny","|poke|p2|Drapion, F","|poke|p2|Scolipede, F, shiny","|rule|Sleep Clause Mod: Limit one foe put to sleep","|rule|Species Clause: Limit one of each Pokémon","|rule|OHKO Clause: OHKO moves are banned","|rule|Moody Clause: Moody is banned","|rule|Evasion Moves Clause: Evasion moves are banned","|rule|Endless Battle Clause: Forcing endless battles is banned","|rule|HP Percentage Mod: HP is shown in percentages","|teampreview","|","|start","|switch|p1a: Beedrill|Beedrill, F|271/271","|switch|p2a: Venusaur|Venusaur, F, shiny|301/301","|turn|1","|","|detailschange|p1a: Beedrill|Beedrill-Mega, F","|-mega|p1a: Beedrill|Beedrill|Beedrillite","|detailschange|p2a: Venusaur|Venusaur-Mega, F, shiny","|-mega|p2a: Venusaur|Venusaur|Venusaurite","|move|p1a: Beedrill|U-turn|p2a: Venusaur","|-crit|p2a: Venusaur","|-damage|p2a: Venusaur|51/301","|","|switch|p1a: Gengar|Gengar, M|261/261","|move|p2a: Venusaur|Leech Seed|p1a: Gengar","|-start|p1a: Gengar|move: Leech Seed","|","|-damage|p1a: Gengar|229/261|[from] Leech Seed|[of] p2a: Venusaur","|-heal|p2a: Venusaur|83/301|[silent]","|turn|2","|","|switch|p2a: Dragalge|Dragalge, M, shiny|334/334","|move|p1a: Gengar|Sludge Wave|p2a: Dragalge","|-resisted|p2a: Dragalge","|-damage|p2a: Dragalge|238/334","|-damage|p1a: Gengar|203/261|[from] item: Life Orb","|","|-heal|p2a: Dragalge|258/334|[from] item: Black Sludge","|-damage|p1a: Gengar|171/261|[from] Leech Seed|[of] p2a: Dragalge","|-heal|p2a: Dragalge|290/334|[silent]","|turn|3","|","|switch|p1a: Tentacruel|Tentacruel, F|364/364","|move|p2a: Dragalge|Dragon Pulse|p1a: Tentacruel","|-damage|p1a: Tentacruel|226/364","|","|-heal|p1a: Tentacruel|248/364|[from] item: Black Sludge","|-heal|p2a: Dragalge|310/334|[from] item: Black Sludge","|turn|4","|","|switch|p2a: Venusaur|Venusaur-Mega, F, shiny|83/301","|move|p1a: Tentacruel|Scald|p2a: Venusaur","|-resisted|p2a: Venusaur","|-damage|p2a: Venusaur|51/301","|-status|p2a: Venusaur|brn","|","|-heal|p1a: Tentacruel|270/364|[from] item: Black Sludge","|-damage|p2a: Venusaur|14/301 brn|[from] brn","|turn|5","|","|move|p2a: Venusaur|Leech Seed|p1a: Tentacruel","|-start|p1a: Tentacruel|move: Leech Seed","|move|p1a: Tentacruel|Scald|p2a: Venusaur","|-crit|p2a: Venusaur","|-resisted|p2a: Venusaur","|-damage|p2a: Venusaur|0 fnt","|faint|p2a: Venusaur","|","|-heal|p1a: Tentacruel|292/364|[from] item: Black Sludge","|","|switch|p2a: Scolipede|Scolipede, F, shiny|261/261","|turn|6","|","|switch|p1a: Amoonguss|Amoonguss, M|432/432","|move|p2a: Scolipede|Protect|p2a: Scolipede","|-fail|p2a: Scolipede","|","|-boost|p2a: Scolipede|spe|1|[from] ability: Speed Boost","|turn|7","|","|move|p2a: Scolipede|Megahorn|p1a: Amoonguss","|-damage|p1a: Amoonguss|182/432","|-damage|p2a: Scolipede|235/261|[from] item: Life Orb","|move|p1a: Amoonguss|Spore|p2a: Scolipede","|-status|p2a: Scolipede|slp","|","|-heal|p1a: Amoonguss|209/432|[from] item: Black Sludge","|-boost|p2a: Scolipede|spe|1|[from] ability: Speed Boost","|turn|8","|","|switch|p1a: Nidoqueen|Nidoqueen, F|384/384","|cant|p2a: Scolipede|slp","|","|-boost|p2a: Scolipede|spe|1|[from] ability: Speed Boost","|turn|9","|","|switch|p2a: Weezing|Weezing, M, shiny|334/334","|move|p1a: Nidoqueen|Fire Blast|p2a: Weezing","|-damage|p2a: Weezing|126/334","|","|-heal|p2a: Weezing|146/334|[from] item: Black Sludge","|turn|10","|","|switch|p2a: Dragalge|Dragalge, M, shiny|310/334","|move|p1a: Nidoqueen|Stealth Rock|p2a: Dragalge","|-sidestart|p2: Rain ☆ S.Herbs|move: Stealth Rock","|","|-heal|p2a: Dragalge|330/334|[from] item: Black Sludge","|turn|11","|","|switch|p1a: Drapion|Drapion, M|343/343","|move|p2a: Dragalge|Scald|p1a: Drapion","|-damage|p1a: Drapion|275/343","|-status|p1a: Drapion|brn","|","|-heal|p2a: Dragalge|334/334|[from] item: Black Sludge","|-damage|p1a: Drapion|233/343 brn|[from] brn","|turn|12","|","|move|p1a: Drapion|Knock Off|p2a: Dragalge","|-damage|p2a: Dragalge|260/334","|-enditem|p2a: Dragalge|Black Sludge|[from] move: Knock Off|[of] p1a: Drapion","|move|p2a: Dragalge|Dragon Pulse|p1a: Drapion","|-damage|p1a: Drapion|99/343 brn","|","|-damage|p1a: Drapion|57/343 brn|[from] brn","|turn|13","|","|switch|p2a: Weezing|Weezing, M, shiny|146/334","|-damage|p2a: Weezing|105/334|[from] Stealth Rock","|move|p1a: Drapion|Earthquake|p2a: Weezing","|-immune|p2a: Weezing|[msg]","|","|-heal|p2a: Weezing|125/334|[from] item: Black Sludge","|-damage|p1a: Drapion|15/343 brn|[from] brn","|turn|14","|","|move|p1a: Drapion|Knock Off|p2a: Weezing","|-damage|p2a: Weezing|69/334","|-enditem|p2a: Weezing|Black Sludge|[from] move: Knock Off|[of] p1a: Drapion","|move|p2a: Weezing|Flamethrower|p1a: Drapion","|-damage|p1a: Drapion|0 fnt","|faint|p1a: Drapion","|","|","|switch|p1a: Nidoqueen|Nidoqueen, F|384/384","|turn|15","|","|move|p1a: Nidoqueen|Ice Beam|p2a: Weezing","|-damage|p2a: Weezing|0 fnt","|faint|p2a: Weezing","|","|","|switch|p2a: Drapion|Drapion, F|343/343","|-damage|p2a: Drapion|301/343|[from] Stealth Rock","|turn|16","|","|switch|p1a: Amoonguss|Amoonguss, M|353/432","|move|p2a: Drapion|Earthquake|p1a: Amoonguss","|-damage|p1a: Amoonguss|264/432","|","|-heal|p1a: Amoonguss|291/432|[from] item: Black Sludge","|turn|17","|","|move|p2a: Drapion|Swords Dance|p2a: Drapion","|-boost|p2a: Drapion|atk|2","|move|p1a: Amoonguss|Sludge Bomb|p2a: Drapion","|-resisted|p2a: Drapion","|-damage|p2a: Drapion|247/343","|","|-heal|p1a: Amoonguss|318/432|[from] item: Black Sludge","|turn|18","|","|move|p2a: Drapion|Night Slash|p1a: Amoonguss","|-damage|p1a: Amoonguss|153/432","|move|p1a: Amoonguss|Giga Drain|p2a: Drapion","|-resisted|p2a: Drapion","|-damage|p2a: Drapion|202/343","|-heal|p1a: Amoonguss|176/432|[from] drain|[of] p2a: Drapion","|","|-heal|p1a: Amoonguss|203/432|[from] item: Black Sludge","|turn|19","|","|move|p2a: Drapion|Cross Poison|p1a: Amoonguss","|-damage|p1a: Amoonguss|32/432","|move|p1a: Amoonguss|Synthesis|p1a: Amoonguss","|-heal|p1a: Amoonguss|248/432","|","|-heal|p1a: Amoonguss|275/432|[from] item: Black Sludge","|turn|20","|","|move|p2a: Drapion|Night Slash|p1a: Amoonguss","|-damage|p1a: Amoonguss|85/432","|move|p1a: Amoonguss|Synthesis|p1a: Amoonguss","|-heal|p1a: Amoonguss|301/432","|","|-heal|p1a: Amoonguss|328/432|[from] item: Black Sludge","|turn|21","|","|move|p2a: Drapion|Night Slash|p1a: Amoonguss","|-crit|p1a: Amoonguss","|-damage|p1a: Amoonguss|0 fnt","|faint|p1a: Amoonguss","|","|","|switch|p1a: Beedrill|Beedrill-Mega, F|271/271","|turn|22","|","|switch|p2a: Scolipede|Scolipede, F, shiny|235/261 slp","|-damage|p2a: Scolipede|170/261 slp|[from] Stealth Rock","|move|p1a: Beedrill|U-turn|p2a: Scolipede","|-crit|p2a: Scolipede","|-resisted|p2a: Scolipede","|-damage|p2a: Scolipede|29/261 slp","|","|switch|p1a: Gengar|Gengar, M|171/261","|","|turn|23","|","|-curestatus|p2a: Scolipede|slp","|move|p2a: Scolipede|Protect|p2a: Scolipede","|-singleturn|p2a: Scolipede|Protect","|move|p1a: Gengar|Shadow Ball|p2a: Scolipede","|-activate|p2a: Scolipede|Protect","|","|-boost|p2a: Scolipede|spe|1|[from] ability: Speed Boost","|turn|24","|","|move|p2a: Scolipede|Megahorn|p1a: Gengar","|-resisted|p1a: Gengar","|-damage|p1a: Gengar|81/261","|-damage|p2a: Scolipede|3/261|[from] item: Life Orb","|move|p1a: Gengar|Shadow Ball|p2a: Scolipede","|-damage|p2a: Scolipede|0 fnt","|-damage|p1a: Gengar|55/261|[from] item: Life Orb","|faint|p2a: Scolipede","|","|","|switch|p2a: Crobat|Crobat, M|311/311","|-damage|p2a: Crobat|234/311|[from] Stealth Rock","|turn|25","|","|switch|p1a: Tentacruel|Tentacruel, F|292/364","|move|p2a: Crobat|Brave Bird|p1a: Tentacruel","|-damage|p1a: Tentacruel|54/364","|-damage|p2a: Crobat|155/311|[from] recoil|[of] p1a: Tentacruel","|","|-heal|p2a: Crobat|174/311|[from] item: Black Sludge","|-heal|p1a: Tentacruel|76/364|[from] item: Black Sludge","|turn|26","|","|move|p2a: Crobat|Brave Bird|p1a: Tentacruel","|-damage|p1a: Tentacruel|0 fnt","|-damage|p2a: Crobat|149/311|[from] recoil|[of] p1a: Tentacruel","|faint|p1a: Tentacruel","|","|-heal|p2a: Crobat|168/311|[from] item: Black Sludge","|","|switch|p1a: Nidoqueen|Nidoqueen, F|384/384","|turn|27","|","|switch|p2a: Drapion|Drapion, F|202/343","|-damage|p2a: Drapion|160/343|[from] Stealth Rock","|move|p1a: Nidoqueen|Ice Beam|p2a: Drapion","|-damage|p2a: Drapion|1/343","|","|turn|28","|","|switch|p1a: Gengar|Gengar, M|55/261","|move|p2a: Drapion|Night Slash|p1a: Gengar","|-supereffective|p1a: Gengar","|-damage|p1a: Gengar|0 fnt","|faint|p1a: Gengar","|","|","|switch|p1a: Beedrill|Beedrill-Mega, F|271/271","|turn|29","|","|move|p1a: Beedrill|U-turn|p2a: Drapion","|-damage|p2a: Drapion|0 fnt","|faint|p2a: Drapion","|","|switch|p1a: Nidoqueen|Nidoqueen, F|384/384","|","|","|switch|p2a: Crobat|Crobat, M|168/311","|-damage|p2a: Crobat|91/311|[from] Stealth Rock","|turn|30","|","|move|p2a: Crobat|Confuse Ray|p1a: Nidoqueen","|-start|p1a: Nidoqueen|confusion","|-activate|p1a: Nidoqueen|confusion","|-damage|p1a: Nidoqueen|342/384|[from] confusion","|","|-heal|p2a: Crobat|110/311|[from] item: Black Sludge","|turn|31","|","|move|p2a: Crobat|Super Fang|p1a: Nidoqueen","|-damage|p1a: Nidoqueen|171/384","|-activate|p1a: Nidoqueen|confusion","|move|p1a: Nidoqueen|Ice Beam|p2a: Crobat","|-supereffective|p2a: Crobat","|-damage|p2a: Crobat|0 fnt","|faint|p2a: Crobat","|","|","|switch|p2a: Dragalge|Dragalge, M, shiny|260/334","|-damage|p2a: Dragalge|219/334|[from] Stealth Rock","|turn|32","|","|-end|p1a: Nidoqueen|confusion","|move|p1a: Nidoqueen|Earth Power|p2a: Dragalge","|-supereffective|p2a: Dragalge","|-damage|p2a: Dragalge|0 fnt","|faint|p2a: Dragalge","|","|win|SWL Jyph"],"p1rating":{"entryid":"10848","serverid":"eos","formatid":"monotype","userid":"swljyph","username":"SWL Jyph","w":22,"l":"16","t":"0","gxe":57.6,"r":"1543.9664484449","rd":"56.822554924342","sigma":"0","rptime":"1440925200","rpr":1558.2697262155,"rprd":55.517288238871,"rpsigma":"0","acre":1141.8348058167,"lacre":1141.8348058167,"oldacre":"1122.6895625516"},"p2rating":{"entryid":"61538","serverid":"eos","formatid":"monotype","userid":"rainsherbs","username":"Rain ☆ S.Herbs","w":"19","l":24,"t":"0","gxe":44.8,"r":"1475.0811862586","rd":"53.599358220025","sigma":"0","rptime":"1440925200","rpr":1460.4230269528,"rprd":52.442423435428,"rpsigma":"0","acre":1027.5568013925,"lacre":1027.5568013925,"oldacre":"1039.7850674685"},"endType":"normal"}