{"seed":[1196,42725,49426,21594],"turns":34,"p1":"Carnie Marston","p2":"Imp Donut","p1team":[{"name":"Scizor","species":"Scizor","item":"scizorite","ability":"Technician","moves":["bulletpunch","knockoff","bugbite","swordsdance"],"nature":"Adamant","evs":{"hp":216,"atk":216,"def":0,"spa":0,"spd":0,"spe":76},"ivs":{"hp":31,"atk":31,"def":31,"spa":31,"spd":31,"spe":31}},{"name":"Excadrill","species":"Excadrill","item":"airballoon","ability":"Mold Breaker","moves":["rockslide","earthquake","brickbreak","ironhead"],"nature":"Adamant","evs":{"hp":0,"atk":252,"def":0,"spa":0,"spd":4,"spe":252},"ivs":{"hp":31,"atk":31,"def":31,"spa":31,"spd":31,"spe":31}},{"name":"Ferrothorn","species":"Ferrothorn","item":"zoomlens","ability":"Anticipation","moves":["powerwhip","ironhead","spikes","swordsdance"],"nature":"Adamant","evs":{"hp":248,"atk":252,"def":0,"spa":0,"spd":8,"spe":0},"ivs":{"hp":31,"atk":31,"def":31,"spa":31,"spd":31,"spe":31}},{"name":"Heatran","species":"Heatran","item":"airballoon","ability":"Flash Fire","moves":["eruption","flashcannon","toxic","earthpower"],"nature":"Quiet","evs":{"hp":248,"atk":0,"def":0,"spa":252,"spd":8,"spe":0},"ivs":{"hp":31,"atk":31,"def":31,"spa":31,"spd":31,"spe":31}},{"name":"Empoleon","species":"Empoleon","item":"expertbelt","ability":"Defiant","moves":["flashcannon","icebeam","scald","drillpeck"],"nature":"Mild","evs":{"hp":248,"atk":8,"def":0,"spa":252,"spd":0,"spe":0},"shiny":true,"ivs":{"hp":31,"atk":31,"def":31,"spa":31,"spd":31,"spe":31}},{"name":"Sleepy","species":"jirachi","item":"airballoon","ability":"Serene Grace","moves":["calmmind","thunderbolt","psychic","flashcannon"],"nature":"Timid","evs":{"hp":0,"atk":0,"def":0,"spa":252,"spd":4,"spe":252},"ivs":{"hp":31,"atk":31,"def":31,"spa":31,"spd":31,"spe":31}}],"p2team":[{"name":"Excadrill","species":"Excadrill","item":"choicescarf","ability":"Mold Breaker","moves":["brickbreak","earthquake","ironhead","rockslide"],"nature":"Jolly","evs":{"hp":0,"atk":252,"def":0,"spa":0,"spd":4,"spe":252},"ivs":{"hp":31,"atk":31,"def":31,"spa":31,"spd":31,"spe":31}},{"name":"Heatran","species":"Heatran","item":"airballoon","ability":"Flash Fire","moves":["ancientpower","earthpower","lavaplume","hiddenpowergrass"],"nature":"Modest","evs":{"hp":232,"atk":0,"def":0,"spa":252,"spd":0,"spe":24},"ivs":{"hp":31,"atk":30,"def":31,"spa":30,"spd":31,"spe":31}},{"name":"Skarmory","species":"Skarmory","item":"rockyhelmet","ability":"Sturdy","moves":["bravebird","stealthrock","roost","whirlwind"],"nature":"Impish","evs":{"hp":248,"atk":0,"def":236,"spa":0,"spd":0,"spe":24},"ivs":{"hp":31,"atk":31,"def":31,"spa":31,"spd":31,"spe":31}},{"name":"Scizor","species":"Scizor","item":"scizorite","ability":"Technician","moves":["bulletpunch","roost","swordsdance","bugbite"],"nature":"Adamant","evs":{"hp":248,"atk":252,"def":0,"spa":0,"spd":8,"spe":0},"ivs":{"hp":31,"atk":31,"def":31,"spa":31,"spd":31,"spe":31}},{"name":"Empoleon","species":"Empoleon","item":"leftovers","ability":"Torrent","moves":["scald","roar","knockoff","icebeam"],"nature":"Calm","evs":{"hp":196,"atk":0,"def":84,"spa":56,"spd":172,"spe":0},"ivs":{"hp":31,"atk":30,"def":31,"spa":30,"spd":31,"spe":31}},{"name":"Doublade","species":"Doublade","item":"eviolite","ability":"No Guard","moves":["swordsdance","ironhead","sacredsword","shadowsneak"],"nature":"Adamant","evs":{"hp":248,"atk":252,"def":0,"spa":0,"spd":8,"spe":0},"ivs":{"hp":31,"atk":31,"def":31,"spa":31,"spd":31,"spe":31}}],"log":["|player|p1|Carnie Marston|169","|player|p2|Imp Donut|170","|gametype|singles","|gen|6","|tier|Monotype","|rated","|rule|Baton Pass Clause: Limit one Baton Passer, can't pass Spe and other stats simultaneously","|rule|Swagger Clause: Swagger is banned","|rule|Same Type Clause: Pokémon in a team must share a type","|clearpoke","|poke|p1|Scizor, M","|poke|p1|Excadrill, M","|poke|p1|Ferrothorn, M","|poke|p1|Heatran, F","|poke|p1|Empoleon, M, shiny","|poke|p1|Jirachi","|poke|p2|Excadrill, F","|poke|p2|Heatran, F","|poke|p2|Skarmory, M","|poke|p2|Scizor, F","|poke|p2|Empoleon, F","|poke|p2|Doublade, M","|rule|Sleep Clause Mod: Limit one foe put to sleep","|rule|Species Clause: Limit one of each Pokémon","|rule|OHKO Clause: OHKO moves are banned","|rule|Moody Clause: Moody is banned","|rule|Evasion Moves Clause: Evasion moves are banned","|rule|Endless Battle Clause: Forcing endless battles is banned","|rule|HP Percentage Mod: HP is shown in percentages","|teampreview","|","|start","|switch|p1a: Heatran|Heatran, F|385/385","|switch|p2a: Heatran|Heatran, F|381/381","|-item|p2a: Heatran|Air Balloon","|-item|p1a: Heatran|Air Balloon","|turn|1","|","|move|p2a: Heatran|Ancient Power|p1a: Heatran","|-damage|p1a: Heatran|312/385","|-enditem|p1a: Heatran|Air Balloon","|move|p1a: Heatran|Flash Cannon|p2a: Heatran","|-resisted|p2a: Heatran","|-damage|p2a: Heatran|347/381","|-enditem|p2a: Heatran|Air Balloon","|","|turn|2","|","|move|p2a: Heatran|Earth Power|p1a: Heatran","|-supereffective|p1a: Heatran","|-damage|p1a: Heatran|0 fnt","|faint|p1a: Heatran","|","|","|switch|p1a: Excadrill|Excadrill, M|361/361","|-ability|p1a: Excadrill|Mold Breaker","|-item|p1a: Excadrill|Air Balloon","|turn|3","|","|switch|p2a: Skarmory|Skarmory, M|333/333","|move|p1a: Excadrill|Earthquake|p2a: Skarmory","|-immune|p2a: Skarmory|[msg]","|","|turn|4","|","|move|p1a: Excadrill|Rock Slide|p2a: Skarmory","|-damage|p2a: Skarmory|272/333","|cant|p2a: Skarmory|flinch","|","|turn|5","|","|move|p1a: Excadrill|Rock Slide|p2a: Skarmory","|-damage|p2a: Skarmory|211/333","|cant|p2a: Skarmory|flinch","|","|turn|6","|","|move|p1a: Excadrill|Rock Slide|p2a: Skarmory","|-damage|p2a: Skarmory|157/333","|cant|p2a: Skarmory|flinch","|","|turn|7","|","|move|p1a: Excadrill|Rock Slide|p2a: Skarmory","|-crit|p2a: Skarmory","|-damage|p2a: Skarmory|75/333","|move|p2a: Skarmory|Roost|p2a: Skarmory","|-heal|p2a: Skarmory|242/333","|","|turn|8","|","|move|p1a: Excadrill|Rock Slide|p2a: Skarmory","|-damage|p2a: Skarmory|189/333","|cant|p2a: Skarmory|flinch","|","|turn|9","|","|move|p1a: Excadrill|Rock Slide|p2a: Skarmory","|-damage|p2a: Skarmory|127/333","|cant|p2a: Skarmory|flinch","|","|turn|10","|","|move|p1a: Excadrill|Rock Slide|p2a: Skarmory","|-miss|p1a: Excadrill|p2a: Skarmory","|move|p2a: Skarmory|Roost|p2a: Skarmory","|-heal|p2a: Skarmory|294/333","|","|turn|11","|","|move|p1a: Excadrill|Rock Slide|p2a: Skarmory","|-damage|p2a: Skarmory|233/333","|cant|p2a: Skarmory|flinch","|","|turn|12","|","|switch|p1a: Empoleon|Empoleon, M, shiny|371/371","|move|p2a: Skarmory|Roost|p2a: Skarmory","|-heal|p2a: Skarmory|333/333","|","|turn|13","|","|switch|p2a: Empoleon|Empoleon, F|358/358","|move|p1a: Empoleon|Ice Beam|p2a: Empoleon","|-resisted|p2a: Empoleon","|-damage|p2a: Empoleon|339/358","|-status|p2a: Empoleon|frz","|","|-heal|p2a: Empoleon|358/358 frz|[from] item: Leftovers","|turn|14","|","|switch|p1a: Ferrothorn|Ferrothorn, M|351/351","|-curestatus|p2a: Empoleon|frz|[from] move: Scald","|move|p2a: Empoleon|Scald|p1a: Ferrothorn","|-resisted|p1a: Ferrothorn","|-damage|p1a: Ferrothorn|306/351","|-status|p1a: Ferrothorn|brn","|","|-damage|p1a: Ferrothorn|263/351 brn|[from] brn","|turn|15","|","|switch|p2a: Heatran|Heatran, F|347/381","|switch|p1a: Sleepy|Jirachi|341/341","|-item|p1a: Sleepy|Air Balloon","|","|turn|16","|","|switch|p1a: Empoleon|Empoleon, M, shiny|371/371","|move|p2a: Heatran|Lava Plume|p1a: Empoleon","|-damage|p1a: Empoleon|209/371","|","|turn|17","|","|switch|p2a: Empoleon|Empoleon, F|358/358","|move|p1a: Empoleon|Scald|p2a: Empoleon","|-resisted|p2a: Empoleon","|-damage|p2a: Empoleon|308/358","|","|-heal|p2a: Empoleon|330/358|[from] item: Leftovers","|turn|18","|","|switch|p1a: Ferrothorn|Ferrothorn, M|263/351 brn","|move|p2a: Empoleon|Scald|p1a: Ferrothorn","|-resisted|p1a: Ferrothorn","|-damage|p1a: Ferrothorn|214/351 brn","|","|-heal|p2a: Empoleon|352/358|[from] item: Leftovers","|-damage|p1a: Ferrothorn|171/351 brn|[from] brn","|turn|19","|","|move|p2a: Empoleon|Knock Off|p1a: Ferrothorn","|-damage|p1a: Ferrothorn|125/351 brn","|-enditem|p1a: Ferrothorn|Zoom Lens|[from] move: Knock Off|[of] p2a: Empoleon","|move|p1a: Ferrothorn|Power Whip|p2a: Empoleon","|-damage|p2a: Empoleon|261/358","|","|-heal|p2a: Empoleon|283/358|[from] item: Leftovers","|-damage|p1a: Ferrothorn|82/351 brn|[from] brn","|turn|20","|","|move|p2a: Empoleon|Ice Beam|p1a: Ferrothorn","|-damage|p1a: Ferrothorn|10/351 brn","|move|p1a: Ferrothorn|Spikes|p2a: Empoleon","|-sidestart|p2: Imp Donut|Spikes","|","|-heal|p2a: Empoleon|305/358|[from] item: Leftovers","|-damage|p1a: Ferrothorn|0 fnt|[from] brn","|faint|p1a: Ferrothorn","|","|switch|p1a: Sleepy|Jirachi|341/341","|-item|p1a: Sleepy|Air Balloon","|turn|21","|","|move|p1a: Sleepy|Calm Mind|p1a: Sleepy","|-boost|p1a: Sleepy|spa|1","|-boost|p1a: Sleepy|spd|1","|move|p2a: Empoleon|Scald|p1a: Sleepy","|-damage|p1a: Sleepy|274/341","|-enditem|p1a: Sleepy|Air Balloon","|-status|p1a: Sleepy|brn","|","|-heal|p2a: Empoleon|327/358|[from] item: Leftovers","|-damage|p1a: Sleepy|232/341 brn|[from] brn","|turn|22","|","|move|p1a: Sleepy|Thunderbolt|p2a: Empoleon","|-supereffective|p2a: Empoleon","|-damage|p2a: Empoleon|137/358","|move|p2a: Empoleon|Roar|p1a: Sleepy","|drag|p1a: Empoleon|Empoleon, M, shiny|209/371","|","|-heal|p2a: Empoleon|159/358|[from] item: Leftovers","|turn|23","|","|move|p2a: Empoleon|Knock Off|p1a: Empoleon","|-damage|p1a: Empoleon|136/371","|-enditem|p1a: Empoleon|Expert Belt|[from] move: Knock Off|[of] p2a: Empoleon","|move|p1a: Empoleon|Flash Cannon|p2a: Empoleon","|-resisted|p2a: Empoleon","|-damage|p2a: Empoleon|132/358","|","|-heal|p2a: Empoleon|154/358|[from] item: Leftovers","|turn|24","|","|switch|p1a: Excadrill|Excadrill, M|361/361","|-ability|p1a: Excadrill|Mold Breaker","|-item|p1a: Excadrill|Air Balloon","|move|p2a: Empoleon|Scald|p1a: Excadrill","|-supereffective|p1a: Excadrill","|-damage|p1a: Excadrill|71/361","|-enditem|p1a: Excadrill|Air Balloon","|","|-heal|p2a: Empoleon|176/358|[from] item: Leftovers","|turn|25","|","|switch|p2a: Skarmory|Skarmory, M|333/333","|move|p1a: Excadrill|Earthquake|p2a: Skarmory","|-immune|p2a: Skarmory|[msg]","|","|turn|26","|","|move|p1a: Excadrill|Rock Slide|p2a: Skarmory","|-miss|p1a: Excadrill|p2a: Skarmory","|move|p2a: Skarmory|Stealth Rock|p1a: Excadrill","|-sidestart|p1: Carnie Marston|move: Stealth Rock","|","|turn|27","|","|move|p1a: Excadrill|Rock Slide|p2a: Skarmory","|-damage|p2a: Skarmory|279/333","|move|p2a: Skarmory|Brave Bird|p1a: Excadrill","|-resisted|p1a: Excadrill","|-damage|p1a: Excadrill|0 fnt","|-damage|p2a: Skarmory|256/333|[from] recoil|[of] p1a: Excadrill","|faint|p1a: Excadrill","|","|","|switch|p1a: Sleepy|Jirachi|232/341 brn","|-damage|p1a: Sleepy|211/341 brn|[from] Stealth Rock","|turn|28","|","|switch|p2a: Excadrill|Excadrill, F|361/361","|-damage|p2a: Excadrill|316/361|[from] Spikes","|-ability|p2a: Excadrill|Mold Breaker","|move|p1a: Sleepy|Thunderbolt|p2a: Excadrill","|-immune|p2a: Excadrill|[msg]","|","|-damage|p1a: Sleepy|169/341 brn|[from] brn","|turn|29","|","|switch|p1a: Empoleon|Empoleon, M, shiny|136/371","|-damage|p1a: Empoleon|113/371|[from] Stealth Rock","|move|p2a: Excadrill|Earthquake|p1a: Empoleon","|-supereffective|p1a: Empoleon","|-damage|p1a: Empoleon|0 fnt","|faint|p1a: Empoleon","|","|","|switch|p1a: Sleepy|Jirachi|169/341 brn","|-damage|p1a: Sleepy|148/341 brn|[from] Stealth Rock","|turn|30","|","|move|p2a: Excadrill|Earthquake|p1a: Sleepy","|-supereffective|p1a: Sleepy","|-damage|p1a: Sleepy|0 fnt","|faint|p1a: Sleepy","|","|","|switch|p1a: Scizor|Scizor, M|335/335","|-damage|p1a: Scizor|294/335|[from] Stealth Rock","|turn|31","|","|switch|p2a: Skarmory|Skarmory, M|256/333","|detailschange|p1a: Scizor|Scizor-Mega, M","|-mega|p1a: Scizor|Scizor|Scizorite","|move|p1a: Scizor|Bug Bite|p2a: Skarmory","|-resisted|p2a: Skarmory","|-damage|p2a: Skarmory|228/333","|-damage|p1a: Scizor|239/335|[from] item: Rocky Helmet|[of] p2a: Skarmory","|","|turn|32","|","|move|p1a: Scizor|Knock Off|p2a: Skarmory","|-damage|p2a: Skarmory|143/333","|-damage|p1a: Scizor|184/335|[from] item: Rocky Helmet|[of] p2a: Skarmory","|-enditem|p2a: Skarmory|Rocky Helmet|[from] move: Knock Off|[of] p1a: Scizor","|move|p2a: Skarmory|Brave Bird|p1a: Scizor","|-damage|p1a: Scizor|91/335","|-damage|p2a: Skarmory|112/333|[from] recoil|[of] p1a: Scizor","|","|turn|33","|","|switch|p2a: Heatran|Heatran, F|347/381","|-damage|p2a: Heatran|300/381|[from] Spikes","|move|p1a: Scizor|Knock Off|p2a: Heatran","|-damage|p2a: Heatran|215/381","|","|turn|34","|","|move|p1a: Scizor|Knock Off|p2a: Heatran","|-damage|p2a: Heatran|133/381","|move|p2a: Heatran|Lava Plume|p1a: Scizor","|-supereffective|p1a: Scizor","|-damage|p1a: Scizor|0 fnt","|faint|p1a: Scizor","|","|win|Imp Donut"],"p1rating":{"entryid":"247123","serverid":"eos","formatid":"monotype","userid":"carniemarston","username":"Carnie Marston","w":"2","l":7,"t":"0","gxe":35.7,"r":"1414.3146464779","rd":"104.53361590201","sigma":"0","rptime":"1441011600","rpr":1385.4116801313,"rprd":91.347365372995,"rpsigma":"0","acre":1052.5646615381,"lacre":1052.5646615381,"oldacre":"1065.5804826544"},"p2rating":{"entryid":"659054","serverid":"eos","formatid":"monotype","userid":"impdonut","username":"Imp Donut","w":10,"l":"3","t":"0","gxe":66,"r":"1561.2890700983","rd":"91.620289995019","sigma":"0","rptime":"1441011600","rpr":1628.1841013929,"rprd":80.718612274696,"rpsigma":"0","acre":1206.5283936417,"lacre":1206.5283936417,"oldacre":"1190.1249888763"},"endType":"normal"}