{"seed":[16106,48341,45375,54917],"turns":19,"p1":"Knight Ryan","p2":"GTX♅Wild","p1team":[{"name":"Breloom","species":"Breloom","item":"lifeorb","ability":"Technician","moves":["machpunch","bulletseed","swordsdance","spore"],"nature":"Jolly","evs":{"hp":0,"atk":252,"def":0,"spa":0,"spd":4,"spe":252},"gender":"M","ivs":{"hp":31,"atk":31,"def":31,"spa":31,"spd":31,"spe":31}},{"name":"Trevenant","species":"Trevenant","item":"lumberry","ability":"Harvest","moves":["willowisp","calmmind","shadowball","leechseed"],"nature":"Bold","evs":{"hp":248,"atk":0,"def":252,"spa":8,"spd":0,"spe":0},"gender":"F","shiny":true,"ivs":{"hp":31,"atk":31,"def":31,"spa":31,"spd":31,"spe":31}},{"name":"Venusaur","species":"Venusaur","item":"venusaurite","ability":"Chlorophyll","moves":["gigadrain","sludgebomb","earthquake","growth"],"nature":"Mild","evs":{"hp":0,"atk":4,"def":0,"spa":252,"spd":0,"spe":252},"gender":"M","ivs":{"hp":31,"atk":31,"def":31,"spa":31,"spd":31,"spe":31}},{"name":"Rotom-Mow","species":"Rotom-Mow","item":"sitrusberry","ability":"Levitate","moves":["discharge","leafstorm","hiddenpowerice","toxic"],"nature":"Modest","evs":{"hp":248,"atk":0,"def":0,"spa":252,"spd":8,"spe":0},"ivs":{"hp":31,"atk":30,"def":30,"spa":31,"spd":31,"spe":31}},{"name":"Ferrothorn","species":"Ferrothorn","item":"rockyhelmet","ability":"Iron Barbs","moves":["curse","gyroball","stealthrock","spikes"],"nature":"Relaxed","evs":{"hp":248,"atk":8,"def":252,"spa":0,"spd":0,"spe":0},"gender":"F","ivs":{"hp":31,"atk":31,"def":31,"spa":31,"spd":31,"spe":0}},{"name":"Serperior","species":"Serperior","item":"sitrusberry","ability":"Contrary","moves":["dragonpulse","leafstorm","hiddenpowerfire","glare"],"nature":"Timid","evs":{"hp":0,"atk":0,"def":0,"spa":252,"spd":4,"spe":252},"gender":"M","ivs":{"hp":31,"atk":30,"def":31,"spa":30,"spd":31,"spe":30},"shiny":true}],"p2team":[{"name":"Autozone","species":"magnezone","item":"lifeorb","ability":"Magnet Pull","moves":["hiddenpowerfire","thunder","flashcannon","voltswitch"],"nature":"Serious","evs":{"hp":252,"atk":0,"def":4,"spa":252,"spd":0,"spe":0},"ivs":{"hp":31,"atk":30,"def":31,"spa":30,"spd":31,"spe":30}},{"name":"Icarus 2.0","species":"skarmory","item":"leftovers","ability":"Sturdy","moves":["defog","bravebird","stealthrock","toxic"],"nature":"Impish","evs":{"hp":252,"atk":0,"def":232,"spa":0,"spd":0,"spe":24},"ivs":{"hp":31,"atk":31,"def":31,"spa":31,"spd":31,"spe":31}},{"name":"Hephaestus","species":"heatran","item":"airballoon","ability":"Flash Fire","moves":["earthpower","magmastorm","dragonpulse","flashcannon"],"nature":"Modest","evs":{"hp":248,"atk":0,"def":0,"spa":252,"spd":8,"spe":0},"ivs":{"hp":31,"atk":31,"def":31,"spa":31,"spd":31,"spe":31}},{"name":"Bisharp","species":"Bisharp","item":"focussash","ability":"Defiant","moves":["swordsdance","psychocut","brickbreak","nightslash"],"nature":"Adamant","evs":{"hp":248,"atk":252,"def":0,"spa":0,"spd":8,"spe":0},"ivs":{"hp":31,"atk":31,"def":31,"spa":31,"spd":31,"spe":31}},{"name":"Anubis","species":"lucario","item":"choiceband","ability":"Justified","moves":["bulletpunch","drainpunch","crunch","icepunch"],"nature":"Adamant","evs":{"hp":200,"atk":252,"def":0,"spa":0,"spd":0,"spe":56},"ivs":{"hp":31,"atk":31,"def":31,"spa":31,"spd":31,"spe":31}},{"name":"Altair","species":"jirachi","item":"choicescarf","ability":"Serene Grace","moves":["ironhead","bodyslam","drainpunch","trick"],"nature":"Adamant","evs":{"hp":0,"atk":252,"def":0,"spa":0,"spd":4,"spe":252},"ivs":{"hp":31,"atk":31,"def":31,"spa":31,"spd":31,"spe":31}}],"log":["|player|p1|Knight Ryan|170","|player|p2|GTX♅Wild|101","|gametype|singles","|gen|6","|tier|Monotype","|rated","|rule|Baton Pass Clause: Limit one Baton Passer, can't pass Spe and other stats simultaneously","|rule|Swagger Clause: Swagger is banned","|rule|Same Type Clause: Pokémon in a team must share a type","|clearpoke","|poke|p1|Breloom, M","|poke|p1|Trevenant, F, shiny","|poke|p1|Venusaur, M","|poke|p1|Rotom-Mow","|poke|p1|Ferrothorn, F","|poke|p1|Serperior, M, shiny","|poke|p2|Magnezone","|poke|p2|Skarmory, M","|poke|p2|Heatran, M","|poke|p2|Bisharp, M","|poke|p2|Lucario, F","|poke|p2|Jirachi","|rule|Sleep Clause Mod: Limit one foe put to sleep","|rule|Species Clause: Limit one of each Pokémon","|rule|OHKO Clause: OHKO moves are banned","|rule|Moody Clause: Moody is banned","|rule|Evasion Moves Clause: Evasion moves are banned","|rule|Endless Battle Clause: Forcing endless battles is banned","|rule|HP Percentage Mod: HP is shown in percentages","|teampreview","|","|start","|switch|p1a: Rotom-Mow|Rotom-Mow|303/303","|switch|p2a: Anubis|Lucario, F|331/331","|turn|1","|","|move|p2a: Anubis|Ice Punch|p1a: Rotom-Mow","|-supereffective|p1a: Rotom-Mow","|-damage|p1a: Rotom-Mow|61/303","|-status|p1a: Rotom-Mow|frz","|-enditem|p1a: Rotom-Mow|Sitrus Berry|[eat]","|-heal|p1a: Rotom-Mow|136/303 frz|[from] item: Sitrus Berry","|-curestatus|p1a: Rotom-Mow|frz","|move|p1a: Rotom-Mow|Discharge|p2a: Anubis","|-damage|p2a: Anubis|138/331","|","|turn|2","|","|move|p2a: Anubis|Ice Punch|p1a: Rotom-Mow","|-supereffective|p1a: Rotom-Mow","|-damage|p1a: Rotom-Mow|0 fnt","|faint|p1a: Rotom-Mow","|","|","|switch|p1a: Breloom|Breloom, M|261/261","|turn|3","|","|switch|p2a: Icarus 2.0|Skarmory, M|334/334","|move|p1a: Breloom|Mach Punch|p2a: Icarus 2.0","|-damage|p2a: Icarus 2.0|259/334","|-damage|p1a: Breloom|235/261|[from] item: Life Orb","|","|-heal|p2a: Icarus 2.0|279/334|[from] item: Leftovers","|turn|4","|","|switch|p1a: Ferrothorn|Ferrothorn, F|351/351","|move|p2a: Icarus 2.0|Brave Bird|p1a: Ferrothorn","|-damage|p1a: Ferrothorn|284/351","|-damage|p2a: Icarus 2.0|238/334|[from] ability: Iron Barbs|[of] p1a: Ferrothorn","|-damage|p2a: Icarus 2.0|183/334|[from] item: Rocky Helmet|[of] p1a: Ferrothorn","|-damage|p2a: Icarus 2.0|161/334|[from] recoil|[of] p1a: Ferrothorn","|","|-heal|p2a: Icarus 2.0|181/334|[from] item: Leftovers","|turn|5","|","|move|p2a: Icarus 2.0|Stealth Rock|p1a: Ferrothorn","|-sidestart|p1: Knight Ryan|move: Stealth Rock","|move|p1a: Ferrothorn|Stealth Rock|p2a: Icarus 2.0","|-sidestart|p2: GTX♅Wild|move: Stealth Rock","|","|-heal|p2a: Icarus 2.0|201/334|[from] item: Leftovers","|turn|6","|","|switch|p2a: Hephaestus|Heatran, M|385/385","|-damage|p2a: Hephaestus|337/385|[from] Stealth Rock","|-item|p2a: Hephaestus|Air Balloon","|move|p1a: Ferrothorn|Spikes|p2a: Hephaestus","|-sidestart|p2: GTX♅Wild|Spikes","|","|turn|7","|","|move|p2a: Hephaestus|Magma Storm|p1a: Ferrothorn","|-supereffective|p1a: Ferrothorn","|-damage|p1a: Ferrothorn|0 fnt","|faint|p1a: Ferrothorn","|","|","|switch|p1a: Venusaur|Venusaur, M|301/301","|-damage|p1a: Venusaur|264/301|[from] Stealth Rock","|turn|8","|","|switch|p2a: Icarus 2.0|Skarmory, M|201/334","|-damage|p2a: Icarus 2.0|160/334|[from] Stealth Rock","|detailschange|p1a: Venusaur|Venusaur-Mega, M","|-mega|p1a: Venusaur|Venusaur|Venusaurite","|move|p1a: Venusaur|Earthquake|p2a: Icarus 2.0","|-immune|p2a: Icarus 2.0|[msg]","|","|-heal|p2a: Icarus 2.0|180/334|[from] item: Leftovers","|turn|9","|","|switch|p1a: Trevenant|Trevenant, F, shiny|373/373","|-damage|p1a: Trevenant|327/373|[from] Stealth Rock","|move|p2a: Icarus 2.0|Brave Bird|p1a: Trevenant","|-supereffective|p1a: Trevenant","|-damage|p1a: Trevenant|127/373","|-damage|p2a: Icarus 2.0|114/334|[from] recoil|[of] p1a: Trevenant","|","|-heal|p2a: Icarus 2.0|134/334|[from] item: Leftovers","|turn|10","|","|move|p2a: Icarus 2.0|Brave Bird|p1a: Trevenant","|-supereffective|p1a: Trevenant","|-damage|p1a: Trevenant|0 fnt","|-damage|p2a: Icarus 2.0|92/334|[from] recoil|[of] p1a: Trevenant","|faint|p1a: Trevenant","|","|-heal|p2a: Icarus 2.0|112/334|[from] item: Leftovers","|","|switch|p1a: Serperior|Serperior, M, shiny|291/291","|-damage|p1a: Serperior|255/291|[from] Stealth Rock","|turn|11","|","|move|p1a: Serperior|Hidden Power|p2a: Icarus 2.0","|-supereffective|p2a: Icarus 2.0","|-damage|p2a: Icarus 2.0|0 fnt","|faint|p2a: Icarus 2.0","|","|","|switch|p2a: Autozone|Magnezone|344/344","|-damage|p2a: Autozone|323/344|[from] Stealth Rock","|-damage|p2a: Autozone|280/344|[from] Spikes","|turn|12","|","|move|p1a: Serperior|Hidden Power|p2a: Autozone","|-supereffective|p2a: Autozone","|-damage|p2a: Autozone|170/344","|move|p2a: Autozone|Hidden Power|p1a: Serperior","|-supereffective|p1a: Serperior","|-damage|p1a: Serperior|65/291","|-damage|p2a: Autozone|136/344|[from] item: Life Orb","|-enditem|p1a: Serperior|Sitrus Berry|[eat]","|-heal|p1a: Serperior|137/291|[from] item: Sitrus Berry","|","|turn|13","|","|move|p1a: Serperior|Hidden Power|p2a: Autozone","|-supereffective|p2a: Autozone","|-damage|p2a: Autozone|30/344","|move|p2a: Autozone|Hidden Power|p1a: Serperior","|-supereffective|p1a: Serperior","|-damage|p1a: Serperior|0 fnt","|-damage|p2a: Autozone|0 fnt|[from] item: Life Orb","|faint|p1a: Serperior","|faint|p2a: Autozone","|","|","|switch|p2a: Altair|Jirachi|341/341","|switch|p1a: Breloom|Breloom, M|235/261","|-damage|p2a: Altair|320/341|[from] Stealth Rock","|-damage|p2a: Altair|278/341|[from] Spikes","|-damage|p1a: Breloom|219/261|[from] Stealth Rock","|turn|14","|","|move|p2a: Altair|Drain Punch|p1a: Breloom","|-damage|p1a: Breloom|127/261","|-heal|p2a: Altair|324/341|[from] drain|[of] p1a: Breloom","|move|p1a: Breloom|Spore|p2a: Altair","|-status|p2a: Altair|slp","|","|turn|15","|","|switch|p2a: Hephaestus|Heatran, M|337/385","|-damage|p2a: Hephaestus|289/385|[from] Stealth Rock","|-item|p2a: Hephaestus|Air Balloon","|move|p1a: Breloom|Swords Dance|p1a: Breloom","|-boost|p1a: Breloom|atk|2","|","|turn|16","|","|move|p1a: Breloom|Mach Punch|p2a: Hephaestus","|-supereffective|p2a: Hephaestus","|-damage|p2a: Hephaestus|0 fnt","|-enditem|p2a: Hephaestus|Air Balloon","|-damage|p1a: Breloom|101/261|[from] item: Life Orb","|faint|p2a: Hephaestus","|","|","|switch|p2a: Anubis|Lucario, F|138/331","|-damage|p2a: Anubis|97/331|[from] Spikes","|-damage|p2a: Anubis|87/331|[from] Stealth Rock","|turn|17","|","|move|p1a: Breloom|Mach Punch|p2a: Anubis","|-crit|p2a: Anubis","|-supereffective|p2a: Anubis","|-damage|p2a: Anubis|0 fnt","|-damage|p1a: Breloom|75/261|[from] item: Life Orb","|faint|p2a: Anubis","|","|","|switch|p2a: Bisharp|Bisharp, M|333/333","|-damage|p2a: Bisharp|313/333|[from] Stealth Rock","|-damage|p2a: Bisharp|272/333|[from] Spikes","|turn|18","|","|move|p1a: Breloom|Mach Punch|p2a: Bisharp","|-supereffective|p2a: Bisharp","|-damage|p2a: Bisharp|0 fnt","|-damage|p1a: Breloom|49/261|[from] item: Life Orb","|faint|p2a: Bisharp","|","|","|switch|p2a: Altair|Jirachi|324/341 slp","|-damage|p2a: Altair|282/341 slp|[from] Spikes","|-damage|p2a: Altair|261/341 slp|[from] Stealth Rock","|turn|19","|","|cant|p2a: Altair|slp","|move|p1a: Breloom|Bullet Seed|p2a: Altair","|-resisted|p2a: Altair","|-damage|p2a: Altair|171/341 slp","|-crit|p2a: Altair","|-resisted|p2a: Altair","|-damage|p2a: Altair|42/341 slp","|-resisted|p2a: Altair","|-damage|p2a: Altair|0 fnt","|-hitcount|p2a: Altair|3","|-damage|p1a: Breloom|23/261|[from] item: Life Orb","|faint|p2a: Altair","|","|win|Knight Ryan"],"p1rating":{"entryid":"680905","serverid":"eos","formatid":"monotype","userid":"knightryan","username":"Knight Ryan","w":14,"l":"14","t":"0","gxe":51.3,"r":"1403.8094993324","rd":"97.799903656578","sigma":"0","rptime":"1441011600","rpr":1509.8244389091,"rprd":62.170581057924,"rpsigma":"0","acre":1189.5414777703,"lacre":1189.5414777703,"oldacre":"1173.4566065206"},"p2rating":{"entryid":"670822","serverid":"eos","formatid":"monotype","userid":"gtxwild","username":"GTX♅Wild","w":"5","l":8,"t":"0","gxe":42.5,"r":"1534.445811961","rd":"95.486777538612","sigma":"0","rptime":"1441011600","rpr":1441.4271535287,"rprd":80.816014587462,"rpsigma":"0","acre":1033.1988072778,"lacre":1033.1988072778,"oldacre":"1043.8662540714"},"endType":"normal"}