{"seed":[36272,44544,5505,7525],"turns":27,"p1":"Knight Ryan","p2":"Alliance - Elite","p1team":[{"name":"Breloom","species":"Breloom","item":"lifeorb","ability":"Technician","moves":["machpunch","bulletseed","swordsdance","spore"],"nature":"Jolly","evs":{"hp":0,"atk":252,"def":0,"spa":0,"spd":4,"spe":252},"gender":"M","ivs":{"hp":31,"atk":31,"def":31,"spa":31,"spd":31,"spe":31}},{"name":"Trevenant","species":"Trevenant","item":"lumberry","ability":"Harvest","moves":["willowisp","calmmind","shadowball","leechseed"],"nature":"Bold","evs":{"hp":248,"atk":0,"def":252,"spa":8,"spd":0,"spe":0},"gender":"F","shiny":true,"ivs":{"hp":31,"atk":31,"def":31,"spa":31,"spd":31,"spe":31}},{"name":"Venusaur","species":"Venusaur","item":"venusaurite","ability":"Chlorophyll","moves":["gigadrain","sludgebomb","earthquake","growth"],"nature":"Mild","evs":{"hp":0,"atk":4,"def":0,"spa":252,"spd":0,"spe":252},"gender":"M","ivs":{"hp":31,"atk":31,"def":31,"spa":31,"spd":31,"spe":31}},{"name":"Rotom-Mow","species":"Rotom-Mow","item":"sitrusberry","ability":"Levitate","moves":["discharge","leafstorm","hiddenpowerice","toxic"],"nature":"Modest","evs":{"hp":248,"atk":0,"def":0,"spa":252,"spd":8,"spe":0},"ivs":{"hp":31,"atk":30,"def":30,"spa":31,"spd":31,"spe":31}},{"name":"Ferrothorn","species":"Ferrothorn","item":"rockyhelmet","ability":"Iron Barbs","moves":["curse","gyroball","stealthrock","spikes"],"nature":"Relaxed","evs":{"hp":248,"atk":8,"def":252,"spa":0,"spd":0,"spe":0},"gender":"F","ivs":{"hp":31,"atk":31,"def":31,"spa":31,"spd":31,"spe":0}},{"name":"Serperior","species":"Serperior","item":"sitrusberry","ability":"Contrary","moves":["dragonpulse","leafstorm","hiddenpowerfire","glare"],"nature":"Timid","evs":{"hp":0,"atk":0,"def":0,"spa":252,"spd":4,"spe":252},"gender":"M","ivs":{"hp":31,"atk":30,"def":31,"spa":30,"spd":31,"spe":30},"shiny":true}],"p2team":[{"name":"Hawlucha","species":"Hawlucha","item":"powerherb","ability":"Unburden","moves":["swordsdance","skyattack","acrobatics","highjumpkick"],"nature":"Jolly","evs":{"hp":0,"atk":252,"def":0,"spa":0,"spd":4,"spe":252},"gender":"M","ivs":{"hp":31,"atk":31,"def":31,"spa":31,"spd":31,"spe":31}},{"name":"Conkeldurr","species":"Conkeldurr","item":"assaultvest","ability":"Guts","moves":["drainpunch","poisonjab","icepunch","machpunch"],"nature":"Adamant","evs":{"hp":4,"atk":252,"def":0,"spa":0,"spd":252,"spe":0},"gender":"M","ivs":{"hp":31,"atk":31,"def":31,"spa":31,"spd":31,"spe":31}},{"name":"Terrakion","species":"Terrakion","item":"choicescarf","ability":"Justified","moves":["stoneedge","xscissor","ironhead","closecombat"],"nature":"Jolly","evs":{"hp":0,"atk":252,"def":4,"spa":0,"spd":0,"spe":252},"ivs":{"hp":31,"atk":31,"def":31,"spa":31,"spd":31,"spe":31}},{"name":"Medicham","species":"Medicham","item":"medichamite","ability":"Pure Power","moves":["fakeout","highjumpkick","zenheadbutt","bulletpunch"],"nature":"Adamant","evs":{"hp":0,"atk":252,"def":0,"spa":0,"spd":4,"spe":252},"gender":"M","ivs":{"hp":31,"atk":31,"def":31,"spa":31,"spd":31,"spe":31}},{"name":"Keldeo","species":"Keldeo","item":"leftovers","ability":"Justified","moves":["substitute","scald","secretsword","calmmind"],"nature":"Timid","evs":{"hp":0,"atk":0,"def":0,"spa":252,"spd":4,"spe":252},"ivs":{"hp":31,"atk":0,"def":31,"spa":31,"spd":31,"spe":31}},{"name":"Breloom","species":"Breloom","item":"focussash","ability":"Technician","moves":["spore","swordsdance","bulletseed","machpunch"],"nature":"Jolly","evs":{"hp":0,"atk":252,"def":0,"spa":0,"spd":4,"spe":252},"gender":"M","ivs":{"hp":31,"atk":31,"def":31,"spa":31,"spd":31,"spe":31}}],"log":["|player|p1|Knight Ryan|170","|player|p2|Alliance - Elite|92","|gametype|singles","|gen|6","|tier|Monotype","|rated","|rule|Baton Pass Clause: Limit one Baton Passer, can't pass Spe and other stats simultaneously","|rule|Swagger Clause: Swagger is banned","|rule|Same Type Clause: Pokémon in a team must share a type","|clearpoke","|poke|p1|Breloom, M","|poke|p1|Trevenant, F, shiny","|poke|p1|Venusaur, M","|poke|p1|Rotom-Mow","|poke|p1|Ferrothorn, F","|poke|p1|Serperior, M, shiny","|poke|p2|Hawlucha, M","|poke|p2|Conkeldurr, M","|poke|p2|Terrakion","|poke|p2|Medicham, M","|poke|p2|Keldeo","|poke|p2|Breloom, M","|rule|Sleep Clause Mod: Limit one foe put to sleep","|rule|Species Clause: Limit one of each Pokémon","|rule|OHKO Clause: OHKO moves are banned","|rule|Moody Clause: Moody is banned","|rule|Evasion Moves Clause: Evasion moves are banned","|rule|Endless Battle Clause: Forcing endless battles is banned","|rule|HP Percentage Mod: HP is shown in percentages","|teampreview","|","|start","|switch|p1a: Breloom|Breloom, M|261/261","|switch|p2a: Medicham|Medicham, M|261/261","|turn|1","|","|switch|p1a: Trevenant|Trevenant, F, shiny|373/373","|detailschange|p2a: Medicham|Medicham-Mega, M","|-mega|p2a: Medicham|Medicham|Medichamite","|move|p2a: Medicham|Fake Out|p1a: Trevenant","|-immune|p1a: Trevenant|[msg]","|","|turn|2","|","|switch|p2a: Breloom|Breloom, M|261/261","|move|p1a: Trevenant|Will-O-Wisp|p2a: Breloom","|-status|p2a: Breloom|brn","|","|-damage|p2a: Breloom|229/261 brn|[from] brn","|turn|3","|","|switch|p2a: Keldeo|Keldeo|323/323","|move|p1a: Trevenant|Calm Mind|p1a: Trevenant","|-boost|p1a: Trevenant|spa|1","|-boost|p1a: Trevenant|spd|1","|","|turn|4","|","|move|p2a: Keldeo|Substitute|p2a: Keldeo","|-start|p2a: Keldeo|Substitute","|-damage|p2a: Keldeo|243/323","|move|p1a: Trevenant|Leech Seed|p2a: Keldeo","|-fail|p2a: Keldeo","|","|-heal|p2a: Keldeo|263/323|[from] item: Leftovers","|turn|5","|","|move|p2a: Keldeo|Calm Mind|p2a: Keldeo","|-boost|p2a: Keldeo|spa|1","|-boost|p2a: Keldeo|spd|1","|move|p1a: Trevenant|Calm Mind|p1a: Trevenant","|-boost|p1a: Trevenant|spa|1","|-boost|p1a: Trevenant|spd|1","|","|-heal|p2a: Keldeo|283/323|[from] item: Leftovers","|turn|6","|","|move|p2a: Keldeo|Calm Mind|p2a: Keldeo","|-boost|p2a: Keldeo|spa|1","|-boost|p2a: Keldeo|spd|1","|move|p1a: Trevenant|Shadow Ball|p2a: Keldeo","|-activate|p2a: Keldeo|Substitute|[damage]","|","|-heal|p2a: Keldeo|303/323|[from] item: Leftovers","|turn|7","|","|move|p2a: Keldeo|Scald|p1a: Trevenant","|-resisted|p1a: Trevenant","|-damage|p1a: Trevenant|295/373","|move|p1a: Trevenant|Shadow Ball|p2a: Keldeo","|-end|p2a: Keldeo|Substitute","|","|-heal|p2a: Keldeo|323/323|[from] item: Leftovers","|turn|8","|","|move|p2a: Keldeo|Scald|p1a: Trevenant","|-resisted|p1a: Trevenant","|-damage|p1a: Trevenant|206/373","|move|p1a: Trevenant|Shadow Ball|p2a: Keldeo","|-damage|p2a: Keldeo|250/323","|","|-heal|p2a: Keldeo|270/323|[from] item: Leftovers","|turn|9","|","|move|p2a: Keldeo|Scald|p1a: Trevenant","|-resisted|p1a: Trevenant","|-damage|p1a: Trevenant|128/373","|move|p1a: Trevenant|Leech Seed|p2a: Keldeo","|-start|p2a: Keldeo|move: Leech Seed","|","|-heal|p2a: Keldeo|290/323|[from] item: Leftovers","|-damage|p2a: Keldeo|250/323|[from] Leech Seed|[of] p1a: Trevenant","|-heal|p1a: Trevenant|168/373|[silent]","|turn|10","|","|move|p2a: Keldeo|Scald|p1a: Trevenant","|-resisted|p1a: Trevenant","|-damage|p1a: Trevenant|83/373","|move|p1a: Trevenant|Will-O-Wisp|p2a: Keldeo|[miss]","|-miss|p1a: Trevenant|p2a: Keldeo","|","|-heal|p2a: Keldeo|270/323|[from] item: Leftovers","|-damage|p2a: Keldeo|230/323|[from] Leech Seed|[of] p1a: Trevenant","|-heal|p1a: Trevenant|123/373|[silent]","|turn|11","|","|move|p2a: Keldeo|Substitute|p2a: Keldeo","|-start|p2a: Keldeo|Substitute","|-damage|p2a: Keldeo|150/323","|move|p1a: Trevenant|Calm Mind|p1a: Trevenant","|-boost|p1a: Trevenant|spa|1","|-boost|p1a: Trevenant|spd|1","|","|-heal|p2a: Keldeo|170/323|[from] item: Leftovers","|-damage|p2a: Keldeo|130/323|[from] Leech Seed|[of] p1a: Trevenant","|-heal|p1a: Trevenant|163/373|[silent]","|turn|12","|","|move|p2a: Keldeo|Scald|p1a: Trevenant","|-resisted|p1a: Trevenant","|-damage|p1a: Trevenant|91/373","|move|p1a: Trevenant|Shadow Ball|p2a: Keldeo","|-end|p2a: Keldeo|Substitute","|","|-heal|p2a: Keldeo|150/323|[from] item: Leftovers","|-damage|p2a: Keldeo|110/323|[from] Leech Seed|[of] p1a: Trevenant","|-heal|p1a: Trevenant|131/373|[silent]","|turn|13","|","|move|p2a: Keldeo|Scald|p1a: Trevenant","|-resisted|p1a: Trevenant","|-damage|p1a: Trevenant|62/373","|move|p1a: Trevenant|Will-O-Wisp|p2a: Keldeo","|-status|p2a: Keldeo|brn","|","|-heal|p2a: Keldeo|130/323 brn|[from] item: Leftovers","|-damage|p2a: Keldeo|90/323 brn|[from] Leech Seed|[of] p1a: Trevenant","|-heal|p1a: Trevenant|102/373|[silent]","|-damage|p2a: Keldeo|50/323 brn|[from] brn","|turn|14","|","|move|p2a: Keldeo|Scald|p1a: Trevenant","|-crit|p1a: Trevenant","|-resisted|p1a: Trevenant","|-damage|p1a: Trevenant|0 fnt","|faint|p1a: Trevenant","|","|-heal|p2a: Keldeo|70/323 brn|[from] item: Leftovers","|-damage|p2a: Keldeo|30/323 brn|[from] brn","|","|switch|p1a: Serperior|Serperior, M, shiny|291/291","|turn|15","|","|move|p1a: Serperior|Leaf Storm|p2a: Keldeo","|-supereffective|p2a: Keldeo","|-damage|p2a: Keldeo|0 fnt","|-boost|p1a: Serperior|spa|2","|faint|p2a: Keldeo","|","|","|switch|p2a: Hawlucha|Hawlucha, M|297/297","|turn|16","|","|move|p2a: Hawlucha|Sky Attack|p1a: Serperior|[still]","|-prepare|p2a: Hawlucha|Sky Attack|p1a: Serperior","|-enditem|p2a: Hawlucha|Power Herb","|-anim|p2a: Hawlucha|Sky Attack|p1a: Serperior","|-supereffective|p1a: Serperior","|-damage|p1a: Serperior|0 fnt","|faint|p1a: Serperior","|","|","|switch|p1a: Rotom-Mow|Rotom-Mow|303/303","|turn|17","|","|move|p2a: Hawlucha|Acrobatics|p1a: Rotom-Mow","|-damage|p1a: Rotom-Mow|149/303","|-enditem|p1a: Rotom-Mow|Sitrus Berry|[eat]","|-heal|p1a: Rotom-Mow|224/303|[from] item: Sitrus Berry","|move|p1a: Rotom-Mow|Discharge|p2a: Hawlucha","|-supereffective|p2a: Hawlucha","|-damage|p2a: Hawlucha|0 fnt","|faint|p2a: Hawlucha","|","|","|switch|p2a: Conkeldurr|Conkeldurr, M|352/352","|turn|18","|","|move|p1a: Rotom-Mow|Discharge|p2a: Conkeldurr","|-damage|p2a: Conkeldurr|256/352","|move|p2a: Conkeldurr|Ice Punch|p1a: Rotom-Mow","|-supereffective|p1a: Rotom-Mow","|-damage|p1a: Rotom-Mow|10/303","|","|turn|19","|","|move|p2a: Conkeldurr|Mach Punch|p1a: Rotom-Mow","|-damage|p1a: Rotom-Mow|0 fnt","|faint|p1a: Rotom-Mow","|","|","|switch|p1a: Breloom|Breloom, M|261/261","|turn|20","|","|switch|p2a: Breloom|Breloom, M|229/261 brn","|move|p1a: Breloom|Spore|p2a: Breloom","|-immune|p2a: Breloom|[msg]","|","|-damage|p2a: Breloom|197/261 brn|[from] brn","|turn|21","|","|move|p2a: Breloom|Bullet Seed|p1a: Breloom","|-resisted|p1a: Breloom","|-damage|p1a: Breloom|241/261","|-resisted|p1a: Breloom","|-damage|p1a: Breloom|222/261","|-resisted|p1a: Breloom","|-damage|p1a: Breloom|203/261","|-resisted|p1a: Breloom","|-damage|p1a: Breloom|182/261","|-hitcount|p1a: Breloom|4","|move|p1a: Breloom|Swords Dance|p1a: Breloom","|-boost|p1a: Breloom|atk|2","|","|-damage|p2a: Breloom|165/261 brn|[from] brn","|turn|22","|","|move|p1a: Breloom|Mach Punch|p2a: Breloom","|-damage|p2a: Breloom|0 fnt","|-damage|p1a: Breloom|156/261|[from] item: Life Orb","|faint|p2a: Breloom","|","|","|switch|p2a: Terrakion|Terrakion|323/323","|turn|23","|","|move|p1a: Breloom|Mach Punch|p2a: Terrakion","|-supereffective|p2a: Terrakion","|-damage|p2a: Terrakion|0 fnt","|-damage|p1a: Breloom|130/261|[from] item: Life Orb","|faint|p2a: Terrakion","|","|","|switch|p2a: Medicham|Medicham-Mega, M|261/261","|turn|24","|","|switch|p1a: Ferrothorn|Ferrothorn, F|351/351","|move|p2a: Medicham|Fake Out|p1a: Ferrothorn","|-resisted|p1a: Ferrothorn","|-damage|p1a: Ferrothorn|324/351","|-damage|p2a: Medicham|229/261|[from] ability: Iron Barbs|[of] p1a: Ferrothorn","|-damage|p2a: Medicham|186/261|[from] item: Rocky Helmet|[of] p1a: Ferrothorn","|","|turn|25","|","|move|p2a: Medicham|High Jump Kick|p1a: Ferrothorn","|-crit|p1a: Ferrothorn","|-supereffective|p1a: Ferrothorn","|-damage|p1a: Ferrothorn|0 fnt","|-damage|p2a: Medicham|154/261|[from] ability: Iron Barbs|[of] p1a: Ferrothorn","|-damage|p2a: Medicham|111/261|[from] item: Rocky Helmet|[of] p1a: Ferrothorn","|faint|p1a: Ferrothorn","|","|","|switch|p1a: Venusaur|Venusaur, M|301/301","|turn|26","|","|detailschange|p1a: Venusaur|Venusaur-Mega, M","|-mega|p1a: Venusaur|Venusaur|Venusaurite","|move|p2a: Medicham|Zen Headbutt|p1a: Venusaur","|-supereffective|p1a: Venusaur","|-damage|p1a: Venusaur|0 fnt","|faint|p1a: Venusaur","|","|","|switch|p1a: Breloom|Breloom, M|130/261","|turn|27","|","|move|p1a: Breloom|Mach Punch|p2a: Medicham","|-resisted|p2a: Medicham","|-damage|p2a: Medicham|37/261","|-damage|p1a: Breloom|104/261|[from] item: Life Orb","|move|p2a: Medicham|Zen Headbutt|p1a: Breloom","|-supereffective|p1a: Breloom","|-damage|p1a: Breloom|0 fnt","|faint|p1a: Breloom","|","|win|Alliance - Elite"],"p1rating":{"entryid":"680905","serverid":"eos","formatid":"monotype","userid":"knightryan","username":"Knight Ryan","w":"0","l":3,"t":"0","gxe":38.1,"r":"1500","rd":"130","sigma":"0","rptime":"1440925200","rpr":1403.956214284,"rprd":110.71669129263,"rpsigma":"0","acre":1000,"lacre":1000,"oldacre":"1000"},"p2rating":{"entryid":"364566","serverid":"eos","formatid":"monotype","userid":"allianceelite","username":"Alliance - Elite","w":8,"l":"3","t":"0","gxe":63.5,"r":"1504.4008084228","rd":"106.95479267214","sigma":"0","rptime":"1440925200","rpr":1607.026793173,"rprd":85.053816857821,"rpsigma":"0","acre":1181.6472569914,"lacre":1181.6472569914,"oldacre":"1167.8664989091"},"endType":"normal"}