{"seed":[9193,15111,22698,52959],"turns":24,"p1":"DJ Gible","p2":"Twizz","p1team":[{"name":"Diancie","species":"Diancie","item":"diancite","ability":"Clear Body","moves":["earthpower","moonblast","ancientpower","protect"],"nature":"Timid","evs":{"hp":0,"atk":0,"def":0,"spa":252,"spd":4,"spe":252},"ivs":{"hp":31,"atk":31,"def":31,"spa":31,"spd":31,"spe":31}},{"name":"Tyranitar","species":"Tyranitar","item":"choicescarf","ability":"Sand Stream","moves":["stoneedge","pursuit","superpower","earthquake"],"nature":"Jolly","evs":{"hp":0,"atk":252,"def":0,"spa":0,"spd":4,"spe":252},"ivs":{"hp":31,"atk":31,"def":31,"spa":31,"spd":31,"spe":31}},{"name":"Omastar","species":"Omastar","item":"focussash","ability":"Weak Armor","moves":["shellsmash","icebeam","scald","ancientpower"],"nature":"Modest","evs":{"hp":0,"atk":0,"def":0,"spa":252,"spd":4,"spe":252},"ivs":{"hp":31,"atk":31,"def":31,"spa":31,"spd":31,"spe":31}},{"name":"Rhyperior","species":"Rhyperior","item":"weaknesspolicy","ability":"Solid Rock","moves":["earthquake","ironhead","poisonjab","stoneedge"],"nature":"Adamant","evs":{"hp":184,"atk":252,"def":64,"spa":0,"spd":8,"spe":0},"ivs":{"hp":31,"atk":31,"def":31,"spa":31,"spd":31,"spe":31}},{"name":"Terrakion","species":"Terrakion","item":"choicescarf","ability":"Justified","moves":["closecombat","stoneedge","zenheadbutt","poisonjab"],"nature":"Jolly","evs":{"hp":0,"atk":252,"def":0,"spa":0,"spd":4,"spe":252},"ivs":{"hp":31,"atk":31,"def":31,"spa":31,"spd":31,"spe":31}},{"name":"Shuckle","species":"Shuckle","item":"mentalherb","ability":"Sturdy","moves":["stickyweb","stealthrock","encore","toxic"],"nature":"Bold","evs":{"hp":248,"atk":0,"def":252,"spa":0,"spd":8,"spe":0},"ivs":{"hp":31,"atk":31,"def":31,"spa":31,"spd":31,"spe":31}}],"p2team":[{"name":"0.F.U","species":"magnezone","item":"leftovers","ability":"Sturdy","moves":["flashcannon","thunderbolt","protect","hiddenpowerice"],"nature":"Modest","evs":{"hp":76,"atk":0,"def":180,"spa":252,"spd":0,"spe":0},"ivs":{"hp":31,"atk":30,"def":30,"spa":31,"spd":31,"spe":31}},{"name":"Nope","species":"zapdos","item":"leftovers","ability":"Pressure","moves":["discharge","heatwave","toxic","roost"],"nature":"Bold","evs":{"hp":4,"atk":0,"def":252,"spa":56,"spd":196,"spe":0},"ivs":{"hp":31,"atk":31,"def":31,"spa":31,"spd":31,"spe":31}},{"name":"Amphabulous","species":"ampharos","item":"ampharosite","ability":"Static","moves":["cottonguard","rest","sleeptalk","dragonpulse"],"nature":"Bold","evs":{"hp":0,"atk":0,"def":252,"spa":136,"spd":120,"spe":0},"ivs":{"hp":31,"atk":31,"def":31,"spa":31,"spd":31,"spe":31}},{"name":"Anti-Venusaur","species":"raikou","item":"leftovers","ability":"Pressure","moves":["calmmind","substitute","thunderbolt","hiddenpowerice"],"nature":"Timid","evs":{"hp":0,"atk":0,"def":0,"spa":252,"spd":4,"spe":252},"ivs":{"hp":31,"atk":30,"def":30,"spa":31,"spd":31,"spe":31}},{"name":"Fuck you","species":"rotomwash","item":"choicescarf","ability":"Levitate","moves":["voltswitch","hydropump","willowisp","trick"],"nature":"Timid","evs":{"hp":0,"atk":0,"def":0,"spa":252,"spd":4,"spe":252},"ivs":{"hp":31,"atk":31,"def":31,"spa":31,"spd":31,"spe":31}},{"name":"Anti-Venusaur 2.0","species":"thundurus","item":"lifeorb","ability":"Prankster","moves":["thunderwave","thunderbolt","uturn","hiddenpowerflying"],"nature":"Serious","evs":{"hp":4,"atk":96,"def":0,"spa":156,"spd":0,"spe":252},"ivs":{"hp":30,"atk":30,"def":30,"spa":30,"spd":30,"spe":31}}],"log":["|player|p1|DJ Gible|198","|player|p2|Twizz|264","|gametype|singles","|gen|6","|tier|Monotype","|rated","|rule|Baton Pass Clause: Limit one Baton Passer, can't pass Spe and other stats simultaneously","|rule|Swagger Clause: Swagger is banned","|rule|Same Type Clause: Pokémon in a team must share a type","|clearpoke","|poke|p1|Diancie","|poke|p1|Tyranitar, M","|poke|p1|Omastar, M","|poke|p1|Rhyperior, F","|poke|p1|Terrakion","|poke|p1|Shuckle, F","|poke|p2|Magnezone","|poke|p2|Zapdos","|poke|p2|Ampharos, M","|poke|p2|Raikou","|poke|p2|Rotom-Wash","|poke|p2|Thundurus, M","|rule|Sleep Clause Mod: Limit one foe put to sleep","|rule|Species Clause: Limit one of each Pokémon","|rule|OHKO Clause: OHKO moves are banned","|rule|Moody Clause: Moody is banned","|rule|Evasion Moves Clause: Evasion moves are banned","|rule|Endless Battle Clause: Forcing endless battles is banned","|rule|HP Percentage Mod: HP is shown in percentages","|teampreview","|","|start","|switch|p1a: Shuckle|Shuckle, F|243/243","|switch|p2a: Fuck you|Rotom-Wash|241/241","|turn|1","|","|move|p2a: Fuck you|Trick|p1a: Shuckle","|-activate|p2a: Fuck you|move: Trick|[of] p1a: Shuckle","|-item|p1a: Shuckle|Choice Scarf|[from] move: Trick","|-item|p2a: Fuck you|Mental Herb|[from] move: Trick","|move|p1a: Shuckle|Sticky Web|p2a: Fuck you","|-sidestart|p2: Twizz|move: Sticky Web","|","|turn|2","|","|switch|p1a: Rhyperior|Rhyperior, F|417/417","|move|p2a: Fuck you|Will-O-Wisp|p1a: Rhyperior","|-status|p1a: Rhyperior|brn","|","|-damage|p1a: Rhyperior|365/417 brn|[from] brn","|turn|3","|","|move|p2a: Fuck you|Trick|p1a: Rhyperior","|-activate|p2a: Fuck you|move: Trick|[of] p1a: Rhyperior","|-item|p1a: Rhyperior|Mental Herb|[from] move: Trick","|-item|p2a: Fuck you|Weakness Policy|[from] move: Trick","|move|p1a: Rhyperior|Stone Edge|p2a: Fuck you","|-damage|p2a: Fuck you|152/241","|","|-damage|p1a: Rhyperior|313/417 brn|[from] brn","|turn|4","|","|move|p2a: Fuck you|Hydro Pump|p1a: Rhyperior","|-supereffective|p1a: Rhyperior","|-damage|p1a: Rhyperior|0 fnt","|faint|p1a: Rhyperior","|","|","|switch|p1a: Shuckle|Shuckle, F|243/243","|turn|5","|","|move|p2a: Fuck you|Hydro Pump|p1a: Shuckle","|-supereffective|p1a: Shuckle","|-damage|p1a: Shuckle|73/243","|move|p1a: Shuckle|Stealth Rock|p2a: Fuck you","|-sidestart|p2: Twizz|move: Stealth Rock","|","|turn|6","|","|move|p2a: Fuck you|Will-O-Wisp|p1a: Shuckle","|-status|p1a: Shuckle|brn","|move|p1a: Shuckle|Stealth Rock|p2a: Fuck you","|-fail|p2a: Fuck you","|","|-damage|p1a: Shuckle|43/243 brn|[from] brn","|turn|7","|","|move|p2a: Fuck you|Hydro Pump|p1a: Shuckle","|-crit|p1a: Shuckle","|-supereffective|p1a: Shuckle","|-damage|p1a: Shuckle|0 fnt","|faint|p1a: Shuckle","|","|","|switch|p1a: Diancie|Diancie|241/241","|turn|8","|","|detailschange|p1a: Diancie|Diancie-Mega","|-mega|p1a: Diancie|Diancie|Diancite","|move|p1a: Diancie|Protect|p1a: Diancie","|-singleturn|p1a: Diancie|Protect","|move|p2a: Fuck you|Hydro Pump|p1a: Diancie","|-activate|p1a: Diancie|Protect","|","|turn|9","|","|move|p1a: Diancie|Moonblast|p2a: Fuck you","|-damage|p2a: Fuck you|0 fnt","|faint|p2a: Fuck you","|","|","|switch|p2a: 0.F.U|Magnezone|300/300","|-activate|p2a: 0.F.U|move: Sticky Web","|-unboost|p2a: 0.F.U|spe|1","|-damage|p2a: 0.F.U|282/300|[from] Stealth Rock","|turn|10","|","|move|p2a: 0.F.U|Protect|p2a: 0.F.U","|-singleturn|p2a: 0.F.U|Protect","|move|p1a: Diancie|Earth Power|p2a: 0.F.U","|-activate|p2a: 0.F.U|Protect","|","|-heal|p2a: 0.F.U|300/300|[from] item: Leftovers","|turn|11","|","|move|p1a: Diancie|Ancient Power|p2a: 0.F.U","|-resisted|p2a: 0.F.U","|-damage|p2a: 0.F.U|228/300","|move|p2a: 0.F.U|Flash Cannon|p1a: Diancie","|-supereffective|p1a: Diancie","|-damage|p1a: Diancie|0 fnt","|faint|p1a: Diancie","|","|-heal|p2a: 0.F.U|246/300|[from] item: Leftovers","|","|switch|p1a: Tyranitar|Tyranitar, M|341/341","|-weather|Sandstorm","|turn|12","|","|move|p2a: 0.F.U|Protect|p2a: 0.F.U","|-singleturn|p2a: 0.F.U|Protect","|move|p1a: Tyranitar|Earthquake|p2a: 0.F.U","|-activate|p2a: 0.F.U|Protect","|","|-weather|Sandstorm|[upkeep]","|-heal|p2a: 0.F.U|264/300|[from] item: Leftovers","|turn|13","|","|switch|p2a: Anti-Venusaur 2.0|Thundurus, M|299/299","|-damage|p2a: Anti-Venusaur 2.0|225/299|[from] Stealth Rock","|move|p1a: Tyranitar|Earthquake|p2a: Anti-Venusaur 2.0","|-immune|p2a: Anti-Venusaur 2.0|[msg]","|","|-weather|Sandstorm|[upkeep]","|-damage|p2a: Anti-Venusaur 2.0|207/299|[from] sandstorm","|turn|14","|","|switch|p1a: Omastar|Omastar, M|281/281","|move|p2a: Anti-Venusaur 2.0|Thunder Wave|p1a: Omastar","|-status|p1a: Omastar|par","|","|-weather|Sandstorm|[upkeep]","|-damage|p2a: Anti-Venusaur 2.0|189/299|[from] sandstorm","|turn|15","|","|move|p2a: Anti-Venusaur 2.0|Thunderbolt|p1a: Omastar","|-supereffective|p1a: Omastar","|-enditem|p1a: Omastar|Focus Sash","|-damage|p1a: Omastar|1/281 par","|-damage|p2a: Anti-Venusaur 2.0|160/299|[from] item: Life Orb","|move|p1a: Omastar|Ice Beam|p2a: Anti-Venusaur 2.0","|-supereffective|p2a: Anti-Venusaur 2.0","|-damage|p2a: Anti-Venusaur 2.0|0 fnt","|faint|p2a: Anti-Venusaur 2.0","|","|-weather|Sandstorm|[upkeep]","|","|switch|p2a: 0.F.U|Magnezone|264/300","|-damage|p2a: 0.F.U|246/300|[from] Stealth Rock","|-activate|p2a: 0.F.U|move: Sticky Web","|-unboost|p2a: 0.F.U|spe|1","|turn|16","|","|move|p2a: 0.F.U|Thunderbolt|p1a: Omastar","|-supereffective|p1a: Omastar","|-damage|p1a: Omastar|0 fnt","|faint|p1a: Omastar","|","|-weather|none","|-heal|p2a: 0.F.U|264/300|[from] item: Leftovers","|","|switch|p1a: Tyranitar|Tyranitar, M|341/341","|-weather|Sandstorm","|turn|17","|","|move|p2a: 0.F.U|Protect|p2a: 0.F.U","|-singleturn|p2a: 0.F.U|Protect","|move|p1a: Tyranitar|Superpower|p2a: 0.F.U","|-activate|p2a: 0.F.U|Protect","|","|-weather|Sandstorm|[upkeep]","|-heal|p2a: 0.F.U|282/300|[from] item: Leftovers","|turn|18","|","|switch|p1a: Terrakion|Terrakion|323/323","|move|p2a: 0.F.U|Thunderbolt|p1a: Terrakion","|-damage|p1a: Terrakion|203/323","|","|-weather|Sandstorm|[upkeep]","|-heal|p2a: 0.F.U|300/300|[from] item: Leftovers","|turn|19","|","|move|p2a: 0.F.U|Protect|p2a: 0.F.U","|-singleturn|p2a: 0.F.U|Protect","|move|p1a: Terrakion|Close Combat|p2a: 0.F.U","|-activate|p2a: 0.F.U|Protect","|","|-weather|Sandstorm|[upkeep]","|turn|20","|","|move|p1a: Terrakion|Close Combat|p2a: 0.F.U","|-supereffective|p2a: 0.F.U","|-ability|p2a: 0.F.U|Sturdy","|-damage|p2a: 0.F.U|1/300","|-unboost|p1a: Terrakion|def|1","|-unboost|p1a: Terrakion|spd|1","|move|p2a: 0.F.U|Flash Cannon|p1a: Terrakion","|-supereffective|p1a: Terrakion","|-damage|p1a: Terrakion|0 fnt","|faint|p1a: Terrakion","|","|-weather|Sandstorm|[upkeep]","|-heal|p2a: 0.F.U|19/300|[from] item: Leftovers","|","|switch|p1a: Tyranitar|Tyranitar, M|341/341","|turn|21","|","|move|p2a: 0.F.U|Protect|p2a: 0.F.U","|-singleturn|p2a: 0.F.U|Protect","|move|p1a: Tyranitar|Stone Edge|p2a: 0.F.U","|-activate|p2a: 0.F.U|Protect","|","|-weather|none","|-heal|p2a: 0.F.U|37/300|[from] item: Leftovers","|turn|22","|","|move|p1a: Tyranitar|Stone Edge|p2a: 0.F.U|[miss]","|-miss|p1a: Tyranitar|p2a: 0.F.U","|move|p2a: 0.F.U|Thunderbolt|p1a: Tyranitar","|-damage|p1a: Tyranitar|175/341","|","|-heal|p2a: 0.F.U|55/300|[from] item: Leftovers","|turn|23","|","|move|p2a: 0.F.U|Protect|p2a: 0.F.U","|-singleturn|p2a: 0.F.U|Protect","|move|p1a: Tyranitar|Stone Edge|p2a: 0.F.U","|-activate|p2a: 0.F.U|Protect","|","|-heal|p2a: 0.F.U|73/300|[from] item: Leftovers","|turn|24","|","|move|p1a: Tyranitar|Stone Edge|p2a: 0.F.U","|-resisted|p2a: 0.F.U","|-damage|p2a: 0.F.U|7/300","|move|p2a: 0.F.U|Flash Cannon|p1a: Tyranitar","|-supereffective|p1a: Tyranitar","|-damage|p1a: Tyranitar|0 fnt","|faint|p1a: Tyranitar","|","|win|Twizz"],"p1rating":{"entryid":"166635","serverid":"eos","formatid":"monotype","userid":"djgible","username":"DJ Gible","w":"26","l":34,"t":"0","gxe":45.5,"r":"1476.2724379568","rd":"48.427291672956","sigma":"0","rptime":"1441011600","rpr":1465.9028747576,"rprd":45.296166917777,"rpsigma":"0","acre":1051.2449431439,"lacre":1051.2449431439,"oldacre":"1077.6520684617"},"p2rating":{"entryid":"66045","serverid":"eos","formatid":"monotype","userid":"twizz","username":"Twizz","w":23,"l":"28","t":"0","gxe":44.1,"r":"1468.0833453447","rd":"51.363854938526","sigma":"0","rptime":"1441011600","rpr":1454.6333106215,"rprd":49.42783978426,"rpsigma":"0","acre":1048.7940812292,"lacre":1048.7940812292,"oldacre":"1000"},"endType":"normal"}