{"seed":[11194,21202,43971,16634],"turns":47,"p1":"SL Centurion","p2":"MinerKombat §","p1team":[{"name":"Skuntank","species":"Skuntank","item":"blacksludge","ability":"Aftermath","moves":["suckerpunch","explosion","crunch","poisonjab"],"nature":"Adamant","evs":{"hp":252,"atk":252,"def":0,"spa":0,"spd":4,"spe":0},"ivs":{"hp":31,"atk":31,"def":31,"spa":31,"spd":31,"spe":31}},{"name":"Gengar","species":"Gengar","item":"choicescarf","ability":"Levitate","moves":["clearsmog","dazzlinggleam","shadowball","psychic"],"nature":"Timid","evs":{"hp":0,"atk":0,"def":0,"spa":252,"spd":4,"spe":252},"ivs":{"hp":31,"atk":31,"def":31,"spa":31,"spd":31,"spe":31}},{"name":"Scolipede","species":"Scolipede","item":"airballoon","ability":"Speed Boost","moves":["protect","megahorn","batonpass","poisonjab"],"nature":"Adamant","evs":{"hp":0,"atk":252,"def":0,"spa":0,"spd":4,"spe":252},"ivs":{"hp":31,"atk":31,"def":31,"spa":31,"spd":31,"spe":31}},{"name":"Muk","species":"Muk","item":"assaultvest","ability":"Poison Touch","moves":["poweruppunch","shadowsneak","firepunch","poisonjab"],"nature":"Adamant","evs":{"hp":248,"atk":252,"def":0,"spa":0,"spd":8,"spe":0},"ivs":{"hp":31,"atk":31,"def":31,"spa":31,"spd":31,"spe":31}},{"name":"Weezing","species":"Weezing","item":"blacksludge","ability":"Levitate","moves":["willowisp","toxicspikes","fireblast","sludgebomb"],"nature":"Calm","evs":{"hp":248,"atk":0,"def":0,"spa":8,"spd":252,"spe":0},"ivs":{"hp":31,"atk":31,"def":31,"spa":31,"spd":31,"spe":31}},{"name":"Venusaur","species":"Venusaur","item":"venusaurite","ability":"Chlorophyll","moves":["synthesis","swordsdance","sleeppowder","seedbomb"],"nature":"Adamant","evs":{"hp":0,"atk":252,"def":0,"spa":0,"spd":4,"spe":252},"ivs":{"hp":31,"atk":31,"def":31,"spa":31,"spd":31,"spe":31}}],"p2team":[{"name":"Chrom Nom Nom","species":"feraligatr","item":"lifeorb","ability":"Sheer Force","moves":["waterfall","crunch","dragondance","icepunch"],"nature":"Adamant","evs":{"hp":0,"atk":252,"def":0,"spa":0,"spd":4,"spe":252},"ivs":{"hp":31,"atk":31,"def":31,"spa":31,"spd":31,"spe":31}},{"name":"Kill Them All...","species":"slowbro","item":"leftovers","ability":"Regenerator","moves":["toxic","thunderwave","scald","slackoff"],"nature":"Bold","evs":{"hp":248,"atk":0,"def":252,"spa":8,"spd":0,"spe":0},"shiny":true,"ivs":{"hp":31,"atk":31,"def":31,"spa":31,"spd":31,"spe":31}},{"name":"Maj Ecaps","species":"suicune","item":"leftovers","ability":"Pressure","moves":["rest","sleeptalk","calmmind","surf"],"nature":"Modest","evs":{"hp":252,"atk":0,"def":124,"spa":8,"spd":124,"spe":0},"shiny":true,"ivs":{"hp":31,"atk":31,"def":31,"spa":31,"spd":31,"spe":31}},{"name":"Underwater","species":"azumarill","item":"expertbelt","ability":"Sap Sipper","moves":["aquajet","knockoff","playrough","waterfall"],"nature":"Adamant","evs":{"hp":248,"atk":252,"def":0,"spa":0,"spd":8,"spe":0},"ivs":{"hp":31,"atk":31,"def":31,"spa":31,"spd":31,"spe":31}},{"name":"Sharpedophile","species":"sharpedo","item":"sharpedonite","ability":"Speed Boost","moves":["crunch","earthquake","aquajet","waterfall"],"nature":"Adamant","evs":{"hp":0,"atk":252,"def":0,"spa":0,"spd":4,"spe":252},"ivs":{"hp":31,"atk":31,"def":31,"spa":31,"spd":31,"spe":31}},{"name":"Illuminated","species":"lanturn","item":"leftovers","ability":"Volt Absorb","moves":["discharge","surf","thunderwave","toxic"],"nature":"Calm","evs":{"hp":252,"atk":0,"def":0,"spa":4,"spd":252,"spe":0},"ivs":{"hp":31,"atk":31,"def":31,"spa":30,"spd":30,"spe":31}}],"log":["|player|p1|SL Centurion|257","|player|p2|MinerKombat §|164","|gametype|singles","|gen|6","|tier|Monotype","|rated","|rule|Baton Pass Clause: Limit one Baton Passer, can't pass Spe and other stats simultaneously","|rule|Swagger Clause: Swagger is banned","|rule|Same Type Clause: Pokémon in a team must share a type","|clearpoke","|poke|p1|Skuntank, M","|poke|p1|Gengar, F","|poke|p1|Scolipede, M","|poke|p1|Muk, F","|poke|p1|Weezing, F","|poke|p1|Venusaur, M","|poke|p2|Feraligatr, F","|poke|p2|Slowbro, F, shiny","|poke|p2|Suicune, shiny","|poke|p2|Azumarill, F","|poke|p2|Sharpedo, F","|poke|p2|Lanturn, M","|rule|Sleep Clause Mod: Limit one foe put to sleep","|rule|Species Clause: Limit one of each Pokémon","|rule|OHKO Clause: OHKO moves are banned","|rule|Moody Clause: Moody is banned","|rule|Evasion Moves Clause: Evasion moves are banned","|rule|Endless Battle Clause: Forcing endless battles is banned","|rule|HP Percentage Mod: HP is shown in percentages","|teampreview","|","|start","|switch|p1a: Muk|Muk, F|413/413","|switch|p2a: Chrom Nom Nom|Feraligatr, F|311/311","|turn|1","|","|move|p2a: Chrom Nom Nom|Dragon Dance|p2a: Chrom Nom Nom","|-boost|p2a: Chrom Nom Nom|atk|1","|-boost|p2a: Chrom Nom Nom|spe|1","|move|p1a: Muk|Power-Up Punch|p2a: Chrom Nom Nom","|-damage|p2a: Chrom Nom Nom|268/311","|-boost|p1a: Muk|atk|1","|","|turn|2","|","|move|p2a: Chrom Nom Nom|Waterfall|p1a: Muk","|-damage|p1a: Muk|0 fnt","|faint|p1a: Muk","|","|","|switch|p1a: Gengar|Gengar, F|261/261","|turn|3","|","|move|p1a: Gengar|Clear Smog|p2a: Chrom Nom Nom","|-damage|p2a: Chrom Nom Nom|162/311","|-clearboost|p2a: Chrom Nom Nom","|move|p2a: Chrom Nom Nom|Waterfall|p1a: Gengar","|-damage|p1a: Gengar|0 fnt","|faint|p1a: Gengar","|","|","|switch|p1a: Scolipede|Scolipede, M|261/261","|-item|p1a: Scolipede|Air Balloon","|turn|4","|","|move|p1a: Scolipede|Megahorn|p2a: Chrom Nom Nom","|-damage|p2a: Chrom Nom Nom|0 fnt","|faint|p2a: Chrom Nom Nom","|","|-boost|p1a: Scolipede|spe|1|[from] ability: Speed Boost","|","|switch|p2a: Illuminated|Lanturn, M|454/454","|turn|5","|","|move|p1a: Scolipede|Protect|p1a: Scolipede","|-singleturn|p1a: Scolipede|Protect","|move|p2a: Illuminated|Thunder Wave|p1a: Scolipede","|-activate|p1a: Scolipede|Protect","|","|-boost|p1a: Scolipede|spe|1|[from] ability: Speed Boost","|turn|6","|","|move|p1a: Scolipede|Baton Pass|p1a: Scolipede","|","|switch|p1a: Venusaur|Venusaur, M|301/301","|move|p2a: Illuminated|Thunder Wave|p1a: Venusaur","|-status|p1a: Venusaur|par","|","|turn|7","|","|detailschange|p1a: Venusaur|Venusaur-Mega, M","|-mega|p1a: Venusaur|Venusaur|Venusaurite","|move|p2a: Illuminated|Discharge|p1a: Venusaur","|-resisted|p1a: Venusaur","|-damage|p1a: Venusaur|267/301 par","|move|p1a: Venusaur|Sleep Powder|p2a: Illuminated","|-status|p2a: Illuminated|slp","|","|turn|8","|","|switch|p2a: Underwater|Azumarill, F|403/403","|move|p1a: Venusaur|Swords Dance|p1a: Venusaur","|-boost|p1a: Venusaur|atk|2","|","|turn|9","|","|move|p2a: Underwater|Aqua Jet|p1a: Venusaur","|-resisted|p1a: Venusaur","|-damage|p1a: Venusaur|247/301 par","|cant|p1a: Venusaur|par","|","|turn|10","|","|move|p2a: Underwater|Aqua Jet|p1a: Venusaur","|-resisted|p1a: Venusaur","|-damage|p1a: Venusaur|229/301 par","|move|p1a: Venusaur|Seed Bomb|p2a: Underwater","|-boost|p2a: Underwater|atk|1|[from] ability: Sap Sipper","|","|turn|11","|","|switch|p1a: Skuntank|Skuntank, M|410/410","|move|p2a: Underwater|Waterfall|p1a: Skuntank","|-damage|p1a: Skuntank|226/410","|","|-heal|p1a: Skuntank|251/410|[from] item: Black Sludge","|turn|12","|","|move|p1a: Skuntank|Poison Jab|p2a: Underwater","|-supereffective|p2a: Underwater","|-damage|p2a: Underwater|113/403","|move|p2a: Underwater|Waterfall|p1a: Skuntank","|-damage|p1a: Skuntank|70/410","|","|-heal|p1a: Skuntank|95/410|[from] item: Black Sludge","|turn|13","|","|move|p1a: Skuntank|Sucker Punch|p2a: Underwater","|-resisted|p2a: Underwater","|-damage|p2a: Underwater|42/403","|move|p2a: Underwater|Aqua Jet|p1a: Skuntank","|-damage|p1a: Skuntank|5/410","|","|-heal|p1a: Skuntank|30/410|[from] item: Black Sludge","|turn|14","|","|switch|p2a: Kill Them All...|Slowbro, F, shiny|393/393","|move|p1a: Skuntank|Sucker Punch|p2a: Kill Them All...","|-fail|p1a: Skuntank","|","|-heal|p1a: Skuntank|55/410|[from] item: Black Sludge","|turn|15","|","|move|p1a: Skuntank|Crunch|p2a: Kill Them All...","|-supereffective|p2a: Kill Them All...","|-damage|p2a: Kill Them All...|223/393","|move|p2a: Kill Them All...|Thunder Wave|p1a: Skuntank","|-status|p1a: Skuntank|par","|","|-heal|p2a: Kill Them All...|247/393|[from] item: Leftovers","|-heal|p1a: Skuntank|80/410 par|[from] item: Black Sludge","|turn|16","|","|move|p2a: Kill Them All...|Scald|p1a: Skuntank","|-damage|p1a: Skuntank|0 fnt","|faint|p1a: Skuntank","|","|-heal|p2a: Kill Them All...|271/393|[from] item: Leftovers","|","|switch|p1a: Scolipede|Scolipede, M|261/261","|-item|p1a: Scolipede|Air Balloon","|turn|17","|","|move|p1a: Scolipede|Protect|p1a: Scolipede","|-singleturn|p1a: Scolipede|Protect","|move|p2a: Kill Them All...|Scald|p1a: Scolipede","|-activate|p1a: Scolipede|Protect","|","|-heal|p2a: Kill Them All...|295/393|[from] item: Leftovers","|-boost|p1a: Scolipede|spe|1|[from] ability: Speed Boost","|turn|18","|","|move|p1a: Scolipede|Baton Pass|p1a: Scolipede","|","|switch|p1a: Weezing|Weezing, F|333/333","|move|p2a: Kill Them All...|Scald|p1a: Weezing","|-damage|p1a: Weezing|252/333","|","|-heal|p1a: Weezing|272/333|[from] item: Black Sludge","|-heal|p2a: Kill Them All...|319/393|[from] item: Leftovers","|turn|19","|","|move|p1a: Weezing|Will-O-Wisp|p2a: Kill Them All...","|-status|p2a: Kill Them All...|brn","|move|p2a: Kill Them All...|Thunder Wave|p1a: Weezing","|-status|p1a: Weezing|par","|","|-heal|p2a: Kill Them All...|343/393 brn|[from] item: Leftovers","|-heal|p1a: Weezing|292/333 par|[from] item: Black Sludge","|-damage|p2a: Kill Them All...|294/393 brn|[from] brn","|turn|20","|","|move|p2a: Kill Them All...|Scald|p1a: Weezing","|-damage|p1a: Weezing|208/333 par","|cant|p1a: Weezing|par","|","|-heal|p2a: Kill Them All...|318/393 brn|[from] item: Leftovers","|-heal|p1a: Weezing|228/333 par|[from] item: Black Sludge","|-damage|p2a: Kill Them All...|269/393 brn|[from] brn","|turn|21","|","|switch|p1a: Venusaur|Venusaur-Mega, M|229/301 par","|move|p2a: Kill Them All...|Scald|p1a: Venusaur","|-crit|p1a: Venusaur","|-resisted|p1a: Venusaur","|-damage|p1a: Venusaur|169/301 par","|","|-heal|p2a: Kill Them All...|293/393 brn|[from] item: Leftovers","|-damage|p2a: Kill Them All...|244/393 brn|[from] brn","|turn|22","|","|switch|p2a: Underwater|Azumarill, F|42/403","|switch|p1a: Scolipede|Scolipede, M|261/261","|-item|p1a: Scolipede|Air Balloon","|","|turn|23","|","|switch|p2a: Maj Ecaps|Suicune, shiny|404/404","|-ability|p2a: Maj Ecaps|Pressure","|move|p1a: Scolipede|Poison Jab|p2a: Maj Ecaps","|-damage|p2a: Maj Ecaps|298/404","|","|-heal|p2a: Maj Ecaps|323/404|[from] item: Leftovers","|-boost|p1a: Scolipede|spe|1|[from] ability: Speed Boost","|turn|24","|","|move|p1a: Scolipede|Protect|p1a: Scolipede","|-singleturn|p1a: Scolipede|Protect","|move|p2a: Maj Ecaps|Calm Mind|p2a: Maj Ecaps","|-boost|p2a: Maj Ecaps|spa|1","|-boost|p2a: Maj Ecaps|spd|1","|","|-heal|p2a: Maj Ecaps|348/404|[from] item: Leftovers","|-boost|p1a: Scolipede|spe|1|[from] ability: Speed Boost","|turn|25","|","|move|p1a: Scolipede|Megahorn|p2a: Maj Ecaps","|-damage|p2a: Maj Ecaps|198/404","|move|p2a: Maj Ecaps|Calm Mind|p2a: Maj Ecaps","|-boost|p2a: Maj Ecaps|spa|1","|-boost|p2a: Maj Ecaps|spd|1","|","|-heal|p2a: Maj Ecaps|223/404|[from] item: Leftovers","|-boost|p1a: Scolipede|spe|1|[from] ability: Speed Boost","|turn|26","|","|move|p1a: Scolipede|Megahorn|p2a: Maj Ecaps","|-damage|p2a: Maj Ecaps|78/404","|move|p2a: Maj Ecaps|Surf|p1a: Scolipede","|-damage|p1a: Scolipede|0 fnt","|-enditem|p1a: Scolipede|Air Balloon","|faint|p1a: Scolipede","|","|-heal|p2a: Maj Ecaps|103/404|[from] item: Leftovers","|","|switch|p1a: Weezing|Weezing, F|228/333 par","|turn|27","|","|move|p2a: Maj Ecaps|Rest|p2a: Maj Ecaps","|-status|p2a: Maj Ecaps|slp","|-heal|p2a: Maj Ecaps|404/404 slp|[silent]","|-status|p2a: Maj Ecaps|slp|[from] move: Rest","|move|p1a: Weezing|Sludge Bomb|p2a: Maj Ecaps","|-damage|p2a: Maj Ecaps|368/404 slp","|","|-heal|p2a: Maj Ecaps|393/404 slp|[from] item: Leftovers","|-heal|p1a: Weezing|248/333 par|[from] item: Black Sludge","|turn|28","|","|switch|p1a: Venusaur|Venusaur-Mega, M|169/301 par","|cant|p2a: Maj Ecaps|slp","|move|p2a: Maj Ecaps|Sleep Talk|p2a: Maj Ecaps","|move|p2a: Maj Ecaps|Calm Mind|p2a: Maj Ecaps|[from]Sleep Talk","|-boost|p2a: Maj Ecaps|spa|1","|-boost|p2a: Maj Ecaps|spd|1","|","|-heal|p2a: Maj Ecaps|404/404 slp|[from] item: Leftovers","|turn|29","|","|cant|p2a: Maj Ecaps|slp","|move|p2a: Maj Ecaps|Sleep Talk|p2a: Maj Ecaps","|move|p2a: Maj Ecaps|Calm Mind|p2a: Maj Ecaps|[from]Sleep Talk","|-boost|p2a: Maj Ecaps|spa|1","|-boost|p2a: Maj Ecaps|spd|1","|move|p1a: Venusaur|Swords Dance|p1a: Venusaur","|-boost|p1a: Venusaur|atk|2","|","|turn|30","|","|-curestatus|p2a: Maj Ecaps|slp","|move|p2a: Maj Ecaps|Sleep Talk|p2a: Maj Ecaps","|-fail|p2a: Maj Ecaps","|move|p1a: Venusaur|Seed Bomb|p2a: Maj Ecaps","|-supereffective|p2a: Maj Ecaps","|-damage|p2a: Maj Ecaps|6/404","|","|-heal|p2a: Maj Ecaps|31/404|[from] item: Leftovers","|turn|31","|","|move|p2a: Maj Ecaps|Surf|p1a: Venusaur","|-resisted|p1a: Venusaur","|-damage|p1a: Venusaur|32/301 par","|move|p1a: Venusaur|Synthesis|p1a: Venusaur","|-heal|p1a: Venusaur|182/301 par","|","|-heal|p2a: Maj Ecaps|56/404|[from] item: Leftovers","|turn|32","|","|move|p2a: Maj Ecaps|Surf|p1a: Venusaur","|-resisted|p1a: Venusaur","|-damage|p1a: Venusaur|54/301 par","|move|p1a: Venusaur|Synthesis|p1a: Venusaur","|-heal|p1a: Venusaur|204/301 par","|","|-heal|p2a: Maj Ecaps|81/404|[from] item: Leftovers","|turn|33","|","|move|p2a: Maj Ecaps|Surf|p1a: Venusaur","|-resisted|p1a: Venusaur","|-damage|p1a: Venusaur|63/301 par","|move|p1a: Venusaur|Seed Bomb|p2a: Maj Ecaps","|-supereffective|p2a: Maj Ecaps","|-damage|p2a: Maj Ecaps|0 fnt","|faint|p2a: Maj Ecaps","|","|","|switch|p2a: Underwater|Azumarill, F|42/403","|turn|34","|","|move|p2a: Underwater|Aqua Jet|p1a: Venusaur","|-resisted|p1a: Venusaur","|-damage|p1a: Venusaur|45/301 par","|cant|p1a: Venusaur|par","|","|turn|35","|","|move|p2a: Underwater|Waterfall|p1a: Venusaur","|-resisted|p1a: Venusaur","|-damage|p1a: Venusaur|9/301 par","|move|p1a: Venusaur|Synthesis|p1a: Venusaur","|-heal|p1a: Venusaur|159/301 par","|","|turn|36","|","|move|p2a: Underwater|Knock Off|p1a: Venusaur","|-damage|p1a: Venusaur|116/301 par","|move|p1a: Venusaur|Synthesis|p1a: Venusaur","|-heal|p1a: Venusaur|266/301 par","|","|turn|37","|","|switch|p1a: Weezing|Weezing, F|248/333 par","|move|p2a: Underwater|Knock Off|p1a: Weezing","|-damage|p1a: Weezing|184/333 par","|-enditem|p1a: Weezing|Black Sludge|[from] move: Knock Off|[of] p2a: Underwater","|","|turn|38","|","|move|p2a: Underwater|Waterfall|p1a: Weezing","|-damage|p1a: Weezing|115/333 par","|move|p1a: Weezing|Will-O-Wisp|p2a: Underwater","|-status|p2a: Underwater|brn","|","|-damage|p2a: Underwater|0 fnt|[from] brn","|faint|p2a: Underwater","|","|switch|p2a: Sharpedophile|Sharpedo, F|281/281","|turn|39","|","|move|p2a: Sharpedophile|Waterfall|p1a: Weezing","|-damage|p1a: Weezing|0 fnt","|faint|p1a: Weezing","|","|-boost|p2a: Sharpedophile|spe|1|[from] ability: Speed Boost","|","|switch|p1a: Venusaur|Venusaur-Mega, M|266/301 par","|turn|40","|","|detailschange|p2a: Sharpedophile|Sharpedo-Mega, F","|-mega|p2a: Sharpedophile|Sharpedo|Sharpedonite","|move|p2a: Sharpedophile|Earthquake|p1a: Venusaur","|-damage|p1a: Venusaur|160/301 par","|move|p1a: Venusaur|Swords Dance|p1a: Venusaur","|-boost|p1a: Venusaur|atk|2","|","|turn|41","|","|move|p2a: Sharpedophile|Earthquake|p1a: Venusaur","|-damage|p1a: Venusaur|49/301 par","|move|p1a: Venusaur|Seed Bomb|p2a: Sharpedophile","|-supereffective|p2a: Sharpedophile","|-damage|p2a: Sharpedophile|0 fnt","|faint|p2a: Sharpedophile","|","|","|switch|p2a: Kill Them All...|Slowbro, F, shiny|375/393 brn","|turn|42","|","|move|p2a: Kill Them All...|Scald|p1a: Venusaur","|-resisted|p1a: Venusaur","|-damage|p1a: Venusaur|10/301 par","|move|p1a: Venusaur|Synthesis|p1a: Venusaur","|-heal|p1a: Venusaur|160/301 par","|","|-heal|p2a: Kill Them All...|393/393 brn|[from] item: Leftovers","|-damage|p2a: Kill Them All...|344/393 brn|[from] brn","|turn|43","|","|move|p2a: Kill Them All...|Scald|p1a: Venusaur","|-resisted|p1a: Venusaur","|-damage|p1a: Venusaur|118/301 par","|move|p1a: Venusaur|Synthesis|p1a: Venusaur","|-heal|p1a: Venusaur|268/301 par","|","|-heal|p2a: Kill Them All...|368/393 brn|[from] item: Leftovers","|-damage|p2a: Kill Them All...|319/393 brn|[from] brn","|turn|44","|","|move|p2a: Kill Them All...|Scald|p1a: Venusaur","|-resisted|p1a: Venusaur","|-damage|p1a: Venusaur|226/301 par","|move|p1a: Venusaur|Seed Bomb|p2a: Kill Them All...","|-supereffective|p2a: Kill Them All...","|-damage|p2a: Kill Them All...|0 fnt","|faint|p2a: Kill Them All...","|","|","|switch|p2a: Illuminated|Lanturn, M|454/454 slp","|turn|45","|","|cant|p2a: Illuminated|slp","|cant|p1a: Venusaur|par","|","|turn|46","|","|-curestatus|p2a: Illuminated|slp","|move|p2a: Illuminated|Surf|p1a: Venusaur","|-resisted|p1a: Venusaur","|-damage|p1a: Venusaur|187/301 par","|cant|p1a: Venusaur|par","|","|turn|47","|","|move|p2a: Illuminated|Surf|p1a: Venusaur","|-resisted|p1a: Venusaur","|-damage|p1a: Venusaur|151/301 par","|move|p1a: Venusaur|Seed Bomb|p2a: Illuminated","|-supereffective|p2a: Illuminated","|-damage|p2a: Illuminated|0 fnt","|faint|p2a: Illuminated","|","|win|SL Centurion"],"p1rating":{"entryid":"680906","serverid":"eos","formatid":"monotype","userid":"slcenturion","username":"SL Centurion","w":3,"l":"2","t":"0","gxe":54.5,"r":"1466.655546331","rd":"111.27802202952","sigma":"0","rptime":"1441011600","rpr":1535.5497975354,"rprd":102.49801216506,"rpsigma":"0","acre":1096.8663704829,"lacre":1096.8663704829,"oldacre":"1074.0378270014"},"p2rating":{"entryid":695518,"formatid":"monotype","userid":"minerkombat","username":"MinerKombat §","r":1500,"rd":130,"sigma":0,"rpr":1455.4901703741,"rprd":122.64893472409,"rpsigma":0,"rptime":1441011600,"w":0,"l":1,"t":0,"gxe":44.5,"acre":1000,"lacre":1000,"oldacre":1000},"endType":"normal"}