{"seed":[14302,49509,23000,10436],"turns":31,"p1":"Aрex✦Loνуxe","p2":"Imp Whatever","p1team":[{"name":"Gourgeist-Super","species":"Gourgeist-Super","item":"leftovers","ability":"Frisk","moves":["willowisp","leechseed","magiccoat","seedbomb"],"nature":"Impish","evs":{"hp":252,"atk":0,"def":252,"spa":0,"spd":0,"spe":0},"shiny":true,"ivs":{"hp":31,"atk":31,"def":31,"spa":31,"spd":31,"spe":31}},{"name":"Sableye","species":"Sableye","item":"leftovers","ability":"Prankster","moves":["willowisp","magiccoat","recover","darkpulse"],"nature":"Bold","evs":{"hp":252,"atk":0,"def":252,"spa":0,"spd":0,"spe":0},"ivs":{"hp":31,"atk":31,"def":31,"spa":31,"spd":31,"spe":31}},{"name":"Dusclops","species":"Dusclops","item":"eviolite","ability":"Pressure","moves":["calmmind","painsplit","nightshade","toxic"],"nature":"Calm","evs":{"hp":252,"atk":0,"def":0,"spa":0,"spd":252,"spe":0},"shiny":true,"ivs":{"hp":31,"atk":31,"def":31,"spa":31,"spd":31,"spe":31}},{"name":"Dusknoir","species":"Dusknoir","item":"leftovers","ability":"Frisk","moves":["poweruppunch","painsplit","taunt","shadowsneak"],"nature":"Careful","evs":{"hp":252,"atk":0,"def":0,"spa":0,"spd":252,"spe":0},"ivs":{"hp":31,"atk":31,"def":31,"spa":31,"spd":31,"spe":31}},{"name":"Trevenant","species":"Trevenant","item":"lifeorb","ability":"Natural Cure","moves":["hornleech","poisonjab","shadowclaw","poweruppunch"],"nature":"Adamant","evs":{"hp":252,"atk":252,"def":0,"spa":0,"spd":0,"spe":0},"shiny":true,"ivs":{"hp":31,"atk":31,"def":31,"spa":31,"spd":31,"spe":31}},{"name":"Gengar","species":"Gengar","item":"choicespecs","ability":"Levitate","moves":["dazzlinggleam","energyball","shadowball","sludgewave"],"nature":"Timid","evs":{"hp":0,"atk":0,"def":0,"spa":252,"spd":0,"spe":252},"ivs":{"hp":31,"atk":31,"def":31,"spa":31,"spd":31,"spe":31}}],"p2team":[{"name":"Swampert","species":"Swampert","item":"quickclaw","ability":"Torrent","moves":["earthquake","waterfall","icepunch","ancientpower"],"nature":"Brave","evs":{"hp":148,"atk":116,"def":132,"spa":0,"spd":112,"spe":0},"gender":"M","ivs":{"hp":31,"atk":31,"def":31,"spa":31,"spd":31,"spe":31}},{"name":"Ludicolo","species":"Ludicolo","item":"leftovers","ability":"Swift Swim","moves":["surf","gigadrain","focusblast","icebeam"],"nature":"Modest","evs":{"hp":76,"atk":0,"def":96,"spa":136,"spd":100,"spe":100},"gender":"M","ivs":{"hp":31,"atk":31,"def":31,"spa":31,"spd":31,"spe":31}},{"name":"Sharpedo","species":"Sharpedo","item":"sharpedonite","ability":"Speed Boost","moves":["protect","waterfall","crunch","icefang"],"nature":"Hasty","evs":{"hp":52,"atk":172,"def":84,"spa":0,"spd":84,"spe":116},"gender":"M","ivs":{"hp":31,"atk":31,"def":31,"spa":31,"spd":31,"spe":31}},{"name":"Tentacruel","species":"Tentacruel","item":"airballoon","ability":"Rain Dish","moves":["icebeam","confuseray","sludgewave","attract"],"nature":"Modest","evs":{"hp":120,"atk":0,"def":72,"spa":100,"spd":148,"spe":68},"gender":"F","ivs":{"hp":31,"atk":31,"def":31,"spa":31,"spd":31,"spe":31}},{"name":"Politoed","species":"Politoed","item":"leftovers","ability":"Drizzle","moves":["toxic","attract","protect","scald"],"nature":"Calm","evs":{"hp":108,"atk":0,"def":124,"spa":124,"spd":152,"spe":0},"ivs":{"hp":31,"atk":31,"def":31,"spa":31,"spd":31,"spe":31}},{"name":"Mantine","species":"Mantine","item":"leftovers","ability":"Swift Swim","moves":["mudsport","icebeam","airslash","scald"],"nature":"","evs":{"hp":116,"atk":0,"def":72,"spa":128,"spd":92,"spe":100},"ivs":{"hp":31,"atk":31,"def":31,"spa":31,"spd":31,"spe":31}}],"log":["|player|p1|Aрex✦Loνуxe|150","|player|p2|Imp Whatever|291","|gametype|singles","|gen|6","|tier|Monotype","|rated","|rule|Baton Pass Clause: Limit one Baton Passer, can't pass Spe and other stats simultaneously","|rule|Swagger Clause: Swagger is banned","|rule|Same Type Clause: Pokémon in a team must share a type","|clearpoke","|poke|p1|Gourgeist-*, F, shiny","|poke|p1|Sableye, M","|poke|p1|Dusclops, M, shiny","|poke|p1|Dusknoir, M","|poke|p1|Trevenant, M, shiny","|poke|p1|Gengar, F","|poke|p2|Swampert, M","|poke|p2|Ludicolo, M","|poke|p2|Sharpedo, M","|poke|p2|Tentacruel, F","|poke|p2|Politoed, F","|poke|p2|Mantine, F","|rule|Sleep Clause Mod: Limit one foe put to sleep","|rule|Species Clause: Limit one of each Pokémon","|rule|OHKO Clause: OHKO moves are banned","|rule|Moody Clause: Moody is banned","|rule|Evasion Moves Clause: Evasion moves are banned","|rule|Endless Battle Clause: Forcing endless battles is banned","|rule|HP Percentage Mod: HP is shown in percentages","|teampreview","|","|start","|switch|p1a: Sableye|Sableye, M|304/304","|switch|p2a: Politoed|Politoed, F|348/348","|-weather|RainDance","|turn|1","|","|move|p2a: Politoed|Scald|p1a: Sableye","|-damage|p1a: Sableye|88/304","|move|p1a: Sableye|Dark Pulse|p2a: Politoed","|-damage|p2a: Politoed|290/348","|","|-weather|RainDance|[upkeep]","|-heal|p2a: Politoed|311/348|[from] item: Leftovers","|-heal|p1a: Sableye|107/304|[from] item: Leftovers","|turn|2","|","|switch|p1a: Dusclops|Dusclops, M, shiny|284/284","|-ability|p1a: Dusclops|Pressure","|move|p2a: Politoed|Scald|p1a: Dusclops","|-damage|p1a: Dusclops|229/284","|-status|p1a: Dusclops|brn","|","|-weather|RainDance|[upkeep]","|-heal|p2a: Politoed|332/348|[from] item: Leftovers","|-damage|p1a: Dusclops|194/284 brn|[from] brn","|turn|3","|","|move|p2a: Politoed|Protect|p2a: Politoed","|-singleturn|p2a: Politoed|Protect","|move|p1a: Dusclops|Calm Mind|p1a: Dusclops","|-boost|p1a: Dusclops|spa|1","|-boost|p1a: Dusclops|spd|1","|","|-weather|RainDance|[upkeep]","|-heal|p2a: Politoed|348/348|[from] item: Leftovers","|-damage|p1a: Dusclops|159/284 brn|[from] brn","|turn|4","|","|move|p2a: Politoed|Attract|p1a: Dusclops","|-start|p1a: Dusclops|Attract","|-activate|p1a: Dusclops|Attract|[of] p2a: Politoed","|move|p1a: Dusclops|Pain Split|p2a: Politoed","|-sethp|p2a: Politoed|253/348|p1a: Dusclops|253/284 brn|[from] move: Pain Split","|","|-weather|RainDance|[upkeep]","|-heal|p2a: Politoed|274/348|[from] item: Leftovers","|-damage|p1a: Dusclops|218/284 brn|[from] brn","|turn|5","|","|move|p2a: Politoed|Protect|p2a: Politoed","|-singleturn|p2a: Politoed|Protect","|-activate|p1a: Dusclops|Attract|[of] p2a: Politoed","|cant|p1a: Dusclops|Attract","|","|-weather|none","|-heal|p2a: Politoed|295/348|[from] item: Leftovers","|-damage|p1a: Dusclops|183/284 brn|[from] brn","|turn|6","|","|move|p2a: Politoed|Scald|p1a: Dusclops","|-crit|p1a: Dusclops","|-damage|p1a: Dusclops|117/284 brn","|-activate|p1a: Dusclops|Attract|[of] p2a: Politoed","|cant|p1a: Dusclops|Attract","|","|-heal|p2a: Politoed|316/348|[from] item: Leftovers","|-damage|p1a: Dusclops|82/284 brn|[from] brn","|turn|7","|","|move|p2a: Politoed|Protect|p2a: Politoed","|-singleturn|p2a: Politoed|Protect","|-activate|p1a: Dusclops|Attract|[of] p2a: Politoed","|cant|p1a: Dusclops|Attract","|","|-heal|p2a: Politoed|337/348|[from] item: Leftovers","|-damage|p1a: Dusclops|47/284 brn|[from] brn","|turn|8","|","|move|p2a: Politoed|Scald|p1a: Dusclops","|-damage|p1a: Dusclops|20/284 brn","|-activate|p1a: Dusclops|Attract|[of] p2a: Politoed","|cant|p1a: Dusclops|Attract","|","|-heal|p2a: Politoed|348/348|[from] item: Leftovers","|-damage|p1a: Dusclops|0 fnt|[from] brn","|faint|p1a: Dusclops","|","|switch|p1a: Trevenant|Trevenant, M, shiny|374/374","|turn|9","|","|move|p2a: Politoed|Toxic|p1a: Trevenant","|-status|p1a: Trevenant|tox","|move|p1a: Trevenant|Power-Up Punch|p2a: Politoed","|-damage|p2a: Politoed|286/348","|-boost|p1a: Trevenant|atk|1","|-damage|p1a: Trevenant|337/374 tox|[from] item: Life Orb","|","|-heal|p2a: Politoed|307/348|[from] item: Leftovers","|-damage|p1a: Trevenant|314/374 tox|[from] psn","|turn|10","|","|move|p2a: Politoed|Attract|p1a: Trevenant","|-start|p1a: Trevenant|Attract","|-activate|p1a: Trevenant|Attract|[of] p2a: Politoed","|move|p1a: Trevenant|Power-Up Punch|p2a: Politoed","|-damage|p2a: Politoed|206/348","|-boost|p1a: Trevenant|atk|1","|-damage|p1a: Trevenant|277/374 tox|[from] item: Life Orb","|","|-heal|p2a: Politoed|227/348|[from] item: Leftovers","|-damage|p1a: Trevenant|231/374 tox|[from] psn","|turn|11","|","|move|p2a: Politoed|Protect|p2a: Politoed","|-singleturn|p2a: Politoed|Protect","|-activate|p1a: Trevenant|Attract|[of] p2a: Politoed","|cant|p1a: Trevenant|Attract","|","|-heal|p2a: Politoed|248/348|[from] item: Leftovers","|-damage|p1a: Trevenant|162/374 tox|[from] psn","|turn|12","|","|move|p2a: Politoed|Protect|p2a: Politoed","|-fail|p2a: Politoed","|-activate|p1a: Trevenant|Attract|[of] p2a: Politoed","|move|p1a: Trevenant|Horn Leech|p2a: Politoed","|-supereffective|p2a: Politoed","|-damage|p2a: Politoed|0 fnt","|-heal|p1a: Trevenant|286/374 tox|[from] drain|[of] p2a: Politoed","|-damage|p1a: Trevenant|249/374 tox|[from] item: Life Orb","|faint|p2a: Politoed","|-end|p1a: Trevenant|Attract|[silent]","|","|-damage|p1a: Trevenant|157/374 tox|[from] psn","|","|switch|p2a: Mantine|Mantine, F|300/300","|turn|13","|","|move|p2a: Mantine|Air Slash|p1a: Trevenant","|-supereffective|p1a: Trevenant","|-damage|p1a: Trevenant|0 fnt","|faint|p1a: Trevenant","|","|","|switch|p1a: Dusknoir|Dusknoir, M|294/294","|-item|p2a: Mantine|Leftovers|[from] ability: Frisk|[of] p1a: Dusknoir|[identify]","|turn|14","|","|move|p2a: Mantine|Scald|p1a: Dusknoir","|-damage|p1a: Dusknoir|239/294","|-status|p1a: Dusknoir|brn","|move|p1a: Dusknoir|Taunt|p2a: Mantine","|-start|p2a: Mantine|move: Taunt","|","|-heal|p1a: Dusknoir|257/294 brn|[from] item: Leftovers","|-damage|p1a: Dusknoir|221/294 brn|[from] brn","|turn|15","|","|move|p2a: Mantine|Air Slash|p1a: Dusknoir","|-damage|p1a: Dusknoir|173/294 brn","|move|p1a: Dusknoir|Power-Up Punch|p2a: Mantine","|-resisted|p2a: Mantine","|-damage|p2a: Mantine|291/300","|-boost|p1a: Dusknoir|atk|1","|","|-heal|p2a: Mantine|300/300|[from] item: Leftovers","|-heal|p1a: Dusknoir|191/294 brn|[from] item: Leftovers","|-damage|p1a: Dusknoir|155/294 brn|[from] brn","|turn|16","|","|move|p1a: Dusknoir|Shadow Sneak|p2a: Mantine","|-damage|p2a: Mantine|258/300","|move|p2a: Mantine|Ice Beam|p1a: Dusknoir","|-damage|p1a: Dusknoir|112/294 brn","|","|-heal|p2a: Mantine|276/300|[from] item: Leftovers","|-heal|p1a: Dusknoir|130/294 brn|[from] item: Leftovers","|-damage|p1a: Dusknoir|94/294 brn|[from] brn","|turn|17","|","|move|p2a: Mantine|Ice Beam|p1a: Dusknoir","|-damage|p1a: Dusknoir|51/294 brn","|move|p1a: Dusknoir|Pain Split|p2a: Mantine","|-sethp|p2a: Mantine|163/300|p1a: Dusknoir|163/294 brn|[from] move: Pain Split","|","|-heal|p2a: Mantine|181/300|[from] item: Leftovers","|-heal|p1a: Dusknoir|181/294 brn|[from] item: Leftovers","|-damage|p1a: Dusknoir|145/294 brn|[from] brn","|-end|p2a: Mantine|move: Taunt","|turn|18","|","|move|p1a: Dusknoir|Shadow Sneak|p2a: Mantine","|-damage|p2a: Mantine|134/300","|move|p2a: Mantine|Scald|p1a: Dusknoir","|-crit|p1a: Dusknoir","|-damage|p1a: Dusknoir|66/294 brn","|","|-heal|p2a: Mantine|152/300|[from] item: Leftovers","|-heal|p1a: Dusknoir|84/294 brn|[from] item: Leftovers","|-damage|p1a: Dusknoir|48/294 brn|[from] brn","|turn|19","|","|move|p2a: Mantine|Scald|p1a: Dusknoir","|-damage|p1a: Dusknoir|0 fnt","|faint|p1a: Dusknoir","|","|-heal|p2a: Mantine|170/300|[from] item: Leftovers","|","|switch|p1a: Gengar|Gengar, F|261/261","|turn|20","|","|move|p1a: Gengar|Shadow Ball|p2a: Mantine","|-damage|p2a: Mantine|17/300","|move|p2a: Mantine|Scald|p1a: Gengar","|-damage|p1a: Gengar|135/261","|","|-heal|p2a: Mantine|35/300|[from] item: Leftovers","|turn|21","|","|move|p1a: Gengar|Shadow Ball|p2a: Mantine","|-damage|p2a: Mantine|0 fnt","|faint|p2a: Mantine","|","|","|switch|p2a: Sharpedo|Sharpedo, M|294/294","|turn|22","|","|move|p2a: Sharpedo|Protect|p2a: Sharpedo","|-singleturn|p2a: Sharpedo|Protect","|move|p1a: Gengar|Shadow Ball|p2a: Sharpedo","|-activate|p2a: Sharpedo|Protect","|","|-boost|p2a: Sharpedo|spe|1|[from] ability: Speed Boost","|turn|23","|","|detailschange|p2a: Sharpedo|Sharpedo-Mega, M","|-mega|p2a: Sharpedo|Sharpedo|Sharpedonite","|move|p2a: Sharpedo|Crunch|p1a: Gengar","|-supereffective|p1a: Gengar","|-damage|p1a: Gengar|0 fnt","|faint|p1a: Gengar","|","|","|switch|p1a: Sableye|Sableye, M|107/304","|turn|24","|","|move|p1a: Sableye|Will-O-Wisp|p2a: Sharpedo","|-status|p2a: Sharpedo|brn","|move|p2a: Sharpedo|Waterfall|p1a: Sableye","|-damage|p1a: Sableye|44/304","|","|-heal|p1a: Sableye|63/304|[from] item: Leftovers","|-damage|p2a: Sharpedo|258/294 brn|[from] brn","|turn|25","|","|move|p1a: Sableye|Recover|p1a: Sableye","|-heal|p1a: Sableye|215/304","|move|p2a: Sharpedo|Waterfall|p1a: Sableye","|-damage|p1a: Sableye|154/304","|","|-heal|p1a: Sableye|173/304|[from] item: Leftovers","|-damage|p2a: Sharpedo|222/294 brn|[from] brn","|turn|26","|","|move|p1a: Sableye|Recover|p1a: Sableye","|-heal|p1a: Sableye|304/304","|move|p2a: Sharpedo|Crunch|p1a: Sableye","|-damage|p1a: Sableye|204/304","|-unboost|p1a: Sableye|def|1","|","|-heal|p1a: Sableye|223/304|[from] item: Leftovers","|-damage|p2a: Sharpedo|186/294 brn|[from] brn","|turn|27","|","|switch|p1a: Gourgeist-Super|Gourgeist-Super, F, shiny|374/374","|-item|p2a: Sharpedo|Sharpedonite|[from] ability: Frisk|[of] p1a: Gourgeist-Super|[identify]","|move|p2a: Sharpedo|Crunch|p1a: Gourgeist-Super","|-supereffective|p1a: Gourgeist-Super","|-damage|p1a: Gourgeist-Super|250/374","|","|-heal|p1a: Gourgeist-Super|273/374|[from] item: Leftovers","|-damage|p2a: Sharpedo|150/294 brn|[from] brn","|turn|28","|","|move|p2a: Sharpedo|Ice Fang|p1a: Gourgeist-Super","|-supereffective|p1a: Gourgeist-Super","|-damage|p1a: Gourgeist-Super|196/374","|move|p1a: Gourgeist-Super|Leech Seed|p2a: Sharpedo","|-start|p2a: Sharpedo|move: Leech Seed","|","|-heal|p1a: Gourgeist-Super|219/374|[from] item: Leftovers","|-damage|p2a: Sharpedo|114/294 brn|[from] Leech Seed|[of] p1a: Gourgeist-Super","|-heal|p1a: Gourgeist-Super|255/374|[silent]","|-damage|p2a: Sharpedo|78/294 brn|[from] brn","|turn|29","|","|move|p2a: Sharpedo|Ice Fang|p1a: Gourgeist-Super","|-crit|p1a: Gourgeist-Super","|-supereffective|p1a: Gourgeist-Super","|-damage|p1a: Gourgeist-Super|152/374","|move|p1a: Gourgeist-Super|Seed Bomb|p2a: Sharpedo","|-supereffective|p2a: Sharpedo","|-damage|p2a: Sharpedo|0 fnt","|faint|p2a: Sharpedo","|","|-heal|p1a: Gourgeist-Super|175/374|[from] item: Leftovers","|","|switch|p2a: Ludicolo|Ludicolo, M|320/320","|turn|30","|","|move|p1a: Gourgeist-Super|Magic Coat|p1a: Gourgeist-Super","|-singleturn|p1a: Gourgeist-Super|move: Magic Coat","|move|p2a: Ludicolo|Ice Beam|p1a: Gourgeist-Super","|-supereffective|p1a: Gourgeist-Super","|-damage|p1a: Gourgeist-Super|0 fnt","|faint|p1a: Gourgeist-Super","|","|","|switch|p1a: Sableye|Sableye, M|223/304","|turn|31","|","|win|Aрex✦Loνуxe"],"p1rating":{"entryid":"529626","serverid":"eos","formatid":"monotype","userid":"aexloxe","username":"Aрex✦Loνуxe","w":9,"l":"33","t":"0","gxe":28.7,"r":1315.5595849592,"rd":55.101349224133,"sigma":"0","rptime":1441011600,"rpr":1327.1147908718,"rprd":54.637594240963,"rpsigma":"0","acre":1048.3980455217,"lacre":1048.3980455217,"oldacre":"1000"},"p2rating":{"entryid":"693707","serverid":"eos","formatid":"monotype","userid":"impwhatever","username":"Imp Whatever","w":"5","l":8,"t":"0","gxe":40.6,"r":"1500","rd":"130","sigma":"0","rptime":"1441011600","rpr":1426.8581929631,"rprd":80.068311349666,"rpsigma":"0","acre":1048.507315814,"lacre":1048.507315814,"oldacre":"1074.045552221"},"endType":"forfeit"}