{"seed":[13709,40733,25579,13672],"turns":27,"p1":"00Shadow","p2":"SL Centurion","p1team":[{"name":"Bisharp","species":"Bisharp","item":"lifeorb","ability":"Defiant","moves":["knockoff","suckerpunch","ironhead","swordsdance"],"nature":"Jolly","evs":{"hp":0,"atk":252,"def":0,"spa":0,"spd":4,"spe":252},"gender":"M","ivs":{"hp":31,"atk":31,"def":31,"spa":31,"spd":31,"spe":31}},{"name":"Liepard","species":"Liepard","item":"focussash","ability":"Prankster","moves":["uturn","thunderwave","taunt","encore"],"nature":"Jolly","evs":{"hp":252,"atk":4,"def":0,"spa":0,"spd":0,"spe":252},"gender":"F","shiny":true,"ivs":{"hp":31,"atk":31,"def":31,"spa":31,"spd":31,"spe":31}},{"name":"Mandibuzz","species":"Mandibuzz","item":"rockyhelmet","ability":"Overcoat","moves":["defog","roost","toxic","foulplay"],"nature":"Bold","evs":{"hp":240,"atk":0,"def":216,"spa":0,"spd":0,"spe":52},"ivs":{"hp":31,"atk":31,"def":31,"spa":31,"spd":31,"spe":31}},{"name":"Hydreigon","species":"Hydreigon","item":"lifeorb","ability":"Levitate","moves":["dracometeor","darkpulse","flashcannon","earthpower"],"nature":"Timid","evs":{"hp":0,"atk":0,"def":0,"spa":252,"spd":4,"spe":252},"gender":"M","ivs":{"hp":31,"atk":31,"def":31,"spa":31,"spd":31,"spe":31}},{"name":"Hoopa-Unbound","species":"Hoopa-Unbound","item":"choicescarf","ability":"Magician","moves":["hyperspacefury","focusblast","psychic","darkpulse"],"nature":"Hasty","evs":{"hp":0,"atk":4,"def":0,"spa":252,"spd":0,"spe":252},"ivs":{"hp":31,"atk":31,"def":31,"spa":31,"spd":31,"spe":31}},{"name":"Drapion","species":"Drapion","item":"lumberry","ability":"Sniper","moves":["swordsdance","knockoff","poisonjab","earthquake"],"nature":"Jolly","evs":{"hp":0,"atk":252,"def":4,"spa":0,"spd":0,"spe":252},"gender":"M","shiny":true,"ivs":{"hp":31,"atk":31,"def":31,"spa":31,"spd":31,"spe":31}}],"p2team":[{"name":"Skuntank","species":"Skuntank","item":"blacksludge","ability":"Aftermath","moves":["suckerpunch","explosion","crunch","poisonjab"],"nature":"Adamant","evs":{"hp":252,"atk":252,"def":0,"spa":0,"spd":4,"spe":0},"ivs":{"hp":31,"atk":31,"def":31,"spa":31,"spd":31,"spe":31}},{"name":"Gengar","species":"Gengar","item":"choicescarf","ability":"Levitate","moves":["clearsmog","dazzlinggleam","shadowball","psychic"],"nature":"Timid","evs":{"hp":0,"atk":0,"def":0,"spa":252,"spd":4,"spe":252},"ivs":{"hp":31,"atk":31,"def":31,"spa":31,"spd":31,"spe":31}},{"name":"Scolipede","species":"Scolipede","item":"airballoon","ability":"Speed Boost","moves":["protect","megahorn","batonpass","poisonjab"],"nature":"Adamant","evs":{"hp":0,"atk":252,"def":0,"spa":0,"spd":4,"spe":252},"ivs":{"hp":31,"atk":31,"def":31,"spa":31,"spd":31,"spe":31}},{"name":"Muk","species":"Muk","item":"assaultvest","ability":"Poison Touch","moves":["poweruppunch","shadowsneak","firepunch","poisonjab"],"nature":"Adamant","evs":{"hp":248,"atk":252,"def":0,"spa":0,"spd":8,"spe":0},"ivs":{"hp":31,"atk":31,"def":31,"spa":31,"spd":31,"spe":31}},{"name":"Weezing","species":"Weezing","item":"blacksludge","ability":"Levitate","moves":["willowisp","toxicspikes","fireblast","sludgebomb"],"nature":"Calm","evs":{"hp":248,"atk":0,"def":0,"spa":8,"spd":252,"spe":0},"ivs":{"hp":31,"atk":31,"def":31,"spa":31,"spd":31,"spe":31}},{"name":"Venusaur","species":"Venusaur","item":"venusaurite","ability":"Chlorophyll","moves":["synthesis","swordsdance","sleeppowder","seedbomb"],"nature":"Adamant","evs":{"hp":0,"atk":252,"def":0,"spa":0,"spd":4,"spe":252},"ivs":{"hp":31,"atk":31,"def":31,"spa":31,"spd":31,"spe":31}}],"log":["|player|p1|00Shadow|00shadow.png","|player|p2|SL Centurion|257","|gametype|singles","|gen|6","|tier|Monotype","|rated","|rule|Baton Pass Clause: Limit one Baton Passer, can't pass Spe and other stats simultaneously","|rule|Swagger Clause: Swagger is banned","|rule|Same Type Clause: Pokémon in a team must share a type","|clearpoke","|poke|p1|Bisharp, M","|poke|p1|Liepard, F, shiny","|poke|p1|Mandibuzz, F","|poke|p1|Hydreigon, M","|poke|p1|Hoopa-Unbound","|poke|p1|Drapion, M, shiny","|poke|p2|Skuntank, M","|poke|p2|Gengar, M","|poke|p2|Scolipede, F","|poke|p2|Muk, M","|poke|p2|Weezing, F","|poke|p2|Venusaur, M","|rule|Sleep Clause Mod: Limit one foe put to sleep","|rule|Species Clause: Limit one of each Pokémon","|rule|OHKO Clause: OHKO moves are banned","|rule|Moody Clause: Moody is banned","|rule|Evasion Moves Clause: Evasion moves are banned","|rule|Endless Battle Clause: Forcing endless battles is banned","|rule|HP Percentage Mod: HP is shown in percentages","|teampreview","|","|start","|switch|p1a: Liepard|Liepard, F, shiny|332/332","|switch|p2a: Weezing|Weezing, F|333/333","|turn|1","|","|move|p1a: Liepard|Taunt|p2a: Weezing","|-start|p2a: Weezing|move: Taunt","|move|p2a: Weezing|Sludge Bomb|p1a: Liepard","|-damage|p1a: Liepard|173/332","|","|turn|2","|","|switch|p1a: Bisharp|Bisharp, M|271/271","|move|p2a: Weezing|Sludge Bomb|p1a: Bisharp","|-immune|p1a: Bisharp|[msg]","|","|turn|3","|","|switch|p1a: Liepard|Liepard, F, shiny|173/332","|move|p2a: Weezing|Fire Blast|p1a: Liepard","|-damage|p1a: Liepard|32/332","|","|-end|p2a: Weezing|move: Taunt","|turn|4","|","|move|p1a: Liepard|Encore|p2a: Weezing","|-start|p2a: Weezing|Encore","|move|p2a: Weezing|Fire Blast|p1a: Liepard","|-damage|p1a: Liepard|0 fnt","|faint|p1a: Liepard","|","|","|switch|p1a: Hydreigon|Hydreigon, M|325/325","|turn|5","|","|switch|p2a: Muk|Muk, M|413/413","|move|p1a: Hydreigon|Draco Meteor|p2a: Muk","|-damage|p2a: Muk|232/413","|-unboost|p1a: Hydreigon|spa|2","|-damage|p1a: Hydreigon|293/325|[from] item: Life Orb","|","|turn|6","|","|switch|p1a: Drapion|Drapion, M, shiny|281/281","|move|p2a: Muk|Power-Up Punch|p1a: Drapion","|-damage|p1a: Drapion|241/281","|-boost|p2a: Muk|atk|1","|","|turn|7","|","|move|p2a: Muk|Shadow Sneak|p1a: Drapion","|-resisted|p1a: Drapion","|-damage|p1a: Drapion|211/281","|move|p1a: Drapion|Swords Dance|p1a: Drapion","|-boost|p1a: Drapion|atk|2","|","|turn|8","|","|move|p1a: Drapion|Swords Dance|p1a: Drapion","|-boost|p1a: Drapion|atk|2","|move|p2a: Muk|Power-Up Punch|p1a: Drapion","|-damage|p1a: Drapion|152/281","|-boost|p2a: Muk|atk|1","|","|turn|9","|","|move|p1a: Drapion|Earthquake|p2a: Muk","|-supereffective|p2a: Muk","|-damage|p2a: Muk|0 fnt","|faint|p2a: Muk","|","|","|switch|p2a: Weezing|Weezing, F|333/333","|turn|10","|","|move|p1a: Drapion|Knock Off|p2a: Weezing","|-damage|p2a: Weezing|5/333","|-enditem|p2a: Weezing|Black Sludge|[from] move: Knock Off|[of] p1a: Drapion","|move|p2a: Weezing|Will-O-Wisp|p1a: Drapion","|-status|p1a: Drapion|brn","|-enditem|p1a: Drapion|Lum Berry|[eat]","|-curestatus|p1a: Drapion|brn","|","|turn|11","|","|move|p1a: Drapion|Knock Off|p2a: Weezing","|-damage|p2a: Weezing|0 fnt","|faint|p2a: Weezing","|","|","|switch|p2a: Skuntank|Skuntank, M|410/410","|turn|12","|","|move|p1a: Drapion|Earthquake|p2a: Skuntank","|-supereffective|p2a: Skuntank","|-damage|p2a: Skuntank|0 fnt","|faint|p2a: Skuntank","|","|","|switch|p2a: Scolipede|Scolipede, F|261/261","|-item|p2a: Scolipede|Air Balloon","|turn|13","|","|move|p2a: Scolipede|Protect|p2a: Scolipede","|-singleturn|p2a: Scolipede|Protect","|move|p1a: Drapion|Knock Off|p2a: Scolipede","|-activate|p2a: Scolipede|Protect","|","|-boost|p2a: Scolipede|spe|1|[from] ability: Speed Boost","|turn|14","|","|move|p2a: Scolipede|Megahorn|p1a: Drapion","|-damage|p1a: Drapion|0 fnt","|faint|p1a: Drapion","|","|-boost|p2a: Scolipede|spe|1|[from] ability: Speed Boost","|","|switch|p1a: Bisharp|Bisharp, M|271/271","|turn|15","|","|move|p2a: Scolipede|Baton Pass|p2a: Scolipede","|","|switch|p2a: Venusaur|Venusaur, M|301/301","|move|p1a: Bisharp|Iron Head|p2a: Venusaur","|-damage|p2a: Venusaur|81/301","|-damage|p1a: Bisharp|244/271|[from] item: Life Orb","|","|turn|16","|","|detailschange|p2a: Venusaur|Venusaur-Mega, M","|-mega|p2a: Venusaur|Venusaur|Venusaurite","|move|p1a: Bisharp|Sucker Punch|p2a: Venusaur","|-fail|p1a: Bisharp","|move|p2a: Venusaur|Sleep Powder|p1a: Bisharp|[miss]","|-miss|p2a: Venusaur|p1a: Bisharp","|","|turn|17","|","|switch|p1a: Mandibuzz|Mandibuzz, F|421/421","|move|p2a: Venusaur|Sleep Powder|p1a: Mandibuzz|[miss]","|-miss|p2a: Venusaur|p1a: Mandibuzz","|","|turn|18","|","|move|p2a: Venusaur|Synthesis|p2a: Venusaur","|-heal|p2a: Venusaur|231/301","|move|p1a: Mandibuzz|Foul Play|p2a: Venusaur","|-damage|p2a: Venusaur|104/301","|","|turn|19","|","|switch|p1a: Hoopa-Unbound|Hoopa-Unbound|301/301","|move|p2a: Venusaur|Synthesis|p2a: Venusaur","|-heal|p2a: Venusaur|254/301","|","|turn|20","|","|move|p2a: Venusaur|Seed Bomb|p1a: Hoopa-Unbound","|-damage|p1a: Hoopa-Unbound|90/301","|move|p1a: Hoopa-Unbound|Psychic|p2a: Venusaur","|-crit|p2a: Venusaur","|-supereffective|p2a: Venusaur","|-damage|p2a: Venusaur|0 fnt","|faint|p2a: Venusaur","|","|","|switch|p2a: Gengar|Gengar, M|261/261","|turn|21","|","|move|p2a: Gengar|Dazzling Gleam|p1a: Hoopa-Unbound","|-supereffective|p1a: Hoopa-Unbound","|-damage|p1a: Hoopa-Unbound|0 fnt","|faint|p1a: Hoopa-Unbound","|","|","|switch|p1a: Bisharp|Bisharp, M|244/271","|turn|22","|","|move|p1a: Bisharp|Sucker Punch|p2a: Gengar","|-supereffective|p2a: Gengar","|-damage|p2a: Gengar|0 fnt","|-damage|p1a: Bisharp|217/271|[from] item: Life Orb","|faint|p2a: Gengar","|","|","|switch|p2a: Scolipede|Scolipede, F|261/261","|-item|p2a: Scolipede|Air Balloon","|turn|23","|","|move|p2a: Scolipede|Megahorn|p1a: Bisharp","|-damage|p1a: Bisharp|37/271","|move|p1a: Bisharp|Knock Off|p2a: Scolipede","|-damage|p2a: Scolipede|18/261","|-enditem|p2a: Scolipede|Air Balloon","|-damage|p1a: Bisharp|10/271|[from] item: Life Orb","|","|-boost|p2a: Scolipede|spe|1|[from] ability: Speed Boost","|turn|24","|","|move|p2a: Scolipede|Protect|p2a: Scolipede","|-singleturn|p2a: Scolipede|Protect","|move|p1a: Bisharp|Sucker Punch|p2a: Scolipede","|-fail|p1a: Bisharp","|","|-boost|p2a: Scolipede|spe|1|[from] ability: Speed Boost","|turn|25","|","|move|p1a: Bisharp|Sucker Punch|p2a: Scolipede","|-fail|p1a: Bisharp","|move|p2a: Scolipede|Baton Pass|p2a: Scolipede","|-fail|p2a: Scolipede","|","|-boost|p2a: Scolipede|spe|1|[from] ability: Speed Boost","|turn|26","|","|switch|p1a: Mandibuzz|Mandibuzz, F|421/421","|move|p2a: Scolipede|Protect|p2a: Scolipede","|-fail|p2a: Scolipede","|","|-boost|p2a: Scolipede|spe|1|[from] ability: Speed Boost","|turn|27","|","|move|p2a: Scolipede|Megahorn|p1a: Mandibuzz","|-damage|p1a: Mandibuzz|283/421","|-damage|p2a: Scolipede|0 fnt|[from] item: Rocky Helmet|[of] p1a: Mandibuzz","|faint|p2a: Scolipede","|","|win|00Shadow"],"p1rating":{"entryid":"679972","serverid":"eos","formatid":"monotype","userid":"00shadow","username":"00Shadow","w":2,"l":"2","t":"0","gxe":50,"r":"1500","rd":"130","sigma":"0","rptime":"1440925200","rpr":1499.6341750087,"rprd":106.69960773289,"rpsigma":"0","acre":1053.8657491546,"lacre":1053.8657491546,"oldacre":"1012.8145634361"},"p2rating":{"entryid":"680906","serverid":"eos","formatid":"monotype","userid":"slcenturion","username":"SL Centurion","w":"1","l":1,"t":"0","gxe":50,"r":"1500","rd":"130","sigma":"0","rptime":"1440925200","rpr":1500,"rprd":116.77753930647,"rpsigma":"0","acre":1022.7506131028,"lacre":1022.7506131028,"oldacre":"1040"},"endType":"normal"}