{"seed":[16206,56161,6247,3378],"turns":25,"p1":"SLGoomy","p2":"Primal Geo","p1team":[{"name":"Hippowdon","species":"Hippowdon","item":"leftovers","ability":"Sand Stream","moves":["stealthrock","earthquake","whirlwind","slackoff"],"nature":"Impish","evs":{"hp":248,"atk":8,"def":252,"spa":0,"spd":0,"spe":0},"ivs":{"hp":31,"atk":31,"def":31,"spa":31,"spd":31,"spe":31}},{"name":"Excadrill","species":"Excadrill","item":"choiceband","ability":"Sand Rush","moves":["ironhead","earthquake","rockslide","rapidspin"],"nature":"Jolly","evs":{"hp":0,"atk":252,"def":0,"spa":0,"spd":4,"spe":252},"ivs":{"hp":31,"atk":31,"def":31,"spa":31,"spd":31,"spe":31}},{"name":"Seismitoad","species":"Seismitoad","item":"assaultvest","ability":"Water Absorb","moves":["sludgewave","earthpower","scald","grassknot"],"nature":"","evs":{"hp":0,"atk":0,"def":0,"spa":0,"spd":0,"spe":0},"ivs":{"hp":31,"atk":31,"def":31,"spa":31,"spd":31,"spe":31}},{"name":"Mamoswine","species":"Mamoswine","item":"lifeorb","ability":"Snow Cloak","moves":["earthquake","iciclespear","iceshard","freezedry"],"nature":"Naive","evs":{"hp":0,"atk":252,"def":0,"spa":4,"spd":0,"spe":252},"ivs":{"hp":31,"atk":31,"def":31,"spa":31,"spd":31,"spe":31}},{"name":"Landorus-Therian","species":"Landorus-Therian","item":"leftovers","ability":"Intimidate","moves":["knockoff","swordsdance","rockpolish","earthquake"],"nature":"Adamant","evs":{"hp":0,"atk":252,"def":0,"spa":0,"spd":4,"spe":252},"ivs":{"hp":31,"atk":31,"def":31,"spa":31,"spd":31,"spe":31}},{"name":"Camerupt","species":"Camerupt","item":"cameruptite","ability":"Magma Armor","moves":["flamethrower","earthpower","rockslide","willowisp"],"nature":"Modest","evs":{"hp":248,"atk":8,"def":0,"spa":0,"spd":252,"spe":0},"ivs":{"hp":31,"atk":31,"def":31,"spa":31,"spd":31,"spe":31}}],"p2team":[{"name":"Nosepass","species":"Nosepass","item":"berryjuice","ability":"Sturdy","moves":["painsplit","toxic","stealthrock","protect"],"nature":"Naive","evs":{"hp":0,"atk":252,"def":0,"spa":0,"spd":0,"spe":252},"shiny":true,"level":1,"ivs":{"hp":31,"atk":31,"def":31,"spa":31,"spd":31,"spe":31}},{"name":"Archeops","species":"Archeops","item":"focussash","ability":"Defeatist","moves":["endeavor","quickattack","uturn","acrobatics"],"nature":"Lonely","evs":{"hp":4,"atk":252,"def":0,"spa":0,"spd":0,"spe":252},"ivs":{"hp":31,"atk":31,"def":31,"spa":31,"spd":31,"spe":31}},{"name":"Terrakion","species":"Terrakion","item":"choicescarf","ability":"Justified","moves":["closecombat","rockslide","earthquake","poisonjab"],"nature":"Adamant","evs":{"hp":4,"atk":252,"def":0,"spa":0,"spd":0,"spe":252},"ivs":{"hp":31,"atk":31,"def":31,"spa":31,"spd":31,"spe":31}},{"name":"Cradily","species":"Cradily","item":"leftovers","ability":"Storm Drain","moves":["gigadrain","toxic","stockpile","recover"],"nature":"Bold","evs":{"hp":128,"atk":0,"def":252,"spa":0,"spd":128,"spe":0},"ivs":{"hp":31,"atk":31,"def":31,"spa":31,"spd":31,"spe":31}},{"name":"Diancie","species":"Diancie","item":"diancite","ability":"Clear Body","moves":["diamondstorm","moonblast","calmmind","protect"],"nature":"Timid","evs":{"hp":0,"atk":128,"def":0,"spa":128,"spd":0,"spe":252},"ivs":{"hp":31,"atk":31,"def":31,"spa":31,"spd":31,"spe":31}},{"name":"Tyranitar","species":"Tyranitar","item":"leftovers","ability":"Sand Stream","moves":["taunt","stealthrock","pursuit","earthquake"],"nature":"Impish","evs":{"hp":128,"atk":128,"def":252,"spa":0,"spd":0,"spe":0},"ivs":{"hp":31,"atk":31,"def":31,"spa":31,"spd":31,"spe":31}}],"log":["|player|p1|SLGoomy|269","|player|p2|Primal Geo|primalgeo.png","|gametype|singles","|gen|6","|tier|Monotype","|rated","|rule|Baton Pass Clause: Limit one Baton Passer, can't pass Spe and other stats simultaneously","|rule|Swagger Clause: Swagger is banned","|rule|Same Type Clause: Pokémon in a team must share a type","|clearpoke","|poke|p1|Hippowdon, F","|poke|p1|Excadrill, F","|poke|p1|Seismitoad, F","|poke|p1|Mamoswine, F","|poke|p1|Landorus-Therian, M","|poke|p1|Camerupt, F","|poke|p2|Nosepass, L1, M, shiny","|poke|p2|Archeops, M","|poke|p2|Terrakion","|poke|p2|Cradily, M","|poke|p2|Diancie","|poke|p2|Tyranitar, M","|rule|Sleep Clause Mod: Limit one foe put to sleep","|rule|Species Clause: Limit one of each Pokémon","|rule|OHKO Clause: OHKO moves are banned","|rule|Moody Clause: Moody is banned","|rule|Evasion Moves Clause: Evasion moves are banned","|rule|Endless Battle Clause: Forcing endless battles is banned","|rule|HP Percentage Mod: HP is shown in percentages","|teampreview","|","|start","|switch|p1a: Hippowdon|Hippowdon, F|419/419","|switch|p2a: Nosepass|Nosepass, L1, M, shiny|11/11","|-weather|Sandstorm","|turn|1","|","|move|p1a: Hippowdon|Stealth Rock|p2a: Nosepass","|-sidestart|p2: Primal Geo|move: Stealth Rock","|move|p2a: Nosepass|Toxic|p1a: Hippowdon","|-status|p1a: Hippowdon|tox","|","|-weather|Sandstorm|[upkeep]","|-damage|p1a: Hippowdon|393/419 tox|[from] psn","|turn|2","|","|move|p2a: Nosepass|Protect|p2a: Nosepass","|-singleturn|p2a: Nosepass|Protect","|move|p1a: Hippowdon|Earthquake|p2a: Nosepass","|-activate|p2a: Nosepass|Protect","|","|-weather|Sandstorm|[upkeep]","|-heal|p1a: Hippowdon|419/419 tox|[from] item: Leftovers","|-damage|p1a: Hippowdon|367/419 tox|[from] psn","|turn|3","|","|move|p1a: Hippowdon|Earthquake|p2a: Nosepass","|-supereffective|p2a: Nosepass","|-ability|p2a: Nosepass|Sturdy","|-damage|p2a: Nosepass|1/11","|-enditem|p2a: Nosepass|Berry Juice","|-heal|p2a: Nosepass|11/11|[from] item: Berry Juice","|move|p2a: Nosepass|Stealth Rock|p1a: Hippowdon","|-sidestart|p1: SLGoomy|move: Stealth Rock","|","|-weather|Sandstorm|[upkeep]","|-heal|p1a: Hippowdon|393/419 tox|[from] item: Leftovers","|-damage|p1a: Hippowdon|315/419 tox|[from] psn","|turn|4","|","|move|p2a: Nosepass|Protect|p2a: Nosepass","|-singleturn|p2a: Nosepass|Protect","|move|p1a: Hippowdon|Earthquake|p2a: Nosepass","|-activate|p2a: Nosepass|Protect","|","|-weather|Sandstorm|[upkeep]","|-heal|p1a: Hippowdon|341/419 tox|[from] item: Leftovers","|-damage|p1a: Hippowdon|237/419 tox|[from] psn","|turn|5","|","|move|p1a: Hippowdon|Earthquake|p2a: Nosepass","|-supereffective|p2a: Nosepass","|-ability|p2a: Nosepass|Sturdy","|-damage|p2a: Nosepass|1/11","|move|p2a: Nosepass|Pain Split|p1a: Hippowdon","|-sethp|p1a: Hippowdon|119/419 tox|p2a: Nosepass|11/11|[from] move: Pain Split","|","|-weather|none","|-heal|p1a: Hippowdon|145/419 tox|[from] item: Leftovers","|-damage|p1a: Hippowdon|15/419 tox|[from] psn","|turn|6","|","|move|p2a: Nosepass|Protect|p2a: Nosepass","|-singleturn|p2a: Nosepass|Protect","|move|p1a: Hippowdon|Earthquake|p2a: Nosepass","|-activate|p2a: Nosepass|Protect","|","|-heal|p1a: Hippowdon|41/419 tox|[from] item: Leftovers","|-damage|p1a: Hippowdon|0 fnt|[from] psn","|faint|p1a: Hippowdon","|","|switch|p1a: Excadrill|Excadrill, F|361/361","|-damage|p1a: Excadrill|350/361|[from] Stealth Rock","|turn|7","|","|move|p1a: Excadrill|Earthquake|p2a: Nosepass","|-supereffective|p2a: Nosepass","|-ability|p2a: Nosepass|Sturdy","|-damage|p2a: Nosepass|1/11","|move|p2a: Nosepass|Pain Split|p1a: Excadrill","|-sethp|p1a: Excadrill|175/361|p2a: Nosepass|11/11|[from] move: Pain Split","|","|turn|8","|","|switch|p1a: Landorus-Therian|Landorus-Therian, M|319/319","|-damage|p1a: Landorus-Therian|280/319|[from] Stealth Rock","|-ability|p1a: Landorus-Therian|Intimidate","|-unboost|p2a: Nosepass|atk|1","|move|p2a: Nosepass|Pain Split|p1a: Landorus-Therian","|-sethp|p1a: Landorus-Therian|145/319|p2a: Nosepass|11/11|[from] move: Pain Split","|","|-heal|p1a: Landorus-Therian|164/319|[from] item: Leftovers","|turn|9","|","|move|p1a: Landorus-Therian|Swords Dance|p1a: Landorus-Therian","|-boost|p1a: Landorus-Therian|atk|2","|move|p2a: Nosepass|Pain Split|p1a: Landorus-Therian","|-sethp|p1a: Landorus-Therian|87/319|p2a: Nosepass|11/11|[from] move: Pain Split","|","|-heal|p1a: Landorus-Therian|106/319|[from] item: Leftovers","|turn|10","|","|move|p1a: Landorus-Therian|Earthquake|p2a: Nosepass","|-supereffective|p2a: Nosepass","|-ability|p2a: Nosepass|Sturdy","|-damage|p2a: Nosepass|1/11","|move|p2a: Nosepass|Toxic|p1a: Landorus-Therian","|-status|p1a: Landorus-Therian|tox","|","|-heal|p1a: Landorus-Therian|125/319 tox|[from] item: Leftovers","|-damage|p1a: Landorus-Therian|106/319 tox|[from] psn","|turn|11","|","|move|p2a: Nosepass|Protect|p2a: Nosepass","|-singleturn|p2a: Nosepass|Protect","|move|p1a: Landorus-Therian|Earthquake|p2a: Nosepass","|-activate|p2a: Nosepass|Protect","|","|-heal|p1a: Landorus-Therian|125/319 tox|[from] item: Leftovers","|-damage|p1a: Landorus-Therian|87/319 tox|[from] psn","|turn|12","|","|move|p1a: Landorus-Therian|Earthquake|p2a: Nosepass","|-supereffective|p2a: Nosepass","|-damage|p2a: Nosepass|0 fnt","|faint|p2a: Nosepass","|","|-heal|p1a: Landorus-Therian|106/319 tox|[from] item: Leftovers","|-damage|p1a: Landorus-Therian|49/319 tox|[from] psn","|","|switch|p2a: Cradily|Cradily, M|345/345","|-damage|p2a: Cradily|302/345|[from] Stealth Rock","|turn|13","|","|move|p1a: Landorus-Therian|Earthquake|p2a: Cradily","|-damage|p2a: Cradily|17/345","|move|p2a: Cradily|Recover|p2a: Cradily","|-heal|p2a: Cradily|190/345","|","|-heal|p1a: Landorus-Therian|68/319 tox|[from] item: Leftovers","|-heal|p2a: Cradily|211/345|[from] item: Leftovers","|-damage|p1a: Landorus-Therian|0 fnt|[from] psn","|faint|p1a: Landorus-Therian","|","|switch|p1a: Excadrill|Excadrill, F|175/361","|-damage|p1a: Excadrill|164/361|[from] Stealth Rock","|turn|14","|","|move|p1a: Excadrill|Iron Head|p2a: Cradily","|-supereffective|p2a: Cradily","|-damage|p2a: Cradily|0 fnt","|faint|p2a: Cradily","|","|","|switch|p2a: Terrakion|Terrakion|324/324","|-damage|p2a: Terrakion|304/324|[from] Stealth Rock","|turn|15","|","|move|p2a: Terrakion|Earthquake|p1a: Excadrill","|-supereffective|p1a: Excadrill","|-damage|p1a: Excadrill|0 fnt","|faint|p1a: Excadrill","|","|","|switch|p1a: Camerupt|Camerupt, F|343/343","|-damage|p1a: Camerupt|301/343|[from] Stealth Rock","|turn|16","|","|detailschange|p1a: Camerupt|Camerupt-Mega, F","|-mega|p1a: Camerupt|Camerupt|Cameruptite","|move|p2a: Terrakion|Earthquake|p1a: Camerupt","|-supereffective|p1a: Camerupt","|-damage|p1a: Camerupt|45/343","|move|p1a: Camerupt|Will-O-Wisp|p2a: Terrakion","|-status|p2a: Terrakion|brn","|","|-damage|p2a: Terrakion|264/324 brn|[from] brn","|turn|17","|","|move|p2a: Terrakion|Earthquake|p1a: Camerupt","|-supereffective|p1a: Camerupt","|-damage|p1a: Camerupt|0 fnt","|faint|p1a: Camerupt","|","|-damage|p2a: Terrakion|224/324 brn|[from] brn","|","|switch|p1a: Seismitoad|Seismitoad, F|351/351","|-damage|p1a: Seismitoad|330/351|[from] Stealth Rock","|turn|18","|","|switch|p2a: Tyranitar|Tyranitar, M|373/373","|-damage|p2a: Tyranitar|327/373|[from] Stealth Rock","|-weather|Sandstorm","|move|p1a: Seismitoad|Earth Power|p2a: Tyranitar","|-supereffective|p2a: Tyranitar","|-damage|p2a: Tyranitar|195/373","|","|-weather|Sandstorm|[upkeep]","|-heal|p2a: Tyranitar|218/373|[from] item: Leftovers","|turn|19","|","|move|p1a: Seismitoad|Scald|p2a: Tyranitar","|-supereffective|p2a: Tyranitar","|-damage|p2a: Tyranitar|110/373","|move|p2a: Tyranitar|Earthquake|p1a: Seismitoad","|-damage|p1a: Seismitoad|190/351","|","|-weather|Sandstorm|[upkeep]","|-heal|p2a: Tyranitar|133/373|[from] item: Leftovers","|turn|20","|","|move|p1a: Seismitoad|Grass Knot|p2a: Tyranitar","|-supereffective|p2a: Tyranitar","|-damage|p2a: Tyranitar|17/373","|move|p2a: Tyranitar|Earthquake|p1a: Seismitoad","|-damage|p1a: Seismitoad|57/351","|","|-weather|Sandstorm|[upkeep]","|-heal|p2a: Tyranitar|40/373|[from] item: Leftovers","|turn|21","|","|move|p1a: Seismitoad|Grass Knot|p2a: Tyranitar","|-supereffective|p2a: Tyranitar","|-damage|p2a: Tyranitar|0 fnt","|faint|p2a: Tyranitar","|","|-weather|Sandstorm|[upkeep]","|","|switch|p2a: Diancie|Diancie|241/241","|-damage|p2a: Diancie|211/241|[from] Stealth Rock","|turn|22","|","|detailschange|p2a: Diancie|Diancie-Mega","|-mega|p2a: Diancie|Diancie|Diancite","|move|p2a: Diancie|Protect|p2a: Diancie","|-singleturn|p2a: Diancie|Protect","|move|p1a: Seismitoad|Scald|p2a: Diancie","|-activate|p2a: Diancie|Protect","|","|-weather|none","|turn|23","|","|move|p2a: Diancie|Moonblast|p1a: Seismitoad","|-damage|p1a: Seismitoad|0 fnt","|faint|p1a: Seismitoad","|","|","|switch|p1a: Mamoswine|Mamoswine, F|361/361","|-damage|p1a: Mamoswine|316/361|[from] Stealth Rock","|turn|24","|","|move|p2a: Diancie|Diamond Storm|p1a: Mamoswine","|-damage|p1a: Mamoswine|97/361","|-boost|p2a: Diancie|def|1","|move|p1a: Mamoswine|Earthquake|p2a: Diancie","|-supereffective|p2a: Diancie","|-damage|p2a: Diancie|0 fnt","|-damage|p1a: Mamoswine|61/361|[from] item: Life Orb","|faint|p2a: Diancie","|","|","|switch|p2a: Terrakion|Terrakion|224/324 brn","|-damage|p2a: Terrakion|204/324 brn|[from] Stealth Rock","|turn|25","|","|move|p2a: Terrakion|Close Combat|p1a: Mamoswine","|-supereffective|p1a: Mamoswine","|-damage|p1a: Mamoswine|0 fnt","|-unboost|p2a: Terrakion|def|1","|-unboost|p2a: Terrakion|spd|1","|faint|p1a: Mamoswine","|","|win|Primal Geo"],"p1rating":{"entryid":"547277","serverid":"eos","formatid":"monotype","userid":"slgoomy","username":"SLGoomy","w":"6","l":9,"t":"0","gxe":41.2,"r":"1429.4537151953","rd":"81.017784853226","sigma":"0","rptime":"1441011600","rpr":1431.4530226188,"rprd":77.373286579755,"rpsigma":"0","acre":1067.77045397,"lacre":1067.77045397,"oldacre":"1093.0940089613"},"p2rating":{"entryid":"523888","serverid":"eos","formatid":"monotype","userid":"primalgeo","username":"Primal Geo","w":5,"l":"6","t":"0","gxe":48.8,"r":"1498.0399351262","rd":"107.20585211877","sigma":"0","rptime":"1441011600","rpr":1490.4530364821,"rprd":85.807759361869,"rpsigma":"0","acre":1104.0036307561,"lacre":1104.0036307561,"oldacre":"1073.3632368275"},"endType":"normal"}