{"seed":[19137,64280,57583,51601],"turns":28,"p1":"Gym Ldr Mitsuka∆","p2":"V Photon","p1team":[{"name":"Victreebel","species":"Victreebel","item":"salacberry","ability":"Gluttony","moves":["belch","substitute","gigadrain","knockoff"],"nature":"Naive","evs":{"hp":0,"atk":8,"def":0,"spa":252,"spd":0,"spe":248},"ivs":{"hp":31,"atk":31,"def":31,"spa":31,"spd":31,"spe":31}},{"name":"Venusaur","species":"Venusaur","item":"venusaurite","ability":"Overgrow","moves":["synthesis","earthquake","leechseed","sludgebomb"],"nature":"Sassy","evs":{"hp":248,"atk":8,"def":172,"spa":0,"spd":80,"spe":0},"ivs":{"hp":31,"atk":31,"def":31,"spa":31,"spd":31,"spe":31}},{"name":"Breloom","species":"Breloom","item":"focussash","ability":"Technician","moves":["spore","swordsdance","machpunch","rocktomb"],"nature":"Jolly","evs":{"hp":0,"atk":252,"def":0,"spa":0,"spd":4,"spe":252},"ivs":{"hp":31,"atk":31,"def":31,"spa":31,"spd":31,"spe":31}},{"name":"Celebi","species":"Celebi","item":"lifeorb","ability":"Natural Cure","moves":["psychic","earthpower","gigadrain","suckerpunch"],"nature":"Mild","evs":{"hp":252,"atk":72,"def":0,"spa":184,"spd":0,"spe":0},"ivs":{"hp":31,"atk":31,"def":31,"spa":31,"spd":31,"spe":31}},{"name":"Ferrothorn","species":"Ferrothorn","item":"occaberry","ability":"Iron Barbs","moves":["leechseed","stealthrock","gyroball","knockoff"],"nature":"Careful","evs":{"hp":248,"atk":8,"def":0,"spa":0,"spd":252,"spe":0},"ivs":{"hp":31,"atk":31,"def":31,"spa":31,"spd":31,"spe":0}},{"name":"Serperior","species":"Serperior","item":"lifeorb","ability":"Contrary","moves":["leafstorm","gigadrain","hiddenpowerfire","dragonpulse"],"nature":"Timid","evs":{"hp":0,"atk":0,"def":0,"spa":252,"spd":4,"spe":252},"ivs":{"hp":31,"atk":30,"def":31,"spa":30,"spd":31,"spe":30}}],"p2team":[{"name":"Stun","species":"venusaur","item":"venusaurite","ability":"Overgrow","moves":["sludgebomb","synthesis","earthquake","hiddenpowerfire"],"nature":"Modest","evs":{"hp":248,"atk":0,"def":108,"spa":64,"spd":88,"spe":0},"ivs":{"hp":31,"atk":30,"def":31,"spa":30,"spd":31,"spe":30}},{"name":"Myth","species":"ferrothorn","item":"rockyhelmet","ability":"Iron Barbs","moves":["stealthrock","leechseed","gyroball","toxic"],"nature":"Relaxed","evs":{"hp":252,"atk":0,"def":88,"spa":0,"spd":168,"spe":0},"ivs":{"hp":31,"atk":31,"def":31,"spa":31,"spd":31,"spe":31}},{"name":"Lonely","species":"cradily","item":"leftovers","ability":"Storm Drain","moves":["curse","earthquake","synthesis","rockslide"],"nature":"Careful","evs":{"hp":252,"atk":0,"def":4,"spa":0,"spd":252,"spe":0},"ivs":{"hp":31,"atk":31,"def":31,"spa":31,"spd":31,"spe":31}},{"name":"Kray","species":"roserade","item":"choicescarf","ability":"Technician","moves":["sludgebomb","hiddenpowerice","energyball","dazzlinggleam"],"nature":"Timid","evs":{"hp":0,"atk":0,"def":0,"spa":252,"spd":4,"spe":252},"ivs":{"hp":31,"atk":30,"def":30,"spa":31,"spd":31,"spe":31}},{"name":"Neo","species":"shiftry","item":"lifeorb","ability":"Chlorophyll","moves":["knockoff","suckerpunch","rockslide","swordsdance"],"nature":"Adamant","evs":{"hp":0,"atk":252,"def":0,"spa":0,"spd":4,"spe":252},"ivs":{"hp":31,"atk":31,"def":31,"spa":31,"spd":31,"spe":31}},{"name":"Sam","species":"breloom","item":"toxicorb","ability":"Poison Heal","moves":["swordsdance","drainpunch","seedbomb","machpunch"],"nature":"Jolly","evs":{"hp":12,"atk":244,"def":0,"spa":0,"spd":0,"spe":252},"ivs":{"hp":31,"atk":31,"def":31,"spa":31,"spd":31,"spe":31}}],"log":["|player|p1|Gym Ldr Mitsuka∆|2","|player|p2|V Photon|169","|gametype|singles","|gen|6","|tier|Monotype","|rated","|rule|Baton Pass Clause: Limit one Baton Passer, can't pass Spe and other stats simultaneously","|rule|Swagger Clause: Swagger is banned","|rule|Same Type Clause: Pokémon in a team must share a type","|clearpoke","|poke|p1|Victreebel, F","|poke|p1|Venusaur, F","|poke|p1|Breloom, F","|poke|p1|Celebi","|poke|p1|Ferrothorn, F","|poke|p1|Serperior, M","|poke|p2|Venusaur, M","|poke|p2|Ferrothorn, M","|poke|p2|Cradily, M","|poke|p2|Roserade, M","|poke|p2|Shiftry, M","|poke|p2|Breloom, F","|rule|Sleep Clause Mod: Limit one foe put to sleep","|rule|Species Clause: Limit one of each Pokémon","|rule|OHKO Clause: OHKO moves are banned","|rule|Moody Clause: Moody is banned","|rule|Evasion Moves Clause: Evasion moves are banned","|rule|Endless Battle Clause: Forcing endless battles is banned","|rule|HP Percentage Mod: HP is shown in percentages","|teampreview","|","|start","|switch|p1a: Serperior|Serperior, M|291/291","|switch|p2a: Sam|Breloom, F|264/264","|turn|1","|","|move|p1a: Serperior|Leaf Storm|p2a: Sam","|-resisted|p2a: Sam","|-damage|p2a: Sam|107/264","|-boost|p1a: Serperior|spa|2","|-damage|p1a: Serperior|262/291|[from] item: Life Orb","|move|p2a: Sam|Drain Punch|p1a: Serperior","|-damage|p1a: Serperior|126/291","|-heal|p2a: Sam|175/264|[from] drain|[of] p1a: Serperior","|","|-status|p2a: Sam|tox|[from] item: Toxic Orb","|turn|2","|","|switch|p2a: Kray|Roserade, M|261/261","|move|p1a: Serperior|Hidden Power|p2a: Kray","|-supereffective|p2a: Kray","|-damage|p2a: Kray|17/261","|-damage|p1a: Serperior|97/291|[from] item: Life Orb","|","|turn|3","|","|switch|p1a: Ferrothorn|Ferrothorn, F|351/351","|move|p2a: Kray|Hidden Power|p1a: Ferrothorn","|-damage|p1a: Ferrothorn|277/351","|","|turn|4","|","|switch|p2a: Sam|Breloom, F|175/264 tox","|move|p1a: Ferrothorn|Stealth Rock|p2a: Sam","|-sidestart|p2: V Photon|move: Stealth Rock","|","|-heal|p2a: Sam|208/264 tox|[from] ability: Poison Heal","|turn|5","|","|switch|p1a: Venusaur|Venusaur, F|363/363","|move|p2a: Sam|Swords Dance|p2a: Sam","|-boost|p2a: Sam|atk|2","|","|-heal|p2a: Sam|241/264 tox|[from] ability: Poison Heal","|turn|6","|","|detailschange|p1a: Venusaur|Venusaur-Mega, F","|-mega|p1a: Venusaur|Venusaur|Venusaurite","|move|p2a: Sam|Seed Bomb|p1a: Venusaur","|-resisted|p1a: Venusaur","|-damage|p1a: Venusaur|311/363","|move|p1a: Venusaur|Sludge Bomb|p2a: Sam","|-supereffective|p2a: Sam","|-damage|p2a: Sam|0 fnt","|faint|p2a: Sam","|","|","|switch|p2a: Neo|Shiftry, M|321/321","|-damage|p2a: Neo|281/321|[from] Stealth Rock","|turn|7","|","|switch|p2a: Myth|Ferrothorn, M|352/352","|-damage|p2a: Myth|330/352|[from] Stealth Rock","|move|p1a: Venusaur|Sludge Bomb|p2a: Myth","|-immune|p2a: Myth|[msg]","|","|turn|8","|","|switch|p1a: Serperior|Serperior, M|97/291","|move|p2a: Myth|Stealth Rock|p1a: Serperior","|-sidestart|p1: Gym Ldr Mitsuka∆|move: Stealth Rock","|","|turn|9","|","|move|p1a: Serperior|Hidden Power|p2a: Myth","|-supereffective|p2a: Myth","|-damage|p2a: Myth|143/352","|-damage|p1a: Serperior|68/291|[from] item: Life Orb","|move|p2a: Myth|Gyro Ball|p1a: Serperior","|-damage|p1a: Serperior|0 fnt","|faint|p1a: Serperior","|","|","|switch|p1a: Breloom|Breloom, F|261/261","|-damage|p1a: Breloom|245/261|[from] Stealth Rock","|turn|10","|","|move|p1a: Breloom|Mach Punch|p2a: Myth","|-supereffective|p2a: Myth","|-damage|p2a: Myth|0 fnt","|-damage|p1a: Breloom|213/261|[from] ability: Iron Barbs|[of] p2a: Myth","|-damage|p1a: Breloom|170/261|[from] item: Rocky Helmet|[of] p2a: Myth","|faint|p2a: Myth","|","|","|switch|p2a: Stun|Venusaur, M|363/363","|-damage|p2a: Stun|318/363|[from] Stealth Rock","|turn|11","|","|switch|p1a: Ferrothorn|Ferrothorn, F|277/351","|-damage|p1a: Ferrothorn|256/351|[from] Stealth Rock","|detailschange|p2a: Stun|Venusaur-Mega, M","|-mega|p2a: Stun|Venusaur|Venusaurite","|move|p2a: Stun|Hidden Power|p1a: Ferrothorn","|-supereffective|p1a: Ferrothorn","|-enditem|p1a: Ferrothorn|Occa Berry|[eat]","|-damage|p1a: Ferrothorn|176/351","|","|turn|12","|","|move|p2a: Stun|Hidden Power|p1a: Ferrothorn","|-supereffective|p1a: Ferrothorn","|-damage|p1a: Ferrothorn|0 fnt","|faint|p1a: Ferrothorn","|","|","|switch|p1a: Venusaur|Venusaur-Mega, F|311/363","|-damage|p1a: Venusaur|266/363|[from] Stealth Rock","|turn|13","|","|move|p2a: Stun|Sludge Bomb|p1a: Venusaur","|-damage|p1a: Venusaur|161/363","|move|p1a: Venusaur|Sludge Bomb|p2a: Stun","|-damage|p2a: Stun|210/363","|","|turn|14","|","|move|p2a: Stun|Sludge Bomb|p1a: Venusaur","|-damage|p1a: Venusaur|56/363","|move|p1a: Venusaur|Synthesis|p1a: Venusaur","|-heal|p1a: Venusaur|237/363","|","|turn|15","|","|move|p2a: Stun|Synthesis|p2a: Stun","|-heal|p2a: Stun|363/363","|move|p1a: Venusaur|Sludge Bomb|p2a: Stun","|-damage|p2a: Stun|263/363","|","|turn|16","|","|move|p2a: Stun|Sludge Bomb|p1a: Venusaur","|-damage|p1a: Venusaur|129/363","|move|p1a: Venusaur|Sludge Bomb|p2a: Stun","|-damage|p2a: Stun|163/363","|","|turn|17","|","|move|p2a: Stun|Earthquake|p1a: Venusaur","|-damage|p1a: Venusaur|75/363","|move|p1a: Venusaur|Sludge Bomb|p2a: Stun","|-damage|p2a: Stun|67/363","|","|turn|18","|","|move|p2a: Stun|Sludge Bomb|p1a: Venusaur","|-damage|p1a: Venusaur|0 fnt","|faint|p1a: Venusaur","|","|","|switch|p1a: Victreebel|Victreebel, F|301/301","|-damage|p1a: Victreebel|264/301|[from] Stealth Rock","|turn|19","|","|move|p1a: Victreebel|Knock Off|p2a: Stun","|-damage|p2a: Stun|25/363","|move|p2a: Stun|Synthesis|p2a: Stun","|-heal|p2a: Stun|206/363","|","|turn|20","|","|move|p1a: Victreebel|Substitute|p1a: Victreebel","|-start|p1a: Victreebel|Substitute","|-damage|p1a: Victreebel|189/301","|move|p2a: Stun|Synthesis|p2a: Stun","|-heal|p2a: Stun|363/363","|","|turn|21","|","|move|p1a: Victreebel|Knock Off|p2a: Stun","|-damage|p2a: Stun|319/363","|move|p2a: Stun|Sludge Bomb|p1a: Victreebel","|-end|p1a: Victreebel|Substitute","|","|turn|22","|","|move|p1a: Victreebel|Substitute|p1a: Victreebel","|-start|p1a: Victreebel|Substitute","|-damage|p1a: Victreebel|114/301","|-enditem|p1a: Victreebel|Salac Berry|[eat]","|-boost|p1a: Victreebel|spe|1|[from] item: Salac Berry","|move|p2a: Stun|Sludge Bomb|p1a: Victreebel","|-end|p1a: Victreebel|Substitute","|","|turn|23","|","|move|p1a: Victreebel|Belch|p2a: Stun","|-crit|p2a: Stun","|-damage|p2a: Stun|100/363","|move|p2a: Stun|Sludge Bomb|p1a: Victreebel","|-damage|p1a: Victreebel|0 fnt","|faint|p1a: Victreebel","|","|","|switch|p1a: Celebi|Celebi|404/404","|-damage|p1a: Celebi|354/404|[from] Stealth Rock","|turn|24","|","|move|p1a: Celebi|Psychic|p2a: Stun","|-supereffective|p2a: Stun","|-damage|p2a: Stun|0 fnt","|-damage|p1a: Celebi|314/404|[from] item: Life Orb","|faint|p2a: Stun","|","|","|switch|p2a: Neo|Shiftry, M|281/321","|-damage|p2a: Neo|241/321|[from] Stealth Rock","|turn|25","|","|move|p1a: Celebi|Sucker Punch|p2a: Neo","|-resisted|p2a: Neo","|-damage|p2a: Neo|173/321","|-damage|p1a: Celebi|274/404|[from] item: Life Orb","|move|p2a: Neo|Knock Off|p1a: Celebi","|-supereffective|p1a: Celebi","|-damage|p1a: Celebi|0 fnt","|-enditem|p1a: Celebi|Life Orb|[from] move: Knock Off|[of] p2a: Neo","|-damage|p2a: Neo|141/321|[from] item: Life Orb","|faint|p1a: Celebi","|","|","|switch|p1a: Breloom|Breloom, F|170/261","|-damage|p1a: Breloom|154/261|[from] Stealth Rock","|turn|26","|","|move|p1a: Breloom|Mach Punch|p2a: Neo","|-supereffective|p2a: Neo","|-damage|p2a: Neo|0 fnt","|faint|p2a: Neo","|","|","|switch|p2a: Lonely|Cradily, M|376/376","|-damage|p2a: Lonely|329/376|[from] Stealth Rock","|turn|27","|","|move|p1a: Breloom|Swords Dance|p1a: Breloom","|-boost|p1a: Breloom|atk|2","|move|p2a: Lonely|Synthesis|p2a: Lonely","|-heal|p2a: Lonely|376/376","|","|turn|28","|","|move|p1a: Breloom|Mach Punch|p2a: Lonely","|-supereffective|p2a: Lonely","|-damage|p2a: Lonely|0 fnt","|faint|p2a: Lonely","|","|","|win|Gym Ldr Mitsuka∆"],"p1rating":{"entryid":"379503","serverid":"eos","formatid":"monotype","userid":"gymldrmitsuka","username":"Gym Ldr Mitsuka∆","w":35,"l":"19","t":"0","gxe":63,"r":"1563.1648398293","rd":"55.125863875314","sigma":"0","rptime":"1441011600","rpr":1601.2498944321,"rprd":47.936605830345,"rpsigma":"0","acre":1294.1639043609,"lacre":1294.1639043609,"oldacre":"1275.0501937882"},"p2rating":{"entryid":"24749","serverid":"eos","formatid":"monotype","userid":"vphoton","username":"V Photon - ⓈⓁⒺⒺⓅ","w":"15","l":17,"t":"0","gxe":48.2,"r":"1431.5539054604","rd":"70.532250456261","sigma":"0","rptime":"1441011600","rpr":1486.0167009395,"rprd":60.352720015897,"rpsigma":"0","acre":1172.5681906861,"lacre":1172.5681906861,"oldacre":"1191.6819012588"},"endType":"forfeit"}