{"seed":[41088,38459,30235,26398],"turns":46,"p1":"Gym Ldr Mitsuka∆","p2":"Imp Donut","p1team":[{"name":"Victreebel","species":"Victreebel","item":"salacberry","ability":"Gluttony","moves":["belch","knockoff","powerwhip","sleeppowder"],"nature":"Naive","evs":{"hp":0,"atk":252,"def":0,"spa":8,"spd":0,"spe":248},"ivs":{"hp":31,"atk":31,"def":31,"spa":31,"spd":31,"spe":31}},{"name":"Venusaur","species":"Venusaur","item":"venusaurite","ability":"Overgrow","moves":["synthesis","earthquake","leechseed","sludgebomb"],"nature":"Sassy","evs":{"hp":248,"atk":8,"def":172,"spa":0,"spd":80,"spe":0},"ivs":{"hp":31,"atk":31,"def":31,"spa":31,"spd":31,"spe":31}},{"name":"Breloom","species":"Breloom","item":"focussash","ability":"Technician","moves":["spore","swordsdance","machpunch","rocktomb"],"nature":"Jolly","evs":{"hp":0,"atk":252,"def":0,"spa":0,"spd":4,"spe":252},"ivs":{"hp":31,"atk":31,"def":31,"spa":31,"spd":31,"spe":31}},{"name":"Celebi","species":"Celebi","item":"lifeorb","ability":"Natural Cure","moves":["psychic","earthpower","gigadrain","suckerpunch"],"nature":"Rash","evs":{"hp":252,"atk":72,"def":0,"spa":184,"spd":0,"spe":0},"ivs":{"hp":31,"atk":31,"def":31,"spa":31,"spd":31,"spe":31}},{"name":"Ferrothorn","species":"Ferrothorn","item":"occaberry","ability":"Iron Barbs","moves":["leechseed","stealthrock","irondefense","knockoff"],"nature":"Careful","evs":{"hp":248,"atk":8,"def":0,"spa":0,"spd":252,"spe":0},"ivs":{"hp":31,"atk":31,"def":31,"spa":31,"spd":31,"spe":31}},{"name":"Serperior","species":"Serperior","item":"lifeorb","ability":"Contrary","moves":["leafstorm","gigadrain","hiddenpowerfire","dragonpulse"],"nature":"Timid","evs":{"hp":0,"atk":0,"def":0,"spa":252,"spd":4,"spe":252},"ivs":{"hp":31,"atk":30,"def":31,"spa":30,"spd":31,"spe":30}}],"p2team":[{"name":"Excadrill","species":"Excadrill","item":"choicescarf","ability":"Mold Breaker","moves":["brickbreak","earthquake","ironhead","rockslide"],"nature":"Jolly","evs":{"hp":0,"atk":252,"def":0,"spa":0,"spd":4,"spe":252},"ivs":{"hp":31,"atk":31,"def":31,"spa":31,"spd":31,"spe":31}},{"name":"Heatran","species":"Heatran","item":"airballoon","ability":"Flash Fire","moves":["ancientpower","earthpower","lavaplume","hiddenpowergrass"],"nature":"Modest","evs":{"hp":232,"atk":0,"def":0,"spa":252,"spd":0,"spe":24},"ivs":{"hp":31,"atk":30,"def":31,"spa":30,"spd":31,"spe":31}},{"name":"Skarmory","species":"Skarmory","item":"rockyhelmet","ability":"Sturdy","moves":["bravebird","stealthrock","roost","whirlwind"],"nature":"Impish","evs":{"hp":248,"atk":0,"def":236,"spa":0,"spd":0,"spe":24},"ivs":{"hp":31,"atk":31,"def":31,"spa":31,"spd":31,"spe":31}},{"name":"Scizor","species":"Scizor","item":"scizorite","ability":"Technician","moves":["bulletpunch","roost","swordsdance","bugbite"],"nature":"Adamant","evs":{"hp":248,"atk":252,"def":0,"spa":0,"spd":8,"spe":0},"ivs":{"hp":31,"atk":31,"def":31,"spa":31,"spd":31,"spe":31}},{"name":"Empoleon","species":"Empoleon","item":"leftovers","ability":"Torrent","moves":["scald","roar","knockoff","icebeam"],"nature":"Calm","evs":{"hp":196,"atk":0,"def":84,"spa":56,"spd":172,"spe":0},"ivs":{"hp":31,"atk":0,"def":31,"spa":31,"spd":31,"spe":31}},{"name":"Doublade","species":"Doublade","item":"eviolite","ability":"No Guard","moves":["swordsdance","ironhead","sacredsword","shadowsneak"],"nature":"Adamant","evs":{"hp":248,"atk":252,"def":0,"spa":0,"spd":8,"spe":0},"ivs":{"hp":31,"atk":31,"def":31,"spa":31,"spd":31,"spe":31}}],"log":["|player|p1|Gym Ldr Mitsuka∆|2","|player|p2|Imp Donut|170","|gametype|singles","|gen|6","|tier|Monotype","|rated","|rule|Baton Pass Clause: Limit one Baton Passer, can't pass Spe and other stats simultaneously","|rule|Swagger Clause: Swagger is banned","|rule|Same Type Clause: Pokémon in a team must share a type","|clearpoke","|poke|p1|Victreebel, F","|poke|p1|Venusaur, F","|poke|p1|Breloom, F","|poke|p1|Celebi","|poke|p1|Ferrothorn, F","|poke|p1|Serperior, M","|poke|p2|Excadrill, M","|poke|p2|Heatran, F","|poke|p2|Skarmory, F","|poke|p2|Scizor, F","|poke|p2|Empoleon, F","|poke|p2|Doublade, M","|rule|Sleep Clause Mod: Limit one foe put to sleep","|rule|Species Clause: Limit one of each Pokémon","|rule|OHKO Clause: OHKO moves are banned","|rule|Moody Clause: Moody is banned","|rule|Evasion Moves Clause: Evasion moves are banned","|rule|Endless Battle Clause: Forcing endless battles is banned","|rule|HP Percentage Mod: HP is shown in percentages","|teampreview","|","|start","|switch|p1a: Ferrothorn|Ferrothorn, F|351/351","|switch|p2a: Skarmory|Skarmory, F|333/333","|turn|1","|","|move|p2a: Skarmory|Stealth Rock|p1a: Ferrothorn","|-sidestart|p1: Gym Ldr Mitsuka∆|move: Stealth Rock","|move|p1a: Ferrothorn|Stealth Rock|p2a: Skarmory","|-sidestart|p2: Imp Donut|move: Stealth Rock","|","|turn|2","|","|switch|p2a: Heatran|Heatran, F|381/381","|-damage|p2a: Heatran|334/381|[from] Stealth Rock","|-item|p2a: Heatran|Air Balloon","|move|p1a: Ferrothorn|Leech Seed|p2a: Heatran","|-start|p2a: Heatran|move: Leech Seed","|","|-damage|p2a: Heatran|287/381|[from] Leech Seed|[of] p1a: Ferrothorn","|turn|3","|","|move|p2a: Heatran|Lava Plume|p1a: Ferrothorn","|-supereffective|p1a: Ferrothorn","|-enditem|p1a: Ferrothorn|Occa Berry|[eat]","|-damage|p1a: Ferrothorn|147/351","|-status|p1a: Ferrothorn|brn","|move|p1a: Ferrothorn|Knock Off|p2a: Heatran","|-damage|p2a: Heatran|253/381","|-enditem|p2a: Heatran|Air Balloon","|","|-damage|p2a: Heatran|206/381|[from] Leech Seed|[of] p1a: Ferrothorn","|-heal|p1a: Ferrothorn|194/351 brn|[silent]","|-damage|p1a: Ferrothorn|151/351 brn|[from] brn","|turn|4","|","|switch|p2a: Scizor|Scizor, F|343/343","|-damage|p2a: Scizor|301/343|[from] Stealth Rock","|move|p1a: Ferrothorn|Knock Off|p2a: Scizor","|-crit|p2a: Scizor","|-damage|p2a: Scizor|267/343","|","|-damage|p1a: Ferrothorn|108/351 brn|[from] brn","|turn|5","|","|detailschange|p2a: Scizor|Scizor-Mega, F","|-mega|p2a: Scizor|Scizor|Scizorite","|move|p2a: Scizor|Bug Bite|p1a: Ferrothorn","|-damage|p1a: Ferrothorn|0 fnt","|-damage|p2a: Scizor|225/343|[from] ability: Iron Barbs|[of] p1a: Ferrothorn","|faint|p1a: Ferrothorn","|","|","|switch|p1a: Serperior|Serperior, M|291/291","|-damage|p1a: Serperior|255/291|[from] Stealth Rock","|turn|6","|","|switch|p2a: Heatran|Heatran, F|206/381","|-damage|p2a: Heatran|159/381|[from] Stealth Rock","|move|p1a: Serperior|Leaf Storm|p2a: Heatran","|-resisted|p2a: Heatran","|-damage|p2a: Heatran|112/381","|-boost|p1a: Serperior|spa|2","|-damage|p1a: Serperior|226/291|[from] item: Life Orb","|","|turn|7","|","|move|p1a: Serperior|Leaf Storm|p2a: Heatran","|-resisted|p2a: Heatran","|-damage|p2a: Heatran|13/381","|-boost|p1a: Serperior|spa|2","|-damage|p1a: Serperior|197/291|[from] item: Life Orb","|move|p2a: Heatran|Lava Plume|p1a: Serperior","|-supereffective|p1a: Serperior","|-damage|p1a: Serperior|0 fnt","|faint|p1a: Serperior","|","|","|switch|p1a: Venusaur|Venusaur, F|363/363","|-damage|p1a: Venusaur|318/363|[from] Stealth Rock","|turn|8","|","|detailschange|p1a: Venusaur|Venusaur-Mega, F","|-mega|p1a: Venusaur|Venusaur|Venusaurite","|move|p2a: Heatran|Lava Plume|p1a: Venusaur","|-supereffective|p1a: Venusaur","|-damage|p1a: Venusaur|210/363","|move|p1a: Venusaur|Earthquake|p2a: Heatran","|-supereffective|p2a: Heatran","|-damage|p2a: Heatran|0 fnt","|faint|p2a: Heatran","|","|","|switch|p2a: Skarmory|Skarmory, F|333/333","|-damage|p2a: Skarmory|292/333|[from] Stealth Rock","|turn|9","|","|move|p2a: Skarmory|Brave Bird|p1a: Venusaur","|-supereffective|p1a: Venusaur","|-damage|p1a: Venusaur|40/363","|-damage|p2a: Skarmory|236/333|[from] recoil|[of] p1a: Venusaur","|move|p1a: Venusaur|Synthesis|p1a: Venusaur","|-heal|p1a: Venusaur|221/363","|","|turn|10","|","|move|p2a: Skarmory|Roost|p2a: Skarmory","|-heal|p2a: Skarmory|333/333","|move|p1a: Venusaur|Synthesis|p1a: Venusaur","|-heal|p1a: Venusaur|363/363","|","|turn|11","|","|move|p1a: Venusaur|Leech Seed|p2a: Skarmory","|-start|p2a: Skarmory|move: Leech Seed","|move|p2a: Skarmory|Whirlwind|p1a: Venusaur","|drag|p1a: Celebi|Celebi|404/404","|-damage|p1a: Celebi|354/404|[from] Stealth Rock","|","|-damage|p2a: Skarmory|292/333|[from] Leech Seed|[of] p1a: Celebi","|-heal|p1a: Celebi|395/404|[silent]","|turn|12","|","|switch|p2a: Empoleon|Empoleon, F|358/358","|-damage|p2a: Empoleon|336/358|[from] Stealth Rock","|move|p1a: Celebi|Psychic|p2a: Empoleon","|-resisted|p2a: Empoleon","|-damage|p2a: Empoleon|265/358","|-damage|p1a: Celebi|355/404|[from] item: Life Orb","|","|-heal|p2a: Empoleon|287/358|[from] item: Leftovers","|turn|13","|","|move|p1a: Celebi|Earth Power|p2a: Empoleon","|-supereffective|p2a: Empoleon","|-damage|p2a: Empoleon|92/358","|-unboost|p2a: Empoleon|spd|1","|-damage|p1a: Celebi|315/404|[from] item: Life Orb","|move|p2a: Empoleon|Knock Off|p1a: Celebi","|-supereffective|p1a: Celebi","|-damage|p1a: Celebi|211/404","|-enditem|p1a: Celebi|Life Orb|[from] move: Knock Off|[of] p2a: Empoleon","|","|-heal|p2a: Empoleon|114/358|[from] item: Leftovers","|turn|14","|","|move|p1a: Celebi|Giga Drain|p2a: Empoleon","|-damage|p2a: Empoleon|0 fnt","|-heal|p1a: Celebi|268/404|[from] drain|[of] p2a: Empoleon","|faint|p2a: Empoleon","|","|","|switch|p2a: Doublade|Doublade, M|321/321","|-damage|p2a: Doublade|301/321|[from] Stealth Rock","|turn|15","|","|move|p1a: Celebi|Earth Power|p2a: Doublade","|-supereffective|p2a: Doublade","|-damage|p2a: Doublade|103/321","|-unboost|p2a: Doublade|spd|1","|move|p2a: Doublade|Swords Dance|p2a: Doublade","|-boost|p2a: Doublade|atk|2","|","|turn|16","|","|move|p1a: Celebi|Sucker Punch|p2a: Doublade","|-supereffective|p2a: Doublade","|-damage|p2a: Doublade|41/321","|move|p2a: Doublade|Shadow Sneak|p1a: Celebi","|-supereffective|p1a: Celebi","|-damage|p1a: Celebi|2/404","|","|turn|17","|","|move|p1a: Celebi|Sucker Punch|p2a: Doublade","|-fail|p1a: Celebi","|move|p2a: Doublade|Swords Dance|p2a: Doublade","|-boost|p2a: Doublade|atk|2","|","|turn|18","|","|switch|p2a: Skarmory|Skarmory, F|292/333","|-damage|p2a: Skarmory|251/333|[from] Stealth Rock","|move|p1a: Celebi|Sucker Punch|p2a: Skarmory","|-fail|p1a: Celebi","|","|turn|19","|","|move|p1a: Celebi|Psychic|p2a: Skarmory","|-resisted|p2a: Skarmory","|-damage|p2a: Skarmory|157/333","|move|p2a: Skarmory|Roost|p2a: Skarmory","|-heal|p2a: Skarmory|324/333","|","|turn|20","|","|move|p1a: Celebi|Psychic|p2a: Skarmory","|-resisted|p2a: Skarmory","|-damage|p2a: Skarmory|225/333","|-unboost|p2a: Skarmory|spd|1","|move|p2a: Skarmory|Whirlwind|p1a: Celebi","|drag|p1a: Venusaur|Venusaur-Mega, F|363/363","|-damage|p1a: Venusaur|318/363|[from] Stealth Rock","|","|turn|21","|","|move|p2a: Skarmory|Roost|p2a: Skarmory","|-heal|p2a: Skarmory|333/333","|move|p1a: Venusaur|Leech Seed|p2a: Skarmory","|-start|p2a: Skarmory|move: Leech Seed","|","|-damage|p2a: Skarmory|292/333|[from] Leech Seed|[of] p1a: Venusaur","|-heal|p1a: Venusaur|359/363|[silent]","|turn|22","|","|switch|p2a: Excadrill|Excadrill, M|361/361","|-damage|p2a: Excadrill|350/361|[from] Stealth Rock","|-ability|p2a: Excadrill|Mold Breaker","|move|p1a: Venusaur|Synthesis|p1a: Venusaur","|-heal|p1a: Venusaur|363/363","|","|turn|23","|","|move|p2a: Excadrill|Iron Head|p1a: Venusaur","|-damage|p1a: Venusaur|257/363","|cant|p1a: Venusaur|flinch","|","|turn|24","|","|move|p2a: Excadrill|Iron Head|p1a: Venusaur","|-damage|p1a: Venusaur|149/363","|move|p1a: Venusaur|Synthesis|p1a: Venusaur","|-heal|p1a: Venusaur|330/363","|","|turn|25","|","|move|p2a: Excadrill|Iron Head|p1a: Venusaur","|-damage|p1a: Venusaur|215/363","|move|p1a: Venusaur|Leech Seed|p2a: Excadrill","|-start|p2a: Excadrill|move: Leech Seed","|","|-damage|p2a: Excadrill|305/361|[from] Leech Seed|[of] p1a: Venusaur","|-heal|p1a: Venusaur|260/363|[silent]","|turn|26","|","|switch|p2a: Scizor|Scizor-Mega, F|225/343","|-damage|p2a: Scizor|183/343|[from] Stealth Rock","|move|p1a: Venusaur|Synthesis|p1a: Venusaur","|-heal|p1a: Venusaur|363/363","|","|turn|27","|","|move|p2a: Scizor|Roost|p2a: Scizor","|-heal|p2a: Scizor|343/343","|move|p1a: Venusaur|Leech Seed|p2a: Scizor","|-start|p2a: Scizor|move: Leech Seed","|","|-damage|p2a: Scizor|301/343|[from] Leech Seed|[of] p1a: Venusaur","|turn|28","|","|switch|p1a: Victreebel|Victreebel, F|301/301","|-damage|p1a: Victreebel|264/301|[from] Stealth Rock","|move|p2a: Scizor|Swords Dance|p2a: Scizor","|-boost|p2a: Scizor|atk|2","|","|-damage|p2a: Scizor|259/343|[from] Leech Seed|[of] p1a: Victreebel","|-heal|p1a: Victreebel|301/301|[silent]","|turn|29","|","|move|p1a: Victreebel|Sleep Powder|p2a: Scizor","|-status|p2a: Scizor|slp","|cant|p2a: Scizor|slp","|","|-damage|p2a: Scizor|217/343 slp|[from] Leech Seed|[of] p1a: Victreebel","|turn|30","|","|move|p1a: Victreebel|Knock Off|p2a: Scizor","|-damage|p2a: Scizor|166/343 slp","|cant|p2a: Scizor|slp","|","|-damage|p2a: Scizor|124/343 slp|[from] Leech Seed|[of] p1a: Victreebel","|turn|31","|","|switch|p1a: Breloom|Breloom, F|261/261","|-damage|p1a: Breloom|245/261|[from] Stealth Rock","|cant|p2a: Scizor|slp","|","|-damage|p2a: Scizor|82/343 slp|[from] Leech Seed|[of] p1a: Breloom","|-heal|p1a: Breloom|261/261|[silent]","|turn|32","|","|move|p1a: Breloom|Rock Tomb|p2a: Scizor","|-damage|p2a: Scizor|6/343 slp","|-unboost|p2a: Scizor|spe|1","|-curestatus|p2a: Scizor|slp","|move|p2a: Scizor|Roost|p2a: Scizor","|-heal|p2a: Scizor|178/343","|","|-damage|p2a: Scizor|136/343|[from] Leech Seed|[of] p1a: Breloom","|turn|33","|","|move|p2a: Scizor|Bullet Punch|p1a: Breloom","|-enditem|p1a: Breloom|Focus Sash","|-damage|p1a: Breloom|1/261","|move|p1a: Breloom|Spore|p2a: Scizor","|-status|p2a: Scizor|slp","|","|-damage|p2a: Scizor|94/343 slp|[from] Leech Seed|[of] p1a: Breloom","|-heal|p1a: Breloom|43/261|[silent]","|turn|34","|","|move|p1a: Breloom|Swords Dance|p1a: Breloom","|-boost|p1a: Breloom|atk|2","|cant|p2a: Scizor|slp","|","|-damage|p2a: Scizor|52/343 slp|[from] Leech Seed|[of] p1a: Breloom","|-heal|p1a: Breloom|85/261|[silent]","|turn|35","|","|move|p1a: Breloom|Mach Punch|p2a: Scizor","|-damage|p2a: Scizor|0 fnt","|faint|p2a: Scizor","|","|","|switch|p2a: Doublade|Doublade, M|41/321","|-damage|p2a: Doublade|21/321|[from] Stealth Rock","|turn|36","|","|move|p2a: Doublade|Shadow Sneak|p1a: Breloom","|-damage|p1a: Breloom|0 fnt","|faint|p1a: Breloom","|","|","|switch|p1a: Victreebel|Victreebel, F|301/301","|-damage|p1a: Victreebel|264/301|[from] Stealth Rock","|turn|37","|","|move|p2a: Doublade|Shadow Sneak|p1a: Victreebel","|-damage|p1a: Victreebel|162/301","|move|p1a: Victreebel|Sleep Powder|p2a: Doublade","|-status|p2a: Doublade|slp","|","|turn|38","|","|move|p1a: Victreebel|Power Whip|p2a: Doublade","|-resisted|p2a: Doublade","|-damage|p2a: Doublade|0 fnt","|faint|p2a: Doublade","|","|","|switch|p2a: Excadrill|Excadrill, M|305/361","|-damage|p2a: Excadrill|294/361|[from] Stealth Rock","|-ability|p2a: Excadrill|Mold Breaker","|turn|39","|","|move|p2a: Excadrill|Iron Head|p1a: Victreebel","|-crit|p1a: Victreebel","|-damage|p1a: Victreebel|0 fnt","|faint|p1a: Victreebel","|","|","|switch|p1a: Venusaur|Venusaur-Mega, F|363/363","|-damage|p1a: Venusaur|318/363|[from] Stealth Rock","|turn|40","|","|move|p2a: Excadrill|Iron Head|p1a: Venusaur","|-crit|p1a: Venusaur","|-damage|p1a: Venusaur|159/363","|cant|p1a: Venusaur|flinch","|","|turn|41","|","|move|p2a: Excadrill|Iron Head|p1a: Venusaur","|-damage|p1a: Venusaur|53/363","|move|p1a: Venusaur|Synthesis|p1a: Venusaur","|-heal|p1a: Venusaur|234/363","|","|turn|42","|","|move|p2a: Excadrill|Iron Head|p1a: Venusaur","|-damage|p1a: Venusaur|134/363","|cant|p1a: Venusaur|flinch","|","|turn|43","|","|move|p2a: Excadrill|Iron Head|p1a: Venusaur","|-damage|p1a: Venusaur|29/363","|move|p1a: Venusaur|Synthesis|p1a: Venusaur","|-heal|p1a: Venusaur|210/363","|","|turn|44","|","|move|p2a: Excadrill|Iron Head|p1a: Venusaur","|-damage|p1a: Venusaur|99/363","|move|p1a: Venusaur|Leech Seed|p2a: Excadrill","|-start|p2a: Excadrill|move: Leech Seed","|","|-damage|p2a: Excadrill|249/361|[from] Leech Seed|[of] p1a: Venusaur","|-heal|p1a: Venusaur|144/363|[silent]","|turn|45","|","|move|p2a: Excadrill|Iron Head|p1a: Venusaur","|-damage|p1a: Venusaur|36/363","|move|p1a: Venusaur|Leech Seed|p2a: Excadrill","|-fail|p2a: Excadrill","|","|-damage|p2a: Excadrill|204/361|[from] Leech Seed|[of] p1a: Venusaur","|-heal|p1a: Venusaur|81/363|[silent]","|turn|46","|","|move|p2a: Excadrill|Iron Head|p1a: Venusaur","|-damage|p1a: Venusaur|0 fnt","|faint|p1a: Venusaur","|","|","|switch|p1a: Celebi|Celebi|2/404","|-damage|p1a: Celebi|0 fnt|[from] Stealth Rock","|faint|p1a: Celebi","|","|win|Imp Donut"],"p1rating":{"entryid":"379503","serverid":"eos","formatid":"monotype","userid":"gymldrmitsuka","username":"Gym Ldr Mitsuka∆","w":"25","l":17,"t":"0","gxe":59.2,"r":"1563.1648398293","rd":"55.125863875314","sigma":"0","rptime":"1441011600","rpr":1571.0783705353,"rprd":53.272532882687,"rpsigma":"0","acre":1224.2501180131,"lacre":1224.2501180131,"oldacre":"1259.9650041282"},"p2rating":{"entryid":"659054","serverid":"eos","formatid":"monotype","userid":"impdonut","username":"Imp Donut","w":7,"l":"3","t":"0","gxe":62.5,"r":"1561.2890700983","rd":"91.620289995019","sigma":"0","rptime":"1441011600","rpr":1599.1886020039,"rprd":86.367206247379,"rpsigma":"0","acre":1136.4936652157,"lacre":1136.4936652157,"oldacre":"1100.7787791006"},"endType":"normal"}