{"seed":[45469,58421,23706,3067],"turns":25,"p1":"Imp Whatever","p2":"Crystal Giigan","p1team":[{"name":"Swampert","species":"Swampert","item":"quickclaw","ability":"Torrent","moves":["earthquake","waterfall","icepunch","ancientpower"],"nature":"Brave","evs":{"hp":148,"atk":116,"def":132,"spa":0,"spd":112,"spe":0},"gender":"M","ivs":{"hp":31,"atk":31,"def":31,"spa":31,"spd":31,"spe":31}},{"name":"Ludicolo","species":"Ludicolo","item":"leftovers","ability":"Swift Swim","moves":["surf","gigadrain","focusblast","icebeam"],"nature":"Modest","evs":{"hp":76,"atk":0,"def":96,"spa":136,"spd":100,"spe":100},"gender":"M","ivs":{"hp":31,"atk":31,"def":31,"spa":31,"spd":31,"spe":31}},{"name":"Sharpedo","species":"Sharpedo","item":"sharpedonite","ability":"Speed Boost","moves":["protect","waterfall","crunch","icefang"],"nature":"Hasty","evs":{"hp":52,"atk":172,"def":84,"spa":0,"spd":84,"spe":116},"gender":"M","ivs":{"hp":31,"atk":31,"def":31,"spa":31,"spd":31,"spe":31}},{"name":"Tentacruel","species":"Tentacruel","item":"airballoon","ability":"Rain Dish","moves":["icebeam","confuseray","sludgewave","attract"],"nature":"Modest","evs":{"hp":120,"atk":0,"def":72,"spa":100,"spd":148,"spe":68},"gender":"F","ivs":{"hp":31,"atk":31,"def":31,"spa":31,"spd":31,"spe":31}},{"name":"Politoed","species":"Politoed","item":"leftovers","ability":"Drizzle","moves":["toxic","attract","protect","scald"],"nature":"Calm","evs":{"hp":108,"atk":0,"def":124,"spa":124,"spd":152,"spe":0},"ivs":{"hp":31,"atk":31,"def":31,"spa":31,"spd":31,"spe":31}},{"name":"Mantine","species":"Mantine","item":"leftovers","ability":"Swift Swim","moves":["mudsport","icebeam","airslash","scald"],"nature":"","evs":{"hp":116,"atk":0,"def":72,"spa":128,"spd":92,"spe":100},"ivs":{"hp":31,"atk":31,"def":31,"spa":31,"spd":31,"spe":31}}],"p2team":[{"name":"Hitmonchan","species":"Hitmonchan","item":"lifeorb","ability":"Iron Fist","moves":["drainpunch","firepunch","icepunch","thunderpunch"],"nature":"Jolly","evs":{"hp":0,"atk":252,"def":0,"spa":0,"spd":4,"spe":252},"ivs":{"hp":31,"atk":31,"def":31,"spa":31,"spd":31,"spe":31}},{"name":"Machamp","species":"Machamp","item":"leftovers","ability":"No Guard","moves":["bulkup","dynamicpunch","bulletpunch","icepunch"],"nature":"Adamant","evs":{"hp":252,"atk":8,"def":0,"spa":0,"spd":248,"spe":0},"ivs":{"hp":31,"atk":31,"def":31,"spa":31,"spd":31,"spe":31}},{"name":"Conkeldurr","species":"Conkeldurr","item":"assaultvest","ability":"Guts","moves":["drainpunch","earthquake","poisonjab","knockoff"],"nature":"Adamant","evs":{"hp":248,"atk":8,"def":0,"spa":0,"spd":252,"spe":0},"ivs":{"hp":31,"atk":31,"def":31,"spa":31,"spd":31,"spe":31}},{"name":"Cobalion","species":"Cobalion","item":"leftovers","ability":"Justified","moves":["stealthrock","taunt","thunderwave","ironhead"],"nature":"Jolly","evs":{"hp":252,"atk":4,"def":0,"spa":0,"spd":0,"spe":252},"ivs":{"hp":31,"atk":31,"def":31,"spa":31,"spd":31,"spe":31}},{"name":"Lucario","species":"Lucario","item":"lifeorb","ability":"Steadfast","moves":["aurasphere","darkpulse","nastyplot","flashcannon"],"nature":"Timid","evs":{"hp":4,"atk":0,"def":0,"spa":252,"spd":0,"spe":252},"ivs":{"hp":31,"atk":31,"def":31,"spa":31,"spd":31,"spe":31}},{"name":"Gallade","species":"Gallade","item":"galladite","ability":"Justified","moves":["drainpunch","psychocut","swordsdance","nightslash"],"nature":"Adamant","evs":{"hp":248,"atk":252,"def":0,"spa":0,"spd":8,"spe":0},"ivs":{"hp":31,"atk":31,"def":31,"spa":31,"spd":31,"spe":31}}],"log":["|player|p1|Imp Whatever|291","|player|p2|Crystal Giigan|crystalgiigan.png","|gametype|singles","|gen|6","|tier|Monotype","|rated","|rule|Baton Pass Clause: Limit one Baton Passer, can't pass Spe and other stats simultaneously","|rule|Swagger Clause: Swagger is banned","|rule|Same Type Clause: Pokémon in a team must share a type","|clearpoke","|poke|p1|Swampert, M","|poke|p1|Ludicolo, M","|poke|p1|Sharpedo, M","|poke|p1|Tentacruel, F","|poke|p1|Politoed, M","|poke|p1|Mantine, M","|poke|p2|Hitmonchan, M","|poke|p2|Machamp, M","|poke|p2|Conkeldurr, F","|poke|p2|Cobalion","|poke|p2|Lucario, M","|poke|p2|Gallade, M","|rule|Sleep Clause Mod: Limit one foe put to sleep","|rule|Species Clause: Limit one of each Pokémon","|rule|OHKO Clause: OHKO moves are banned","|rule|Moody Clause: Moody is banned","|rule|Evasion Moves Clause: Evasion moves are banned","|rule|Endless Battle Clause: Forcing endless battles is banned","|rule|HP Percentage Mod: HP is shown in percentages","|teampreview","|","|start","|switch|p1a: Politoed|Politoed, M|348/348","|switch|p2a: Cobalion|Cobalion|386/386","|-weather|RainDance","|turn|1","|","|move|p2a: Cobalion|Thunder Wave|p1a: Politoed","|-status|p1a: Politoed|par","|cant|p1a: Politoed|par","|","|-weather|RainDance|[upkeep]","|turn|2","|","|move|p2a: Cobalion|Stealth Rock|p1a: Politoed","|-sidestart|p1: Imp Whatever|move: Stealth Rock","|move|p1a: Politoed|Scald|p2a: Cobalion","|-damage|p2a: Cobalion|181/386","|","|-weather|RainDance|[upkeep]","|-heal|p2a: Cobalion|205/386|[from] item: Leftovers","|turn|3","|","|switch|p2a: Conkeldurr|Conkeldurr, F|413/413","|move|p1a: Politoed|Scald|p2a: Conkeldurr","|-damage|p2a: Conkeldurr|311/413","|-status|p2a: Conkeldurr|brn","|","|-weather|RainDance|[upkeep]","|-damage|p2a: Conkeldurr|260/413 brn|[from] brn","|turn|4","|","|move|p2a: Conkeldurr|Knock Off|p1a: Politoed","|-damage|p1a: Politoed|168/348 par","|-enditem|p1a: Politoed|Leftovers|[from] move: Knock Off|[of] p2a: Conkeldurr","|move|p1a: Politoed|Attract|p2a: Conkeldurr","|-start|p2a: Conkeldurr|Attract","|","|-weather|RainDance|[upkeep]","|-damage|p2a: Conkeldurr|209/413 brn|[from] brn","|turn|5","|","|-activate|p2a: Conkeldurr|Attract|[of] p1a: Politoed","|move|p2a: Conkeldurr|Drain Punch|p1a: Politoed","|-damage|p1a: Politoed|0 fnt","|-heal|p2a: Conkeldurr|293/413 brn|[from] drain|[of] p1a: Politoed","|faint|p1a: Politoed","|-end|p2a: Conkeldurr|Attract|[silent]","|","|-weather|none","|-damage|p2a: Conkeldurr|242/413 brn|[from] brn","|","|switch|p1a: Mantine|Mantine, M|300/300","|-damage|p1a: Mantine|225/300|[from] Stealth Rock","|turn|6","|","|move|p1a: Mantine|Air Slash|p2a: Conkeldurr","|-supereffective|p2a: Conkeldurr","|-damage|p2a: Conkeldurr|120/413 brn","|move|p2a: Conkeldurr|Knock Off|p1a: Mantine","|-damage|p1a: Mantine|20/300","|-enditem|p1a: Mantine|Leftovers|[from] move: Knock Off|[of] p2a: Conkeldurr","|","|-damage|p2a: Conkeldurr|69/413 brn|[from] brn","|turn|7","|","|move|p1a: Mantine|Air Slash|p2a: Conkeldurr","|-supereffective|p2a: Conkeldurr","|-damage|p2a: Conkeldurr|0 fnt","|faint|p2a: Conkeldurr","|","|","|switch|p2a: Gallade|Gallade, M|339/339","|turn|8","|","|detailschange|p2a: Gallade|Gallade-Mega, M","|-mega|p2a: Gallade|Gallade|Galladite","|move|p1a: Mantine|Air Slash|p2a: Gallade","|-supereffective|p2a: Gallade","|-damage|p2a: Gallade|177/339","|move|p2a: Gallade|Psycho Cut|p1a: Mantine","|-damage|p1a: Mantine|0 fnt","|faint|p1a: Mantine","|","|","|switch|p1a: Sharpedo|Sharpedo, M|294/294","|-damage|p1a: Sharpedo|258/294|[from] Stealth Rock","|turn|9","|","|move|p1a: Sharpedo|Protect|p1a: Sharpedo","|-singleturn|p1a: Sharpedo|Protect","|move|p2a: Gallade|Drain Punch|p1a: Sharpedo","|-activate|p1a: Sharpedo|Protect","|","|-boost|p1a: Sharpedo|spe|1|[from] ability: Speed Boost","|turn|10","|","|detailschange|p1a: Sharpedo|Sharpedo-Mega, M","|-mega|p1a: Sharpedo|Sharpedo|Sharpedonite","|move|p1a: Sharpedo|Crunch|p2a: Gallade","|-damage|p2a: Gallade|0 fnt","|faint|p2a: Gallade","|","|","|switch|p2a: Machamp|Machamp, M|384/384","|turn|11","|","|move|p1a: Sharpedo|Crunch|p2a: Machamp","|-resisted|p2a: Machamp","|-damage|p2a: Machamp|248/384","|move|p2a: Machamp|Dynamic Punch|p1a: Sharpedo","|-supereffective|p1a: Sharpedo","|-damage|p1a: Sharpedo|0 fnt","|faint|p1a: Sharpedo","|","|-heal|p2a: Machamp|272/384|[from] item: Leftovers","|","|switch|p1a: Ludicolo|Ludicolo, M|320/320","|-damage|p1a: Ludicolo|280/320|[from] Stealth Rock","|turn|12","|","|move|p1a: Ludicolo|Surf|p2a: Machamp","|-damage|p2a: Machamp|163/384","|move|p2a: Machamp|Dynamic Punch|p1a: Ludicolo","|-damage|p1a: Ludicolo|87/320","|-start|p1a: Ludicolo|confusion","|","|-heal|p1a: Ludicolo|107/320|[from] item: Leftovers","|-heal|p2a: Machamp|187/384|[from] item: Leftovers","|turn|13","|","|-activate|p1a: Ludicolo|confusion","|-damage|p1a: Ludicolo|81/320|[from] confusion","|move|p2a: Machamp|Bulk Up|p2a: Machamp","|-boost|p2a: Machamp|atk|1","|-boost|p2a: Machamp|def|1","|","|-heal|p1a: Ludicolo|101/320|[from] item: Leftovers","|-heal|p2a: Machamp|211/384|[from] item: Leftovers","|turn|14","|","|-end|p1a: Ludicolo|confusion","|move|p1a: Ludicolo|Giga Drain|p2a: Machamp","|-damage|p2a: Machamp|124/384","|-heal|p1a: Ludicolo|145/320|[from] drain|[of] p2a: Machamp","|move|p2a: Machamp|Dynamic Punch|p1a: Ludicolo","|-damage|p1a: Ludicolo|0 fnt","|faint|p1a: Ludicolo","|","|-heal|p2a: Machamp|148/384|[from] item: Leftovers","|","|switch|p1a: Swampert|Swampert, M|378/378","|-damage|p1a: Swampert|355/378|[from] Stealth Rock","|turn|15","|","|move|p2a: Machamp|Dynamic Punch|p1a: Swampert","|-damage|p1a: Swampert|115/378","|-start|p1a: Swampert|confusion","|-activate|p1a: Swampert|confusion","|move|p1a: Swampert|Earthquake|p2a: Machamp","|-damage|p2a: Machamp|25/384","|","|-heal|p2a: Machamp|49/384|[from] item: Leftovers","|turn|16","|","|move|p2a: Machamp|Bullet Punch|p1a: Swampert","|-resisted|p1a: Swampert","|-damage|p1a: Swampert|84/378","|-activate|p1a: Swampert|confusion","|-damage|p1a: Swampert|46/378|[from] confusion","|","|-heal|p2a: Machamp|73/384|[from] item: Leftovers","|turn|17","|","|move|p2a: Machamp|Dynamic Punch|p1a: Swampert","|-damage|p1a: Swampert|0 fnt","|faint|p1a: Swampert","|","|-heal|p2a: Machamp|97/384|[from] item: Leftovers","|","|switch|p1a: Tentacruel|Tentacruel, F|331/331","|-damage|p1a: Tentacruel|290/331|[from] Stealth Rock","|-item|p1a: Tentacruel|Air Balloon","|turn|18","|","|move|p1a: Tentacruel|Sludge Wave|p2a: Machamp","|-damage|p2a: Machamp|0 fnt","|faint|p2a: Machamp","|","|","|switch|p2a: Cobalion|Cobalion|205/386","|turn|19","|","|move|p2a: Cobalion|Thunder Wave|p1a: Tentacruel","|-status|p1a: Tentacruel|par","|cant|p1a: Tentacruel|par","|","|-heal|p2a: Cobalion|229/386|[from] item: Leftovers","|turn|20","|","|move|p2a: Cobalion|Iron Head|p1a: Tentacruel","|-resisted|p1a: Tentacruel","|-damage|p1a: Tentacruel|237/331 par","|-enditem|p1a: Tentacruel|Air Balloon","|cant|p1a: Tentacruel|flinch","|","|-heal|p2a: Cobalion|253/386|[from] item: Leftovers","|turn|21","|","|move|p2a: Cobalion|Iron Head|p1a: Tentacruel","|-resisted|p1a: Tentacruel","|-damage|p1a: Tentacruel|182/331 par","|cant|p1a: Tentacruel|flinch","|","|-heal|p2a: Cobalion|277/386|[from] item: Leftovers","|turn|22","|","|move|p2a: Cobalion|Taunt|p1a: Tentacruel","|-start|p1a: Tentacruel|move: Taunt","|cant|p1a: Tentacruel|move: Taunt|Confuse Ray","|","|-heal|p2a: Cobalion|301/386|[from] item: Leftovers","|turn|23","|","|move|p2a: Cobalion|Iron Head|p1a: Tentacruel","|-resisted|p1a: Tentacruel","|-damage|p1a: Tentacruel|127/331 par","|move|p1a: Tentacruel|Ice Beam|p2a: Cobalion","|-resisted|p2a: Cobalion","|-damage|p2a: Cobalion|254/386","|","|-heal|p2a: Cobalion|278/386|[from] item: Leftovers","|turn|24","|","|switch|p2a: Hitmonchan|Hitmonchan, M|241/241","|move|p1a: Tentacruel|Ice Beam|p2a: Hitmonchan","|-damage|p2a: Hitmonchan|170/241","|","|-end|p1a: Tentacruel|move: Taunt","|turn|25","|","|move|p2a: Hitmonchan|Thunder Punch|p1a: Tentacruel","|-supereffective|p1a: Tentacruel","|-damage|p1a: Tentacruel|0 fnt","|-damage|p2a: Hitmonchan|146/241|[from] item: Life Orb","|faint|p1a: Tentacruel","|","|win|Crystal Giigan"],"p1rating":{"entryid":"693707","serverid":"eos","formatid":"monotype","userid":"impwhatever","username":"Imp Whatever","w":"6","l":11,"t":"0","gxe":37.4,"r":"1500","rd":"130","sigma":"0","rptime":"1441011600","rpr":1400.8860457529,"rprd":73.264741081128,"rpsigma":"0","acre":1039.0461077401,"lacre":1039.0461077401,"oldacre":"1061.6307518844"},"p2rating":{"entryid":"80850","serverid":"eos","formatid":"monotype","userid":"crystalgiigan","username":"Crystal Giigan","w":10,"l":"15","t":"0","gxe":44.2,"r":"1469.021455296","rd":"69.93392146735","sigma":"0","rptime":"1441011600","rpr":1455.239750008,"rprd":65.658386600866,"rpsigma":"0","acre":1047.5308670539,"lacre":1047.5308670539,"oldacre":"1000.7143486029"},"endType":"normal"}