{"seed":[32967,64894,8869,10803],"turns":20,"p1":"SL Aqua","p2":"Imp Whatever","p1team":[{"name":"Manectric","species":"Manectric","item":"manectite","ability":"Static","moves":["thunderbolt","hiddenpowerice","overheat","voltswitch"],"nature":"Modest","evs":{"hp":4,"atk":0,"def":0,"spa":252,"spd":0,"spe":252},"gender":"M","ivs":{"hp":31,"atk":30,"def":30,"spa":31,"spd":31,"spe":31}},{"name":"Galvantula","species":"Galvantula","item":"lifeorb","ability":"Compound Eyes","moves":["stickyweb","thunder","bugbuzz","voltswitch"],"nature":"Timid","evs":{"hp":4,"atk":0,"def":0,"spa":252,"spd":0,"spe":252},"gender":"M","ivs":{"hp":31,"atk":31,"def":31,"spa":31,"spd":31,"spe":31}},{"name":"Luxray","species":"Luxray","item":"flameorb","ability":"Guts","moves":["protect","wildcharge","crunch","icefang"],"nature":"Jolly","evs":{"hp":4,"atk":252,"def":0,"spa":0,"spd":0,"spe":252},"gender":"M","shiny":true,"ivs":{"hp":31,"atk":31,"def":31,"spa":31,"spd":31,"spe":31}},{"name":"Zapdos","species":"Zapdos","item":"leftovers","ability":"Pressure","moves":["thunderbolt","heatwave","defog","roost"],"nature":"Timid","evs":{"hp":0,"atk":0,"def":0,"spa":252,"spd":4,"spe":252},"shiny":true,"ivs":{"hp":31,"atk":31,"def":31,"spa":31,"spd":31,"spe":31}},{"name":"Raikou","species":"Raikou","item":"choicespecs","ability":"Pressure","moves":["thunderbolt","shadowball","hiddenpowerice","aurasphere"],"nature":"Rash","evs":{"hp":4,"atk":0,"def":0,"spa":252,"spd":0,"spe":252},"ivs":{"hp":31,"atk":30,"def":30,"spa":31,"spd":31,"spe":31},"shiny":true},{"name":"Zebstrika","species":"Zebstrika","item":"lifeorb","ability":"Sap Sipper","moves":["voltswitch","hiddenpowergrass","overheat","thunderbolt"],"nature":"Timid","evs":{"hp":0,"atk":0,"def":0,"spa":252,"spd":4,"spe":252},"gender":"M","ivs":{"hp":31,"atk":30,"def":31,"spa":30,"spd":31,"spe":31},"shiny":true}],"p2team":[{"name":"Swampert","species":"Swampert","item":"quickclaw","ability":"Torrent","moves":["earthquake","waterfall","icepunch","ancientpower"],"nature":"Brave","evs":{"hp":148,"atk":116,"def":132,"spa":0,"spd":112,"spe":0},"gender":"M","ivs":{"hp":31,"atk":31,"def":31,"spa":31,"spd":31,"spe":31}},{"name":"Ludicolo","species":"Ludicolo","item":"leftovers","ability":"Swift Swim","moves":["surf","gigadrain","focusblast","icebeam"],"nature":"Modest","evs":{"hp":76,"atk":0,"def":96,"spa":136,"spd":100,"spe":100},"gender":"M","ivs":{"hp":31,"atk":31,"def":31,"spa":31,"spd":31,"spe":31}},{"name":"Sharpedo","species":"Sharpedo","item":"sharpedonite","ability":"Speed Boost","moves":["protect","waterfall","crunch","icefang"],"nature":"Hasty","evs":{"hp":52,"atk":172,"def":84,"spa":0,"spd":84,"spe":116},"gender":"M","ivs":{"hp":31,"atk":31,"def":31,"spa":31,"spd":31,"spe":31}},{"name":"Tentacruel","species":"Tentacruel","item":"airballoon","ability":"Rain Dish","moves":["icebeam","confuseray","sludgewave","attract"],"nature":"Modest","evs":{"hp":120,"atk":0,"def":72,"spa":100,"spd":148,"spe":68},"gender":"F","ivs":{"hp":31,"atk":31,"def":31,"spa":31,"spd":31,"spe":31}},{"name":"Politoed","species":"Politoed","item":"leftovers","ability":"Drizzle","moves":["toxic","attract","protect","scald"],"nature":"Calm","evs":{"hp":108,"atk":0,"def":124,"spa":124,"spd":152,"spe":0},"ivs":{"hp":31,"atk":31,"def":31,"spa":31,"spd":31,"spe":31}},{"name":"Mantine","species":"Mantine","item":"leftovers","ability":"Swift Swim","moves":["mudsport","icebeam","airslash","scald"],"nature":"","evs":{"hp":116,"atk":0,"def":72,"spa":128,"spd":92,"spe":100},"ivs":{"hp":31,"atk":31,"def":31,"spa":31,"spd":31,"spe":31}}],"log":["|player|p1|SL Aqua|141","|player|p2|Imp Whatever|291","|gametype|singles","|gen|6","|tier|Monotype","|rated","|rule|Baton Pass Clause: Limit one Baton Passer, can't pass Spe and other stats simultaneously","|rule|Swagger Clause: Swagger is banned","|rule|Same Type Clause: Pokémon in a team must share a type","|clearpoke","|poke|p1|Manectric, M","|poke|p1|Galvantula, M","|poke|p1|Luxray, M, shiny","|poke|p1|Zapdos, shiny","|poke|p1|Raikou, shiny","|poke|p1|Zebstrika, M, shiny","|poke|p2|Swampert, M","|poke|p2|Ludicolo, M","|poke|p2|Sharpedo, M","|poke|p2|Tentacruel, F","|poke|p2|Politoed, M","|poke|p2|Mantine, F","|rule|Sleep Clause Mod: Limit one foe put to sleep","|rule|Species Clause: Limit one of each Pokémon","|rule|OHKO Clause: OHKO moves are banned","|rule|Moody Clause: Moody is banned","|rule|Evasion Moves Clause: Evasion moves are banned","|rule|Endless Battle Clause: Forcing endless battles is banned","|rule|HP Percentage Mod: HP is shown in percentages","|teampreview","|","|start","|switch|p1a: Zebstrika|Zebstrika, M, shiny|291/291","|switch|p2a: Politoed|Politoed, M|348/348","|-weather|RainDance","|turn|1","|","|move|p1a: Zebstrika|Hidden Power|p2a: Politoed","|-supereffective|p2a: Politoed","|-damage|p2a: Politoed|244/348","|-damage|p1a: Zebstrika|262/291|[from] item: Life Orb","|move|p2a: Politoed|Toxic|p1a: Zebstrika","|-status|p1a: Zebstrika|tox","|","|-weather|RainDance|[upkeep]","|-heal|p2a: Politoed|265/348|[from] item: Leftovers","|-damage|p1a: Zebstrika|244/291 tox|[from] psn","|turn|2","|","|move|p2a: Politoed|Protect|p2a: Politoed","|-singleturn|p2a: Politoed|Protect","|move|p1a: Zebstrika|Volt Switch|p2a: Politoed","|-activate|p2a: Politoed|Protect","|","|-weather|RainDance|[upkeep]","|-heal|p2a: Politoed|286/348|[from] item: Leftovers","|-damage|p1a: Zebstrika|208/291 tox|[from] psn","|turn|3","|","|move|p1a: Zebstrika|Volt Switch|p2a: Politoed","|-supereffective|p2a: Politoed","|-damage|p2a: Politoed|104/348","|-damage|p1a: Zebstrika|179/291 tox|[from] item: Life Orb","|","|switch|p1a: Manectric|Manectric, M|282/282","|move|p2a: Politoed|Scald|p1a: Manectric","|-damage|p1a: Manectric|78/282","|","|-weather|RainDance|[upkeep]","|-heal|p2a: Politoed|125/348|[from] item: Leftovers","|turn|4","|","|switch|p2a: Ludicolo|Ludicolo, M|320/320","|detailschange|p1a: Manectric|Manectric-Mega, M","|-mega|p1a: Manectric|Manectric|Manectite","|-ability|p1a: Manectric|Intimidate","|-unboost|p2a: Ludicolo|atk|1","|move|p1a: Manectric|Volt Switch|p2a: Ludicolo","|-damage|p2a: Ludicolo|190/320","|","|switch|p1a: Galvantula|Galvantula, M|282/282","|","|-weather|RainDance|[upkeep]","|-heal|p2a: Ludicolo|210/320|[from] item: Leftovers","|turn|5","|","|move|p2a: Ludicolo|Surf|p1a: Galvantula","|-damage|p1a: Galvantula|0 fnt","|faint|p1a: Galvantula","|","|-weather|none","|-heal|p2a: Ludicolo|230/320|[from] item: Leftovers","|","|switch|p1a: Zebstrika|Zebstrika, M, shiny|179/291 tox","|turn|6","|","|switch|p2a: Politoed|Politoed, M|125/348","|-weather|RainDance","|move|p1a: Zebstrika|Volt Switch|p2a: Politoed","|-supereffective|p2a: Politoed","|-damage|p2a: Politoed|0 fnt","|-damage|p1a: Zebstrika|150/291 tox|[from] item: Life Orb","|faint|p2a: Politoed","|","|switch|p1a: Manectric|Manectric-Mega, M|78/282","|","|-weather|RainDance|[upkeep]","|","|switch|p2a: Mantine|Mantine, F|300/300","|turn|7","|","|move|p2a: Mantine|Scald|p1a: Manectric","|-damage|p1a: Manectric|0 fnt","|faint|p1a: Manectric","|","|-weather|RainDance|[upkeep]","|","|switch|p1a: Zebstrika|Zebstrika, M, shiny|150/291 tox","|turn|8","|","|move|p2a: Mantine|Mud Sport|p2a: Mantine","|-fieldstart|move: Mud Sport|[of] p2a: Mantine","|move|p1a: Zebstrika|Thunderbolt|p2a: Mantine","|-supereffective|p2a: Mantine","|-damage|p2a: Mantine|160/300","|-damage|p1a: Zebstrika|121/291 tox|[from] item: Life Orb","|","|-weather|RainDance|[upkeep]","|-heal|p2a: Mantine|178/300|[from] item: Leftovers","|-damage|p1a: Zebstrika|103/291 tox|[from] psn","|turn|9","|","|move|p2a: Mantine|Scald|p1a: Zebstrika","|-damage|p1a: Zebstrika|0 fnt","|faint|p1a: Zebstrika","|","|-weather|RainDance|[upkeep]","|-heal|p2a: Mantine|196/300|[from] item: Leftovers","|","|switch|p1a: Raikou|Raikou, shiny|322/322","|-ability|p1a: Raikou|Pressure","|turn|10","|","|move|p2a: Mantine|Scald|p1a: Raikou","|-damage|p1a: Raikou|165/322","|-status|p1a: Raikou|brn","|move|p1a: Raikou|Thunderbolt|p2a: Mantine","|-supereffective|p2a: Mantine","|-damage|p2a: Mantine|0 fnt","|faint|p2a: Mantine","|","|-weather|none","|-damage|p1a: Raikou|125/322 brn|[from] brn","|","|switch|p2a: Ludicolo|Ludicolo, M|230/320","|turn|11","|","|move|p1a: Raikou|Thunderbolt|p2a: Ludicolo","|-damage|p2a: Ludicolo|157/320","|move|p2a: Ludicolo|Surf|p1a: Raikou","|-damage|p1a: Raikou|0 fnt","|faint|p1a: Raikou","|","|-heal|p2a: Ludicolo|177/320|[from] item: Leftovers","|","|switch|p1a: Zapdos|Zapdos, shiny|321/321","|-ability|p1a: Zapdos|Pressure","|turn|12","|","|move|p1a: Zapdos|Thunderbolt|p2a: Ludicolo","|-damage|p2a: Ludicolo|132/320","|-status|p2a: Ludicolo|par","|cant|p2a: Ludicolo|par","|","|-heal|p2a: Ludicolo|152/320 par|[from] item: Leftovers","|-fieldend|move: Mud Sport","|turn|13","|","|move|p1a: Zapdos|Thunderbolt|p2a: Ludicolo","|-damage|p2a: Ludicolo|5/320 par","|move|p2a: Ludicolo|Ice Beam|p1a: Zapdos","|-supereffective|p1a: Zapdos","|-damage|p1a: Zapdos|143/321","|","|-heal|p1a: Zapdos|163/321|[from] item: Leftovers","|-heal|p2a: Ludicolo|25/320 par|[from] item: Leftovers","|turn|14","|","|move|p1a: Zapdos|Thunderbolt|p2a: Ludicolo","|-damage|p2a: Ludicolo|0 fnt","|faint|p2a: Ludicolo","|","|-heal|p1a: Zapdos|183/321|[from] item: Leftovers","|","|switch|p2a: Sharpedo|Sharpedo, M|294/294","|turn|15","|","|move|p2a: Sharpedo|Protect|p2a: Sharpedo","|-singleturn|p2a: Sharpedo|Protect","|move|p1a: Zapdos|Roost|p1a: Zapdos","|-heal|p1a: Zapdos|321/321","|","|-boost|p2a: Sharpedo|spe|1|[from] ability: Speed Boost","|turn|16","|","|detailschange|p2a: Sharpedo|Sharpedo-Mega, M","|-mega|p2a: Sharpedo|Sharpedo|Sharpedonite","|move|p2a: Sharpedo|Ice Fang|p1a: Zapdos|[miss]","|-miss|p2a: Sharpedo|p1a: Zapdos","|move|p1a: Zapdos|Thunderbolt|p2a: Sharpedo","|-supereffective|p2a: Sharpedo","|-damage|p2a: Sharpedo|0 fnt","|faint|p2a: Sharpedo","|","|","|switch|p2a: Swampert|Swampert, M|378/378","|turn|17","|","|move|p1a: Zapdos|Heat Wave|p2a: Swampert","|-resisted|p2a: Swampert","|-damage|p2a: Swampert|325/378","|move|p2a: Swampert|Ice Punch|p1a: Zapdos","|-supereffective|p1a: Zapdos","|-damage|p1a: Zapdos|131/321","|","|-heal|p1a: Zapdos|151/321|[from] item: Leftovers","|turn|18","|-activate|p2a: Swampert|item: Quick Claw","|","|move|p2a: Swampert|Ice Punch|p1a: Zapdos","|-supereffective|p1a: Zapdos","|-damage|p1a: Zapdos|0 fnt","|faint|p1a: Zapdos","|","|","|switch|p1a: Luxray|Luxray, M, shiny|302/302","|turn|19","|","|move|p1a: Luxray|Protect|p1a: Luxray","|-singleturn|p1a: Luxray|Protect","|move|p2a: Swampert|Earthquake|p1a: Luxray","|-activate|p1a: Luxray|Protect","|","|-status|p1a: Luxray|brn|[from] item: Flame Orb","|turn|20","|-activate|p2a: Swampert|item: Quick Claw","|","|move|p2a: Swampert|Earthquake|p1a: Luxray","|-supereffective|p1a: Luxray","|-damage|p1a: Luxray|0 fnt","|faint|p1a: Luxray","|","|win|Imp Whatever"],"p1rating":{"entryid":"663579","serverid":"eos","formatid":"monotype","userid":"slaqua","username":"SL Aqua","w":"9","l":8,"t":"0","gxe":53.1,"r":"1532.8130953652","rd":"88.553799458258","sigma":"0","rptime":"1441011600","rpr":1523.5722561528,"rprd":73.165225387644,"rpsigma":"0","acre":1085.9155481279,"lacre":1085.9155481279,"oldacre":"1114.5936009261"},"p2rating":{"entryid":"693707","serverid":"eos","formatid":"monotype","userid":"impwhatever","username":"Imp Whatever","w":4,"l":"5","t":"0","gxe":46.4,"r":"1500","rd":"130","sigma":"0","rptime":"1441011600","rpr":1472.3396188458,"rprd":88.80617167469,"rpsigma":"0","acre":1098.1310847876,"lacre":1098.1310847876,"oldacre":"1063.1044823745"},"endType":"normal"}