{"seed":[58787,23658,43569,11605],"turns":21,"p1":"Gym Ldr Mitsuka∆","p2":"Imp Whatever","p1team":[{"name":"Victreebel","species":"Victreebel","item":"salacberry","ability":"Gluttony","moves":["belch","knockoff","gigadrain","sleeppowder"],"nature":"Rash","evs":{"hp":0,"atk":8,"def":0,"spa":252,"spd":0,"spe":248},"ivs":{"hp":31,"atk":31,"def":31,"spa":31,"spd":31,"spe":31}},{"name":"Venusaur","species":"Venusaur","item":"venusaurite","ability":"Overgrow","moves":["synthesis","earthquake","leechseed","sludgebomb"],"nature":"Sassy","evs":{"hp":248,"atk":8,"def":172,"spa":0,"spd":80,"spe":0},"ivs":{"hp":31,"atk":31,"def":31,"spa":31,"spd":31,"spe":31}},{"name":"Breloom","species":"Breloom","item":"focussash","ability":"Technician","moves":["spore","swordsdance","machpunch","rocktomb"],"nature":"Jolly","evs":{"hp":0,"atk":252,"def":0,"spa":0,"spd":4,"spe":252},"ivs":{"hp":31,"atk":31,"def":31,"spa":31,"spd":31,"spe":31}},{"name":"Celebi","species":"Celebi","item":"lifeorb","ability":"Natural Cure","moves":["psychic","earthpower","gigadrain","suckerpunch"],"nature":"Rash","evs":{"hp":252,"atk":72,"def":0,"spa":184,"spd":0,"spe":0},"ivs":{"hp":31,"atk":31,"def":31,"spa":31,"spd":31,"spe":31}},{"name":"Ferrothorn","species":"Ferrothorn","item":"occaberry","ability":"Iron Barbs","moves":["leechseed","stealthrock","irondefense","knockoff"],"nature":"Careful","evs":{"hp":248,"atk":8,"def":0,"spa":0,"spd":252,"spe":0},"ivs":{"hp":31,"atk":31,"def":31,"spa":31,"spd":31,"spe":31}},{"name":"Serperior","species":"Serperior","item":"lifeorb","ability":"Contrary","moves":["leafstorm","frenzyplant","hiddenpowerfire","dragonpulse"],"nature":"Timid","evs":{"hp":0,"atk":0,"def":0,"spa":252,"spd":4,"spe":252},"ivs":{"hp":31,"atk":30,"def":31,"spa":30,"spd":31,"spe":30}}],"p2team":[{"name":"Swampert","species":"Swampert","item":"quickclaw","ability":"Torrent","moves":["earthquake","waterfall","icepunch","ancientpower"],"nature":"Brave","evs":{"hp":148,"atk":116,"def":132,"spa":0,"spd":112,"spe":0},"gender":"M","ivs":{"hp":31,"atk":31,"def":31,"spa":31,"spd":31,"spe":31}},{"name":"Ludicolo","species":"Ludicolo","item":"leftovers","ability":"Swift Swim","moves":["surf","gigadrain","focusblast","icebeam"],"nature":"Modest","evs":{"hp":76,"atk":0,"def":96,"spa":136,"spd":100,"spe":100},"gender":"M","ivs":{"hp":31,"atk":31,"def":31,"spa":31,"spd":31,"spe":31}},{"name":"Sharpedo","species":"Sharpedo","item":"sharpedonite","ability":"Speed Boost","moves":["protect","waterfall","crunch","icefang"],"nature":"Hasty","evs":{"hp":52,"atk":172,"def":84,"spa":0,"spd":84,"spe":116},"gender":"M","ivs":{"hp":31,"atk":31,"def":31,"spa":31,"spd":31,"spe":31}},{"name":"Tentacruel","species":"Tentacruel","item":"airballoon","ability":"Rain Dish","moves":["icebeam","confuseray","sludgewave","attract"],"nature":"Modest","evs":{"hp":120,"atk":0,"def":72,"spa":100,"spd":148,"spe":68},"gender":"F","ivs":{"hp":31,"atk":31,"def":31,"spa":31,"spd":31,"spe":31}},{"name":"Politoed","species":"Politoed","item":"leftovers","ability":"Drizzle","moves":["toxic","attract","protect","scald"],"nature":"Calm","evs":{"hp":108,"atk":0,"def":124,"spa":124,"spd":152,"spe":0},"ivs":{"hp":31,"atk":31,"def":31,"spa":31,"spd":31,"spe":31}},{"name":"Mantine","species":"Mantine","item":"leftovers","ability":"Swift Swim","moves":["mudsport","icebeam","airslash","scald"],"nature":"","evs":{"hp":116,"atk":0,"def":72,"spa":128,"spd":92,"spe":100},"ivs":{"hp":31,"atk":31,"def":31,"spa":31,"spd":31,"spe":31}}],"log":["|player|p1|Gym Ldr Mitsuka∆|2","|player|p2|Imp Whatever|291","|gametype|singles","|gen|6","|tier|Monotype","|rated","|rule|Baton Pass Clause: Limit one Baton Passer, can't pass Spe and other stats simultaneously","|rule|Swagger Clause: Swagger is banned","|rule|Same Type Clause: Pokémon in a team must share a type","|clearpoke","|poke|p1|Victreebel, F","|poke|p1|Venusaur, F","|poke|p1|Breloom, F","|poke|p1|Celebi","|poke|p1|Ferrothorn, M","|poke|p1|Serperior, F","|poke|p2|Swampert, M","|poke|p2|Ludicolo, M","|poke|p2|Sharpedo, M","|poke|p2|Tentacruel, F","|poke|p2|Politoed, F","|poke|p2|Mantine, F","|rule|Sleep Clause Mod: Limit one foe put to sleep","|rule|Species Clause: Limit one of each Pokémon","|rule|OHKO Clause: OHKO moves are banned","|rule|Moody Clause: Moody is banned","|rule|Evasion Moves Clause: Evasion moves are banned","|rule|Endless Battle Clause: Forcing endless battles is banned","|rule|HP Percentage Mod: HP is shown in percentages","|teampreview","|","|start","|switch|p1a: Victreebel|Victreebel, F|301/301","|switch|p2a: Politoed|Politoed, F|348/348","|-weather|RainDance","|turn|1","|","|move|p1a: Victreebel|Sleep Powder|p2a: Politoed|[miss]","|-miss|p1a: Victreebel|p2a: Politoed","|move|p2a: Politoed|Scald|p1a: Victreebel","|-resisted|p1a: Victreebel","|-damage|p1a: Victreebel|194/301","|-status|p1a: Victreebel|brn","|","|-weather|RainDance|[upkeep]","|-damage|p1a: Victreebel|157/301 brn|[from] brn","|turn|2","|","|move|p2a: Politoed|Protect|p2a: Politoed","|-singleturn|p2a: Politoed|Protect","|move|p1a: Victreebel|Giga Drain|p2a: Politoed","|-activate|p2a: Politoed|Protect","|","|-weather|RainDance|[upkeep]","|-damage|p1a: Victreebel|120/301 brn|[from] brn","|-enditem|p1a: Victreebel|Salac Berry|[eat]","|-boost|p1a: Victreebel|spe|1|[from] item: Salac Berry","|turn|3","|","|move|p1a: Victreebel|Sleep Powder|p2a: Politoed|[miss]","|-miss|p1a: Victreebel|p2a: Politoed","|move|p2a: Politoed|Scald|p1a: Victreebel","|-resisted|p1a: Victreebel","|-damage|p1a: Victreebel|6/301 brn","|","|-weather|RainDance|[upkeep]","|-damage|p1a: Victreebel|0 fnt|[from] brn","|faint|p1a: Victreebel","|","|switch|p1a: Serperior|Serperior, F|291/291","|turn|4","|","|move|p1a: Serperior|Frenzy Plant|p2a: Politoed","|-supereffective|p2a: Politoed","|-damage|p2a: Politoed|0 fnt","|-damage|p1a: Serperior|262/291|[from] item: Life Orb","|faint|p2a: Politoed","|","|-weather|RainDance|[upkeep]","|","|switch|p2a: Mantine|Mantine, F|300/300","|turn|5","|-mustrecharge|p1a: Serperior","|-mustrecharge|p1a: Serperior","|","|move|p2a: Mantine|Air Slash|p1a: Serperior","|-supereffective|p1a: Serperior","|-damage|p1a: Serperior|94/291","|cant|p1a: Serperior|recharge","|","|-weather|none","|turn|6","|","|switch|p1a: Ferrothorn|Ferrothorn, M|351/351","|move|p2a: Mantine|Air Slash|p1a: Ferrothorn","|-damage|p1a: Ferrothorn|294/351","|","|turn|7","|","|move|p2a: Mantine|Scald|p1a: Ferrothorn","|-resisted|p1a: Ferrothorn","|-damage|p1a: Ferrothorn|263/351","|-status|p1a: Ferrothorn|brn","|move|p1a: Ferrothorn|Leech Seed|p2a: Mantine","|-start|p2a: Mantine|move: Leech Seed","|","|-damage|p2a: Mantine|263/300|[from] Leech Seed|[of] p1a: Ferrothorn","|-heal|p1a: Ferrothorn|300/351 brn|[silent]","|-damage|p1a: Ferrothorn|257/351 brn|[from] brn","|turn|8","|","|move|p2a: Mantine|Ice Beam|p1a: Ferrothorn","|-damage|p1a: Ferrothorn|209/351 brn","|move|p1a: Ferrothorn|Knock Off|p2a: Mantine","|-damage|p2a: Mantine|221/300","|-enditem|p2a: Mantine|Leftovers|[from] move: Knock Off|[of] p1a: Ferrothorn","|","|-damage|p2a: Mantine|184/300|[from] Leech Seed|[of] p1a: Ferrothorn","|-heal|p1a: Ferrothorn|246/351 brn|[silent]","|-damage|p1a: Ferrothorn|203/351 brn|[from] brn","|turn|9","|","|switch|p2a: Ludicolo|Ludicolo, M|320/320","|move|p1a: Ferrothorn|Stealth Rock|p2a: Ludicolo","|-sidestart|p2: Imp Whatever|move: Stealth Rock","|","|-damage|p1a: Ferrothorn|160/351 brn|[from] brn","|turn|10","|","|move|p2a: Ludicolo|Focus Blast|p1a: Ferrothorn","|-supereffective|p1a: Ferrothorn","|-damage|p1a: Ferrothorn|14/351 brn","|move|p1a: Ferrothorn|Knock Off|p2a: Ludicolo","|-damage|p2a: Ludicolo|275/320","|-enditem|p2a: Ludicolo|Leftovers|[from] move: Knock Off|[of] p1a: Ferrothorn","|","|-damage|p1a: Ferrothorn|0 fnt|[from] brn","|faint|p1a: Ferrothorn","|","|switch|p1a: Venusaur|Venusaur, F|363/363","|turn|11","|","|detailschange|p1a: Venusaur|Venusaur-Mega, F","|-mega|p1a: Venusaur|Venusaur|Venusaurite","|move|p2a: Ludicolo|Ice Beam|p1a: Venusaur","|-crit|p1a: Venusaur","|-supereffective|p1a: Venusaur","|-damage|p1a: Venusaur|271/363","|move|p1a: Venusaur|Sludge Bomb|p2a: Ludicolo","|-supereffective|p2a: Ludicolo","|-damage|p2a: Ludicolo|57/320","|","|turn|12","|","|move|p2a: Ludicolo|Ice Beam|p1a: Venusaur","|-supereffective|p1a: Venusaur","|-damage|p1a: Venusaur|211/363","|move|p1a: Venusaur|Sludge Bomb|p2a: Ludicolo","|-supereffective|p2a: Ludicolo","|-damage|p2a: Ludicolo|0 fnt","|faint|p2a: Ludicolo","|","|","|switch|p2a: Mantine|Mantine, F|184/300","|-damage|p2a: Mantine|109/300|[from] Stealth Rock","|turn|13","|","|move|p2a: Mantine|Air Slash|p1a: Venusaur","|-supereffective|p1a: Venusaur","|-damage|p1a: Venusaur|95/363","|cant|p1a: Venusaur|flinch","|","|turn|14","|","|move|p2a: Mantine|Air Slash|p1a: Venusaur","|-crit|p1a: Venusaur","|-supereffective|p1a: Venusaur","|-damage|p1a: Venusaur|0 fnt","|faint|p1a: Venusaur","|","|","|switch|p1a: Serperior|Serperior, F|94/291","|turn|15","|","|move|p1a: Serperior|Leaf Storm|p2a: Mantine","|-damage|p2a: Mantine|0 fnt","|-boost|p1a: Serperior|spa|2","|-damage|p1a: Serperior|65/291|[from] item: Life Orb","|faint|p2a: Mantine","|","|","|switch|p2a: Sharpedo|Sharpedo, M|294/294","|-damage|p2a: Sharpedo|258/294|[from] Stealth Rock","|turn|16","|","|switch|p1a: Breloom|Breloom, F|261/261","|move|p2a: Sharpedo|Protect|p2a: Sharpedo","|-fail|p2a: Sharpedo","|","|-boost|p2a: Sharpedo|spe|1|[from] ability: Speed Boost","|turn|17","|","|detailschange|p2a: Sharpedo|Sharpedo-Mega, M","|-mega|p2a: Sharpedo|Sharpedo|Sharpedonite","|move|p1a: Breloom|Mach Punch|p2a: Sharpedo","|-supereffective|p2a: Sharpedo","|-damage|p2a: Sharpedo|0 fnt","|faint|p2a: Sharpedo","|","|","|switch|p2a: Tentacruel|Tentacruel, F|331/331","|-damage|p2a: Tentacruel|290/331|[from] Stealth Rock","|-item|p2a: Tentacruel|Air Balloon","|turn|18","|","|move|p1a: Breloom|Rock Tomb|p2a: Tentacruel","|-damage|p2a: Tentacruel|155/331","|-enditem|p2a: Tentacruel|Air Balloon","|-unboost|p2a: Tentacruel|spe|1","|move|p2a: Tentacruel|Sludge Wave|p1a: Breloom","|-supereffective|p1a: Breloom","|-enditem|p1a: Breloom|Focus Sash","|-damage|p1a: Breloom|1/261","|","|turn|19","|","|move|p1a: Breloom|Rock Tomb|p2a: Tentacruel|[miss]","|-miss|p1a: Breloom|p2a: Tentacruel","|move|p2a: Tentacruel|Sludge Wave|p1a: Breloom","|-supereffective|p1a: Breloom","|-damage|p1a: Breloom|0 fnt","|faint|p1a: Breloom","|","|","|switch|p1a: Celebi|Celebi|404/404","|turn|20","|","|move|p1a: Celebi|Psychic|p2a: Tentacruel","|-supereffective|p2a: Tentacruel","|-damage|p2a: Tentacruel|0 fnt","|-damage|p1a: Celebi|364/404|[from] item: Life Orb","|faint|p2a: Tentacruel","|","|","|switch|p2a: Swampert|Swampert, M|378/378","|-damage|p2a: Swampert|355/378|[from] Stealth Rock","|turn|21","|-activate|p2a: Swampert|item: Quick Claw","|","|move|p2a: Swampert|Ice Punch|p1a: Celebi","|-supereffective|p1a: Celebi","|-damage|p1a: Celebi|194/404","|move|p1a: Celebi|Giga Drain|p2a: Swampert","|-supereffective|p2a: Swampert","|-damage|p2a: Swampert|0 fnt","|-heal|p1a: Celebi|372/404|[from] drain|[of] p2a: Swampert","|-damage|p1a: Celebi|332/404|[from] item: Life Orb","|faint|p2a: Swampert","|","|win|Gym Ldr Mitsuka∆"],"p1rating":{"entryid":"379503","serverid":"eos","formatid":"monotype","userid":"gymldrmitsuka","username":"Gym Ldr Mitsuka∆","w":29,"l":"17","t":"0","gxe":61.9,"r":"1563.1648398293","rd":"55.125863875314","sigma":"0","rptime":"1441011600","rpr":1591.8855703317,"rprd":51.327356980228,"rpsigma":"0","acre":1278.8616868778,"lacre":1278.8616868778,"oldacre":"1268.5478187765"},"p2rating":{"entryid":"693707","serverid":"eos","formatid":"monotype","userid":"impwhatever","username":"Imp Whatever","w":"1","l":4,"t":"0","gxe":39.2,"r":"1500","rd":"130","sigma":"0","rptime":"1441011600","rpr":1414.3244144296,"rprd":101.50892030233,"rpsigma":"0","acre":1028.2028387085,"lacre":1028.2028387085,"oldacre":"1034.4609394541"},"endType":"normal"}