{"seed":[20623,28147,9353,62865],"turns":22,"p1":"Rain ☆ Fae","p2":"Raiteri","p1team":[{"name":"Shuckle","species":"Shuckle","item":"custapberry","ability":"Sturdy","moves":["stickyweb","stealthrock","encore","toxic"],"nature":"Calm","evs":{"hp":248,"atk":0,"def":8,"spa":0,"spd":252,"spe":0},"ivs":{"hp":31,"atk":31,"def":31,"spa":31,"spd":31,"spe":31}},{"name":"Tyranitar","species":"Tyranitar","item":"assaultvest","ability":"Sand Stream","moves":["icebeam","earthpower","thunderbolt","fireblast"],"nature":"Modest","evs":{"hp":248,"atk":0,"def":0,"spa":252,"spd":8,"spe":0},"ivs":{"hp":31,"atk":31,"def":31,"spa":31,"spd":31,"spe":31}},{"name":"Aggron","species":"Aggron","item":"aggronite","ability":"Sturdy","moves":["rest","sleeptalk","heavyslam","dragontail"],"nature":"Impish","evs":{"hp":252,"atk":252,"def":0,"spa":0,"spd":4,"spe":0},"ivs":{"hp":31,"atk":31,"def":31,"spa":31,"spd":31,"spe":31}},{"name":"Golem","species":"Golem","item":"custapberry","ability":"Sturdy","moves":["explosion","earthquake","stoneedge","bodyslam"],"nature":"Naughty","evs":{"hp":248,"atk":252,"def":0,"spa":8,"spd":0,"spe":0},"ivs":{"hp":31,"atk":31,"def":31,"spa":31,"spd":31,"spe":31}},{"name":"Terrakion","species":"Terrakion","item":"choiceband","ability":"Justified","moves":["earthquake","closecombat","stoneedge","ironhead"],"nature":"Jolly","evs":{"hp":0,"atk":252,"def":0,"spa":0,"spd":4,"spe":252},"ivs":{"hp":31,"atk":31,"def":31,"spa":31,"spd":31,"spe":31}},{"name":"Cradily","species":"Cradily","item":"leftovers","ability":"Storm Drain","moves":["gigadrain","toxic","recover","infestation"],"nature":"Careful","evs":{"hp":252,"atk":0,"def":4,"spa":0,"spd":252,"spe":0},"ivs":{"hp":31,"atk":31,"def":31,"spa":31,"spd":31,"spe":31}}],"p2team":[{"name":"Muk","species":"Muk","item":"blacksludge","ability":"Stench","moves":["firepunch","icepunch","shadowsneak","curse"],"nature":"Impish","evs":{"hp":252,"atk":4,"def":252,"spa":0,"spd":0,"spe":0},"ivs":{"hp":31,"atk":31,"def":31,"spa":31,"spd":31,"spe":31}},{"name":"Roserade","species":"Roserade","item":"blacksludge","ability":"Natural Cure","moves":["gigadrain","spikes","toxicspikes","leechseed"],"nature":"Calm","evs":{"hp":156,"atk":0,"def":0,"spa":0,"spd":108,"spe":244},"ivs":{"hp":31,"atk":31,"def":31,"spa":31,"spd":31,"spe":31}},{"name":"Qwilfish","species":"Qwilfish","item":"starfberry","ability":"Intimidate","moves":["aquajet","poisonjab","payback","thunderwave"],"nature":"Naughty","evs":{"hp":156,"atk":152,"def":24,"spa":0,"spd":0,"spe":176},"ivs":{"hp":31,"atk":31,"def":31,"spa":31,"spd":31,"spe":31}},{"name":"Venomoth","species":"Venomoth","item":"lifeorb","ability":"Tinted Lens","moves":["bugbuzz","sludgebomb","quiverdance","roost"],"nature":"Calm","evs":{"hp":68,"atk":0,"def":0,"spa":136,"spd":168,"spe":136},"ivs":{"hp":31,"atk":31,"def":31,"spa":31,"spd":31,"spe":31}},{"name":"Skuntank","species":"Skuntank","item":"starfberry","ability":"Aftermath","moves":["playrough","poisonjab","crunch","shadowclaw"],"nature":"Adamant","evs":{"hp":212,"atk":88,"def":80,"spa":0,"spd":128,"spe":0},"ivs":{"hp":31,"atk":31,"def":31,"spa":31,"spd":31,"spe":31}},{"name":"Scolipede","species":"Scolipede","item":"blacksludge","ability":"Speed Boost","moves":["earthquake","poisonjab","xscissor","swordsdance"],"nature":"Adamant","evs":{"hp":56,"atk":148,"def":144,"spa":0,"spd":0,"spe":160},"ivs":{"hp":31,"atk":31,"def":31,"spa":31,"spd":31,"spe":31}}],"log":["|player|p1|Rain ☆ Fae|rainfae.png","|player|p2|Raiteri|151","|gametype|singles","|gen|6","|tier|Monotype","|rated","|rule|Baton Pass Clause: Limit one Baton Passer, can't pass Spe and other stats simultaneously","|rule|Swagger Clause: Swagger is banned","|rule|Same Type Clause: Pokémon in a team must share a type","|clearpoke","|poke|p1|Shuckle, M","|poke|p1|Tyranitar, M","|poke|p1|Aggron, F","|poke|p1|Golem, M","|poke|p1|Terrakion","|poke|p1|Cradily, M","|poke|p2|Muk, F","|poke|p2|Roserade, M","|poke|p2|Qwilfish, M","|poke|p2|Venomoth, F","|poke|p2|Skuntank, M","|poke|p2|Scolipede, M","|rule|Sleep Clause Mod: Limit one foe put to sleep","|rule|Species Clause: Limit one of each Pokémon","|rule|OHKO Clause: OHKO moves are banned","|rule|Moody Clause: Moody is banned","|rule|Evasion Moves Clause: Evasion moves are banned","|rule|Endless Battle Clause: Forcing endless battles is banned","|rule|HP Percentage Mod: HP is shown in percentages","|teampreview","|","|start","|switch|p1a: Shuckle|Shuckle, M|243/243","|switch|p2a: Roserade|Roserade, M|300/300","|turn|1","|","|move|p2a: Roserade|Spikes|p1a: Shuckle","|-sidestart|p1: Rain ☆ Fae|Spikes","|move|p1a: Shuckle|Sticky Web|p2a: Roserade","|-sidestart|p2: Raiteri|move: Sticky Web","|","|turn|2","|","|move|p2a: Roserade|Spikes|p1a: Shuckle","|-sidestart|p1: Rain ☆ Fae|Spikes","|move|p1a: Shuckle|Encore|p2a: Roserade","|-start|p2a: Roserade|Encore","|","|turn|3","|","|move|p2a: Roserade|Spikes|p1a: Shuckle","|-sidestart|p1: Rain ☆ Fae|Spikes","|move|p1a: Shuckle|Stealth Rock|p2a: Roserade","|-sidestart|p2: Raiteri|move: Stealth Rock","|","|turn|4","|","|switch|p2a: Venomoth|Venomoth, F|298/298","|-damage|p2a: Venomoth|224/298|[from] Stealth Rock","|-activate|p2a: Venomoth|move: Sticky Web","|-unboost|p2a: Venomoth|spe|1","|switch|p1a: Terrakion|Terrakion|323/323","|-damage|p1a: Terrakion|243/323|[from] Spikes","|","|turn|5","|","|switch|p2a: Qwilfish|Qwilfish, M|310/310","|-damage|p2a: Qwilfish|272/310|[from] Stealth Rock","|-activate|p2a: Qwilfish|move: Sticky Web","|-unboost|p2a: Qwilfish|spe|1","|-ability|p2a: Qwilfish|Intimidate","|-unboost|p1a: Terrakion|atk|1","|move|p1a: Terrakion|Earthquake|p2a: Qwilfish","|-supereffective|p2a: Qwilfish","|-damage|p2a: Qwilfish|0 fnt","|faint|p2a: Qwilfish","|","|","|switch|p2a: Skuntank|Skuntank, M|400/400","|-damage|p2a: Skuntank|350/400|[from] Stealth Rock","|-activate|p2a: Skuntank|move: Sticky Web","|-unboost|p2a: Skuntank|spe|1","|turn|6","|","|switch|p1a: Tyranitar|Tyranitar, M|403/403","|-damage|p1a: Tyranitar|303/403|[from] Spikes","|-weather|Sandstorm","|move|p2a: Skuntank|Play Rough|p1a: Tyranitar","|-supereffective|p1a: Tyranitar","|-damage|p1a: Tyranitar|167/403","|","|-weather|Sandstorm|[upkeep]","|-damage|p2a: Skuntank|325/400|[from] sandstorm","|turn|7","|","|move|p1a: Tyranitar|Earth Power|p2a: Skuntank","|-supereffective|p2a: Skuntank","|-damage|p2a: Skuntank|81/400","|-enditem|p2a: Skuntank|Starf Berry|[eat]","|-boost|p2a: Skuntank|atk|2|[from] item: Starf Berry","|move|p2a: Skuntank|Play Rough|p1a: Tyranitar","|-supereffective|p1a: Tyranitar","|-damage|p1a: Tyranitar|0 fnt","|faint|p1a: Tyranitar","|","|-weather|Sandstorm|[upkeep]","|-damage|p2a: Skuntank|56/400|[from] sandstorm","|","|switch|p1a: Aggron|Aggron, F|344/344","|-damage|p1a: Aggron|258/344|[from] Spikes","|turn|8","|","|detailschange|p1a: Aggron|Aggron-Mega, F","|-mega|p1a: Aggron|Aggron|Aggronite","|move|p2a: Skuntank|Crunch|p1a: Aggron","|-damage|p1a: Aggron|171/344","|move|p1a: Aggron|Dragon Tail|p2a: Skuntank","|-damage|p2a: Skuntank|0 fnt","|-damage|p1a: Aggron|85/344|[from] ability: Aftermath|[of] p2a: Skuntank","|faint|p2a: Skuntank","|","|-weather|Sandstorm|[upkeep]","|","|switch|p2a: Muk|Muk, F|414/414","|-damage|p2a: Muk|363/414|[from] Stealth Rock","|-activate|p2a: Muk|move: Sticky Web","|-unboost|p2a: Muk|spe|1","|turn|9","|","|move|p1a: Aggron|Rest|p1a: Aggron","|-status|p1a: Aggron|slp","|-heal|p1a: Aggron|344/344 slp|[silent]","|-status|p1a: Aggron|slp|[from] move: Rest","|move|p2a: Muk|Curse|p2a: Muk","|-unboost|p2a: Muk|spe|1","|-boost|p2a: Muk|atk|1","|-boost|p2a: Muk|def|1","|","|-weather|Sandstorm|[upkeep]","|-damage|p2a: Muk|338/414|[from] sandstorm","|-heal|p2a: Muk|363/414|[from] item: Black Sludge","|turn|10","|","|cant|p1a: Aggron|slp","|move|p1a: Aggron|Sleep Talk|p1a: Aggron","|move|p1a: Aggron|Dragon Tail|p2a: Muk|[from]Sleep Talk","|-damage|p2a: Muk|317/414","|drag|p2a: Roserade|Roserade, M|300/300","|-activate|p2a: Roserade|move: Sticky Web","|-unboost|p2a: Roserade|spe|1","|-damage|p2a: Roserade|263/300|[from] Stealth Rock","|","|-weather|none","|-heal|p2a: Roserade|281/300|[from] item: Black Sludge","|turn|11","|","|move|p2a: Roserade|Leech Seed|p1a: Aggron","|-start|p1a: Aggron|move: Leech Seed","|cant|p1a: Aggron|slp","|","|-heal|p2a: Roserade|299/300|[from] item: Black Sludge","|-damage|p1a: Aggron|301/344 slp|[from] Leech Seed|[of] p2a: Roserade","|-heal|p2a: Roserade|300/300|[silent]","|turn|12","|","|move|p2a: Roserade|Toxic Spikes|p1a: Aggron","|-sidestart|p1: Rain ☆ Fae|move: Toxic Spikes","|-curestatus|p1a: Aggron|slp","|move|p1a: Aggron|Heavy Slam|p2a: Roserade","|-damage|p2a: Roserade|0 fnt","|faint|p2a: Roserade","|","|","|switch|p2a: Venomoth|Venomoth, F|224/298","|-activate|p2a: Venomoth|move: Sticky Web","|-unboost|p2a: Venomoth|spe|1","|-damage|p2a: Venomoth|150/298|[from] Stealth Rock","|turn|13","|","|move|p2a: Venomoth|Roost|p2a: Venomoth","|-heal|p2a: Venomoth|298/298","|move|p1a: Aggron|Heavy Slam|p2a: Venomoth","|-damage|p2a: Venomoth|0 fnt","|faint|p2a: Venomoth","|","|","|switch|p2a: Scolipede|Scolipede, M|275/275","|-damage|p2a: Scolipede|207/275|[from] Stealth Rock","|-activate|p2a: Scolipede|move: Sticky Web","|-unboost|p2a: Scolipede|spe|1","|turn|14","|","|move|p2a: Scolipede|Earthquake|p1a: Aggron","|-supereffective|p1a: Aggron","|-damage|p1a: Aggron|237/344","|move|p1a: Aggron|Heavy Slam|p2a: Scolipede","|-damage|p2a: Scolipede|132/275","|","|-heal|p2a: Scolipede|149/275|[from] item: Black Sludge","|-damage|p1a: Aggron|194/344|[from] Leech Seed|[of] p2a: Scolipede","|-heal|p2a: Scolipede|192/275|[silent]","|-boost|p2a: Scolipede|spe|1|[from] ability: Speed Boost","|turn|15","|","|move|p2a: Scolipede|Swords Dance|p2a: Scolipede","|-boost|p2a: Scolipede|atk|2","|move|p1a: Aggron|Dragon Tail|p2a: Scolipede","|-damage|p2a: Scolipede|118/275","|drag|p2a: Muk|Muk, F|317/414","|-activate|p2a: Muk|move: Sticky Web","|-unboost|p2a: Muk|spe|1","|-damage|p2a: Muk|266/414|[from] Stealth Rock","|","|-heal|p2a: Muk|291/414|[from] item: Black Sludge","|-damage|p1a: Aggron|151/344|[from] Leech Seed|[of] p2a: Muk","|-heal|p2a: Muk|334/414|[silent]","|turn|16","|","|switch|p1a: Golem|Golem, M|363/363","|-status|p1a: Golem|psn","|-damage|p1a: Golem|273/363 psn|[from] Spikes","|move|p2a: Muk|Fire Punch|p1a: Golem","|-resisted|p1a: Golem","|-damage|p1a: Golem|249/363 psn","|","|-heal|p2a: Muk|359/414|[from] item: Black Sludge","|-damage|p1a: Golem|204/363 psn|[from] psn","|turn|17","|","|move|p1a: Golem|Earthquake|p2a: Muk","|-supereffective|p2a: Muk","|-damage|p2a: Muk|63/414","|move|p2a: Muk|Ice Punch|p1a: Golem","|-supereffective|p1a: Golem","|-damage|p1a: Golem|104/363 psn","|","|-heal|p2a: Muk|88/414|[from] item: Black Sludge","|-damage|p1a: Golem|59/363 psn|[from] psn","|turn|18","|-enditem|p1a: Golem|Custap Berry|[eat]","|-activate|p1a: Golem|Custap Berry","|","|move|p2a: Muk|Shadow Sneak|p1a: Golem","|-damage|p1a: Golem|31/363 psn","|cant|p1a: Golem|flinch","|","|-heal|p2a: Muk|113/414|[from] item: Black Sludge","|-damage|p1a: Golem|0 fnt|[from] psn","|faint|p1a: Golem","|","|switch|p1a: Aggron|Aggron-Mega, F|151/344","|-damage|p1a: Aggron|65/344|[from] Spikes","|turn|19","|","|move|p1a: Aggron|Rest|p1a: Aggron","|-status|p1a: Aggron|slp","|-heal|p1a: Aggron|344/344 slp|[silent]","|-status|p1a: Aggron|slp|[from] move: Rest","|move|p2a: Muk|Fire Punch|p1a: Aggron","|-supereffective|p1a: Aggron","|-damage|p1a: Aggron|299/344 slp","|","|-heal|p2a: Muk|138/414|[from] item: Black Sludge","|turn|20","|","|cant|p1a: Aggron|slp","|move|p1a: Aggron|Sleep Talk|p1a: Aggron","|move|p1a: Aggron|Dragon Tail|p2a: Muk|[from]Sleep Talk","|-damage|p2a: Muk|67/414","|drag|p2a: Scolipede|Scolipede, M|118/275","|-activate|p2a: Scolipede|move: Sticky Web","|-unboost|p2a: Scolipede|spe|1","|-damage|p2a: Scolipede|50/275|[from] Stealth Rock","|","|-heal|p2a: Scolipede|67/275|[from] item: Black Sludge","|turn|21","|","|move|p2a: Scolipede|Swords Dance|p2a: Scolipede","|-boost|p2a: Scolipede|atk|2","|cant|p1a: Aggron|slp","|move|p1a: Aggron|Sleep Talk|p1a: Aggron","|move|p1a: Aggron|Dragon Tail|p2a: Scolipede|[from]Sleep Talk","|-damage|p2a: Scolipede|0 fnt","|faint|p2a: Scolipede","|","|","|switch|p2a: Muk|Muk, F|67/414","|-activate|p2a: Muk|move: Sticky Web","|-unboost|p2a: Muk|spe|1","|-damage|p2a: Muk|16/414|[from] Stealth Rock","|turn|22","|","|-curestatus|p1a: Aggron|slp","|move|p1a: Aggron|Heavy Slam|p2a: Muk","|-damage|p2a: Muk|0 fnt","|faint|p2a: Muk","|","|win|Rain ☆ Fae"],"p1rating":{"entryid":"544452","serverid":"eos","formatid":"monotype","userid":"rainfae","username":"Rain ☆ Fae","w":2,"l":"0","t":"0","gxe":58.8,"r":"1540.1606143388","rd":"123.40150317888","sigma":"0","rptime":"1441011600","rpr":1570.8596292763,"rprd":117.11100369029,"rpsigma":"0","acre":1077.1092318411,"lacre":1077.1092318411,"oldacre":"1045.1983737376"},"p2rating":{"entryid":"386564","serverid":"eos","formatid":"monotype","userid":"raiteri","username":"Raiteri","w":"2","l":5,"t":"0","gxe":41.4,"r":"1472.8130030917","rd":"102.37895576313","sigma":"0","rptime":"1441011600","rpr":1432.5325891654,"rprd":95.643936973798,"rpsigma":"0","acre":1017.3528209127,"lacre":1017.3528209127,"oldacre":"1031.4969981039"},"endType":"normal"}