{"seed":[18718,16009,50508,59195],"turns":29,"p1":"Marx-Bot","p2":"Imp Whatever","p1team":[{"name":"Charizard","species":"Charizard","item":"choicespecs","ability":"Blaze","moves":["dragonpulse","flamethrower","focusblast","airslash"],"nature":"Timid","evs":{"hp":0,"atk":0,"def":0,"spa":252,"spd":4,"spe":252},"ivs":{"hp":31,"atk":31,"def":31,"spa":31,"spd":31,"spe":31}},{"name":"Landorus-Therian","species":"Landorus-Therian","item":"choicescarf","ability":"Intimidate","moves":["earthquake","knockoff","uturn","brickbreak"],"nature":"Jolly","evs":{"hp":0,"atk":252,"def":0,"spa":0,"spd":4,"spe":252},"ivs":{"hp":31,"atk":31,"def":31,"spa":31,"spd":31,"spe":31}},{"name":"Defog","species":"skarmory","item":"rockyhelmet","ability":"Sturdy","moves":["bravebird","stealthrock","ironhead","defog"],"nature":"Adamant","evs":{"hp":232,"atk":252,"def":0,"spa":0,"spd":0,"spe":24},"ivs":{"hp":31,"atk":31,"def":31,"spa":31,"spd":31,"spe":31}},{"name":"Archeops","species":"Archeops","item":"choiceband","ability":"Defeatist","moves":["dragonclaw","earthquake","headsmash","uturn"],"nature":"Jolly","evs":{"hp":0,"atk":252,"def":0,"spa":0,"spd":4,"spe":252},"ivs":{"hp":31,"atk":31,"def":31,"spa":31,"spd":31,"spe":31}},{"name":"Thundurus-Therian","species":"Thundurus-Therian","item":"choicespecs","ability":"Volt Absorb","moves":["darkpulse","discharge","sludgewave","voltswitch"],"nature":"Timid","evs":{"hp":0,"atk":0,"def":0,"spa":252,"spd":4,"spe":252},"ivs":{"hp":31,"atk":31,"def":31,"spa":31,"spd":31,"spe":31}},{"name":"Murkrow","species":"Murkrow","item":"eviolite","ability":"Prankster","moves":["darkpulse","thunderwave","featherdance","roost"],"nature":"Calm","evs":{"hp":248,"atk":0,"def":0,"spa":8,"spd":252,"spe":0},"ivs":{"hp":31,"atk":31,"def":31,"spa":31,"spd":31,"spe":31}}],"p2team":[{"name":"Swampert","species":"Swampert","item":"quickclaw","ability":"Torrent","moves":["earthquake","waterfall","icepunch","ancientpower"],"nature":"Brave","evs":{"hp":148,"atk":116,"def":132,"spa":0,"spd":112,"spe":0},"gender":"M","ivs":{"hp":31,"atk":31,"def":31,"spa":31,"spd":31,"spe":31}},{"name":"Ludicolo","species":"Ludicolo","item":"leftovers","ability":"Swift Swim","moves":["surf","gigadrain","focusblast","icebeam"],"nature":"Modest","evs":{"hp":76,"atk":0,"def":96,"spa":136,"spd":100,"spe":100},"gender":"M","ivs":{"hp":31,"atk":31,"def":31,"spa":31,"spd":31,"spe":31}},{"name":"Sharpedo","species":"Sharpedo","item":"sharpedonite","ability":"Speed Boost","moves":["protect","waterfall","crunch","icefang"],"nature":"Hasty","evs":{"hp":52,"atk":172,"def":84,"spa":0,"spd":84,"spe":116},"gender":"M","ivs":{"hp":31,"atk":31,"def":31,"spa":31,"spd":31,"spe":31}},{"name":"Tentacruel","species":"Tentacruel","item":"airballoon","ability":"Rain Dish","moves":["icebeam","confuseray","sludgewave","attract"],"nature":"Modest","evs":{"hp":120,"atk":0,"def":72,"spa":100,"spd":148,"spe":68},"gender":"F","ivs":{"hp":31,"atk":31,"def":31,"spa":31,"spd":31,"spe":31}},{"name":"Politoed","species":"Politoed","item":"leftovers","ability":"Drizzle","moves":["toxic","attract","protect","scald"],"nature":"Calm","evs":{"hp":108,"atk":0,"def":124,"spa":124,"spd":152,"spe":0},"ivs":{"hp":31,"atk":31,"def":31,"spa":31,"spd":31,"spe":31}},{"name":"Mantine","species":"Mantine","item":"leftovers","ability":"Swift Swim","moves":["mudsport","icebeam","airslash","scald"],"nature":"","evs":{"hp":116,"atk":0,"def":72,"spa":128,"spd":92,"spe":100},"ivs":{"hp":31,"atk":31,"def":31,"spa":31,"spd":31,"spe":31}}],"log":["|player|p1|Marx-Bot|167","|player|p2|Imp Whatever|291","|gametype|singles","|gen|6","|tier|Monotype","|rated","|rule|Baton Pass Clause: Limit one Baton Passer, can't pass Spe and other stats simultaneously","|rule|Swagger Clause: Swagger is banned","|rule|Same Type Clause: Pokémon in a team must share a type","|clearpoke","|poke|p1|Charizard, M","|poke|p1|Landorus-Therian, M","|poke|p1|Skarmory, F","|poke|p1|Archeops, M","|poke|p1|Thundurus-Therian, M","|poke|p1|Murkrow, M","|poke|p2|Swampert, M","|poke|p2|Ludicolo, M","|poke|p2|Sharpedo, M","|poke|p2|Tentacruel, F","|poke|p2|Politoed, M","|poke|p2|Mantine, F","|rule|Sleep Clause Mod: Limit one foe put to sleep","|rule|Species Clause: Limit one of each Pokémon","|rule|OHKO Clause: OHKO moves are banned","|rule|Moody Clause: Moody is banned","|rule|Evasion Moves Clause: Evasion moves are banned","|rule|Endless Battle Clause: Forcing endless battles is banned","|rule|HP Percentage Mod: HP is shown in percentages","|teampreview","|","|start","|switch|p1a: Charizard|Charizard, M|297/297","|switch|p2a: Politoed|Politoed, M|348/348","|-weather|RainDance","|turn|1","|","|move|p1a: Charizard|Air Slash|p2a: Politoed","|-damage|p2a: Politoed|218/348","|move|p2a: Politoed|Scald|p1a: Charizard","|-supereffective|p1a: Charizard","|-damage|p1a: Charizard|0 fnt","|faint|p1a: Charizard","|","|-weather|RainDance|[upkeep]","|-heal|p2a: Politoed|239/348|[from] item: Leftovers","|","|switch|p1a: Thundurus-Therian|Thundurus-Therian, M|299/299","|turn|2","|","|switch|p2a: Ludicolo|Ludicolo, M|320/320","|move|p1a: Thundurus-Therian|Dark Pulse|p2a: Ludicolo","|-damage|p2a: Ludicolo|175/320","|","|-weather|RainDance|[upkeep]","|-heal|p2a: Ludicolo|195/320|[from] item: Leftovers","|turn|3","|","|switch|p1a: Murkrow|Murkrow, M|323/323","|move|p2a: Ludicolo|Ice Beam|p1a: Murkrow","|-supereffective|p1a: Murkrow","|-damage|p1a: Murkrow|203/323","|","|-weather|RainDance|[upkeep]","|-heal|p2a: Ludicolo|215/320|[from] item: Leftovers","|turn|4","|","|move|p1a: Murkrow|Thunder Wave|p2a: Ludicolo","|-status|p2a: Ludicolo|par","|move|p2a: Ludicolo|Ice Beam|p1a: Murkrow","|-supereffective|p1a: Murkrow","|-damage|p1a: Murkrow|67/323","|","|-weather|RainDance|[upkeep]","|-heal|p2a: Ludicolo|235/320 par|[from] item: Leftovers","|turn|5","|","|move|p1a: Murkrow|Roost|p1a: Murkrow","|-heal|p1a: Murkrow|229/323","|move|p2a: Ludicolo|Ice Beam|p1a: Murkrow","|-damage|p1a: Murkrow|164/323","|","|-weather|none","|-heal|p2a: Ludicolo|255/320 par|[from] item: Leftovers","|turn|6","|","|move|p1a: Murkrow|Roost|p1a: Murkrow","|-heal|p1a: Murkrow|323/323","|move|p2a: Ludicolo|Ice Beam|p1a: Murkrow","|-damage|p1a: Murkrow|261/323","|","|-heal|p2a: Ludicolo|275/320 par|[from] item: Leftovers","|turn|7","|","|switch|p2a: Politoed|Politoed, M|239/348","|-weather|RainDance","|move|p1a: Murkrow|Dark Pulse|p2a: Politoed","|-damage|p2a: Politoed|172/348","|","|-weather|RainDance|[upkeep]","|-heal|p2a: Politoed|193/348|[from] item: Leftovers","|turn|8","|","|move|p1a: Murkrow|Roost|p1a: Murkrow","|-heal|p1a: Murkrow|323/323","|move|p2a: Politoed|Toxic|p1a: Murkrow","|-status|p1a: Murkrow|tox","|","|-weather|RainDance|[upkeep]","|-heal|p2a: Politoed|214/348|[from] item: Leftovers","|-damage|p1a: Murkrow|303/323 tox|[from] psn","|turn|9","|","|move|p1a: Murkrow|Thunder Wave|p2a: Politoed","|-status|p2a: Politoed|par","|move|p2a: Politoed|Scald|p1a: Murkrow","|-damage|p1a: Murkrow|197/323 tox","|","|-weather|RainDance|[upkeep]","|-heal|p2a: Politoed|235/348 par|[from] item: Leftovers","|-damage|p1a: Murkrow|157/323 tox|[from] psn","|turn|10","|","|switch|p1a: Defog|Skarmory, F|329/329","|move|p2a: Politoed|Scald|p1a: Defog","|-damage|p1a: Defog|143/329","|","|-weather|RainDance|[upkeep]","|-heal|p2a: Politoed|256/348 par|[from] item: Leftovers","|turn|11","|","|move|p1a: Defog|Stealth Rock|p2a: Politoed","|-sidestart|p2: Imp Whatever|move: Stealth Rock","|move|p2a: Politoed|Scald|p1a: Defog","|-damage|p1a: Defog|0 fnt","|faint|p1a: Defog","|","|-weather|none","|-heal|p2a: Politoed|277/348 par|[from] item: Leftovers","|","|switch|p1a: Archeops|Archeops, M|291/291","|turn|12","|","|switch|p2a: Ludicolo|Ludicolo, M|275/320 par","|-damage|p2a: Ludicolo|235/320 par|[from] Stealth Rock","|move|p1a: Archeops|Earthquake|p2a: Ludicolo","|-resisted|p2a: Ludicolo","|-damage|p2a: Ludicolo|133/320 par","|","|-heal|p2a: Ludicolo|153/320 par|[from] item: Leftovers","|turn|13","|","|switch|p1a: Murkrow|Murkrow, M|157/323 tox","|cant|p2a: Ludicolo|par","|","|-heal|p2a: Ludicolo|173/320 par|[from] item: Leftovers","|-damage|p1a: Murkrow|137/323 tox|[from] psn","|turn|14","|","|move|p1a: Murkrow|Roost|p1a: Murkrow","|-heal|p1a: Murkrow|299/323 tox","|move|p2a: Ludicolo|Ice Beam|p1a: Murkrow","|-damage|p1a: Murkrow|238/323 tox","|","|-heal|p2a: Ludicolo|193/320 par|[from] item: Leftovers","|-damage|p1a: Murkrow|198/323 tox|[from] psn","|turn|15","|","|move|p1a: Murkrow|Dark Pulse|p2a: Ludicolo","|-damage|p2a: Ludicolo|124/320 par","|cant|p2a: Ludicolo|par","|","|-heal|p2a: Ludicolo|144/320 par|[from] item: Leftovers","|-damage|p1a: Murkrow|138/323 tox|[from] psn","|turn|16","|","|switch|p1a: Landorus-Therian|Landorus-Therian, M|319/319","|-ability|p1a: Landorus-Therian|Intimidate","|-unboost|p2a: Ludicolo|atk|1","|move|p2a: Ludicolo|Ice Beam|p1a: Landorus-Therian","|-supereffective|p1a: Landorus-Therian","|-damage|p1a: Landorus-Therian|0 fnt","|faint|p1a: Landorus-Therian","|","|-heal|p2a: Ludicolo|164/320 par|[from] item: Leftovers","|","|switch|p1a: Archeops|Archeops, M|291/291","|turn|17","|","|move|p1a: Archeops|U-turn|p2a: Ludicolo","|-supereffective|p2a: Ludicolo","|-damage|p2a: Ludicolo|0 fnt","|faint|p2a: Ludicolo","|","|switch|p1a: Thundurus-Therian|Thundurus-Therian, M|299/299","|","|","|switch|p2a: Politoed|Politoed, M|277/348 par","|-damage|p2a: Politoed|234/348 par|[from] Stealth Rock","|-weather|RainDance","|turn|18","|","|move|p1a: Thundurus-Therian|Volt Switch|p2a: Politoed","|-crit|p2a: Politoed","|-supereffective|p2a: Politoed","|-damage|p2a: Politoed|0 fnt","|faint|p2a: Politoed","|","|switch|p1a: Archeops|Archeops, M|291/291","|","|-weather|RainDance|[upkeep]","|","|switch|p2a: Mantine|Mantine, F|300/300","|-damage|p2a: Mantine|225/300|[from] Stealth Rock","|turn|19","|","|move|p2a: Mantine|Ice Beam|p1a: Archeops","|-supereffective|p1a: Archeops","|-damage|p1a: Archeops|81/291","|move|p1a: Archeops|Head Smash|p2a: Mantine|[miss]","|-miss|p1a: Archeops|p2a: Mantine","|","|-weather|RainDance|[upkeep]","|-heal|p2a: Mantine|243/300|[from] item: Leftovers","|turn|20","|","|move|p2a: Mantine|Ice Beam|p1a: Archeops","|-supereffective|p1a: Archeops","|-damage|p1a: Archeops|0 fnt","|faint|p1a: Archeops","|","|-weather|RainDance|[upkeep]","|-heal|p2a: Mantine|261/300|[from] item: Leftovers","|","|switch|p1a: Murkrow|Murkrow, M|138/323 tox","|turn|21","|","|move|p1a: Murkrow|Roost|p1a: Murkrow","|-heal|p1a: Murkrow|300/323 tox","|move|p2a: Mantine|Ice Beam|p1a: Murkrow","|-damage|p1a: Murkrow|250/323 tox","|","|-weather|RainDance|[upkeep]","|-heal|p2a: Mantine|279/300|[from] item: Leftovers","|-damage|p1a: Murkrow|230/323 tox|[from] psn","|turn|22","|","|move|p1a: Murkrow|Thunder Wave|p2a: Mantine","|-status|p2a: Mantine|par","|move|p2a: Mantine|Mud Sport|p2a: Mantine","|-fieldstart|move: Mud Sport|[of] p2a: Mantine","|","|-weather|none","|-heal|p2a: Mantine|297/300 par|[from] item: Leftovers","|-damage|p1a: Murkrow|190/323 tox|[from] psn","|turn|23","|","|switch|p1a: Thundurus-Therian|Thundurus-Therian, M|299/299","|move|p2a: Mantine|Scald|p1a: Thundurus-Therian","|-damage|p1a: Thundurus-Therian|190/299","|","|-heal|p2a: Mantine|300/300 par|[from] item: Leftovers","|turn|24","|","|move|p1a: Thundurus-Therian|Sludge Wave|p2a: Mantine","|-damage|p2a: Mantine|180/300 par","|move|p2a: Mantine|Air Slash|p1a: Thundurus-Therian","|-resisted|p1a: Thundurus-Therian","|-damage|p1a: Thundurus-Therian|140/299","|","|-heal|p2a: Mantine|198/300 par|[from] item: Leftovers","|turn|25","|","|move|p1a: Thundurus-Therian|Sludge Wave|p2a: Mantine","|-damage|p2a: Mantine|59/300 par","|move|p2a: Mantine|Ice Beam|p1a: Thundurus-Therian","|-crit|p1a: Thundurus-Therian","|-supereffective|p1a: Thundurus-Therian","|-damage|p1a: Thundurus-Therian|0 fnt","|faint|p1a: Thundurus-Therian","|","|-heal|p2a: Mantine|77/300 par|[from] item: Leftovers","|","|switch|p1a: Murkrow|Murkrow, M|190/323 tox","|turn|26","|","|move|p1a: Murkrow|Dark Pulse|p2a: Mantine","|-damage|p2a: Mantine|14/300 par","|cant|p2a: Mantine|par","|","|-heal|p2a: Mantine|32/300 par|[from] item: Leftovers","|-damage|p1a: Murkrow|170/323 tox|[from] psn","|-fieldend|move: Mud Sport","|turn|27","|","|move|p1a: Murkrow|Dark Pulse|p2a: Mantine","|-damage|p2a: Mantine|0 fnt","|faint|p2a: Mantine","|","|-damage|p1a: Murkrow|130/323 tox|[from] psn","|","|switch|p2a: Sharpedo|Sharpedo, M|294/294","|-damage|p2a: Sharpedo|258/294|[from] Stealth Rock","|turn|28","|","|move|p2a: Sharpedo|Protect|p2a: Sharpedo","|-singleturn|p2a: Sharpedo|Protect","|move|p1a: Murkrow|Feather Dance|p2a: Sharpedo","|-activate|p2a: Sharpedo|Protect","|","|-damage|p1a: Murkrow|70/323 tox|[from] psn","|-boost|p2a: Sharpedo|spe|1|[from] ability: Speed Boost","|turn|29","|","|detailschange|p2a: Sharpedo|Sharpedo-Mega, M","|-mega|p2a: Sharpedo|Sharpedo|Sharpedonite","|move|p1a: Murkrow|Feather Dance|p2a: Sharpedo","|-unboost|p2a: Sharpedo|atk|2","|move|p2a: Sharpedo|Ice Fang|p1a: Murkrow","|-supereffective|p1a: Murkrow","|-damage|p1a: Murkrow|0 fnt","|faint|p1a: Murkrow","|","|win|Imp Whatever"],"p1rating":{"entryid":"79213","serverid":"eos","formatid":"monotype","userid":"marxbot","username":"Marx-Bot","w":"15","l":16,"t":"0","gxe":49,"r":"1460.3820107869","rd":"71.726277155","sigma":"0","rptime":"1441011600","rpr":1492.45265429,"rprd":59.583177478764,"rpsigma":"0","acre":1143.6755788624,"lacre":1143.6755788624,"oldacre":"1174.0532938224"},"p2rating":{"entryid":"693707","serverid":"eos","formatid":"monotype","userid":"impwhatever","username":"Imp Whatever","w":5,"l":"5","t":"0","gxe":49,"r":"1500","rd":"130","sigma":"0","rptime":"1441011600","rpr":1492.4830866055,"rprd":86.201164784902,"rpsigma":"0","acre":1128.8494399892,"lacre":1128.8494399892,"oldacre":"1098.1310847876"},"endType":"normal"}