{"seed":[797,14843,38393,62083],"turns":25,"p1":"Im Slash","p2":"jakey2saucey06","p1team":[{"name":"Meloetta","species":"Meloetta","item":"choicespecs","ability":"Serene Grace","moves":["hypervoice","thunderbolt","shadowball","psyshock"],"nature":"Modest","evs":{"hp":248,"atk":0,"def":0,"spa":252,"spd":8,"spe":0},"ivs":{"hp":31,"atk":31,"def":31,"spa":31,"spd":31,"spe":31}},{"name":"Latias","species":"Latias","item":"lifeorb","ability":"Levitate","moves":["dracometeor","healingwish","psyshock","defog"],"nature":"Timid","evs":{"hp":0,"atk":0,"def":0,"spa":252,"spd":4,"spe":252},"ivs":{"hp":31,"atk":31,"def":31,"spa":31,"spd":31,"spe":31}},{"name":"Slowbro","species":"Slowbro","item":"rockyhelmet","ability":"Regenerator","moves":["scald","icebeam","slackoff","thunderwave"],"nature":"Bold","evs":{"hp":248,"atk":0,"def":252,"spa":8,"spd":0,"spe":0},"ivs":{"hp":31,"atk":31,"def":31,"spa":31,"spd":31,"spe":31}},{"name":"Metagross","species":"Metagross","item":"assaultvest","ability":"Clear Body","moves":["earthquake","meteormash","bulletpunch","zenheadbutt"],"nature":"Adamant","evs":{"hp":248,"atk":252,"def":0,"spa":0,"spd":8,"spe":0},"shiny":true,"ivs":{"hp":31,"atk":31,"def":31,"spa":31,"spd":31,"spe":31}},{"name":"Victini","species":"Victini","item":"choicescarf","ability":"Victory Star","moves":["blueflare","vcreate","uturn","boltstrike"],"nature":"Hasty","evs":{"hp":0,"atk":252,"def":0,"spa":4,"spd":0,"spe":252},"ivs":{"hp":31,"atk":31,"def":31,"spa":31,"spd":31,"spe":31}},{"name":"Gardevoir","species":"Gardevoir","item":"gardevoirite","ability":"Trace","moves":["hypervoice","psyshock","substitute","focusblast"],"nature":"Timid","evs":{"hp":0,"atk":0,"def":0,"spa":252,"spd":0,"spe":252},"ivs":{"hp":31,"atk":31,"def":31,"spa":31,"spd":31,"spe":31}}],"p2team":[{"name":"Hippopotas","species":"Hippopotas","item":"eviolite","ability":"Sand Stream","moves":["earthquake","slackoff","stealthrock","whirlwind"],"nature":"Impish","evs":{"hp":252,"atk":0,"def":4,"spa":0,"spd":252,"spe":0},"ivs":{"hp":31,"atk":31,"def":31,"spa":31,"spd":31,"spe":31}},{"name":"Excadrill","species":"Excadrill","item":"choicescarf","ability":"Sand Force","moves":["earthquake","rockslide","ironhead","poisonjab"],"nature":"Adamant","evs":{"hp":4,"atk":252,"def":0,"spa":0,"spd":0,"spe":252},"ivs":{"hp":31,"atk":31,"def":31,"spa":31,"spd":31,"spe":31}},{"name":"Garchomp","species":"Garchomp","item":"garchompite","ability":"Sand Veil","moves":["earthquake","dragonclaw","bodyslam","crunch"],"nature":"Jolly","evs":{"hp":4,"atk":252,"def":0,"spa":0,"spd":0,"spe":252},"ivs":{"hp":31,"atk":31,"def":31,"spa":31,"spd":31,"spe":31}},{"name":"Landorus-Therian","species":"Landorus-Therian","item":"choicescarf","ability":"Intimidate","moves":["uturn","earthquake","knockoff","explosion"],"nature":"Adamant","evs":{"hp":4,"atk":252,"def":0,"spa":0,"spd":0,"spe":252},"ivs":{"hp":31,"atk":31,"def":31,"spa":31,"spd":31,"spe":31}},{"name":"Diggersby","species":"Diggersby","item":"focussash","ability":"Huge Power","moves":["swordsdance","quickattack","earthquake","return"],"nature":"Jolly","evs":{"hp":4,"atk":252,"def":0,"spa":0,"spd":0,"spe":252},"ivs":{"hp":31,"atk":31,"def":31,"spa":31,"spd":31,"spe":31}},{"name":"Gastrodon","species":"Gastrodon","item":"leftovers","ability":"Storm Drain","moves":["scald","recover","toxic","earthpower"],"nature":"Bold","evs":{"hp":252,"atk":0,"def":244,"spa":0,"spd":0,"spe":12},"ivs":{"hp":31,"atk":31,"def":31,"spa":31,"spd":31,"spe":31}}],"log":["|player|p1|Im Slash|144","|player|p2|jakey2saucey06|122","|gametype|singles","|gen|6","|tier|Monotype","|rated","|rule|Baton Pass Clause: Limit one Baton Passer, can't pass Spe and other stats simultaneously","|rule|Swagger Clause: Swagger is banned","|rule|Same Type Clause: Pokémon in a team must share a type","|clearpoke","|poke|p1|Meloetta","|poke|p1|Latias, F","|poke|p1|Slowbro, M","|poke|p1|Metagross, shiny","|poke|p1|Victini","|poke|p1|Gardevoir, M","|poke|p2|Hippopotas, M","|poke|p2|Excadrill, F","|poke|p2|Garchomp, F","|poke|p2|Landorus-Therian, M","|poke|p2|Diggersby, F","|poke|p2|Gastrodon, F","|rule|Sleep Clause Mod: Limit one foe put to sleep","|rule|Species Clause: Limit one of each Pokémon","|rule|OHKO Clause: OHKO moves are banned","|rule|Moody Clause: Moody is banned","|rule|Evasion Moves Clause: Evasion moves are banned","|rule|Endless Battle Clause: Forcing endless battles is banned","|rule|HP Percentage Mod: HP is shown in percentages","|teampreview","|","|start","|switch|p1a: Gardevoir|Gardevoir, M|277/277","|switch|p2a: Hippopotas|Hippopotas, M|340/340","|-ability|p1a: Gardevoir|Sand Stream|[from] ability: Trace|[of] p2a: Hippopotas","|-weather|Sandstorm","|turn|1","|","|detailschange|p1a: Gardevoir|Gardevoir-Mega, M","|-mega|p1a: Gardevoir|Gardevoir|Gardevoirite","|move|p1a: Gardevoir|Hyper Voice|p2a: Hippopotas","|-damage|p2a: Hippopotas|135/340","|move|p2a: Hippopotas|Stealth Rock|p1a: Gardevoir","|-sidestart|p1: Im Slash|move: Stealth Rock","|","|-weather|Sandstorm|[upkeep]","|-damage|p1a: Gardevoir|260/277|[from] sandstorm","|turn|2","|","|switch|p2a: Excadrill|Excadrill, F|362/362","|move|p1a: Gardevoir|Focus Blast|p2a: Excadrill|[miss]","|-miss|p1a: Gardevoir|p2a: Excadrill","|","|-weather|Sandstorm|[upkeep]","|-damage|p1a: Gardevoir|243/277|[from] sandstorm","|turn|3","|","|switch|p1a: Slowbro|Slowbro, M|393/393","|-damage|p1a: Slowbro|344/393|[from] Stealth Rock","|move|p2a: Excadrill|Iron Head|p1a: Slowbro","|-resisted|p1a: Slowbro","|-damage|p1a: Slowbro|269/393","|-damage|p2a: Excadrill|302/362|[from] item: Rocky Helmet|[of] p1a: Slowbro","|","|-weather|Sandstorm|[upkeep]","|-damage|p1a: Slowbro|245/393|[from] sandstorm","|turn|4","|","|switch|p2a: Gastrodon|Gastrodon, F|426/426","|move|p1a: Slowbro|Slack Off|p1a: Slowbro","|-heal|p1a: Slowbro|393/393","|","|-weather|Sandstorm|[upkeep]","|-damage|p1a: Slowbro|369/393|[from] sandstorm","|turn|5","|","|switch|p1a: Metagross|Metagross, shiny|363/363","|-damage|p1a: Metagross|341/363|[from] Stealth Rock","|move|p2a: Gastrodon|Toxic|p1a: Metagross","|-immune|p1a: Metagross|[msg]","|","|-weather|none","|turn|6","|","|move|p1a: Metagross|Zen Headbutt|p2a: Gastrodon","|-damage|p2a: Gastrodon|269/426","|move|p2a: Gastrodon|Earth Power|p1a: Metagross","|-crit|p1a: Metagross","|-supereffective|p1a: Metagross","|-damage|p1a: Metagross|129/363","|","|-heal|p2a: Gastrodon|295/426|[from] item: Leftovers","|turn|7","|","|switch|p1a: Latias|Latias, F|301/301","|-damage|p1a: Latias|264/301|[from] Stealth Rock","|move|p2a: Gastrodon|Earth Power|p1a: Latias","|-immune|p1a: Latias|[msg]","|","|-heal|p2a: Gastrodon|321/426|[from] item: Leftovers","|turn|8","|","|move|p1a: Latias|Defog|p2a: Gastrodon","|-unboost|p2a: Gastrodon|evasion|1","|-sideend|p1: Im Slash|Stealth Rock|[from] move: Defog|[of] p1a: Latias","|move|p2a: Gastrodon|Scald|p1a: Latias","|-resisted|p1a: Latias","|-damage|p1a: Latias|232/301","|","|-heal|p2a: Gastrodon|347/426|[from] item: Leftovers","|turn|9","|","|move|p1a: Latias|Psyshock|p2a: Gastrodon","|-damage|p2a: Gastrodon|207/426","|-damage|p1a: Latias|202/301|[from] item: Life Orb","|move|p2a: Gastrodon|Scald|p1a: Latias","|-resisted|p1a: Latias","|-damage|p1a: Latias|169/301","|","|-heal|p2a: Gastrodon|233/426|[from] item: Leftovers","|turn|10","|","|move|p1a: Latias|Draco Meteor|p2a: Gastrodon","|-damage|p2a: Gastrodon|0 fnt","|-unboost|p1a: Latias|spa|2","|-damage|p1a: Latias|139/301|[from] item: Life Orb","|faint|p2a: Gastrodon","|","|","|switch|p2a: Landorus-Therian|Landorus-Therian, M|320/320","|-ability|p2a: Landorus-Therian|Intimidate","|-unboost|p1a: Latias|atk|1","|turn|11","|","|switch|p1a: Metagross|Metagross, shiny|129/363","|move|p2a: Landorus-Therian|U-turn|p1a: Metagross","|-damage|p1a: Metagross|56/363","|","|switch|p2a: Hippopotas|Hippopotas, M|135/340","|-weather|Sandstorm","|","|-weather|Sandstorm|[upkeep]","|turn|12","|","|move|p1a: Metagross|Meteor Mash|p2a: Hippopotas","|-damage|p2a: Hippopotas|0 fnt","|faint|p2a: Hippopotas","|","|-weather|Sandstorm|[upkeep]","|","|switch|p2a: Excadrill|Excadrill, F|302/362","|turn|13","|","|move|p1a: Metagross|Bullet Punch|p2a: Excadrill","|-crit|p2a: Excadrill","|-resisted|p2a: Excadrill","|-damage|p2a: Excadrill|212/362","|move|p2a: Excadrill|Iron Head|p1a: Metagross","|-resisted|p1a: Metagross","|-damage|p1a: Metagross|0 fnt","|faint|p1a: Metagross","|","|-weather|Sandstorm|[upkeep]","|","|switch|p1a: Latias|Latias, F|139/301","|turn|14","|","|switch|p1a: Slowbro|Slowbro, M|393/393","|move|p2a: Excadrill|Iron Head|p1a: Slowbro","|-crit|p1a: Slowbro","|-resisted|p1a: Slowbro","|-damage|p1a: Slowbro|294/393","|-damage|p2a: Excadrill|152/362|[from] item: Rocky Helmet|[of] p1a: Slowbro","|","|-weather|Sandstorm|[upkeep]","|-damage|p1a: Slowbro|270/393|[from] sandstorm","|turn|15","|","|switch|p2a: Landorus-Therian|Landorus-Therian, M|320/320","|-ability|p2a: Landorus-Therian|Intimidate","|-unboost|p1a: Slowbro|atk|1","|move|p1a: Slowbro|Slack Off|p1a: Slowbro","|-heal|p1a: Slowbro|393/393","|","|-weather|none","|turn|16","|","|move|p2a: Landorus-Therian|Knock Off|p1a: Slowbro","|-supereffective|p1a: Slowbro","|-damage|p1a: Slowbro|199/393","|-damage|p2a: Landorus-Therian|267/320|[from] item: Rocky Helmet|[of] p1a: Slowbro","|-enditem|p1a: Slowbro|Rocky Helmet|[from] move: Knock Off|[of] p2a: Landorus-Therian","|move|p1a: Slowbro|Ice Beam|p2a: Landorus-Therian","|-supereffective|p2a: Landorus-Therian","|-damage|p2a: Landorus-Therian|0 fnt","|faint|p2a: Landorus-Therian","|","|","|switch|p2a: Garchomp|Garchomp, F|358/358","|turn|17","|","|switch|p1a: Gardevoir|Gardevoir-Mega, M|243/277","|detailschange|p2a: Garchomp|Garchomp-Mega, F","|-mega|p2a: Garchomp|Garchomp|Garchompite","|move|p2a: Garchomp|Crunch|p1a: Gardevoir","|-damage|p1a: Gardevoir|79/277","|","|turn|18","|","|switch|p2a: Excadrill|Excadrill, F|152/362","|move|p1a: Gardevoir|Hyper Voice|p2a: Excadrill","|-resisted|p2a: Excadrill","|-damage|p2a: Excadrill|0 fnt","|faint|p2a: Excadrill","|","|","|switch|p2a: Diggersby|Diggersby, F|312/312","|turn|19","|","|switch|p1a: Meloetta|Meloetta|403/403","|move|p2a: Diggersby|Swords Dance|p2a: Diggersby","|-boost|p2a: Diggersby|atk|2","|","|turn|20","|","|move|p2a: Diggersby|Return|p1a: Meloetta","|-damage|p1a: Meloetta|0 fnt","|faint|p1a: Meloetta","|","|","|switch|p1a: Victini|Victini|341/341","|turn|21","|","|move|p1a: Victini|V-create|p2a: Diggersby","|-damage|p2a: Diggersby|8/312","|-unboost|p1a: Victini|spe|1","|-unboost|p1a: Victini|def|1","|-unboost|p1a: Victini|spd|1","|move|p2a: Diggersby|Return|p1a: Victini","|-damage|p1a: Victini|0 fnt","|faint|p1a: Victini","|","|","|switch|p1a: Slowbro|Slowbro, M|330/393","|turn|22","|","|switch|p1a: Latias|Latias, F|139/301","|move|p2a: Diggersby|Return|p1a: Latias","|-crit|p1a: Latias","|-damage|p1a: Latias|0 fnt","|faint|p1a: Latias","|","|","|switch|p1a: Slowbro|Slowbro, M|393/393","|turn|23","|","|move|p2a: Diggersby|Return|p1a: Slowbro","|-damage|p1a: Slowbro|119/393","|move|p1a: Slowbro|Scald|p2a: Diggersby","|-supereffective|p2a: Diggersby","|-damage|p2a: Diggersby|0 fnt","|faint|p2a: Diggersby","|","|","|switch|p2a: Garchomp|Garchomp-Mega, F|358/358","|turn|24","|","|move|p2a: Garchomp|Crunch|p1a: Slowbro","|-supereffective|p1a: Slowbro","|-damage|p1a: Slowbro|0 fnt","|faint|p1a: Slowbro","|","|","|switch|p1a: Gardevoir|Gardevoir-Mega, M|79/277","|turn|25","|","|move|p1a: Gardevoir|Hyper Voice|p2a: Garchomp","|-supereffective|p2a: Garchomp","|-damage|p2a: Garchomp|0 fnt","|faint|p2a: Garchomp","|","|win|Im Slash"],"p1rating":{"entryid":"75487","serverid":"eos","formatid":"monotype","userid":"imslash","username":"Im Slash","w":21,"l":"9","t":"0","gxe":66.6,"r":"1624.3604314335","rd":"63.332714354583","sigma":"0","rptime":"1441011600","rpr":1631.5798305665,"rprd":62.481944848761,"rpsigma":"0","acre":1235.3963223166,"lacre":1235.3963223166,"oldacre":"1215.2378064921"},"p2rating":{"entryid":"636200","serverid":"eos","formatid":"monotype","userid":"jakey2saucey06","username":"jakey2saucey06","w":"6","l":6,"t":"0","gxe":51.2,"r":"1499.4700794024","rd":"87.692388856764","sigma":"0","rptime":"1441011600","rpr":1509.639292346,"rprd":83.125374044842,"rpsigma":"0","acre":1126.934544591,"lacre":1126.934544591,"oldacre":"1147.0930604155"},"endType":"normal"}