{"seed":[3325,20846,24653,61153],"turns":31,"p1":"Imp❇ Jk","p2":"DJ Gible","p1team":[{"name":"Cobalion","species":"Cobalion","item":"leftovers","ability":"Justified","moves":["thunderwave","ironhead","stealthrock","taunt"],"nature":"Impish","evs":{"hp":252,"atk":4,"def":252,"spa":0,"spd":0,"spe":0},"ivs":{"hp":31,"atk":31,"def":31,"spa":31,"spd":31,"spe":31}},{"name":"Scrafty","species":"Scrafty","item":"leftovers","ability":"Shed Skin","moves":["icepunch","crunch","drainpunch","bulkup"],"nature":"Careful","evs":{"hp":252,"atk":16,"def":0,"spa":0,"spd":240,"spe":0},"ivs":{"hp":31,"atk":31,"def":31,"spa":31,"spd":31,"spe":31}},{"name":"Hitmontop","species":"Hitmontop","item":"assaultvest","ability":"Intimidate","moves":["endeavor","seismictoss","suckerpunch","rapidspin"],"nature":"Impish","evs":{"hp":252,"atk":0,"def":64,"spa":0,"spd":192,"spe":0},"ivs":{"hp":31,"atk":31,"def":31,"spa":31,"spd":31,"spe":31}},{"name":"Infernape","species":"Infernape","item":"focussash","ability":"Blaze","moves":["flamethrower","vacuumwave","nastyplot","encore"],"nature":"Timid","evs":{"hp":0,"atk":0,"def":0,"spa":252,"spd":0,"spe":252},"ivs":{"hp":31,"atk":31,"def":31,"spa":31,"spd":31,"spe":31}},{"name":"Heracross","species":"Heracross","item":"heracronite","ability":"Moxie","moves":["bulletseed","pinmissile","rockblast","closecombat"],"nature":"Adamant","evs":{"hp":252,"atk":120,"def":136,"spa":0,"spd":0,"spe":0},"ivs":{"hp":31,"atk":31,"def":31,"spa":31,"spd":31,"spe":31}},{"name":"Terrakion","species":"Terrakion","item":"choicescarf","ability":"Justified","moves":["closecombat","stoneedge","earthquake","ironhead"],"nature":"Adamant","evs":{"hp":4,"atk":252,"def":0,"spa":0,"spd":0,"spe":252},"ivs":{"hp":31,"atk":31,"def":31,"spa":31,"spd":31,"spe":31}}],"p2team":[{"name":"Diancie","species":"Diancie","item":"diancite","ability":"Clear Body","moves":["earthpower","moonblast","ancientpower","protect"],"nature":"Timid","evs":{"hp":0,"atk":0,"def":0,"spa":252,"spd":4,"spe":252},"ivs":{"hp":31,"atk":31,"def":31,"spa":31,"spd":31,"spe":31}},{"name":"Tyranitar","species":"Tyranitar","item":"choicescarf","ability":"Sand Stream","moves":["stoneedge","pursuit","superpower","earthquake"],"nature":"Jolly","evs":{"hp":0,"atk":252,"def":0,"spa":0,"spd":4,"spe":252},"ivs":{"hp":31,"atk":31,"def":31,"spa":31,"spd":31,"spe":31}},{"name":"Omastar","species":"Omastar","item":"focussash","ability":"Weak Armor","moves":["shellsmash","icebeam","scald","ancientpower"],"nature":"Modest","evs":{"hp":0,"atk":0,"def":0,"spa":252,"spd":4,"spe":252},"ivs":{"hp":31,"atk":31,"def":31,"spa":31,"spd":31,"spe":31}},{"name":"Rhyperior","species":"Rhyperior","item":"weaknesspolicy","ability":"Solid Rock","moves":["earthquake","ironhead","poisonjab","stoneedge"],"nature":"Adamant","evs":{"hp":184,"atk":252,"def":64,"spa":0,"spd":8,"spe":0},"ivs":{"hp":31,"atk":31,"def":31,"spa":31,"spd":31,"spe":31}},{"name":"Terrakion","species":"Terrakion","item":"choicescarf","ability":"Justified","moves":["closecombat","stoneedge","zenheadbutt","poisonjab"],"nature":"Jolly","evs":{"hp":0,"atk":252,"def":0,"spa":0,"spd":4,"spe":252},"ivs":{"hp":31,"atk":31,"def":31,"spa":31,"spd":31,"spe":31}},{"name":"Shuckle","species":"Shuckle","item":"mentalherb","ability":"Sturdy","moves":["stickyweb","stealthrock","encore","toxic"],"nature":"Bold","evs":{"hp":248,"atk":0,"def":252,"spa":0,"spd":8,"spe":0},"ivs":{"hp":31,"atk":31,"def":31,"spa":31,"spd":31,"spe":31}}],"log":["|player|p1|Imp❇ Jk|93","|player|p2|DJ Gible|198","|gametype|singles","|gen|6","|tier|Monotype","|rated","|rule|Baton Pass Clause: Limit one Baton Passer, can't pass Spe and other stats simultaneously","|rule|Swagger Clause: Swagger is banned","|rule|Same Type Clause: Pokémon in a team must share a type","|clearpoke","|poke|p1|Cobalion","|poke|p1|Scrafty, M","|poke|p1|Hitmontop, M","|poke|p1|Infernape, M","|poke|p1|Heracross, F","|poke|p1|Terrakion","|poke|p2|Diancie","|poke|p2|Tyranitar, M","|poke|p2|Omastar, F","|poke|p2|Rhyperior, M","|poke|p2|Terrakion","|poke|p2|Shuckle, F","|rule|Sleep Clause Mod: Limit one foe put to sleep","|rule|Species Clause: Limit one of each Pokémon","|rule|OHKO Clause: OHKO moves are banned","|rule|Moody Clause: Moody is banned","|rule|Evasion Moves Clause: Evasion moves are banned","|rule|Endless Battle Clause: Forcing endless battles is banned","|rule|HP Percentage Mod: HP is shown in percentages","|teampreview","|","|start","|switch|p1a: Cobalion|Cobalion|386/386","|switch|p2a: Shuckle|Shuckle, F|243/243","|turn|1","|","|move|p1a: Cobalion|Taunt|p2a: Shuckle","|-start|p2a: Shuckle|move: Taunt","|-enditem|p2a: Shuckle|Mental Herb","|-end|p2a: Shuckle|move: Attract|[from] item: Mental Herb","|-end|p2a: Shuckle|move: Taunt","|move|p2a: Shuckle|Encore|p1a: Cobalion","|-start|p1a: Cobalion|Encore","|","|turn|2","|","|switch|p1a: Scrafty|Scrafty, M|334/334","|switch|p2a: Rhyperior|Rhyperior, M|417/417","|","|turn|3","|","|move|p1a: Scrafty|Bulk Up|p1a: Scrafty","|-boost|p1a: Scrafty|atk|1","|-boost|p1a: Scrafty|def|1","|move|p2a: Rhyperior|Earthquake|p1a: Scrafty","|-damage|p1a: Scrafty|201/334","|","|-heal|p1a: Scrafty|221/334|[from] item: Leftovers","|turn|4","|","|move|p1a: Scrafty|Drain Punch|p2a: Rhyperior","|-supereffective|p2a: Rhyperior","|-damage|p2a: Rhyperior|276/417","|-heal|p1a: Scrafty|292/334|[from] drain|[of] p2a: Rhyperior","|-enditem|p2a: Rhyperior|Weakness Policy","|-boost|p2a: Rhyperior|atk|2|[from] item: Weakness Policy","|-boost|p2a: Rhyperior|spa|2|[from] item: Weakness Policy","|move|p2a: Rhyperior|Earthquake|p1a: Scrafty","|-damage|p1a: Scrafty|27/334","|","|-heal|p1a: Scrafty|47/334|[from] item: Leftovers","|turn|5","|","|move|p1a: Scrafty|Ice Punch|p2a: Rhyperior","|-crit|p2a: Rhyperior","|-supereffective|p2a: Rhyperior","|-damage|p2a: Rhyperior|135/417","|move|p2a: Rhyperior|Earthquake|p1a: Scrafty","|-damage|p1a: Scrafty|0 fnt","|faint|p1a: Scrafty","|","|","|switch|p1a: Heracross|Heracross, F|364/364","|turn|6","|","|detailschange|p1a: Heracross|Heracross-Mega, F","|-mega|p1a: Heracross|Heracross|Heracronite","|move|p1a: Heracross|Bullet Seed|p2a: Rhyperior","|-supereffective|p2a: Rhyperior","|-damage|p2a: Rhyperior|42/417","|-supereffective|p2a: Rhyperior","|-damage|p2a: Rhyperior|0 fnt","|-hitcount|p2a: Rhyperior|2","|faint|p2a: Rhyperior","|","|","|switch|p2a: Shuckle|Shuckle, F|243/243","|turn|7","|","|switch|p1a: Cobalion|Cobalion|386/386","|move|p2a: Shuckle|Sticky Web|p1a: Cobalion","|-sidestart|p1: Imp❇ Jk|move: Sticky Web","|","|turn|8","|","|switch|p2a: Terrakion|Terrakion|323/323","|move|p1a: Cobalion|Thunder Wave|p2a: Terrakion","|-status|p2a: Terrakion|par","|","|turn|9","|","|switch|p1a: Heracross|Heracross-Mega, F|364/364","|-activate|p1a: Heracross|move: Sticky Web","|-unboost|p1a: Heracross|spe|1","|move|p2a: Terrakion|Close Combat|p1a: Heracross","|-resisted|p1a: Heracross","|-damage|p1a: Heracross|280/364","|-unboost|p2a: Terrakion|def|1","|-unboost|p2a: Terrakion|spd|1","|","|turn|10","|","|switch|p2a: Shuckle|Shuckle, F|243/243","|move|p1a: Heracross|Bullet Seed|p2a: Shuckle","|-damage|p2a: Shuckle|226/243","|-damage|p2a: Shuckle|210/243","|-damage|p2a: Shuckle|193/243","|-damage|p2a: Shuckle|177/243","|-damage|p2a: Shuckle|161/243","|-hitcount|p2a: Shuckle|5","|","|turn|11","|","|switch|p1a: Cobalion|Cobalion|386/386","|-activate|p1a: Cobalion|move: Sticky Web","|-unboost|p1a: Cobalion|spe|1","|move|p2a: Shuckle|Toxic|p1a: Cobalion","|-immune|p1a: Cobalion|[msg]","|","|turn|12","|","|move|p1a: Cobalion|Thunder Wave|p2a: Shuckle","|-status|p2a: Shuckle|par","|move|p2a: Shuckle|Encore|p1a: Cobalion","|-start|p1a: Cobalion|Encore","|","|turn|13","|","|switch|p1a: Heracross|Heracross-Mega, F|280/364","|-activate|p1a: Heracross|move: Sticky Web","|-unboost|p1a: Heracross|spe|1","|move|p2a: Shuckle|Stealth Rock|p1a: Heracross","|-sidestart|p1: Imp❇ Jk|move: Stealth Rock","|","|turn|14","|","|move|p1a: Heracross|Bullet Seed|p2a: Shuckle","|-damage|p2a: Shuckle|145/243 par","|-damage|p2a: Shuckle|127/243 par","|-damage|p2a: Shuckle|110/243 par","|-damage|p2a: Shuckle|94/243 par","|-damage|p2a: Shuckle|77/243 par","|-hitcount|p2a: Shuckle|5","|move|p2a: Shuckle|Toxic|p1a: Heracross","|-status|p1a: Heracross|tox","|","|-damage|p1a: Heracross|258/364 tox|[from] psn","|turn|15","|","|switch|p1a: Hitmontop|Hitmontop, M|304/304","|-damage|p1a: Hitmontop|285/304|[from] Stealth Rock","|-activate|p1a: Hitmontop|move: Sticky Web","|-unboost|p1a: Hitmontop|spe|1","|-ability|p1a: Hitmontop|Intimidate","|-unboost|p2a: Shuckle|atk|1","|cant|p2a: Shuckle|par","|","|turn|16","|","|move|p1a: Hitmontop|Rapid Spin|p2a: Shuckle","|-resisted|p2a: Shuckle","|-damage|p2a: Shuckle|74/243 par","|-sideend|p1: Imp❇ Jk|Stealth Rock|[from] move: Rapid Spin|[of] p1a: Hitmontop","|-sideend|p1: Imp❇ Jk|Sticky Web|[from] move: Rapid Spin|[of] p1a: Hitmontop","|move|p2a: Shuckle|Sticky Web|p1a: Hitmontop","|-sidestart|p1: Imp❇ Jk|move: Sticky Web","|","|turn|17","|","|move|p1a: Hitmontop|Seismic Toss|p2a: Shuckle","|-damage|p2a: Shuckle|0 fnt","|faint|p2a: Shuckle","|","|","|switch|p2a: Tyranitar|Tyranitar, M|341/341","|-weather|Sandstorm","|turn|18","|","|move|p2a: Tyranitar|Earthquake|p1a: Hitmontop","|-damage|p1a: Hitmontop|180/304","|move|p1a: Hitmontop|Rapid Spin|p2a: Tyranitar","|-crit|p2a: Tyranitar","|-resisted|p2a: Tyranitar","|-damage|p2a: Tyranitar|331/341","|-sideend|p1: Imp❇ Jk|Sticky Web|[from] move: Rapid Spin|[of] p1a: Hitmontop","|","|-weather|Sandstorm|[upkeep]","|-damage|p1a: Hitmontop|161/304|[from] sandstorm","|turn|19","|","|move|p2a: Tyranitar|Earthquake|p1a: Hitmontop","|-damage|p1a: Hitmontop|57/304","|move|p1a: Hitmontop|Endeavor|p2a: Tyranitar","|-damage|p2a: Tyranitar|57/341","|","|-weather|Sandstorm|[upkeep]","|-damage|p1a: Hitmontop|38/304|[from] sandstorm","|turn|20","|","|move|p1a: Hitmontop|Sucker Punch|p2a: Tyranitar","|-resisted|p2a: Tyranitar","|-damage|p2a: Tyranitar|28/341","|move|p2a: Tyranitar|Earthquake|p1a: Hitmontop","|-damage|p1a: Hitmontop|0 fnt","|faint|p1a: Hitmontop","|","|-weather|Sandstorm|[upkeep]","|","|switch|p1a: Cobalion|Cobalion|386/386","|turn|21","|","|move|p2a: Tyranitar|Earthquake|p1a: Cobalion","|-supereffective|p1a: Cobalion","|-damage|p1a: Cobalion|238/386","|move|p1a: Cobalion|Stealth Rock|p2a: Tyranitar","|-sidestart|p2: DJ Gible|move: Stealth Rock","|","|-weather|Sandstorm|[upkeep]","|-heal|p1a: Cobalion|262/386|[from] item: Leftovers","|turn|22","|","|move|p2a: Tyranitar|Earthquake|p1a: Cobalion","|-supereffective|p1a: Cobalion","|-damage|p1a: Cobalion|104/386","|move|p1a: Cobalion|Iron Head|p2a: Tyranitar","|-supereffective|p2a: Tyranitar","|-damage|p2a: Tyranitar|0 fnt","|faint|p2a: Tyranitar","|","|-weather|none","|-heal|p1a: Cobalion|128/386|[from] item: Leftovers","|","|switch|p2a: Terrakion|Terrakion|323/323 par","|-damage|p2a: Terrakion|303/323 par|[from] Stealth Rock","|turn|23","|","|switch|p1a: Heracross|Heracross-Mega, F|258/364 tox","|move|p2a: Terrakion|Close Combat|p1a: Heracross","|-resisted|p1a: Heracross","|-damage|p1a: Heracross|171/364 tox","|-unboost|p2a: Terrakion|def|1","|-unboost|p2a: Terrakion|spd|1","|","|-damage|p1a: Heracross|149/364 tox|[from] psn","|turn|24","|","|move|p1a: Heracross|Bullet Seed|p2a: Terrakion","|-supereffective|p2a: Terrakion","|-damage|p2a: Terrakion|165/323 par","|-supereffective|p2a: Terrakion","|-damage|p2a: Terrakion|33/323 par","|-supereffective|p2a: Terrakion","|-damage|p2a: Terrakion|0 fnt","|-hitcount|p2a: Terrakion|3","|faint|p2a: Terrakion","|","|-damage|p1a: Heracross|105/364 tox|[from] psn","|","|switch|p2a: Omastar|Omastar, F|281/281","|-damage|p2a: Omastar|246/281|[from] Stealth Rock","|turn|25","|","|move|p2a: Omastar|Scald|p1a: Heracross","|-damage|p1a: Heracross|0 fnt","|faint|p1a: Heracross","|","|","|switch|p1a: Terrakion|Terrakion|324/324","|turn|26","|","|move|p1a: Terrakion|Close Combat|p2a: Omastar","|-supereffective|p2a: Omastar","|-damage|p2a: Omastar|0 fnt","|-unboost|p1a: Terrakion|def|1","|-unboost|p1a: Terrakion|spd|1","|faint|p2a: Omastar","|","|","|switch|p2a: Diancie|Diancie|241/241","|-damage|p2a: Diancie|211/241|[from] Stealth Rock","|turn|27","|","|switch|p1a: Infernape|Infernape, M|293/293","|detailschange|p2a: Diancie|Diancie-Mega","|-mega|p2a: Diancie|Diancie|Diancite","|move|p2a: Diancie|Protect|p2a: Diancie","|-fail|p2a: Diancie","|","|turn|28","|","|move|p2a: Diancie|Earth Power|p1a: Infernape","|-supereffective|p1a: Infernape","|-enditem|p1a: Infernape|Focus Sash","|-damage|p1a: Infernape|1/293","|move|p1a: Infernape|Nasty Plot|p1a: Infernape","|-boost|p1a: Infernape|spa|2","|","|turn|29","|","|move|p1a: Infernape|Vacuum Wave|p2a: Diancie","|-damage|p2a: Diancie|96/241","|move|p2a: Diancie|Earth Power|p1a: Infernape","|-supereffective|p1a: Infernape","|-damage|p1a: Infernape|0 fnt","|faint|p1a: Infernape","|","|","|switch|p1a: Terrakion|Terrakion|324/324","|turn|30","|","|move|p2a: Diancie|Protect|p2a: Diancie","|-singleturn|p2a: Diancie|Protect","|move|p1a: Terrakion|Iron Head|p2a: Diancie","|-activate|p2a: Diancie|Protect","|","|turn|31","|","|move|p1a: Terrakion|Iron Head|p2a: Diancie","|-supereffective|p2a: Diancie","|-damage|p2a: Diancie|0 fnt","|faint|p2a: Diancie","|","|win|Imp❇ Jk"],"p1rating":{"entryid":"86215","serverid":"eos","formatid":"monotype","userid":"impjk","username":"Imp❇ Jk","w":15,"l":"9","t":"0","gxe":57.9,"r":"1554.5020911808","rd":"78.275046896375","sigma":"0","rptime":"1441011600","rpr":1561.0969319403,"rprd":67.238431448014,"rpsigma":"0","acre":1195.9854662636,"lacre":1195.9854662636,"oldacre":"1176.6456245889"},"p2rating":{"entryid":"166635","serverid":"eos","formatid":"monotype","userid":"djgible","username":"DJ Gible","w":"26","l":33,"t":"0","gxe":46.3,"r":"1476.2724379568","rd":"48.427291672956","sigma":"0","rptime":"1441011600","rpr":1471.7927645626,"rprd":45.675667213719,"rpsigma":"0","acre":1077.6520684617,"lacre":1077.6520684617,"oldacre":"1096.5970330887"},"endType":"normal"}