{"seed":[958,9317,52816,26229],"turns":32,"p1":"SL Wyvern","p2":"Gym Ldr Mitsuka∆","p1team":[{"name":"Latias","species":"Latias","item":"latiasite","ability":"Levitate","moves":["dracometeor","psyshock","thunderbolt","defog"],"nature":"Timid","evs":{"hp":0,"atk":0,"def":0,"spa":252,"spd":4,"spe":252},"ivs":{"hp":31,"atk":31,"def":31,"spa":31,"spd":31,"spe":31}},{"name":"Haxorus","species":"Haxorus","item":"focussash","ability":"Mold Breaker","moves":["dragondance","earthquake","dragonclaw","rockslide"],"nature":"Adamant","evs":{"hp":0,"atk":252,"def":0,"spa":0,"spd":36,"spe":220},"shiny":true,"ivs":{"hp":31,"atk":31,"def":31,"spa":31,"spd":31,"spe":31}},{"name":"Goodra","species":"Goodra","item":"assaultvest","ability":"Gooey","moves":["dracometeor","flamethrower","sludgebomb","thunderbolt"],"nature":"Modest","evs":{"hp":248,"atk":0,"def":0,"spa":252,"spd":8,"spe":0},"shiny":true,"ivs":{"hp":31,"atk":31,"def":31,"spa":31,"spd":31,"spe":31}},{"name":"Dragonite","species":"Dragonite","item":"lumberry","ability":"Multiscale","moves":["outrage","dragondance","extremespeed","earthquake"],"nature":"Adamant","evs":{"hp":0,"atk":252,"def":4,"spa":0,"spd":0,"spe":252},"ivs":{"hp":31,"atk":31,"def":31,"spa":31,"spd":31,"spe":31}},{"name":"Kyurem-Black","species":"Kyurem-Black","item":"choicescarf","ability":"Teravolt","moves":["icebeam","earthpower","fusionbolt","outrage"],"nature":"Naive","evs":{"hp":0,"atk":252,"def":0,"spa":4,"spd":0,"spe":252},"ivs":{"hp":31,"atk":31,"def":31,"spa":31,"spd":31,"spe":31}},{"name":"Salamence","species":"Salamence","item":"choicescarf","ability":"Moxie","moves":["outrage","rockslide","irontail","aerialace"],"nature":"Jolly","evs":{"hp":0,"atk":252,"def":0,"spa":0,"spd":4,"spe":252},"ivs":{"hp":31,"atk":31,"def":31,"spa":31,"spd":31,"spe":31}}],"p2team":[{"name":"Victreebel","species":"Victreebel","item":"salacberry","ability":"Chlorophyll","moves":["suckerpunch","sleeppowder","swordsdance","leafblade"],"nature":"Jolly","evs":{"hp":4,"atk":252,"def":0,"spa":0,"spd":0,"spe":252},"ivs":{"hp":31,"atk":31,"def":31,"spa":31,"spd":31,"spe":31}},{"name":"Celebi","species":"Celebi","item":"choiceband","ability":"Natural Cure","moves":["trick","zenheadbutt","suckerpunch","uturn"],"nature":"Jolly","evs":{"hp":4,"atk":252,"def":0,"spa":0,"spd":0,"spe":252},"ivs":{"hp":31,"atk":31,"def":31,"spa":31,"spd":31,"spe":31}},{"name":"Venusaur","species":"Venusaur","item":"venusaurite","ability":"Overgrow","moves":["lightscreen","leechseed","synthesis","sludgebomb"],"nature":"Bold","evs":{"hp":252,"atk":0,"def":252,"spa":0,"spd":4,"spe":0},"ivs":{"hp":31,"atk":30,"def":31,"spa":30,"spd":31,"spe":30}},{"name":"Ferrothorn","species":"Ferrothorn","item":"occaberry","ability":"Iron Barbs","moves":["stealthrock","knockoff","leechseed","irondefense"],"nature":"Careful","evs":{"hp":248,"atk":8,"def":0,"spa":0,"spd":252,"spe":0},"ivs":{"hp":31,"atk":31,"def":31,"spa":31,"spd":31,"spe":31}},{"name":"Breloom","species":"Breloom","item":"focussash","ability":"Technician","moves":["machpunch","spore","swordsdance","rocktomb"],"nature":"Jolly","evs":{"hp":0,"atk":252,"def":0,"spa":0,"spd":4,"spe":252},"ivs":{"hp":31,"atk":31,"def":31,"spa":31,"spd":31,"spe":31}},{"name":"Serperior","species":"Serperior","item":"lifeorb","ability":"Contrary","moves":["leafstorm","hiddenpowerfire","dragonpulse","reflect"],"nature":"Timid","evs":{"hp":4,"atk":0,"def":0,"spa":252,"spd":0,"spe":252},"ivs":{"hp":31,"atk":30,"def":31,"spa":30,"spd":31,"spe":30}}],"log":["|player|p1|SL Wyvern|269","|player|p2|Gym Ldr Mitsuka∆|101","|gametype|singles","|gen|6","|tier|Monotype","|rated","|rule|Baton Pass Clause: Limit one Baton Passer, can't pass Spe and other stats simultaneously","|rule|Swagger Clause: Swagger is banned","|rule|Same Type Clause: Pokémon in a team must share a type","|clearpoke","|poke|p1|Latias, F","|poke|p1|Haxorus, M, shiny","|poke|p1|Goodra, F, shiny","|poke|p1|Dragonite, F","|poke|p1|Kyurem-Black","|poke|p1|Salamence, F","|poke|p2|Victreebel, F","|poke|p2|Celebi","|poke|p2|Venusaur, F","|poke|p2|Ferrothorn, M","|poke|p2|Breloom, F","|poke|p2|Serperior, F","|rule|Sleep Clause Mod: Limit one foe put to sleep","|rule|Species Clause: Limit one of each Pokémon","|rule|OHKO Clause: OHKO moves are banned","|rule|Moody Clause: Moody is banned","|rule|Evasion Moves Clause: Evasion moves are banned","|rule|Endless Battle Clause: Forcing endless battles is banned","|rule|HP Percentage Mod: HP is shown in percentages","|teampreview","|","|start","|switch|p1a: Goodra|Goodra, F, shiny|383/383","|switch|p2a: Celebi|Celebi|342/342","|turn|1","|","|move|p2a: Celebi|Trick|p1a: Goodra","|-activate|p2a: Celebi|move: Trick|[of] p1a: Goodra","|-item|p1a: Goodra|Choice Band|[from] move: Trick","|-item|p2a: Celebi|Assault Vest|[from] move: Trick","|move|p1a: Goodra|Flamethrower|p2a: Celebi","|-supereffective|p2a: Celebi","|-damage|p2a: Celebi|210/342","|-status|p2a: Celebi|brn","|","|-damage|p2a: Celebi|168/342 brn|[from] brn","|turn|2","|","|move|p2a: Celebi|U-turn|p1a: Goodra","|-damage|p1a: Goodra|339/383","|-unboost|p2a: Celebi|spe|1","|","|switch|p2a: Venusaur|Venusaur, F|364/364","|move|p1a: Goodra|Flamethrower|p2a: Venusaur","|-supereffective|p2a: Venusaur","|-damage|p2a: Venusaur|166/364","|","|turn|3","|","|switch|p1a: Salamence|Salamence, F|331/331","|detailschange|p2a: Venusaur|Venusaur-Mega, F","|-mega|p2a: Venusaur|Venusaur|Venusaurite","|move|p2a: Venusaur|Synthesis|p2a: Venusaur","|-heal|p2a: Venusaur|348/364","|","|turn|4","|","|move|p1a: Salamence|Aerial Ace|p2a: Venusaur","|-supereffective|p2a: Venusaur","|-damage|p2a: Venusaur|202/364","|move|p2a: Venusaur|Sludge Bomb|p1a: Salamence","|-damage|p1a: Salamence|172/331","|","|turn|5","|","|move|p1a: Salamence|Aerial Ace|p2a: Venusaur","|-supereffective|p2a: Venusaur","|-damage|p2a: Venusaur|50/364","|move|p2a: Venusaur|Synthesis|p2a: Venusaur","|-heal|p2a: Venusaur|232/364","|","|turn|6","|","|switch|p2a: Ferrothorn|Ferrothorn, M|351/351","|move|p1a: Salamence|Aerial Ace|p2a: Ferrothorn","|-damage|p2a: Ferrothorn|260/351","|-damage|p1a: Salamence|131/331|[from] ability: Iron Barbs|[of] p2a: Ferrothorn","|","|turn|7","|","|switch|p1a: Kyurem-Black|Kyurem-Black|391/391","|-ability|p1a: Kyurem-Black|Teravolt","|move|p2a: Ferrothorn|Stealth Rock|p1a: Kyurem-Black","|-sidestart|p1: SL Wyvern|move: Stealth Rock","|","|turn|8","|","|move|p1a: Kyurem-Black|Ice Beam|p2a: Ferrothorn","|-damage|p2a: Ferrothorn|184/351","|move|p2a: Ferrothorn|Knock Off|p1a: Kyurem-Black","|-damage|p1a: Kyurem-Black|313/391","|-enditem|p1a: Kyurem-Black|Choice Scarf|[from] move: Knock Off|[of] p2a: Ferrothorn","|","|turn|9","|","|move|p1a: Kyurem-Black|Outrage|p2a: Ferrothorn","|-resisted|p2a: Ferrothorn","|-damage|p2a: Ferrothorn|73/351","|-damage|p1a: Kyurem-Black|265/391|[from] ability: Iron Barbs|[of] p2a: Ferrothorn","|move|p2a: Ferrothorn|Leech Seed|p1a: Kyurem-Black","|-start|p1a: Kyurem-Black|move: Leech Seed","|","|-damage|p1a: Kyurem-Black|217/391|[from] Leech Seed|[of] p2a: Ferrothorn","|-heal|p2a: Ferrothorn|121/351|[silent]","|turn|10","|","|move|p1a: Kyurem-Black|Outrage|p2a: Ferrothorn|[from]lockedmove","|-resisted|p2a: Ferrothorn","|-damage|p2a: Ferrothorn|26/351","|-damage|p1a: Kyurem-Black|169/391|[from] ability: Iron Barbs|[of] p2a: Ferrothorn","|move|p2a: Ferrothorn|Iron Defense|p2a: Ferrothorn","|-boost|p2a: Ferrothorn|def|2","|","|-damage|p1a: Kyurem-Black|121/391|[from] Leech Seed|[of] p2a: Ferrothorn","|-heal|p2a: Ferrothorn|74/351|[silent]","|turn|11","|","|move|p1a: Kyurem-Black|Outrage|p2a: Ferrothorn|[from]lockedmove","|-resisted|p2a: Ferrothorn","|-damage|p2a: Ferrothorn|18/351","|-damage|p1a: Kyurem-Black|73/391|[from] ability: Iron Barbs|[of] p2a: Ferrothorn","|-start|p1a: Kyurem-Black|confusion|[fatigue]","|move|p2a: Ferrothorn|Knock Off|p1a: Kyurem-Black","|-damage|p1a: Kyurem-Black|19/391","|","|-damage|p1a: Kyurem-Black|0 fnt|[from] Leech Seed|[of] p2a: Ferrothorn","|-heal|p2a: Ferrothorn|37/351|[silent]","|faint|p1a: Kyurem-Black","|","|switch|p1a: Latias|Latias, F|301/301","|-damage|p1a: Latias|264/301|[from] Stealth Rock","|turn|12","|","|detailschange|p1a: Latias|Latias-Mega, F","|-mega|p1a: Latias|Latias|Latiasite","|move|p1a: Latias|Defog|p2a: Ferrothorn","|-unboost|p2a: Ferrothorn|evasion|1","|-sideend|p1: SL Wyvern|Stealth Rock|[from] move: Defog|[of] p1a: Latias","|move|p2a: Ferrothorn|Leech Seed|p1a: Latias","|-start|p1a: Latias|move: Leech Seed","|","|-damage|p1a: Latias|227/301|[from] Leech Seed|[of] p2a: Ferrothorn","|-heal|p2a: Ferrothorn|74/351|[silent]","|turn|13","|","|move|p1a: Latias|Draco Meteor|p2a: Ferrothorn","|-resisted|p2a: Ferrothorn","|-damage|p2a: Ferrothorn|0 fnt","|-unboost|p1a: Latias|spa|2","|faint|p2a: Ferrothorn","|","|","|switch|p2a: Serperior|Serperior, F|292/292","|turn|14","|","|move|p2a: Serperior|Reflect|p2a: Serperior","|-sidestart|p2: Gym Ldr Mitsuka∆|Reflect","|move|p1a: Latias|Psyshock|p2a: Serperior","|-damage|p2a: Serperior|208/292","|","|-damage|p1a: Latias|190/301|[from] Leech Seed|[of] p2a: Serperior","|-heal|p2a: Serperior|245/292|[silent]","|turn|15","|","|move|p2a: Serperior|Leaf Storm|p1a: Latias","|-resisted|p1a: Latias","|-damage|p1a: Latias|116/301","|-boost|p2a: Serperior|spa|2","|-damage|p2a: Serperior|216/292|[from] item: Life Orb","|move|p1a: Latias|Draco Meteor|p2a: Serperior","|-damage|p2a: Serperior|98/292","|-unboost|p1a: Latias|spa|2","|","|-damage|p1a: Latias|79/301|[from] Leech Seed|[of] p2a: Serperior","|-heal|p2a: Serperior|135/292|[silent]","|turn|16","|","|move|p2a: Serperior|Dragon Pulse|p1a: Latias","|-supereffective|p1a: Latias","|-damage|p1a: Latias|0 fnt","|-damage|p2a: Serperior|106/292|[from] item: Life Orb","|faint|p1a: Latias","|","|","|switch|p1a: Haxorus|Haxorus, M, shiny|293/293","|-ability|p1a: Haxorus|Mold Breaker","|turn|17","|","|move|p2a: Serperior|Dragon Pulse|p1a: Haxorus","|-supereffective|p1a: Haxorus","|-enditem|p1a: Haxorus|Focus Sash","|-damage|p1a: Haxorus|1/293","|-damage|p2a: Serperior|77/292|[from] item: Life Orb","|move|p1a: Haxorus|Dragon Dance|p1a: Haxorus","|-boost|p1a: Haxorus|atk|1","|-boost|p1a: Haxorus|spe|1","|","|turn|18","|","|move|p1a: Haxorus|Dragon Claw|p2a: Serperior","|-damage|p2a: Serperior|0 fnt","|faint|p2a: Serperior","|","|-sideend|p2: Gym Ldr Mitsuka∆|Reflect","|","|switch|p2a: Victreebel|Victreebel, F|302/302","|turn|19","|","|move|p2a: Victreebel|Sucker Punch|p1a: Haxorus","|-damage|p1a: Haxorus|0 fnt","|faint|p1a: Haxorus","|","|","|switch|p1a: Dragonite|Dragonite, F|323/323","|turn|20","|","|move|p2a: Victreebel|Sleep Powder|p1a: Dragonite","|-status|p1a: Dragonite|slp","|-enditem|p1a: Dragonite|Lum Berry|[eat]","|-curestatus|p1a: Dragonite|slp","|move|p1a: Dragonite|Dragon Dance|p1a: Dragonite","|-boost|p1a: Dragonite|atk|1","|-boost|p1a: Dragonite|spe|1","|","|turn|21","|","|move|p1a: Dragonite|Dragon Dance|p1a: Dragonite","|-boost|p1a: Dragonite|atk|1","|-boost|p1a: Dragonite|spe|1","|move|p2a: Victreebel|Sleep Powder|p1a: Dragonite","|-status|p1a: Dragonite|slp","|","|turn|22","|","|cant|p1a: Dragonite|slp","|move|p2a: Victreebel|Leaf Blade|p1a: Dragonite","|-crit|p1a: Dragonite","|-resisted|p1a: Dragonite","|-damage|p1a: Dragonite|296/323 slp","|","|turn|23","|","|-curestatus|p1a: Dragonite|slp","|move|p1a: Dragonite|Extreme Speed|p2a: Victreebel","|-damage|p2a: Victreebel|17/302","|-enditem|p2a: Victreebel|Salac Berry|[eat]","|-boost|p2a: Victreebel|spe|1|[from] item: Salac Berry","|move|p2a: Victreebel|Swords Dance|p2a: Victreebel","|-boost|p2a: Victreebel|atk|2","|","|turn|24","|","|move|p1a: Dragonite|Extreme Speed|p2a: Victreebel","|-damage|p2a: Victreebel|0 fnt","|faint|p2a: Victreebel","|","|","|switch|p2a: Breloom|Breloom, F|261/261","|turn|25","|","|move|p1a: Dragonite|Earthquake|p2a: Breloom","|-resisted|p2a: Breloom","|-damage|p2a: Breloom|114/261","|move|p2a: Breloom|Spore|p1a: Dragonite","|-status|p1a: Dragonite|slp","|","|turn|26","|","|cant|p1a: Dragonite|slp","|move|p2a: Breloom|Rock Tomb|p1a: Dragonite","|-supereffective|p1a: Dragonite","|-damage|p1a: Dragonite|70/323 slp","|-unboost|p1a: Dragonite|spe|1","|","|turn|27","|","|cant|p1a: Dragonite|slp","|move|p2a: Breloom|Rock Tomb|p1a: Dragonite","|-supereffective|p1a: Dragonite","|-damage|p1a: Dragonite|0 fnt","|faint|p1a: Dragonite","|","|","|switch|p1a: Salamence|Salamence, F|131/331","|turn|28","|","|move|p2a: Breloom|Mach Punch|p1a: Salamence","|-resisted|p1a: Salamence","|-damage|p1a: Salamence|72/331","|move|p1a: Salamence|Aerial Ace|p2a: Breloom","|-supereffective|p2a: Breloom","|-damage|p2a: Breloom|0 fnt","|faint|p2a: Breloom","|-boost|p1a: Salamence|atk|1|[from] ability: Moxie","|","|","|switch|p2a: Celebi|Celebi|168/342","|turn|29","|","|move|p2a: Celebi|Sucker Punch|p1a: Salamence","|-damage|p1a: Salamence|0 fnt","|faint|p1a: Salamence","|","|","|switch|p1a: Goodra|Goodra, F, shiny|339/383","|turn|30","|","|move|p2a: Celebi|Zen Headbutt|p1a: Goodra","|-damage|p1a: Goodra|165/383","|-unboost|p2a: Celebi|spe|1","|move|p1a: Goodra|Flamethrower|p2a: Celebi","|-supereffective|p2a: Celebi","|-damage|p2a: Celebi|30/342","|","|turn|31","|","|move|p2a: Celebi|Sucker Punch|p1a: Goodra","|-crit|p1a: Goodra","|-damage|p1a: Goodra|9/383","|-unboost|p2a: Celebi|spe|1","|move|p1a: Goodra|Flamethrower|p2a: Celebi","|-supereffective|p2a: Celebi","|-damage|p2a: Celebi|0 fnt","|faint|p2a: Celebi","|","|","|switch|p2a: Venusaur|Venusaur-Mega, F|232/364","|turn|32","|","|move|p1a: Goodra|Flamethrower|p2a: Venusaur","|-supereffective|p2a: Venusaur","|-damage|p2a: Venusaur|142/364","|move|p2a: Venusaur|Sludge Bomb|p1a: Goodra","|-damage|p1a: Goodra|0 fnt","|faint|p1a: Goodra","|","|win|Gym Ldr Mitsuka∆"],"p1rating":{"entryid":"638197","serverid":"eos","formatid":"monotype","userid":"slwyvern","username":"SL Wyvern","w":"5","l":13,"t":"0","gxe":36.9,"r":"1555.3371870395","rd":"122.52703551501","sigma":"0","rptime":"1440925200","rpr":1396.7063861163,"rprd":71.929700398297,"rpsigma":"0","acre":1056.4731572595,"lacre":1056.4731572595,"oldacre":"1068.9531181968"},"p2rating":{"entryid":"379503","serverid":"eos","formatid":"monotype","userid":"gymldrmitsuka","username":"Gym Ldr Mitsuka∆","w":20,"l":"15","t":"0","gxe":56.4,"r":"1531.9296857341","rd":"60.952421258774","sigma":"0","rptime":"1440925200","rpr":1549.3418967952,"rprd":57.812529265645,"rpsigma":"0","acre":1225.9412187823,"lacre":1225.9412187823,"oldacre":"1210.6042715098"},"endType":"normal"}